"price","change","match_qtty","side","time","total_vol"
38.2,0,100,"bu","14:25:00",173600
38.2,0,600,"sd","14:24:58",173500
38.2,0,900,"bu","14:25:17",174500
38.2,0,1600,"sd","14:21:27",172900
38.15,-0.05,200,"bu","14:16:47",170500
38.1,-0.1,1900,"sd","14:16:26",170300
38.1,-0.1,600,"sd","14:14:46",168400
38.15,-0.05,2000,"sd","14:14:46",167800
38.2,0,1900,"sd","14:14:46",165800
38.2,0,500,"bu","14:20:51",171300
38.15,-0.05,100,"bu","14:17:16",170600
38.15,-0.05,200,"bu","14:17:43",170800
38.2,0,100,"bu","14:11:32",153800
38.2,0,100,"bu","14:06:57",150700
38.2,0,400,"sd","14:01:05",149300
38.2,0,400,"sd","14:25:50",174900
38.2,0,200,"bu","13:44:43",144600
38.15,-0.05,2300,"sd","14:07:59",153700
38.15,-0.05,700,"sd","14:07:58",151400
38,-0.2,55800,"","14:45:00",231200
38.2,0,100,"bu","14:13:35",163900
38.2,0,500,"sd","14:26:09",175400
38.2,0,100,"bu","14:02:10",149900
38.2,0,500,"bu","14:02:09",149800
38.1,-0.1,7100,"sd","14:11:59",163800
38.15,-0.05,2900,"sd","14:11:59",156700
38.2,0,1900,"sd","13:53:29",148700
38.2,0,100,"bu","14:05:26",150600
38.2,0,3000,"sd","13:41:44",141200
38.2,0,2000,"bu","13:42:35",144000
38.2,0,100,"bu","13:42:14",142000
38.2,0,100,"bu","13:42:00",141900
38.2,0,600,"sd","13:41:58",141800
38.2,0,500,"sd","13:52:12",146800
38.2,0,1500,"bu","13:49:28",146100
38.2,0,100,"sd","13:40:55",138200
38.25,0.05,800,"bu","13:30:30",137900
38.25,0.05,4000,"bu","13:30:26",137100
38.2,0,200,"sd","13:50:30",146300
38.25,0.05,100,"bu","13:40:41",138100
38.2,0,400,"sd","13:43:07",144400
38.25,0.05,200,"bu","13:30:00",133100
38.25,0.05,100,"bu","13:30:40",138000
38.25,0.05,1000,"bu","13:29:51",132900
38.25,0.05,500,"bu","13:25:05",126800
38.2,0,100,"bu","14:05:10",150500
38.2,0,500,"bu","14:05:05",150400
38.2,0,100,"sd","13:58:31",148900
38.25,0.05,2200,"sd","13:23:29",125900
38.25,0.05,400,"bu","13:23:41",126300
38.25,0.05,10000,"sd","13:21:39",122500
38.25,0.05,5000,"bu","13:29:40",131900
38.25,0.05,400,"sd","13:21:55",122900
38.25,0.05,800,"sd","13:21:58",123700
38.25,0.05,100,"sd","13:15:04",112500
38.25,0.05,2800,"sd","13:00:01",112400
38.25,0.05,100,"bu","13:25:10",126900
38.25,0.05,500,"sd","11:06:46",102300
38.2,0,11400,"sd","11:06:02",99600
38.25,0.05,3400,"sd","11:06:02",88200
38.3,0.1,5000,"bu","11:01:26",83600
38.3,0.1,1000,"bu","11:01:30",84600
38.3,0.1,200,"bu","11:01:41",84800
38.3,0.1,100,"bu","10:58:42",78600
38.25,0.05,100,"bu","10:37:22",78500
38.25,0.05,100,"bu","10:37:10",78400
38.25,0.05,800,"sd","10:37:01",78300
38.25,0.05,200,"sd","10:05:03",14600
38.25,0.05,2000,"sd","11:06:40",101800
38.25,0.05,500,"sd","11:24:37",109600
38.25,0.05,500,"bu","10:33:31",67200
38.25,0.05,2000,"bu","10:33:29",66700
38.25,0.05,600,"bu","10:33:21",64700
38.2,0,200,"bu","11:06:10",99800
38.25,0.05,3300,"bu","10:33:40",70500
38.2,0,400,"sd","10:29:14",53200
38.25,0.05,100,"bu","10:25:40",52800
38.25,0.05,600,"sd","10:25:38",52700
38.25,0.05,1800,"sd","10:14:07",26300
38.25,0.05,100,"sd","10:10:44",15200
38.25,0.05,300,"sd","10:14:43",26600
38.25,0.05,400,"bu","10:17:00",39000
38.25,0.05,2000,"bu","10:16:51",38600
38.25,0.05,10000,"bu","10:16:42",36600
38.25,0.05,9000,"sd","10:13:21",24500
38.25,0.05,300,"bu","10:13:06",15500
38.25,0.05,500,"sd","10:10:15",15100
38.25,0.05,1000,"bu","10:32:01",59200
38.25,0.05,5000,"bu","10:31:52",58200
38.3,0.1,100,"bu","11:16:20",109100
38.25,0.05,200,"bu","10:32:10",59400
38.3,0.1,200,"bu","09:59:49",14300
38.25,0.05,3000,"sd","10:35:33",73500
38.25,0.05,2000,"bu","10:33:13",64100
38.25,0.05,1400,"bu","10:33:11",62100
38.25,0.05,400,"sd","09:56:20",14100
38.25,0.05,500,"sd","10:19:08",52100
38.25,0.05,600,"bu","10:17:32",51600
38.25,0.05,2000,"bu","10:17:31",51000
38.25,0.05,1100,"bu","10:32:39",60500
38.25,0.05,10000,"bu","10:17:25",49000
38.25,0.05,200,"bu","10:32:41",60700
38.3,0.1,2500,"bu","11:16:00",108500
38.3,0.1,100,"bu","11:15:50",106000
38.3,0.1,500,"bu","11:15:41",105900
38.3,0.1,2500,"bu","11:15:35",105400
38.3,0.1,500,"bu","11:16:10",109000
38.25,0.05,600,"sd","11:14:45",102900
38.25,0.05,1200,"sd","10:36:37",77500
38.25,0.05,2800,"sd","10:36:36",76300
38.2,0,100,"sd","13:56:04",148800
38.25,0.05,100,"sd","09:32:02",6300
38.25,0.05,200,"sd","09:31:36",6200
38.25,0.05,100,"sd","09:30:00",6000
38.25,0.05,3600,"sd","09:29:25",5900
38.4,0.2,100,"bu","09:29:20",2300
38.4,0.2,800,"bu","09:29:16",2200
38.2,0,3100,"sd","09:32:57",9800
38.25,0.05,400,"sd","09:32:57",6700
38.2,0,100,"sd","09:34:20",12700
38.2,0,100,"bu","09:33:51",12600
38.2,0,2400,"sd","09:33:46",12500
38.25,0.05,300,"bu","09:33:39",10100
38.45,0.25,200,"bu","09:21:47",1400
38.5,0.3,1200,"","09:15:00",1200
38.2,0,100,"sd","09:39:23",12900
38.2,0,100,"sd","09:38:50",12800
38.25,0.05,200,"sd","09:46:06",13700
38.25,0.05,600,"bu","09:43:08",13500
38.3,0.1,100,"bu","10:02:37",14400
