"price","change","match_qtty","side","time","total_vol"
26.65,-0.05,5000,"sd","14:29:10",9700800
26.7,0,100,"bu","14:29:08",9688400
26.75,0.05,100,"bu","14:24:29",8963900
26.75,0.05,200,"bu","14:24:28",8963800
26.7,0,2100,"sd","14:25:09",9040500
26.7,0,300,"sd","14:25:08",9038400
26.7,0,1000,"sd","14:25:05",9038100
26.75,0.05,1000,"bu","14:25:02",9037100
26.7,0,12000,"sd","14:25:00",9036100
26.75,0.05,500,"bu","14:25:00",9024100
26.7,0,2000,"sd","14:24:58",9023600
26.7,0,5000,"sd","14:24:57",9021600
26.7,0,300,"sd","14:24:56",9016600
26.75,0.05,500,"bu","14:24:54",9016300
26.7,0,10000,"sd","14:24:54",9015800
26.75,0.05,5000,"bu","14:24:53",9005800
26.75,0.05,5000,"bu","14:23:58",8950500
26.7,0,5000,"sd","14:24:25",8963600
26.75,0.05,300,"bu","14:24:24",8958600
26.7,0,700,"sd","14:23:56",8945500
26.7,0,1000,"sd","14:24:48",9000800
26.75,0.05,1800,"bu","14:24:20",8958300
26.75,0.05,4000,"bu","14:24:06",8954600
26.75,0.05,100,"bu","14:24:18",8956500
26.75,0.05,100,"bu","14:24:03",8950600
26.7,0,20000,"sd","14:24:38",8999800
26.75,0.05,800,"bu","14:24:12",8956400
26.7,0,5400,"sd","14:24:37",8979800
26.75,0.05,1000,"bu","14:24:11",8955600
26.75,0.05,1000,"bu","14:25:17",9049500
26.7,0,8000,"sd","14:25:15",9048500
26.7,0,10500,"sd","14:24:33",8974400
26.75,0.05,15400,"bu","14:23:37",8936800
26.75,0.05,3000,"bu","14:23:51",8944800
26.7,0,3000,"sd","14:23:51",8941800
26.75,0.05,500,"bu","14:23:49",8938800
26.75,0.05,1500,"bu","14:23:45",8938300
26.75,0.05,10000,"bu","14:23:36",8921400
26.7,0,35000,"sd","14:23:14",8904600
26.7,0,20000,"sd","14:23:10",8869600
26.75,0.05,10000,"bu","14:23:05",8849600
26.7,0,4000,"sd","14:23:03",8839600
26.75,0.05,200,"bu","14:22:15",8822700
26.75,0.05,500,"bu","14:22:14",8822500
26.7,0,2000,"sd","14:22:14",8822000
26.75,0.05,200,"bu","14:22:12",8820000
26.7,0,2900,"sd","14:22:11",8819800
26.75,0.05,300,"bu","14:22:10",8816900
26.75,0.05,20000,"bu","14:22:07",8816600
26.75,0.05,100,"bu","14:23:32",8911400
26.7,0,200,"sd","14:23:31",8911300
26.7,0,300,"sd","14:22:06",8796600
26.75,0.05,1000,"bu","14:23:29",8911100
26.75,0.05,100,"bu","14:23:25",8910100
26.75,0.05,3000,"bu","14:21:59",8796300
26.75,0.05,5400,"bu","14:23:17",8910000
26.7,0,300,"sd","14:21:04",8737000
26.8,0.1,3000,"bu","14:20:42",8604300
26.75,0.05,2500,"sd","14:20:41",8601300
26.75,0.05,1000,"sd","14:20:11",8559400
26.75,0.05,10000,"sd","14:18:41",8528200
26.75,0.05,5000,"bu","14:16:44",8404400
26.75,0.05,600,"bu","14:16:43",8399400
26.75,0.05,14000,"bu","14:16:42",8398800
26.75,0.05,700,"bu","14:16:41",8384800
26.75,0.05,3000,"bu","14:15:58",8321200
26.75,0.05,1000,"bu","14:21:01",8736700
26.75,0.05,28000,"sd","14:20:39",8598800
26.75,0.05,1000,"sd","14:20:09",8558400
26.75,0.05,200,"sd","14:20:07",8557400
26.75,0.05,1200,"bu","14:16:40",8384100
26.75,0.05,2000,"bu","14:16:40",8382900
26.75,0.05,7000,"bu","14:16:39",8380900
26.75,0.05,5300,"bu","14:16:38",8373900
26.75,0.05,500,"bu","14:15:54",8318200
26.75,0.05,1300,"bu","14:21:35",8765800
26.8,0.1,500,"bu","14:19:24",8554500
26.75,0.05,500,"sd","14:18:38",8518200
26.75,0.05,1400,"bu","14:16:37",8368600
26.75,0.05,5000,"bu","14:15:53",8317700
26.75,0.05,1000,"bu","14:15:51",8312700
26.75,0.05,100,"sd","14:15:18",8227200
26.75,0.05,5000,"bu","14:16:34",8367200
26.75,0.05,500,"bu","14:15:50",8311700
26.75,0.05,4200,"bu","14:16:33",8362200
26.75,0.05,200,"bu","14:16:31",8358000
26.75,0.05,11000,"bu","14:15:48",8311200
26.75,0.05,2000,"bu","14:15:46",8300200
26.75,0.05,4200,"bu","14:21:13",8741500
26.75,0.05,300,"bu","14:21:12",8737300
26.75,0.05,300,"sd","14:19:15",8554000
26.75,0.05,10900,"bu","14:16:47",8424100
26.75,0.05,10000,"bu","14:16:29",8357800
26.75,0.05,17100,"sd","14:14:57",8205900
26.7,0,100,"sd","14:21:55",8793300
26.75,0.05,300,"sd","14:19:12",8553700
26.75,0.05,25200,"sd","14:19:11",8553400
26.75,0.05,800,"bu","14:16:46",8413200
26.75,0.05,5000,"bu","14:16:28",8347800
26.75,0.05,500,"bu","14:15:42",8298200
26.7,0,100,"sd","14:15:42",8297700
26.75,0.05,100,"bu","14:15:42",8297600
26.75,0.05,20000,"sd","14:14:52",8188800
26.75,0.05,900,"bu","14:16:24",8342800
26.8,0.1,500,"bu","14:14:48",8168800
26.7,0,300,"sd","14:21:51",8793200
26.7,0,300,"sd","14:21:50",8792900
26.75,0.05,1900,"bu","14:16:21",8341900
26.75,0.05,2000,"bu","14:16:20",8340000
26.75,0.05,2300,"bu","14:21:39",8791100
26.7,0,4100,"sd","14:21:38",8788800
26.7,0,18900,"sd","14:21:38",8784700
26.75,0.05,3000,"sd","14:20:26",8570800
26.8,0.1,200,"bu","14:19:47",8557200
26.7,0,1500,"sd","14:21:41",8792600
26.75,0.05,67900,"sd","14:15:37",8297500
26.75,0.05,15000,"bu","14:21:29",8764400
26.75,0.05,10000,"sd","14:20:54",8665000
26.75,0.05,8000,"sd","14:20:53",8655000
26.75,0.05,5000,"sd","14:20:52",8647000
26.75,0.05,1200,"sd","14:20:24",8567800
26.75,0.05,400,"sd","14:20:23",8566600
26.8,0.1,1000,"bu","14:19:43",8557000
26.75,0.05,100,"bu","14:21:32",8764500
26.75,0.05,5100,"bu","14:16:14",8338000
26.7,0,900,"sd","14:21:23",8747400
26.75,0.05,1000,"sd","14:20:22",8566200
26.75,0.05,1500,"sd","14:19:41",8556000
26.75,0.05,2000,"bu","14:21:25",8749400
26.75,0.05,2000,"bu","14:20:56",8729700
26.75,0.05,33700,"sd","14:20:55",8727700
26.75,0.05,5000,"sd","14:20:55",8694000
26.75,0.05,24000,"sd","14:20:54",8689000
26.75,0.05,5000,"sd","14:20:48",8609900
26.75,0.05,300,"sd","14:20:47",8604900
26.75,0.05,700,"sd","14:20:20",8565200
26.75,0.05,100,"sd","14:20:18",8564500
26.75,0.05,5000,"sd","14:20:17",8564400
26.75,0.05,5000,"bu","14:21:16",8746500
26.75,0.05,1000,"bu","14:16:08",8332900
26.75,0.05,1000,"bu","14:21:00",8735700
26.75,0.05,5000,"bu","14:20:59",8734700
26.75,0.05,2600,"bu","14:16:07",8331900
26.75,0.05,100,"bu","14:16:06",8329300
26.75,0.05,15000,"sd","14:20:51",8642000
26.75,0.05,17000,"sd","14:20:50",8627000
26.8,0.1,100,"bu","14:20:49",8610000
26.75,0.05,300,"sd","14:20:44",8604600
26.75,0.05,6000,"bu","14:16:45",8412400
26.75,0.05,2000,"bu","14:16:44",8406400
26.7,0,5000,"sd","14:16:06",8329200
26.75,0.05,3000,"bu","14:16:05",8324200
26.75,0.05,400,"sd","14:15:28",8229600
26.75,0.05,2000,"sd","14:15:26",8229200
26.75,0.05,1400,"sd","14:14:20",8132300
26.75,0.05,10000,"sd","14:14:09",8130900
26.75,0.05,200,"sd","14:14:08",8120900
26.8,0.1,900,"bu","14:14:41",8167100
26.8,0.1,100,"bu","14:14:41",8166200
26.75,0.05,1200,"sd","14:14:44",8168300
26.8,0.1,1600,"bu","14:14:27",8166100
26.75,0.05,2000,"sd","14:14:27",8164500
26.75,0.05,30200,"sd","14:14:25",8162500
26.75,0.05,8400,"sd","14:18:07",8513400
26.75,0.05,100,"sd","14:18:05",8505000
26.75,0.05,5300,"bu","14:17:17",8485300
26.75,0.05,100,"bu","14:17:15",8480000
26.75,0.05,10000,"bu","14:17:14",8479900
26.75,0.05,15000,"sd","14:17:56",8504900
26.75,0.05,5000,"bu","14:17:13",8469900
26.75,0.05,800,"sd","14:17:52",8489900
26.75,0.05,100,"bu","14:17:09",8464900
26.75,0.05,100,"sd","14:17:08",8464800
26.75,0.05,500,"sd","14:17:45",8489100
26.8,0.1,2000,"bu","14:18:28",8517700
26.75,0.05,100,"sd","14:18:28",8515700
26.75,0.05,100,"sd","14:18:14",8513600
26.75,0.05,3000,"sd","14:17:38",8488600
26.75,0.05,2000,"sd","14:18:24",8515600
26.75,0.05,300,"sd","14:17:28",8485600
26.75,0.05,100,"sd","14:18:09",8513500
26.75,0.05,1800,"sd","14:13:12",8085000
26.75,0.05,2600,"sd","14:13:07",8083200
26.75,0.05,700,"sd","14:13:04",8080600
26.75,0.05,1500,"sd","14:12:52",8079900
26.8,0.1,500,"bu","14:12:51",8078400
26.75,0.05,100,"sd","14:11:45",8022500
26.75,0.05,1000,"sd","14:11:43",8022400
26.75,0.05,1000,"sd","14:14:01",8120700
26.75,0.05,200,"sd","14:15:05",8206100
26.75,0.05,100,"bu","14:17:05",8464700
26.75,0.05,9900,"sd","14:17:03",8464600
26.75,0.05,20000,"sd","14:15:09",8227100
26.75,0.05,1000,"sd","14:15:07",8207100
26.8,0.1,500,"bu","14:13:48",8098700
26.75,0.05,20000,"sd","14:13:55",8119700
26.8,0.1,1000,"bu","14:13:53",8099700
26.75,0.05,11100,"sd","14:13:16",8096100
26.75,0.05,6000,"sd","14:10:55",8018300
26.8,0.1,100,"bu","14:10:52",8012300
26.8,0.1,200,"bu","14:10:50",8012200
26.8,0.1,100,"bu","14:10:47",8012000
26.8,0.1,1100,"bu","14:11:21",8019400
26.75,0.05,2000,"sd","14:11:25",8021400
26.75,0.05,19200,"bu","14:00:35",7406500
26.8,0.1,400,"bu","13:59:14",7104800
26.7,0,2000,"bu","14:29:45",9760100
26.7,0,100,"bu","14:29:44",9758100
26.65,-0.05,700,"sd","14:29:22",9719200
26.7,0,5000,"bu","14:29:21",9718500
26.75,0.05,200,"bu","14:25:43",9109300
26.7,0,50000,"sd","14:25:42",9109100
26.75,0.05,200,"bu","14:22:34",8826600
26.75,0.05,20200,"bu","14:09:50",7959800
26.75,0.05,1000,"bu","14:07:22",7706700
26.75,0.05,1000,"bu","14:07:21",7705700
26.75,0.05,1000,"bu","14:07:19",7704700
26.75,0.05,1500,"sd","14:04:14",7513300
26.8,0.1,1400,"bu","14:02:06",7462500
26.75,0.05,100,"bu","14:00:33",7387300
26.65,-0.05,9900,"sd","14:29:43",9758000
26.7,0,200,"bu","14:29:43",9748100
26.65,-0.05,7100,"sd","14:29:20",9713500
26.7,0,3000,"sd","14:25:40",9059100
26.75,0.05,200,"bu","14:09:46",7939600
26.75,0.05,1000,"bu","14:07:14",7702700
26.75,0.05,3500,"sd","14:04:10",7511800
26.75,0.05,1000,"bu","14:00:26",7387200
26.8,0.1,100,"bu","13:59:07",7104400
26.7,0,3000,"bu","14:29:42",9747900
26.7,0,200,"bu","14:29:41",9744900
26.75,0.05,1000,"bu","14:25:38",9056100
26.75,0.05,200,"bu","14:25:37",9055100
26.7,0,300,"sd","14:25:37",9054900
26.75,0.05,200,"bu","14:22:30",8826400
26.75,0.05,20000,"bu","14:07:10",7701700
26.75,0.05,500,"sd","14:01:58",7461100
26.8,0.1,20000,"bu","13:59:02",7104300
26.7,0,100,"bu","14:29:17",9706400
26.65,-0.05,1000,"sd","14:29:17",9705300
26.75,0.05,1000,"bu","14:22:28",8826200
26.75,0.05,100,"bu","14:07:08",7681700
26.75,0.05,10900,"sd","14:04:06",7508300
26.8,0.1,5000,"bu","14:04:04",7497400
26.75,0.05,900,"sd","14:01:55",7460600
26.75,0.05,228400,"sd","14:00:20",7386200
26.8,0.1,2000,"bu","13:58:53",7083100
26.65,-0.05,1300,"sd","14:29:40",9744700
26.7,0,300,"bu","14:29:39",9743400
26.7,0,1000,"bu","14:29:17",9706300
26.65,-0.05,500,"sd","14:29:15",9704300
26.75,0.05,2500,"bu","14:22:25",8825200
26.8,0.1,1000,"bu","14:10:41",8011900
26.75,0.05,500,"sd","14:01:53",7459700
26.75,0.05,1100,"sd","14:01:52",7459200
26.8,0.1,1000,"bu","14:00:12",7157800
26.65,-0.05,8500,"sd","14:29:37",9743100
26.8,0.1,15000,"bu","14:10:37",8010900
26.75,0.05,300,"bu","14:07:01",7681600
26.7,0,24000,"sd","14:07:01",7681300
26.8,0.1,1000,"bu","14:03:55",7492400
26.75,0.05,12000,"sd","14:03:54",7491400
26.65,-0.05,200,"sd","14:29:37",9734600
26.7,0,3000,"bu","14:29:36",9734400
26.7,0,2000,"bu","14:29:13",9703800
26.75,0.05,1800,"bu","14:25:26",9054600
26.75,0.05,1000,"bu","14:25:26",9052800
26.8,0.1,100,"bu","14:03:51",7479400
26.75,0.05,1000,"sd","14:01:46",7458100
26.75,0.05,100,"sd","14:01:44",7457100
26.75,0.05,1000,"sd","13:59:57",7106800
26.65,-0.05,4000,"sd","14:29:34",9731400
26.7,0,2400,"bu","14:29:34",9727400
26.65,-0.05,1000,"sd","14:29:11",9701800
26.7,0,300,"sd","14:25:23",9051800
26.75,0.05,10000,"sd","14:10:30",7995900
26.8,0.1,6000,"bu","13:58:38",7081100
26.8,0.1,1000,"bu","13:58:37",7075100
26.7,0,1000,"bu","14:29:59",9795400
26.7,0,400,"bu","14:29:58",9794400
26.7,0,56100,"sd","14:26:04",9410600
26.7,0,1000,"sd","14:26:03",9354500
26.7,0,13200,"sd","14:26:02",9353500
26.75,0.05,400,"sd","14:01:38",7457000
26.7,0,1000,"bu","14:29:56",9794000
26.7,0,500,"bu","14:29:55",9793000
26.7,0,1700,"bu","14:29:32",9725000
26.7,0,100,"bu","14:29:31",9723300
26.7,0,3900,"sd","14:26:01",9340300
26.7,0,41100,"sd","14:26:00",9336400
26.7,0,2000,"sd","14:25:19",9051500
26.75,0.05,100,"sd","14:10:25",7985900
26.8,0.1,2000,"bu","14:10:25",7985800
26.75,0.05,500,"bu","14:09:43",7939400
26.75,0.05,900,"bu","14:09:42",7938900
26.75,0.05,2100,"bu","14:06:55",7657300
26.8,0.1,900,"bu","14:03:43",7479300
26.75,0.05,2000,"sd","14:03:42",7478400
26.75,0.05,25000,"bu","14:01:17",7441700
26.7,0,1100,"sd","14:25:59",9295300
26.7,0,8900,"sd","14:25:58",9294200
26.7,0,21400,"sd","14:25:58",9285300
26.7,0,53000,"sd","14:25:57",9263900
26.7,0,1000,"sd","14:22:52",8834800
26.7,0,800,"sd","14:22:49",8833800
26.75,0.05,2500,"bu","14:07:41",7799300
26.75,0.05,10400,"bu","14:07:40",7796800
26.75,0.05,1700,"bu","14:07:39",7786400
26.75,0.05,10000,"bu","14:07:39",7784700
26.75,0.05,12900,"bu","14:09:37",7938000
26.8,0.1,1000,"bu","13:59:40",7105800
26.65,-0.05,5000,"sd","14:29:54",9792500
26.7,0,2000,"bu","14:29:28",9723200
26.75,0.05,300,"bu","14:25:56",9210900
26.7,0,400,"sd","14:25:56",9210600
26.7,0,5400,"sd","14:22:49",8833000
26.75,0.05,8000,"bu","14:07:38",7774700
26.75,0.05,5000,"bu","14:07:37",7766700
26.75,0.05,1000,"bu","14:07:36",7761700
26.75,0.05,5100,"bu","14:07:35",7760700
26.75,0.05,1000,"bu","14:09:35",7925100
26.7,0,400,"sd","14:09:35",7924100
26.75,0.05,1000,"bu","14:09:34",7923700
26.75,0.05,4800,"bu","14:09:33",7922700
26.7,0,200,"bu","14:29:52",9787500
26.65,-0.05,2000,"sd","14:29:28",9721200
26.7,0,600,"sd","14:25:54",9210200
26.7,0,20200,"sd","14:25:53",9209600
26.7,0,11300,"sd","14:25:53",9189400
26.7,0,23900,"sd","14:25:52",9178100
26.7,0,6200,"sd","14:25:51",9154200
26.7,0,300,"sd","14:23:00",8835600
26.8,0.1,100,"bu","14:10:15",7983800
26.75,0.05,500,"sd","14:10:13",7983700
26.75,0.05,500,"bu","14:07:34",7755600
26.75,0.05,5000,"bu","14:07:33",7755100
26.75,0.05,1000,"bu","14:07:32",7750100
26.75,0.05,2000,"bu","14:09:32",7917900
26.75,0.05,2000,"bu","14:09:32",7915900
26.75,0.05,100,"bu","14:09:31",7913900
26.75,0.05,4000,"sd","14:03:18",7476300
26.75,0.05,1000,"bu","14:01:06",7416700
26.7,0,3200,"bu","14:29:50",9787300
26.65,-0.05,2300,"sd","14:29:50",9784100
26.7,0,300,"bu","14:29:50",9781800
26.7,0,200,"bu","14:29:49",9781500
26.7,0,19900,"sd","14:25:51",9148000
26.7,0,800,"sd","14:25:50",9128100
26.75,0.05,1200,"bu","14:25:50",9127300
26.7,0,5400,"sd","14:25:50",9126100
26.7,0,10400,"sd","14:25:50",9120700
26.7,0,900,"sd","14:25:49",9110300
26.75,0.05,1900,"bu","14:07:31",7749100
26.75,0.05,100,"bu","14:07:30",7747200
26.75,0.05,5000,"bu","14:07:29",7747000
26.75,0.05,100,"bu","14:07:30",7747100
26.75,0.05,17000,"bu","14:07:29",7742000
26.75,0.05,5000,"bu","14:07:28",7725000
26.7,0,600,"sd","14:00:53",7415600
26.7,0,17700,"bu","14:29:49",9781300
26.65,-0.05,100,"sd","14:29:49",9763600
26.7,0,3200,"bu","14:29:48",9763500
26.75,0.05,500,"bu","14:22:55",8835300
26.75,0.05,1500,"bu","14:09:58",7979400
26.75,0.05,500,"bu","14:09:57",7977900
26.75,0.05,2000,"bu","14:09:56",7977400
26.75,0.05,200,"bu","14:07:27",7720000
26.75,0.05,13000,"bu","14:07:26",7719800
26.75,0.05,1200,"sd","14:03:10",7472300
26.75,0.05,2000,"sd","14:03:09",7471100
26.75,0.05,1500,"bu","14:00:52",7415000
26.75,0.05,2000,"bu","14:00:51",7413500
26.7,0,3000,"sd","14:00:51",7411500
26.7,0,400,"sd","14:00:50",7408500
26.7,0,200,"bu","14:29:47",9760300
26.75,0.05,100,"bu","14:25:46",9109400
26.7,0,1000,"sd","14:22:36",8827600
26.75,0.05,10000,"bu","14:09:54",7975400
26.75,0.05,4100,"bu","14:09:53",7965400
26.75,0.05,1500,"bu","14:09:53",7961300
26.75,0.05,100,"bu","14:07:25",7706800
26.75,0.05,1000,"bu","14:07:18",7703700
26.75,0.05,100,"bu","14:09:17",7903800
26.9,0.2,100,"bu","13:45:14",6592600
26.9,0.2,100,"bu","13:45:08",6592500
26.85,0.15,2000,"sd","13:44:59",6590400
26.85,0.15,500,"sd","13:44:52",6588400
26.75,0.05,3400,"bu","14:09:20",7907200
26.8,0.1,6200,"sd","13:47:06",6669800
26.85,0.15,300,"bu","13:47:00",6663600
26.85,0.15,5000,"sd","13:48:39",6731300
26.75,0.05,600,"bu","14:09:23",7913800
26.75,0.05,6000,"bu","14:09:22",7913200
26.85,0.15,2000,"bu","13:47:40",6696400
26.85,0.15,66800,"bu","13:44:22",6587900
26.85,0.15,12800,"bu","13:44:21",6521100
26.85,0.15,1000,"bu","13:44:20",6508300
26.85,0.15,5000,"bu","13:44:20",6507300
26.85,0.15,1200,"bu","13:44:19",6502300
26.85,0.15,500,"bu","13:44:14",6495200
26.85,0.15,3000,"bu","13:44:14",6494700
26.85,0.15,4000,"bu","13:44:11",6491700
26.85,0.15,2000,"bu","13:44:10",6487700
26.85,0.15,1000,"bu","13:44:18",6501100
26.85,0.15,1900,"bu","13:44:17",6500100
26.85,0.15,2000,"bu","13:44:16",6498200
26.85,0.15,1000,"bu","13:44:15",6496200
26.75,0.05,3000,"bu","14:08:58",7899700
26.75,0.05,1500,"bu","14:08:56",7896700
26.75,0.05,1000,"sd","14:08:02",7807600
26.8,0.1,600,"sd","13:34:33",6280600
26.75,0.05,27200,"sd","14:08:52",7895200
26.8,0.1,200,"sd","13:34:25",6280000
26.75,0.05,1000,"sd","14:07:52",7806600
26.75,0.05,20000,"sd","14:08:44",7868000
26.8,0.1,200,"sd","13:34:13",6279800
26.8,0.1,4700,"sd","13:34:40",6285800
26.75,0.05,3000,"bu","14:09:09",7903700
26.75,0.05,300,"sd","14:08:29",7848000
26.75,0.05,500,"sd","14:02:35",7463700
26.8,0.1,100,"bu","14:02:34",7463200
26.75,0.05,3000,"sd","14:08:26",7847700
26.75,0.05,500,"sd","14:07:47",7805600
26.75,0.05,100,"bu","14:07:45",7805100
26.75,0.05,1700,"sd","14:08:23",7844700
26.75,0.05,100,"bu","14:07:43",7805000
26.75,0.05,5000,"bu","14:07:43",7804900
26.75,0.05,35000,"sd","14:08:18",7843000
26.75,0.05,400,"sd","14:08:17",7808000
26.85,0.15,4900,"sd","13:46:27",6632400
26.75,0.05,1000,"bu","14:09:01",7900700
26.8,0.1,500,"sd","13:34:38",6281100
26.8,0.1,1000,"sd","13:33:56",6279600
26.8,0.1,1000,"sd","13:33:55",6278600
26.85,0.15,1900,"bu","13:51:23",6763700
26.8,0.1,2000,"sd","13:51:13",6761800
26.85,0.15,500,"bu","13:51:08",6759800
26.85,0.15,100,"bu","13:50:43",6759300
26.85,0.15,400,"bu","13:50:08",6758500
26.8,0.1,800,"sd","13:49:29",6757100
26.85,0.15,5000,"bu","13:51:47",6771900
26.85,0.15,1600,"bu","13:51:45",6766900
26.85,0.15,400,"bu","13:51:44",6765300
26.85,0.15,1000,"bu","13:51:29",6764700
26.85,0.15,1000,"sd","13:31:16",6190900
26.85,0.15,500,"bu","13:33:05",6242500
26.8,0.1,8000,"sd","13:33:04",6242000
26.85,0.15,11000,"sd","13:31:15",6189900
26.85,0.15,100,"sd","13:31:13",6178900
26.8,0.1,400,"sd","13:33:00",6234000
26.85,0.15,6200,"sd","13:31:06",6178800
26.85,0.15,400,"bu","13:31:53",6227500
26.8,0.1,100,"sd","13:33:39",6276600
26.85,0.15,600,"bu","13:32:43",6233600
26.8,0.1,100,"sd","13:28:07",5949100
26.8,0.1,15000,"sd","13:33:37",6276500
26.8,0.1,17000,"sd","13:33:31",6261500
26.85,0.15,2300,"sd","13:31:42",6227100
26.85,0.15,100,"sd","13:31:02",6172600
26.85,0.15,2500,"sd","13:31:41",6224800
26.85,0.15,10300,"sd","13:31:39",6222300
26.85,0.15,100,"sd","13:31:38",6212000
26.85,0.15,1000,"sd","13:31:37",6211900
26.8,0.1,900,"sd","13:33:24",6244500
26.85,0.15,3300,"sd","13:31:37",6210900
26.85,0.15,2000,"sd","13:31:36",6207600
26.85,0.15,500,"sd","13:31:34",6205600
26.85,0.15,1000,"bu","13:33:17",6243600
26.85,0.15,2000,"sd","13:31:28",6205100
26.85,0.15,200,"sd","13:31:27",6203100
26.85,0.15,2000,"sd","13:31:26",6202900
26.85,0.15,2000,"sd","13:31:23",6200900
26.8,0.1,100,"sd","13:33:11",6242600
26.85,0.15,5000,"sd","13:31:22",6198900
26.85,0.15,5500,"bu","13:32:13",6233000
26.85,0.15,3000,"sd","13:31:20",6193900
26.85,0.15,500,"sd","13:30:57",6167500
26.85,0.15,300,"sd","13:30:57",6167000
26.85,0.15,2500,"sd","13:31:02",6172500
26.85,0.15,500,"sd","13:31:01",6170000
26.85,0.15,2000,"sd","13:31:00",6169500
26.85,0.15,1000,"sd","13:30:54",6166700
26.85,0.15,5000,"sd","13:30:53",6165700
26.7,0,500,"bu","14:28:47",9648000
26.65,-0.05,2500,"sd","14:28:42",9641000
26.7,0,200,"bu","14:28:41",9638500
26.7,0,5500,"bu","14:28:40",9638300
26.65,-0.05,2000,"sd","14:28:39",9632800
26.65,-0.05,1000,"sd","14:28:39",9630800
26.75,0.05,940800,"","14:45:01",10736200
26.7,0,4000,"bu","14:29:00",9686800
26.65,-0.05,300,"sd","14:29:00",9682800
26.7,0,1000,"bu","14:28:59",9682500
26.65,-0.05,28500,"sd","14:28:57",9681500
26.7,0,2000,"bu","14:28:53",9653000
26.7,0,2000,"bu","14:28:52",9651000
26.65,-0.05,500,"sd","14:28:51",9649000
26.65,-0.05,7400,"sd","14:29:08",9695800
26.7,0,1400,"bu","14:29:06",9688300
26.7,0,100,"bu","14:29:05",9686900
26.7,0,500,"bu","14:28:51",9648500
26.65,-0.05,6000,"sd","14:28:47",9647500
26.65,-0.05,500,"sd","14:28:46",9641500
26.9,0.2,5300,"sd","13:20:02",5342700
26.9,0.2,3400,"sd","13:20:02",5337400
26.9,0.2,500,"sd","13:20:01",5334000
26.8,0.1,100,"sd","13:24:46",5581400
26.65,-0.05,200,"sd","14:28:34",9625800
26.65,-0.05,600,"sd","14:28:32",9625600
26.65,-0.05,3500,"sd","14:28:37",9629800
26.7,0,100,"bu","14:28:37",9626300
26.65,-0.05,400,"sd","14:28:36",9626200
26.7,0,100,"bu","14:28:31",9625000
26.65,-0.05,100,"sd","14:28:26",9624900
26.9,0.2,6000,"bu","13:15:01",5107000
26.9,0.2,2000,"bu","13:14:57",5101000
26.9,0.2,1000,"bu","13:14:50",5099000
26.9,0.2,5000,"bu","13:14:45",5098000
26.9,0.2,1000,"sd","13:14:01",5004200
26.9,0.2,100,"sd","13:12:29",4976500
26.65,-0.05,1000,"sd","14:27:59",9613000
26.7,0,2000,"bu","14:27:59",9612000
26.9,0.2,100,"sd","13:12:21",4976400
26.65,-0.05,3600,"sd","14:28:22",9623500
26.7,0,3000,"bu","14:28:18",9619200
26.65,-0.05,100,"sd","14:28:17",9616200
26.75,0.05,500,"sd","14:17:02",8454700
26.8,0.1,100,"bu","14:17:00",8454200
26.75,0.05,30000,"sd","14:16:59",8454100
26.65,-0.05,1300,"sd","14:28:24",9624800
26.65,-0.05,1000,"sd","14:28:16",9616100
26.7,0,500,"bu","14:28:16",9615100
26.7,0,200,"bu","14:28:20",9619900
26.7,0,500,"bu","14:28:19",9619700
26.65,-0.05,700,"sd","14:27:28",9565000
26.7,0,2000,"bu","14:26:55",9500400
26.65,-0.05,3000,"sd","14:26:54",9498400
26.7,0,200,"bu","14:26:16",9468200
26.65,-0.05,5400,"sd","14:26:16",9468000
26.75,0.05,100,"sd","14:13:46",8098200
26.7,0,500,"bu","14:27:26",9564300
26.7,0,1300,"bu","14:26:52",9495400
26.65,-0.05,2000,"sd","14:26:52",9494100
26.65,-0.05,12500,"sd","14:26:51",9492100
26.65,-0.05,500,"sd","14:26:15",9462600
26.7,0,5900,"bu","14:26:14",9462100
26.7,0,100,"bu","14:27:24",9563800
26.65,-0.05,500,"sd","14:27:23",9563700
26.65,-0.05,2500,"sd","14:27:47",9595800
26.7,0,500,"bu","14:27:47",9593300
26.7,0,1000,"bu","14:27:46",9592800
26.65,-0.05,10000,"sd","14:27:46",9591800
26.7,0,5000,"bu","14:27:46",9581800
26.7,0,1000,"bu","14:27:45",9576800
26.65,-0.05,11400,"sd","14:27:22",9563200
26.7,0,300,"bu","14:27:21",9551800
26.7,0,3000,"bu","14:26:48",9479600
26.7,0,3700,"bu","14:27:38",9570600
26.7,0,200,"bu","14:27:20",9551500
26.65,-0.05,5000,"sd","14:27:19",9551300
26.65,-0.05,200,"sd","14:26:46",9476600
26.65,-0.05,6000,"sd","14:27:53",9602300
26.7,0,1000,"bu","14:27:15",9546300
26.7,0,100,"bu","14:26:44",9476400
26.65,-0.05,1000,"sd","14:27:14",9545300
26.65,-0.05,5500,"sd","14:26:41",9476300
26.7,0,1000,"bu","14:26:40",9470800
26.65,-0.05,5900,"sd","14:27:58",9610000
26.7,0,1300,"bu","14:27:57",9604100
26.7,0,36200,"bu","14:27:11",9544300
26.7,0,500,"bu","14:26:39",9469800
26.7,0,100,"bu","14:26:37",9469300
26.7,0,200,"bu","14:26:13",9456200
26.7,0,500,"bu","14:27:49",9596300
26.65,-0.05,1000,"sd","14:27:10",9508100
26.7,0,500,"bu","14:26:35",9469200
26.7,0,5200,"bu","14:27:41",9575800
26.7,0,100,"bu","14:27:08",9507100
26.65,-0.05,500,"sd","14:27:08",9507000
26.7,0,500,"bu","14:27:55",9602800
26.7,0,1000,"bu","14:27:07",9506500
26.7,0,1000,"bu","14:27:06",9505500
26.7,0,200,"bu","14:26:10",9456000
26.7,0,200,"bu","14:26:09",9455800
26.65,-0.05,1400,"sd","14:27:02",9504500
26.7,0,500,"bu","14:27:02",9503100
26.7,0,200,"bu","14:27:01",9502600
26.7,0,44000,"sd","14:26:06",9455600
26.7,0,500,"bu","14:26:23",9468700
26.7,0,500,"bu","14:27:32",9566900
26.65,-0.05,400,"sd","14:27:31",9566400
26.7,0,2000,"bu","14:26:58",9502400
26.65,-0.05,1000,"sd","14:27:30",9566000
26.75,0.05,300,"sd","14:02:10",7462800
26.8,0.1,5000,"sd","13:54:33",6831700
26.8,0.1,400,"bu","13:58:22",7074100
26.75,0.05,3000,"sd","14:02:59",7469100
26.8,0.1,100,"sd","13:54:19",6824700
26.75,0.05,400,"sd","14:11:53",8022900
26.75,0.05,1000,"sd","14:02:54",7466100
26.8,0.1,300,"sd","13:54:10",6824600
26.75,0.05,2000,"sd","14:13:24",8098100
26.8,0.1,200,"bu","13:58:13",7073700
26.75,0.05,1000,"sd","14:02:54",7465100
26.8,0.1,100,"bu","13:58:07",7073500
26.8,0.1,1000,"bu","13:58:03",7073400
26.75,0.05,100,"sd","13:58:03",7072400
26.8,0.1,400,"bu","14:02:47",7464100
26.75,0.05,100,"sd","14:12:38",8077500
26.75,0.05,400,"sd","13:57:59",7072300
26.8,0.1,5000,"bu","13:57:58",7071900
26.85,0.15,200,"bu","13:53:22",6786200
26.8,0.1,1000,"bu","13:57:23",7064800
26.75,0.05,5000,"sd","13:57:22",7063800
26.75,0.05,400,"sd","14:12:44",8077900
26.75,0.05,500,"sd","14:12:20",8071200
26.75,0.05,200,"sd","14:12:18",8070700
26.85,0.15,200,"bu","13:53:05",6786000
26.75,0.05,16300,"sd","14:12:15",8070500
26.75,0.05,500,"sd","14:12:14",8054200
26.75,0.05,300,"sd","14:02:17",7463100
26.75,0.05,500,"sd","14:12:12",8053700
26.8,0.1,2200,"sd","13:54:56",6886400
26.8,0.1,31000,"sd","13:54:53",6884200
26.75,0.05,5900,"sd","14:12:34",8077400
26.75,0.05,300,"sd","14:12:31",8071500
26.8,0.1,15000,"sd","13:54:49",6853200
26.8,0.1,10000,"sd","13:52:52",6785800
26.75,0.05,100,"sd","14:03:33",7476400
26.8,0.1,5000,"sd","13:54:46",6838200
26.8,0.1,500,"sd","13:54:42",6833200
26.8,0.1,1000,"sd","13:54:38",6832700
26.75,0.05,30300,"sd","14:12:03",8053200
26.85,0.15,1300,"sd","13:48:37",6726300
26.8,0.1,3000,"sd","13:43:03",6450400
26.75,0.05,100,"bu","14:00:42",7407100
26.75,0.05,500,"bu","14:00:41",7407000
26.85,0.15,300,"sd","13:47:45",6698600
26.8,0.1,5000,"sd","13:42:58",6447400
26.85,0.15,500,"bu","13:42:54",6442400
26.75,0.05,100,"bu","14:05:35",7645500
26.85,0.15,200,"bu","13:47:36",6694400
26.85,0.15,6000,"bu","13:47:36",6694200
26.7,0,100,"sd","14:05:50",7648600
26.75,0.05,50000,"sd","14:00:01",7156800
26.85,0.15,17000,"bu","13:47:33",6688200
26.85,0.15,1000,"bu","13:47:16",6670800
26.75,0.05,500,"bu","14:07:42",7799900
26.75,0.05,100,"bu","14:07:41",7799400
26.75,0.05,200,"bu","14:06:10",7652000
26.75,0.05,100,"bu","14:06:09",7651800
26.8,0.1,1000,"bu","13:59:00",7084300
26.75,0.05,2400,"bu","14:05:28",7645400
26.75,0.05,1000,"bu","14:06:00",7650700
26.8,0.1,200,"bu","13:58:56",7083300
26.85,0.15,10000,"sd","13:46:46",6662600
26.85,0.15,400,"sd","13:46:43",6652600
26.75,0.05,1000,"bu","14:05:48",7648500
26.7,0,1000,"sd","14:05:44",7647500
26.75,0.05,1000,"bu","14:06:04",7651700
26.7,0,6200,"sd","14:04:58",7642200
26.85,0.15,4500,"sd","13:46:32",6641900
26.85,0.15,5000,"sd","13:46:29",6637400
26.75,0.05,500,"sd","13:57:48",7066900
26.75,0.05,100,"sd","14:10:05",7983200
26.8,0.1,1200,"sd","13:56:44",6984500
26.75,0.05,10200,"sd","14:04:52",7636000
26.8,0.1,400,"bu","14:04:51",7625800
26.75,0.05,500,"sd","14:04:51",7625400
26.75,0.05,10600,"sd","14:04:49",7624900
26.8,0.1,200,"sd","13:56:38",6983300
26.75,0.05,1100,"bu","14:05:52",7649700
26.8,0.1,100,"sd","13:56:34",6983100
26.75,0.05,1000,"sd","14:04:47",7614300
26.75,0.05,3700,"bu","14:09:59",7983100
26.75,0.05,1000,"bu","14:05:42",7646500
26.8,0.1,400,"sd","13:56:16",6959400
26.8,0.1,500,"sd","13:56:14",6959000
26.85,0.15,1000,"bu","13:48:55",6743400
26.85,0.15,5100,"sd","13:48:54",6742400
26.85,0.15,34900,"sd","13:45:42",6627500
26.85,0.15,2000,"sd","13:45:07",6592400
26.8,0.1,600,"sd","13:56:13",6958500
26.8,0.1,3800,"sd","13:56:12",6957900
26.8,0.1,100,"sd","13:56:11",6954100
26.85,0.15,5000,"sd","13:48:51",6737300
26.85,0.15,1000,"sd","13:48:49",6732300
26.75,0.05,1000,"bu","14:00:49",7408100
26.85,0.15,500,"bu","13:39:34",6406300
26.85,0.15,3000,"bu","13:37:14",6324300
26.85,0.15,100,"bu","13:39:31",6405800
26.85,0.15,1000,"bu","13:39:30",6405700
26.85,0.15,1000,"bu","13:38:13",6393000
26.8,0.1,500,"sd","13:38:13",6392000
26.8,0.1,16000,"sd","13:38:12",6391500
26.85,0.15,1000,"bu","13:39:20",6404700
26.8,0.1,8100,"sd","13:41:24",6438900
26.85,0.15,10000,"bu","13:38:03",6375500
26.8,0.1,2100,"sd","13:37:58",6365500
26.8,0.1,5000,"sd","13:37:57",6363400
26.8,0.1,1500,"sd","13:42:28",6441900
26.8,0.1,5000,"sd","13:41:14",6430800
26.85,0.15,1000,"bu","13:39:04",6403700
26.8,0.1,100,"sd","13:37:52",6358400
26.8,0.1,10000,"sd","13:41:11",6425800
26.85,0.15,1000,"bu","13:38:59",6402700
26.85,0.15,1300,"bu","13:38:57",6401700
26.85,0.15,300,"bu","13:42:17",6440400
26.8,0.1,30000,"sd","13:37:38",6358300
26.8,0.1,100,"sd","13:40:01",6407500
26.85,0.15,1700,"bu","13:38:44",6400400
26.85,0.15,3000,"bu","13:37:33",6328300
26.8,0.1,100,"sd","13:39:53",6407400
26.85,0.15,5500,"bu","13:38:38",6398700
26.8,0.1,200,"sd","13:38:35",6393200
26.8,0.1,1200,"sd","13:41:59",6440100
26.85,0.15,1000,"bu","13:39:43",6407300
26.85,0.15,1000,"bu","13:37:22",6325300
26.8,0.1,1000,"sd","13:53:55",6824300
26.85,0.15,100,"bu","13:35:30",6292200
26.8,0.1,500,"sd","13:53:53",6823300
26.85,0.15,100,"bu","13:43:51",6459700
26.8,0.1,200,"sd","13:43:48",6459600
26.85,0.15,5000,"bu","13:35:17",6292100
26.85,0.15,1000,"bu","13:35:16",6287100
26.85,0.15,400,"bu","13:43:43",6459400
26.8,0.1,100,"sd","13:36:24",6321100
26.85,0.15,200,"bu","13:36:22",6321000
26.8,0.1,100,"sd","13:35:11",6286100
26.85,0.15,5100,"bu","13:43:35",6459000
26.8,0.1,200,"sd","13:35:06",6286000
26.8,0.1,15000,"sd","13:36:15",6320800
26.8,0.1,3000,"sd","13:55:14",6895900
26.8,0.1,3000,"sd","13:55:13",6892900
26.85,0.15,200,"bu","13:51:35",6764900
26.85,0.15,1000,"bu","13:43:24",6453900
26.85,0.15,2000,"bu","13:43:20",6452900
26.85,0.15,3000,"bu","13:36:07",6305800
26.8,0.1,3500,"sd","13:55:03",6889900
26.85,0.15,500,"bu","13:50:30",6759200
26.85,0.15,1000,"bu","13:36:02",6302800
26.8,0.1,4600,"sd","13:36:00",6301800
26.8,0.1,1000,"sd","13:54:31",6826700
26.8,0.1,200,"sd","13:50:20",6758700
26.85,0.15,400,"bu","13:43:11",6450900
26.85,0.15,5000,"bu","13:35:58",6297200
26.8,0.1,100,"sd","13:43:10",6450500
26.85,0.15,100,"bu","13:36:57",6321300
26.85,0.15,8000,"bu","13:49:27",6756300
26.8,0.1,3400,"sd","13:49:26",6748300
26.8,0.1,100,"sd","13:49:26",6744900
26.85,0.15,200,"bu","13:49:24",6744800
26.8,0.1,1000,"sd","13:54:23",6825700
26.85,0.15,1000,"bu","13:44:05",6485700
26.85,0.15,20500,"bu","13:44:04",6484700
26.85,0.15,4000,"bu","13:44:02",6464200
26.85,0.15,100,"bu","13:36:49",6321200
26.85,0.15,500,"bu","13:43:58",6460200
26.8,0.1,100,"sd","13:40:52",6415300
26.85,0.15,100,"sd","13:30:34",6127600
26.85,0.15,700,"sd","13:46:51",6663300
26.85,0.15,10300,"sd","13:46:36",6652200
26.8,0.1,2500,"sd","13:40:47",6415200
26.8,0.1,2000,"sd","13:40:43",6412700
26.85,0.15,200,"sd","13:30:26",6127500
26.85,0.15,35900,"bu","13:30:17",6127300
26.85,0.15,89400,"bu","13:30:16",6091400
26.8,0.1,800,"sd","13:40:25",6410700
26.8,0.1,500,"sd","13:30:03",6002000
26.85,0.15,1000,"bu","13:49:22",6744600
26.8,0.1,20400,"sd","13:53:31",6814500
26.85,0.15,4000,"bu","13:48:08",6718200
26.8,0.1,2400,"sd","13:40:14",6409900
26.85,0.15,200,"bu","13:49:10",6743600
26.85,0.15,400,"bu","13:48:06",6714200
26.85,0.15,15200,"sd","13:48:02",6713800
26.85,0.15,20000,"sd","13:30:52",6160700
26.8,0.1,5000,"sd","13:53:26",6794100
26.8,0.1,2900,"sd","13:53:24",6789100
26.85,0.15,1900,"bu","13:47:43",6698300
26.85,0.15,3000,"sd","13:30:50",6140700
26.85,0.15,400,"sd","13:48:28",6725000
26.85,0.15,100,"bu","13:47:28",6671200
26.85,0.15,2700,"bu","13:48:23",6724600
26.85,0.15,600,"bu","13:48:22",6721900
26.85,0.15,200,"bu","13:47:24",6671100
26.85,0.15,100,"sd","13:30:43",6137700
26.85,0.15,1600,"bu","13:48:21",6721300
26.85,0.15,200,"bu","13:48:20",6719700
26.85,0.15,1300,"bu","13:48:16",6719500
26.85,0.15,100,"bu","13:47:21",6670900
26.85,0.15,10000,"sd","13:30:41",6137600
26.8,0.1,500,"sd","13:40:57",6415800
26.75,0.05,200,"bu","14:06:29",7653900
26.8,0.1,8300,"sd","13:53:46",6822800
26.75,0.05,700,"bu","14:06:26",7653700
26.85,0.15,500,"bu","13:52:48",6775800
26.8,0.1,2000,"bu","13:25:47",5796800
26.75,0.05,1000,"bu","14:06:15",7653000
26.85,0.15,100,"bu","13:52:31",6775300
26.8,0.1,8000,"sd","13:25:02",5589500
26.8,0.1,100,"sd","13:25:01",5581500
26.8,0.1,100,"bu","13:57:34",7066400
26.8,0.1,1500,"bu","13:57:29",7066300
26.8,0.1,500,"sd","13:52:22",6775200
26.85,0.15,600,"bu","13:52:20",6774700
26.65,-0.05,1200,"sd","14:28:07",9614300
26.75,0.05,100,"bu","14:06:53",7655200
26.75,0.05,1200,"bu","14:06:52",7655100
26.75,0.05,300,"bu","14:05:15",7643000
26.8,0.1,100,"bu","13:57:13",7058800
26.65,-0.05,300,"sd","14:28:08",9614600
26.7,0,500,"sd","14:05:10",7642700
26.8,0.1,100,"bu","13:57:11",7058700
26.8,0.1,1000,"bu","13:57:09",7058600
26.8,0.1,2000,"sd","13:52:03",6774100
26.85,0.15,200,"bu","13:51:59",6772100
26.7,0,100,"bu","14:28:05",9613100
26.7,0,1000,"sd","14:26:05",9411600
26.8,0.1,600,"sd","13:55:26",6896700
26.85,0.15,100,"bu","13:55:25",6896100
26.8,0.1,1000,"sd","13:49:48",6758100
26.75,0.05,71900,"sd","14:04:39",7613300
26.8,0.1,100,"sd","13:55:17",6896000
26.75,0.05,28100,"sd","14:04:39",7541400
26.8,0.1,1000,"sd","13:33:51",6277600
26.8,0.1,5000,"sd","13:28:24",5956600
26.8,0.1,2000,"sd","13:28:22",5951600
26.85,0.15,1000,"sd","13:23:30",5482200
26.9,0.2,500,"bu","13:23:29",5481200
26.85,0.15,100,"sd","13:23:27",5480700
26.85,0.15,11000,"sd","13:23:52",5493200
26.8,0.1,500,"sd","13:28:19",5949600
26.85,0.15,100,"sd","13:23:24",5480600
26.85,0.15,400,"bu","13:24:42",5581300
26.85,0.15,10000,"sd","13:22:25",5431200
26.85,0.15,500,"sd","13:22:59",5442000
26.85,0.15,800,"sd","13:23:21",5480500
26.85,0.15,5000,"sd","13:22:20",5421200
26.85,0.15,3000,"sd","13:23:17",5479700
26.85,0.15,10000,"sd","13:23:16",5476700
26.85,0.15,10000,"sd","13:21:42",5397400
26.85,0.15,300,"sd","13:22:40",5431500
26.85,0.15,100,"sd","13:23:15",5466700
26.85,0.15,4700,"sd","13:23:11",5466600
26.85,0.15,3000,"sd","13:23:10",5461900
26.85,0.15,10000,"sd","13:21:33",5387400
26.8,0.1,15000,"sd","13:29:32",5997100
26.8,0.1,7000,"sd","13:24:21",5565400
26.8,0.1,1200,"sd","13:29:43",6001500
26.8,0.1,200,"sd","13:29:37",6000300
26.8,0.1,3000,"sd","13:29:36",6000100
26.8,0.1,500,"sd","13:29:14",5977100
26.85,0.15,17700,"sd","13:24:14",5558400
26.8,0.1,5000,"sd","13:29:29",5982100
26.8,0.1,20000,"sd","13:28:30",5976600
26.8,0.1,10000,"sd","13:24:41",5580900
26.85,0.15,3300,"sd","13:24:12",5540700
26.85,0.15,1000,"sd","13:24:10",5537400
26.8,0.1,500,"sd","13:24:38",5570900
26.85,0.15,10000,"sd","13:24:09",5536400
26.85,0.15,1800,"sd","13:24:06",5526400
26.85,0.15,5000,"sd","13:24:05",5524600
26.85,0.15,300,"sd","13:24:04",5519600
26.85,0.15,18500,"sd","13:24:04",5519300
26.85,0.15,4000,"sd","13:24:01",5500800
26.8,0.1,5000,"sd","13:24:27",5570400
26.85,0.15,1000,"sd","13:23:59",5496800
26.85,0.15,2600,"sd","13:23:58",5495800
26.85,0.15,500,"sd","13:21:52",5399200
26.85,0.15,300,"sd","13:21:50",5398700
26.9,0.2,2000,"bu","13:20:55",5367500
26.9,0.2,4400,"sd","13:17:00",5147700
26.9,0.2,100,"sd","13:16:58",5143300
26.85,0.15,1000,"sd","13:21:43",5398400
26.85,0.15,300,"sd","13:21:31",5372800
26.9,0.2,300,"bu","13:20:52",5365500
26.9,0.2,1400,"sd","13:16:51",5143200
26.9,0.2,100,"sd","13:16:51",5141800
26.85,0.15,1000,"sd","13:23:05",5448400
26.9,0.2,1000,"bu","13:20:46",5365200
26.85,0.15,5000,"sd","13:21:22",5372500
26.85,0.15,10000,"sd","13:23:08",5458900
26.85,0.15,500,"sd","13:23:07",5448900
26.9,0.2,2000,"bu","13:20:39",5364200
26.85,0.15,10000,"sd","13:22:46",5441500
26.85,0.15,15500,"sd","13:22:10",5416200
26.9,0.2,500,"bu","13:15:49",5120000
26.85,0.15,100,"sd","13:15:49",5119500
26.85,0.15,5400,"sd","13:23:02",5447400
26.9,0.2,5000,"bu","13:15:46",5119400
26.9,0.2,500,"bu","13:15:44",5114400
26.85,0.15,1500,"sd","13:22:04",5400700
26.9,0.2,100,"bu","13:15:40",5113900
26.9,0.2,3500,"bu","13:15:33",5113800
26.9,0.2,15000,"sd","13:19:01",5186900
26.9,0.2,100,"sd","13:19:00",5171900
26.9,0.2,400,"sd","13:18:59",5171800
26.9,0.2,1700,"sd","13:12:08",4976300
26.9,0.2,1400,"sd","13:18:56",5171400
26.9,0.2,1000,"sd","13:18:52",5168000
26.9,0.2,2000,"sd","13:18:53",5170000
26.9,0.2,20800,"bu","13:12:04",4974600
26.9,0.2,4900,"sd","13:19:51",5287300
26.9,0.2,5000,"sd","13:19:50",5282400
26.85,0.15,500,"sd","13:05:53",4822200
26.9,0.2,5000,"sd","13:19:45",5277400
26.9,0.2,100,"sd","13:19:44",5272400
26.9,0.2,1000,"sd","13:19:43",5272300
26.9,0.2,200,"bu","13:05:42",4821700
26.9,0.2,2000,"sd","13:19:40",5271300
26.9,0.2,500,"sd","13:19:39",5269300
26.9,0.2,2100,"sd","13:19:38",5268800
26.9,0.2,2000,"sd","13:19:37",5266700
26.9,0.2,35000,"sd","13:19:35",5264700
26.9,0.2,100,"sd","13:19:34",5229700
26.9,0.2,2600,"sd","13:19:33",5229600
26.9,0.2,100,"sd","13:19:32",5227000
26.9,0.2,500,"bu","13:20:15",5347200
26.9,0.2,5500,"sd","13:19:28",5226900
26.85,0.15,4000,"sd","13:20:09",5346700
26.9,0.2,1200,"sd","13:19:26",5221400
26.9,0.2,10000,"sd","13:19:25",5220200
26.9,0.2,3000,"sd","13:19:56",5333500
26.9,0.2,7100,"sd","13:19:55",5330500
26.9,0.2,4000,"sd","13:19:54",5323400
26.9,0.2,10100,"sd","13:19:53",5319400
26.9,0.2,2000,"sd","13:19:52",5309300
26.9,0.2,20000,"sd","13:19:51",5307300
26.9,0.2,19000,"sd","13:19:18",5210200
26.85,0.15,500,"sd","13:04:48",4819800
26.9,0.2,15000,"bu","13:20:16",5362200
26.9,0.2,2300,"sd","13:19:12",5191200
26.9,0.2,2000,"sd","13:19:11",5188900
26.85,0.15,200,"sd","13:00:07",4725800
26.9,0.2,1000,"bu","13:00:07",4725600
26.9,0.2,100,"bu","13:01:46",4789900
26.85,0.15,600,"sd","13:04:02",4817700
26.85,0.15,10000,"sd","13:00:05",4724600
26.9,0.2,100,"bu","13:02:37",4790000
26.85,0.15,3700,"sd","13:03:54",4817100
26.9,0.2,5000,"bu","13:03:51",4813400
26.9,0.2,3500,"bu","13:01:23",4789800
26.9,0.2,300,"bu","13:01:20",4786300
26.85,0.15,200,"sd","13:03:45",4808400
26.85,0.15,500,"sd","13:01:18",4786000
26.9,0.2,11300,"bu","13:00:02",4714600
26.85,0.15,1000,"sd","13:00:02",4703300
26.9,0.2,2000,"bu","13:03:41",4808200
26.9,0.2,9500,"bu","13:01:11",4785500
26.9,0.2,8500,"bu","13:01:10",4776000
26.9,0.2,100,"bu","13:01:01",4767500
26.9,0.2,3000,"bu","13:03:30",4806200
26.9,0.2,200,"bu","13:00:57",4767400
26.9,0.2,10000,"bu","13:03:24",4803200
26.85,0.15,1000,"sd","13:03:22",4793200
26.85,0.15,800,"sd","13:00:02",4702300
26.9,0.2,10000,"bu","13:00:34",4767200
26.85,0.15,1600,"sd","13:04:38",4819300
26.9,0.2,200,"bu","13:03:14",4792200
26.9,0.2,2000,"bu","13:03:07",4792000
26.9,0.2,3300,"bu","13:15:18",5110300
26.9,0.2,3500,"bu","11:27:15",4663900
26.9,0.2,1000,"bu","11:27:14",4660400
26.9,0.2,1000,"bu","11:25:14",4603700
26.9,0.2,18400,"bu","13:16:04",5138400
26.9,0.2,400,"sd","13:17:57",5161100
26.9,0.2,3000,"bu","11:26:55",4659400
26.9,0.2,34000,"bu","11:26:51",4656400
26.9,0.2,1200,"bu","11:26:44",4622400
26.9,0.2,1300,"bu","11:26:43",4621200
26.9,0.2,3700,"sd","13:18:33",5167000
26.85,0.15,1000,"sd","11:28:13",4671500
26.9,0.2,1200,"sd","13:17:42",5160700
26.9,0.2,3500,"sd","13:17:41",5159500
26.9,0.2,100,"bu","11:28:02",4670500
26.9,0.2,5000,"bu","11:26:35",4619900
26.9,0.2,5000,"sd","13:17:38",5156000
26.9,0.2,100,"sd","13:17:37",5151000
26.9,0.2,500,"sd","13:18:20",5163300
26.9,0.2,200,"bu","11:26:27",4614900
26.9,0.2,800,"sd","13:17:35",5150900
26.9,0.2,1800,"sd","13:17:31",5150100
26.9,0.2,600,"sd","13:17:28",5148300
26.9,0.2,200,"sd","13:18:13",5162800
26.85,0.15,2000,"sd","11:27:51",4670400
26.9,0.2,1900,"bu","11:27:50",4668400
26.9,0.2,100,"bu","11:27:47",4666500
26.9,0.2,500,"bu","11:27:43",4666400
26.9,0.2,300,"sd","13:16:26",5141700
26.9,0.2,500,"sd","13:18:01",5162600
26.9,0.2,1000,"sd","13:18:00",5162100
26.9,0.2,2000,"bu","11:27:23",4665900
26.9,0.2,1700,"bu","11:25:32",4613400
26.9,0.2,3000,"sd","13:16:20",5141400
26.9,0.2,6000,"bu","11:25:23",4611700
26.9,0.2,2000,"bu","11:25:22",4605700
26.95,0.25,100,"bu","11:16:40",4250800
26.9,0.2,1000,"sd","11:19:23",4391100
26.9,0.2,200,"bu","13:11:52",4951400
26.9,0.2,10000,"bu","13:11:51",4951200
26.85,0.15,100,"sd","13:10:54",4890100
26.9,0.2,500,"bu","13:10:37",4889000
26.9,0.2,100,"bu","13:11:32",4941200
26.9,0.2,3000,"bu","13:10:32",4888500
26.9,0.2,2000,"sd","11:17:54",4362200
26.95,0.25,2000,"bu","11:17:52",4360200
26.9,0.2,1000,"bu","13:10:43",4890000
26.9,0.2,1000,"sd","11:17:43",4358200
26.9,0.2,2500,"bu","11:29:56",4675800
26.95,0.25,400,"bu","11:17:33",4357200
26.9,0.2,2000,"bu","13:11:58",4953800
26.9,0.2,100,"bu","13:10:09",4885500
26.9,0.2,1000,"sd","11:17:22",4356800
26.9,0.2,96200,"sd","11:17:16",4352000
26.9,0.2,3800,"sd","11:17:17",4355800
26.9,0.2,400,"bu","13:11:53",4951800
26.85,0.15,100,"sd","11:29:32",4673300
26.9,0.2,300,"bu","11:29:20",4673200
26.9,0.2,50000,"bu","13:11:17",4941100
26.9,0.2,300,"sd","11:19:58",4402700
26.9,0.2,4400,"sd","11:19:50",4402400
26.85,0.15,400,"sd","11:28:55",4672900
26.9,0.2,3200,"sd","11:16:55",4255800
26.9,0.2,1900,"sd","11:19:40",4398000
26.9,0.2,1000,"bu","13:11:00",4891100
26.9,0.2,100,"bu","13:09:54",4885200
26.95,0.25,1800,"bu","11:16:45",4252600
26.9,0.2,1000,"bu","11:28:43",4672500
26.9,0.2,1000,"sd","13:12:34",4977500
26.9,0.2,5000,"sd","11:20:36",4409800
26.9,0.2,1000,"sd","11:20:31",4404800
26.9,0.2,2500,"sd","13:13:33",4998600
26.85,0.15,2000,"sd","11:22:18",4467000
26.9,0.2,200,"sd","13:13:28",4996100
26.9,0.2,100,"bu","11:22:02",4465000
26.9,0.2,100,"sd","11:20:15",4403800
26.9,0.2,2000,"sd","13:13:20",4995900
26.9,0.2,1000,"sd","11:20:07",4403700
26.9,0.2,400,"sd","13:14:07",5004600
26.9,0.2,100,"sd","13:13:13",4993900
26.9,0.2,400,"bu","13:14:31",5092900
26.9,0.2,1100,"sd","13:13:11",4993800
26.9,0.2,10000,"sd","13:13:08",4992700
26.9,0.2,900,"bu","13:14:21",5082500
26.9,0.2,1000,"sd","13:13:05",4982700
26.9,0.2,100,"bu","13:14:41",5093000
26.9,0.2,500,"sd","13:13:03",4981700
26.9,0.2,900,"sd","11:18:58",4390100
26.9,0.2,10000,"bu","13:14:27",5092500
26.9,0.2,2500,"sd","13:12:58",4981200
26.9,0.2,500,"bu","11:21:22",4464900
26.9,0.2,75000,"sd","13:14:15",5081600
26.9,0.2,2000,"sd","13:14:14",5006600
26.9,0.2,1000,"sd","13:12:56",4978700
26.9,0.2,2700,"sd","11:21:18",4464400
26.9,0.2,43800,"sd","11:21:18",4461700
26.9,0.2,1000,"sd","11:18:41",4389200
26.9,0.2,3100,"sd","11:21:15",4417900
26.9,0.2,1000,"sd","11:21:13",4414800
26.95,0.25,5000,"bu","11:18:41",4388200
26.9,0.2,500,"sd","11:18:38",4383200
26.9,0.2,1000,"sd","11:21:07",4413800
26.9,0.2,3000,"sd","11:21:03",4412800
26.9,0.2,10000,"sd","11:18:35",4382700
26.9,0.2,100,"sd","13:13:57",5003200
26.9,0.2,3500,"sd","13:13:53",5003100
26.9,0.2,10000,"sd","11:18:24",4372700
26.9,0.2,1000,"sd","13:13:52",4999600
26.9,0.2,100,"sd","13:12:39",4977700
26.9,0.2,100,"sd","13:12:38",4977600
26.9,0.2,500,"sd","11:18:20",4362700
26.85,0.15,200,"bu","13:25:07",5589700
26.8,0.1,2300,"bu","13:26:59",5890400
26.9,0.2,1000,"bu","13:09:52",4885100
26.95,0.25,10000,"sd","11:14:05",4063900
26.95,0.25,200,"sd","11:14:03",4053900
27,0.3,15000,"bu","11:14:01",4053700
26.85,0.15,4600,"sd","13:21:32",5377400
26.8,0.1,1000,"bu","13:26:57",5888100
26.9,0.2,200,"bu","13:10:03",4885400
26.9,0.2,1000,"bu","13:09:45",4884100
26.9,0.2,500,"bu","13:09:43",4883100
26.8,0.1,7100,"bu","13:27:20",5940100
26.8,0.1,500,"bu","13:27:18",5933000
26.8,0.1,3000,"bu","13:25:57",5799800
26.9,0.2,200,"bu","13:09:09",4878600
26.8,0.1,100,"bu","13:26:42",5887100
26.9,0.2,1000,"bu","13:09:06",4878400
26.8,0.1,10000,"bu","13:26:36",5887000
26.9,0.2,500,"bu","13:08:43",4853400
26.75,0.05,500,"sd","13:26:35",5877000
26.8,0.1,5000,"bu","13:26:34",5876500
26.9,0.2,400,"bu","13:08:40",4852900
26.8,0.1,1000,"sd","13:27:30",5948000
26.8,0.1,2000,"sd","13:27:29",5947000
26.8,0.1,25000,"bu","13:26:32",5871500
26.9,0.2,6200,"bu","13:08:37",4852500
26.75,0.05,30000,"sd","13:26:26",5846500
26.8,0.1,10000,"bu","13:26:25",5816500
26.8,0.1,202100,"sd","13:25:28",5794800
26.8,0.1,1000,"sd","13:27:34",5949000
26.8,0.1,1400,"bu","13:27:24",5945000
26.8,0.1,3000,"bu","13:27:23",5943600
26.8,0.1,500,"bu","13:27:22",5940600
26.95,0.25,15800,"sd","11:15:10",4174200
26.85,0.15,1000,"bu","13:25:22",5592700
26.8,0.1,1500,"bu","13:27:16",5932500
26.8,0.1,300,"bu","13:27:14",5921000
26.8,0.1,10000,"bu","13:27:15",5931000
26.8,0.1,6600,"bu","13:27:14",5920700
26.8,0.1,300,"bu","13:26:17",5806500
26.95,0.25,500,"sd","11:15:07",4158400
26.95,0.25,1000,"sd","11:15:05",4157900
26.8,0.1,20000,"bu","13:27:12",5914100
26.8,0.1,500,"bu","13:27:11",5894100
26.8,0.1,3000,"bu","13:27:10",5893600
26.8,0.1,5900,"bu","13:26:11",5806200
27,0.3,8000,"bu","11:14:11",4072900
26.85,0.15,1000,"bu","13:25:15",5591700
26.8,0.1,200,"bu","13:27:07",5890600
26.8,0.1,500,"bu","13:26:07",5800300
26.95,0.25,1000,"sd","11:14:06",4064900
26.85,0.15,1000,"bu","13:25:11",5590700
26.95,0.25,2000,"sd","11:11:48",3995500
26.95,0.25,500,"sd","11:11:47",3993500
26.95,0.25,500,"sd","11:08:41",3961400
27,0.3,1000,"bu","11:11:39",3993000
26.95,0.25,400,"sd","11:11:38",3992000
27,0.3,7500,"bu","11:07:11",3956800
26.95,0.25,2000,"sd","11:11:32",3991600
27,0.3,1500,"bu","11:08:34",3960900
26.95,0.25,1000,"sd","11:13:46",4038300
26.95,0.25,100,"sd","11:13:43",4037300
26.95,0.25,3000,"sd","11:13:42",4037200
26.95,0.25,8000,"sd","11:13:41",4034200
27,0.3,600,"bu","11:11:30",3989600
26.95,0.25,600,"sd","11:11:27",3989000
26.95,0.25,4000,"sd","11:09:51",3970600
26.95,0.25,100,"sd","11:09:50",3966600
26.95,0.25,1000,"sd","11:13:35",4026200
26.95,0.25,1000,"sd","11:13:30",4025200
26.95,0.25,1500,"sd","11:13:29",4024200
26.95,0.25,1200,"sd","11:13:29",4022700
26.95,0.25,2000,"sd","11:13:26",4021500
27,0.3,500,"bu","11:11:12",3988400
26.95,0.25,4000,"sd","11:11:10",3987900
26.95,0.25,300,"sd","11:11:09",3983900
26.95,0.25,200,"sd","11:13:21",4019500
26.95,0.25,1800,"sd","11:11:08",3983600
26.95,0.25,300,"sd","11:09:31",3966500
26.95,0.25,4000,"sd","11:09:27",3966200
26.95,0.25,900,"sd","11:13:04",4017300
26.95,0.25,100,"sd","11:10:57",3981800
26.95,0.25,100,"sd","11:10:56",3981700
26.95,0.25,5000,"sd","11:10:54",3981600
26.95,0.25,100,"sd","11:10:52",3976600
26.95,0.25,100,"sd","11:09:19",3962200
26.95,0.25,100,"sd","11:07:51",3959400
26.95,0.25,2000,"sd","11:12:55",4016400
26.95,0.25,2000,"sd","11:10:51",3976500
26.95,0.25,2000,"sd","11:10:48",3974500
26.95,0.25,2000,"sd","11:12:52",4014400
26.95,0.25,100,"sd","11:12:49",4012400
26.95,0.25,800,"sd","11:10:40",3972500
27,0.3,1000,"bu","11:07:44",3959300
26.95,0.25,3500,"sd","11:12:48",4012300
27,0.3,5300,"bu","11:12:01",4000800
26.95,0.25,100,"sd","11:10:36",3971700
26.95,0.25,100,"sd","11:14:00",4038700
27,0.3,100,"bu","11:13:57",4038600
26.95,0.25,200,"sd","11:13:54",4038500
26.95,0.25,200,"sd","11:08:51",3962100
26.95,0.25,100,"sd","11:07:27",3958300
27,0.3,1000,"bu","11:07:25",3958200
26.95,0.25,500,"sd","11:08:46",3961900
27,0.3,400,"bu","11:07:23",3957200
26.95,0.25,4200,"bu","10:54:56",3659600
26.95,0.25,400,"bu","11:04:55",3894300
26.95,0.25,9000,"bu","11:04:54",3893900
26.95,0.25,3400,"bu","11:04:35",3864700
26.95,0.25,2000,"bu","11:04:52",3884900
26.95,0.25,1600,"bu","11:04:51",3882900
26.95,0.25,1000,"bu","11:04:27",3861300
26.95,0.25,1500,"bu","11:04:27",3860300
26.9,0.2,3800,"sd","11:03:05",3802100
27,0.3,5000,"bu","11:06:58",3949200
26.95,0.25,10000,"sd","11:06:58",3944200
26.95,0.25,100,"bu","11:04:48",3881300
26.95,0.25,2500,"bu","11:04:47",3881200
26.95,0.25,100,"bu","11:04:46",3878700
26.95,0.25,100,"bu","11:04:43",3878600
26.95,0.25,100,"bu","11:04:26",3858800
26.95,0.25,2000,"bu","11:04:25",3858700
26.95,0.25,1800,"bu","11:04:41",3878500
26.95,0.25,4000,"bu","11:04:39",3876700
26.95,0.25,400,"bu","11:04:18",3856700
26.95,0.25,200,"sd","11:06:51",3934200
26.95,0.25,1800,"sd","11:06:47",3934000
26.95,0.25,8000,"bu","11:04:37",3872700
26.95,0.25,20000,"bu","11:04:16",3856300
26.95,0.25,500,"bu","11:04:16",3836300
26.95,0.25,300,"bu","11:04:14",3835800
26.95,0.25,9200,"sd","11:06:44",3932200
26.95,0.25,700,"sd","11:06:03",3918700
26.95,0.25,100,"bu","10:57:48",3729600
26.95,0.25,100,"bu","11:04:10",3835500
27,0.3,1400,"bu","11:05:58",3918000
26.95,0.25,3000,"sd","11:05:58",3916600
26.95,0.25,4100,"bu","11:04:08",3835400
26.9,0.2,5400,"sd","11:02:43",3798300
26.9,0.2,2000,"sd","11:02:41",3792900
27,0.3,2000,"bu","11:05:55",3913600
26.95,0.25,500,"bu","10:57:37",3729500
26.95,0.25,10000,"bu","11:03:58",3820800
26.95,0.25,200,"bu","11:03:55",3810800
26.9,0.2,1000,"sd","11:02:36",3790900
26.95,0.25,500,"bu","10:57:30",3729000
26.95,0.25,10000,"bu","10:57:29",3728500
26.95,0.25,1800,"bu","11:03:53",3810600
26.95,0.25,2500,"bu","11:03:52",3808800
26.9,0.2,100,"sd","10:57:24",3718500
26.95,0.25,1600,"bu","11:03:46",3806300
26.95,0.25,2500,"bu","10:57:19",3718400
26.95,0.25,5000,"sd","11:05:36",3911600
27,0.3,10000,"bu","11:05:34",3906600
26.95,0.25,600,"bu","11:03:36",3804700
26.95,0.25,1000,"bu","11:03:33",3804100
26.95,0.25,300,"bu","11:02:12",3789900
26.95,0.25,100,"bu","11:02:10",3789600
26.9,0.2,1000,"sd","10:57:03",3715900
26.9,0.2,1000,"sd","11:03:19",3803100
26.9,0.2,3000,"sd","10:56:04",3679900
26.95,0.25,2000,"bu","10:54:19",3641800
26.95,0.25,2200,"bu","10:59:35",3737900
26.95,0.25,1800,"bu","10:59:34",3735700
26.95,0.25,2000,"bu","10:55:58",3676900
26.9,0.2,2000,"sd","10:55:57",3674900
26.95,0.25,300,"bu","10:54:17",3639800
26.95,0.25,500,"bu","10:59:30",3733900
26.95,0.25,400,"bu","10:59:29",3733400
26.95,0.25,2000,"bu","10:55:52",3672900
26.95,0.25,500,"bu","10:59:18",3733000
26.95,0.25,3000,"bu","10:55:44",3670900
26.9,0.2,2000,"sd","10:55:43",3667900
26.9,0.2,100,"sd","10:59:12",3732500
26.95,0.25,5000,"bu","10:55:32",3665900
26.95,0.25,5000,"bu","11:01:31",3782300
26.95,0.25,100,"bu","11:01:30",3777300
26.95,0.25,1000,"bu","10:57:01",3714900
26.95,0.25,300,"bu","10:55:31",3660900
26.95,0.25,7000,"bu","11:01:42",3789300
26.95,0.25,5900,"sd","10:53:58",3639500
26.9,0.2,20000,"sd","10:56:38",3713900
26.9,0.2,1500,"sd","10:56:36",3693900
26.95,0.25,1100,"bu","11:01:09",3777200
26.95,0.25,2000,"bu","10:56:35",3692400
26.95,0.25,1000,"bu","10:55:07",3660600
27,0.3,1000,"bu","10:53:52",3633600
26.95,0.25,100,"sd","10:53:51",3632600
26.95,0.25,10000,"sd","10:53:50",3632500
26.9,0.2,3000,"sd","10:56:29",3690400
26.95,0.25,3700,"bu","10:54:33",3649500
26.95,0.25,6000,"sd","10:53:49",3622500
26.95,0.25,1500,"sd","10:53:47",3616500
26.95,0.25,2000,"bu","10:59:48",3741900
26.95,0.25,1000,"bu","10:56:21",3687400
26.95,0.25,400,"bu","10:54:28",3645800
26.95,0.25,3600,"bu","10:54:27",3645400
26.9,0.2,2000,"sd","10:59:46",3739900
26.9,0.2,3000,"sd","10:56:16",3686400
26.95,0.25,2500,"bu","10:56:14",3683400
26.95,0.25,1000,"bu","10:56:09",3680900
26.9,0.2,5000,"bu","10:47:17",2958900
26.9,0.2,1000,"bu","10:47:16",2953900
26.9,0.2,500,"bu","10:47:14",2952900
26.9,0.2,4000,"bu","10:46:28",2930400
26.9,0.2,2000,"bu","10:46:24",2926400
26.9,0.2,5000,"bu","10:46:56",2952400
26.9,0.2,400,"bu","10:46:22",2924400
26.9,0.2,49600,"bu","10:46:21",2924000
26.9,0.2,1000,"bu","10:46:19",2874400
26.95,0.25,500,"bu","10:51:33",3414900
26.95,0.25,3000,"bu","10:51:31",3414400
26.95,0.25,30000,"bu","10:51:30",3411400
26.95,0.25,400,"bu","10:51:29",3381400
26.9,0.2,4200,"bu","10:46:54",2947400
26.9,0.2,20000,"bu","10:50:06",3136400
26.9,0.2,29100,"bu","10:50:04",3116400
26.9,0.2,1000,"bu","10:46:47",2943200
26.85,0.15,4300,"sd","10:46:47",2942200
26.9,0.2,1000,"bu","10:46:13",2873400
26.9,0.2,11500,"bu","10:46:08",2872400
26.95,0.25,400,"bu","10:51:27",3381000
26.95,0.25,400,"bu","10:51:27",3380600
26.9,0.2,500,"bu","10:46:40",2937900
26.85,0.15,6000,"sd","10:46:38",2937400
26.9,0.2,1000,"bu","10:46:35",2931400
26.9,0.2,2000,"bu","10:46:01",2860900
26.9,0.2,3900,"bu","10:45:55",2858900
26.95,0.25,1000,"bu","10:51:21",3380200
26.9,0.2,15000,"bu","10:47:37",3007100
26.9,0.2,1000,"bu","10:47:37",2992100
26.9,0.2,1000,"bu","10:45:40",2855000
26.9,0.2,8200,"bu","10:47:30",2991100
26.9,0.2,100,"bu","10:45:34",2854000
26.9,0.2,24000,"bu","10:47:28",2982900
26.9,0.2,200,"bu","10:45:31",2853900
26.9,0.2,6000,"sd","10:50:34",3161800
26.9,0.2,2000,"bu","10:47:45",3009400
26.9,0.2,300,"bu","10:47:43",3007400
26.95,0.25,100,"sd","10:53:01",3561000
26.95,0.25,600,"sd","10:53:30",3608800
26.95,0.25,3400,"bu","10:51:56",3504100
26.95,0.25,40200,"bu","10:51:56",3500700
26.95,0.25,12300,"bu","10:51:54",3460500
26.9,0.2,10900,"bu","10:50:19",3155800
26.9,0.2,200,"bu","10:50:17",3144900
26.95,0.25,300,"bu","10:53:13",3602600
26.95,0.25,7700,"bu","10:51:53",3448200
26.95,0.25,2900,"bu","10:51:53",3440500
26.95,0.25,800,"bu","10:51:51",3437600
26.9,0.2,500,"bu","10:50:14",3144700
26.9,0.2,1000,"bu","10:50:13",3144200
26.9,0.2,4200,"bu","10:50:12",3143200
26.9,0.2,1500,"bu","10:50:11",3139000
26.9,0.2,600,"bu","10:50:11",3137500
26.95,0.25,100,"sd","10:53:46",3615000
26.95,0.25,2000,"sd","10:53:45",3614900
26.95,0.25,2000,"sd","10:53:42",3612900
26.95,0.25,10000,"bu","10:51:46",3436800
26.95,0.25,2200,"bu","10:51:44",3426800
26.95,0.25,1000,"bu","10:51:43",3424600
26.9,0.2,500,"bu","10:50:09",3136900
26.9,0.2,900,"bu","10:50:04",3087300
26.9,0.2,1000,"bu","10:50:02",3086400
26.9,0.2,3000,"bu","10:48:20",3026000
26.95,0.25,2300,"bu","10:53:25",3608200
26.95,0.25,100,"bu","10:51:41",3423600
26.95,0.25,3200,"bu","10:51:39",3423500
26.9,0.2,3000,"bu","10:50:02",3085400
26.9,0.2,700,"bu","10:50:01",3082400
26.95,0.25,1000,"bu","10:53:12",3602300
26.95,0.25,29300,"sd","10:53:11",3601300
26.95,0.25,10000,"sd","10:53:10",3572000
26.95,0.25,4700,"bu","10:51:37",3419800
26.95,0.25,500,"bu","10:51:38",3420300
26.95,0.25,200,"bu","10:51:35",3415100
26.9,0.2,1000,"bu","10:49:55",3081700
26.9,0.2,3000,"bu","10:49:53",3080700
26.9,0.2,3000,"bu","10:49:53",3077700
26.85,0.15,2200,"sd","10:48:11",3023000
26.9,0.2,1000,"bu","10:48:08",3020800
26.95,0.25,2000,"sd","10:53:40",3610900
26.95,0.25,100,"sd","10:53:39",3608900
26.95,0.25,2000,"bu","10:51:18",3379200
26.95,0.25,100,"bu","10:51:17",3377200
26.95,0.25,8800,"bu","10:51:15",3377100
26.9,0.2,2600,"bu","10:49:49",3074700
26.9,0.2,11800,"bu","10:49:49",3072100
26.9,0.2,13000,"bu","10:49:48",3060300
26.9,0.2,100,"bu","10:49:47",3047300
26.95,0.25,3300,"bu","10:53:17",3605900
26.95,0.25,400,"bu","10:51:14",3368300
26.95,0.25,43200,"bu","10:51:12",3311100
26.95,0.25,56800,"bu","10:51:13",3367900
26.95,0.25,1000,"bu","10:51:10",3267900
26.9,0.2,5000,"bu","10:49:45",3040700
26.9,0.2,500,"bu","10:49:46",3047200
26.85,0.15,6000,"sd","10:49:45",3046700
26.85,0.15,400,"sd","10:48:02",3019800
26.95,0.25,1000,"sd","10:53:05",3562000
26.95,0.25,3100,"bu","10:51:07",3266900
26.95,0.25,30000,"bu","10:51:06",3263800
26.95,0.25,12700,"bu","10:51:05",3233800
26.9,0.2,5000,"bu","10:47:55",3019400
26.95,0.25,200,"bu","10:51:00",3221100
26.9,0.2,5000,"bu","10:47:49",3014400
26.95,0.25,6000,"sd","10:52:56",3560900
26.9,0.2,100,"sd","10:50:59",3220900
26.9,0.2,100,"bu","10:49:45",3035700
26.9,0.2,1600,"bu","10:49:43",3035600
26.95,0.25,500,"sd","10:52:52",3554900
26.95,0.25,30000,"sd","10:52:14",3536100
26.9,0.2,3000,"bu","10:49:41",3034000
26.9,0.2,5000,"bu","10:49:38",3031000
26.95,0.25,1000,"sd","10:52:09",3506100
26.95,0.25,58000,"bu","10:50:49",3220800
26.95,0.25,1000,"sd","10:52:04",3505100
26.9,0.2,1000,"sd","10:50:42",3162800
26.95,0.25,3300,"bu","10:52:41",3551100
26.95,0.25,4900,"bu","10:52:40",3547800
26.85,0.15,2000,"sd","10:43:43",2774600
26.9,0.2,500,"bu","10:43:43",2772600
26.9,0.2,200,"sd","10:52:40",3542900
26.9,0.2,2000,"bu","10:45:10",2853600
26.9,0.2,500,"bu","10:45:08",2851600
26.9,0.2,30000,"bu","10:45:04",2851100
26.9,0.2,1000,"bu","10:43:40",2772100
26.95,0.25,1000,"bu","10:52:32",3542700
26.9,0.2,200,"sd","10:52:31",3541700
26.95,0.25,2000,"bu","10:52:30",3541500
26.9,0.2,1000,"bu","10:43:29",2771100
26.95,0.25,2000,"bu","10:52:27",3539500
26.9,0.2,30000,"bu","10:44:53",2821100
26.95,0.25,200,"bu","10:52:23",3537500
26.95,0.25,1100,"sd","10:52:19",3537300
26.95,0.25,100,"sd","10:52:18",3536200
26.85,0.15,500,"sd","10:43:19",2770100
26.95,0.25,100,"bu","10:58:38",3732400
26.95,0.25,2500,"bu","10:58:34",3732300
26.9,0.2,9100,"bu","10:44:36",2791100
26.9,0.2,2000,"bu","10:43:05",2769600
26.9,0.2,500,"bu","10:44:30",2782000
26.95,0.25,100,"bu","10:58:20",3729800
26.9,0.2,100,"bu","10:45:10",2853700
26.9,0.2,1000,"bu","10:44:20",2781500
26.9,0.2,31000,"bu","10:42:51",2767600
26.95,0.25,100,"bu","10:58:08",3729700
26.85,0.15,1000,"sd","10:44:04",2780500
26.9,0.2,2000,"bu","10:42:41",2736600
26.95,0.25,300,"sd","10:52:49",3554400
26.9,0.2,4900,"bu","10:43:57",2779500
26.9,0.2,500,"bu","10:42:33",2734600
26.95,0.25,200,"sd","10:52:46",3554100
26.95,0.25,2800,"bu","10:52:46",3553900
26.85,0.15,400,"sd","10:42:30",2734100
26.75,0.05,10000,"sd","10:04:54",1706300
26.9,0.2,10000,"bu","10:26:30",2415900
26.85,0.15,100,"sd","10:26:29",2405900
26.9,0.2,1300,"bu","10:36:49",2638300
26.85,0.15,1000,"sd","10:41:35",2728000
26.85,0.15,200,"sd","10:39:49",2647400
26.85,0.15,10000,"sd","10:41:33",2727000
26.85,0.15,1300,"sd","10:41:09",2714300
26.85,0.15,5000,"sd","10:41:08",2713000
26.85,0.15,2000,"sd","10:41:05",2708000
26.85,0.15,1000,"sd","10:37:50",2643100
26.9,0.2,500,"bu","10:37:49",2642100
26.85,0.15,2000,"sd","10:37:46",2641600
26.9,0.2,1000,"bu","10:37:44",2639600
26.85,0.15,1000,"sd","10:41:26",2717000
26.9,0.2,200,"bu","10:41:23",2716000
26.85,0.15,500,"sd","10:41:20",2715800
26.85,0.15,1000,"sd","10:41:53",2733500
26.85,0.15,200,"sd","10:42:12",2733700
26.85,0.15,400,"sd","10:26:58",2420300
26.85,0.15,3500,"sd","10:41:42",2732500
26.85,0.15,1000,"sd","10:41:40",2729000
26.9,0.2,100,"bu","10:37:18",2638600
26.85,0.15,200,"sd","10:37:18",2638500
26.85,0.15,1000,"sd","10:41:12",2715300
26.85,0.15,200,"sd","10:40:55",2706000
26.85,0.15,1200,"sd","10:40:07",2703600
26.85,0.15,1000,"sd","10:38:13",2644100
26.85,0.15,4000,"sd","10:26:32",2419900
26.85,0.15,55000,"sd","10:40:04",2702400
26.85,0.15,100,"sd","13:00:09",4726300
26.9,0.2,600,"bu","11:24:27",4583000
26.95,0.25,100,"sd","11:06:27",3922000
26.9,0.2,400,"bu","11:24:24",4582400
26.9,0.2,99600,"bu","11:24:24",4582000
26.9,0.2,5000,"bu","13:00:25",4757200
26.9,0.2,400,"bu","13:00:07",4726200
26.9,0.2,500,"bu","13:06:16",4823700
26.9,0.2,6200,"bu","13:08:04",4843300
26.9,0.2,9800,"bu","13:08:04",4837100
26.85,0.15,1000,"sd","13:08:02",4827300
26.85,0.15,8000,"sd","13:00:20",4752200
26.95,0.25,400,"sd","11:12:45",4008800
26.95,0.25,2000,"sd","11:12:43",4008400
26.9,0.2,4000,"bu","13:00:20",4744200
26.95,0.25,5000,"sd","11:12:40",4006400
26.85,0.15,3200,"sd","13:00:18",4740200
26.9,0.2,300,"bu","13:00:18",4737000
26.9,0.2,21500,"bu","13:00:01",4701500
26.85,0.15,1100,"sd","13:00:01",4680000
26.9,0.2,1000,"bu","13:00:01",4678900
26.9,0.2,1100,"bu","13:00:00",4677900
26.9,0.2,100,"bu","13:00:17",4736700
26.85,0.15,100,"sd","13:07:03",4824400
26.9,0.2,100,"bu","13:07:00",4824300
26.9,0.2,1000,"bu","13:00:00",4676800
26.9,0.2,2000,"bu","13:00:15",4736600
26.95,0.25,500,"sd","11:12:19",4001400
27,0.3,100,"bu","11:12:16",4000900
26.9,0.2,100,"bu","13:00:13",4734600
26.9,0.2,100,"bu","11:24:48",4602700
26.9,0.2,19400,"bu","11:24:44",4602600
26.9,0.2,3000,"bu","13:08:13",4846300
27,0.3,1000,"bu","11:06:38",3923000
26.85,0.15,8000,"sd","13:00:12",4734500
26.9,0.2,200,"bu","13:00:12",4726500
26.9,0.2,200,"sd","11:24:39",4583200
26.85,0.15,500,"sd","10:39:37",2647200
26.85,0.15,100,"sd","10:33:32",2598400
26.85,0.15,200,"sd","10:33:28",2598300
26.85,0.15,4000,"sd","10:30:33",2483300
26.9,0.2,200,"bu","10:30:33",2479300
26.95,0.25,1300,"bu","11:00:31",3773000
26.95,0.25,1000,"sd","11:05:13",3896400
26.95,0.25,1000,"sd","11:05:12",3895400
26.95,0.25,100,"sd","11:05:11",3894400
26.95,0.25,500,"sd","11:06:12",3921900
26.95,0.25,4000,"bu","11:00:16",3771700
26.95,0.25,100,"bu","10:54:45",3655400
26.95,0.25,25000,"bu","11:00:09",3767700
26.95,0.25,2800,"bu","10:54:42",3655300
26.95,0.25,3000,"bu","10:54:40",3652500
27,0.3,2700,"bu","11:06:10",3921400
26.9,0.2,800,"sd","11:00:03",3742700
26.9,0.2,21200,"bu","10:34:34",2623200
26.9,0.2,9900,"bu","10:30:58",2494300
26.85,0.15,100,"sd","10:30:56",2484400
26.85,0.15,100,"sd","10:40:32",2705800
26.85,0.15,1500,"sd","10:40:30",2705700
26.85,0.15,3000,"sd","10:33:59",2601500
26.95,0.25,100,"sd","11:05:18",3896600
26.95,0.25,100,"sd","11:05:15",3896500
26.9,0.2,1000,"bu","10:30:53",2484300
26.9,0.2,100,"bu","10:33:56",2598500
26.85,0.15,500,"sd","10:40:17",2704200
26.95,0.25,100,"bu","11:00:50",3776100
26.85,0.15,100,"sd","10:40:13",2703700
26.95,0.25,3000,"bu","11:00:47",3776000
26.85,0.15,100,"sd","10:24:58",2398200
26.85,0.15,1000,"sd","10:24:58",2398100
26.85,0.15,7000,"sd","10:24:49",2397100
26.9,0.2,2000,"bu","10:23:27",2379500
26.85,0.15,3200,"sd","10:29:21",2454800
26.85,0.15,300,"sd","10:26:12",2405800
26.85,0.15,500,"sd","10:26:09",2405500
26.9,0.2,1000,"bu","10:29:12",2451600
26.85,0.15,1000,"sd","10:29:11",2450600
26.9,0.2,100,"bu","10:30:14",2479100
26.85,0.15,200,"sd","10:24:22",2390100
26.85,0.15,8300,"sd","10:24:21",2389900
26.85,0.15,500,"sd","10:29:02",2449600
26.85,0.15,6700,"sd","10:25:50",2405000
26.85,0.15,2000,"sd","10:28:52",2449100
26.9,0.2,5000,"bu","10:30:03",2479000
26.85,0.15,2000,"sd","10:29:57",2474000
26.9,0.2,8800,"bu","10:29:56",2472000
26.9,0.2,200,"bu","10:29:51",2463200
26.9,0.2,2000,"bu","10:23:50",2381600
26.9,0.2,200,"bu","10:29:48",2463000
26.9,0.2,2000,"bu","10:29:45",2462800
26.85,0.15,100,"sd","10:25:16",2398300
26.85,0.15,100,"sd","10:23:31",2379600
26.9,0.2,3000,"bu","11:23:38",4470600
26.9,0.2,100,"bu","11:23:37",4467600
26.85,0.15,3500,"sd","10:22:00",2367700
26.85,0.15,600,"sd","10:20:44",2358400
26.9,0.2,9800,"bu","11:24:19",4482400
26.85,0.15,5000,"sd","10:21:37",2364200
26.9,0.2,2000,"bu","11:23:55",4472600
26.85,0.15,600,"sd","10:21:22",2359200
26.9,0.2,500,"bu","11:23:27",4467500
26.85,0.15,100,"sd","10:21:09",2358600
26.85,0.15,100,"sd","10:21:07",2358500
26.75,0.05,2400,"sd","10:07:22",1713400
26.85,0.15,1000,"bu","10:14:13",2130300
26.85,0.15,200,"bu","10:14:11",2129300
26.85,0.15,12500,"sd","10:14:10",2129100
26.85,0.15,500,"sd","10:14:09",2116600
26.85,0.15,13600,"bu","10:14:07",2116100
26.8,0.1,3000,"bu","10:10:56",1952800
26.8,0.1,3000,"bu","10:10:52",1949800
26.8,0.1,2600,"bu","10:10:50",1946800
26.8,0.1,5200,"bu","10:10:49",1944200
26.8,0.1,3400,"bu","10:10:48",1939000
26.8,0.1,500,"bu","10:10:47",1935600
26.8,0.1,3000,"bu","10:10:46",1935100
26.75,0.05,5000,"sd","10:08:57",1749900
26.75,0.05,200,"sd","10:08:23",1719800
26.85,0.15,6000,"sd","10:20:26",2357800
26.8,0.1,20000,"bu","10:10:43",1932100
26.8,0.1,6000,"sd","10:15:01",2167700
26.85,0.15,1000,"sd","10:15:01",2161700
26.85,0.15,3700,"sd","10:14:44",2148400
26.75,0.05,2600,"sd","10:09:51",1875300
26.75,0.05,17400,"bu","10:09:52",1892700
26.75,0.05,400,"sd","10:08:09",1719600
26.85,0.15,9000,"bu","10:14:59",2160700
26.75,0.05,500,"bu","10:09:41",1872700
26.8,0.1,500,"bu","10:08:35",1744900
26.8,0.1,10000,"bu","10:08:32",1744400
26.75,0.05,200,"sd","10:07:58",1719200
26.85,0.15,6600,"bu","10:14:36",2144700
26.75,0.05,115300,"sd","10:09:38",1872200
26.75,0.05,600,"sd","10:08:31",1734400
26.8,0.1,14000,"bu","10:08:31",1733800
26.75,0.05,500,"sd","10:07:48",1714000
26.85,0.15,300,"bu","10:14:52",2151700
26.85,0.15,3000,"bu","10:14:50",2151400
26.75,0.05,2000,"sd","10:09:30",1756900
26.85,0.15,2600,"bu","10:14:30",2138100
26.85,0.15,5000,"bu","10:14:27",2135500
26.85,0.15,100,"bu","10:14:25",2130500
26.75,0.05,1000,"sd","10:09:19",1754900
26.8,0.1,4000,"bu","10:09:11",1753900
26.75,0.05,100,"sd","10:07:26",1713500
26.85,0.15,100,"bu","10:14:17",2130400
26.75,0.05,100,"sd","10:05:48",1707400
26.8,0.1,1000,"bu","10:05:29",1707300
26.75,0.05,500,"sd","10:06:33",1711000
26.75,0.05,3100,"sd","10:06:26",1710500
26.8,0.1,300,"sd","10:12:29",2008600
26.75,0.05,100,"sd","10:10:07",1892800
26.85,0.15,400,"bu","10:15:49",2179700
26.85,0.15,100,"bu","10:15:48",2179300
26.85,0.15,3000,"bu","10:15:47",2179200
26.85,0.15,100,"bu","10:15:41",2176200
26.8,0.1,1000,"sd","10:12:24",2008300
26.8,0.1,2800,"sd","10:12:20",2007300
26.9,0.2,2000,"bu","10:16:54",2209700
26.85,0.15,2000,"bu","10:16:49",2207700
26.8,0.1,100,"sd","10:13:31",2013400
26.85,0.15,4000,"bu","10:15:23",2176100
26.8,0.1,200,"bu","10:10:42",1912100
26.8,0.1,2900,"bu","10:10:41",1911900
26.8,0.1,900,"bu","10:10:38",1909000
26.85,0.15,18000,"sd","10:16:37",2205700
26.8,0.1,10000,"bu","10:10:34",1908100
26.8,0.1,100,"bu","10:10:33",1898100
26.85,0.15,3000,"sd","10:16:29",2187700
26.85,0.15,4200,"sd","10:15:16",2172100
26.8,0.1,2000,"sd","10:13:13",2013300
26.85,0.15,2000,"bu","10:13:12",2011300
26.85,0.15,1000,"sd","10:16:26",2184700
26.85,0.15,200,"sd","10:15:09",2167900
26.8,0.1,100,"bu","10:10:24",1898000
26.8,0.1,5000,"bu","10:10:23",1897900
26.85,0.15,100,"sd","10:16:23",2183700
26.85,0.15,1000,"sd","10:16:20",2183600
26.85,0.15,1300,"bu","10:16:14",2182600
26.85,0.15,1000,"bu","10:14:02",2101700
26.85,0.15,900,"bu","10:14:00",2100700
26.85,0.15,11000,"bu","10:13:58",2099800
26.85,0.15,200,"bu","10:13:55",2088800
26.85,0.15,1600,"sd","10:16:04",2181300
26.85,0.15,67000,"bu","10:13:53",2088600
26.8,0.1,100,"sd","10:12:52",2009300
26.8,0.1,1400,"sd","10:13:52",2021600
26.85,0.15,6800,"bu","10:13:49",2020200
26.85,0.15,13500,"sd","10:17:02",2223200
26.8,0.1,100,"bu","10:10:12",1892900
26.8,0.1,500,"sd","10:12:34",2009200
26.8,0.1,100,"sd","10:12:34",2008700
26.85,0.15,100,"sd","10:23:14",2377500
26.85,0.15,2000,"sd","10:23:04",2377400
26.85,0.15,4000,"sd","10:32:00",2565100
26.85,0.15,2000,"sd","10:31:58",2561100
26.85,0.15,600,"sd","10:31:51",2559100
26.85,0.15,4900,"sd","10:31:50",2558500
26.85,0.15,2000,"sd","10:22:45",2375400
26.95,0.25,1000,"sd","11:10:10",3971600
26.9,0.2,700,"bu","10:28:10",2445800
26.85,0.15,3800,"sd","10:22:39",2373400
26.95,0.25,500,"bu","11:16:19",4250700
26.9,0.2,900,"bu","13:07:46",4826300
26.9,0.2,5000,"bu","10:27:53",2445100
26.85,0.15,100,"sd","10:27:52",2440100
26.95,0.25,5000,"bu","11:19:27",4396100
26.9,0.2,4000,"bu","13:09:15",4882600
26.85,0.15,50800,"sd","10:31:20",2553600
26.85,0.15,10700,"sd","10:27:43",2440000
26.9,0.2,4500,"bu","10:31:14",2502800
26.9,0.2,1500,"bu","10:27:38",2429300
26.85,0.15,200,"sd","10:22:13",2369600
26.85,0.15,4000,"sd","10:31:07",2498300
26.85,0.15,6500,"sd","10:27:32",2427800
26.85,0.15,500,"sd","10:32:14",2565600
26.85,0.15,1300,"sd","10:28:22",2447100
26.85,0.15,1000,"sd","10:27:26",2421300
26.75,0.05,100,"sd","09:59:27",1674600
26.75,0.05,200,"sd","09:59:27",1674500
26.8,0.1,2000,"bu","10:00:42",1682100
26.8,0.1,200,"bu","09:54:07",1617700
26.8,0.1,100,"bu","10:00:37",1680100
26.75,0.05,2400,"sd","09:59:13",1674300
26.8,0.1,100,"bu","10:01:05",1682500
26.75,0.05,100,"sd","09:59:02",1671900
26.8,0.1,1000,"bu","09:53:53",1617500
26.8,0.1,2900,"bu","10:01:21",1685400
26.8,0.1,300,"bu","10:00:22",1680000
26.85,0.15,1700,"sd","10:22:05",2369400
26.75,0.05,100,"sd","10:00:16",1679700
26.75,0.05,5000,"sd","10:00:02",1679600
26.85,0.15,400,"bu","10:17:08",2223600
26.75,0.05,200,"sd","09:54:39",1620400
26.75,0.05,100,"sd","10:00:55",1682400
26.8,0.1,100,"bu","10:00:49",1682300
26.8,0.1,100,"bu","10:00:47",1682200
26.75,0.05,2500,"sd","09:54:20",1620200
26.8,0.1,2000,"bu","09:52:21",1603800
26.8,0.1,100,"sd","09:47:40",1534500
26.8,0.1,2000,"bu","09:52:17",1601800
26.8,0.1,5000,"bu","09:52:16",1599800
26.8,0.1,2000,"bu","09:52:15",1594800
26.8,0.1,3000,"sd","09:49:08",1540600
26.8,0.1,2000,"bu","09:52:12",1592800
26.8,0.1,3000,"bu","09:52:10",1590800
26.8,0.1,5000,"sd","09:47:33",1534400
26.8,0.1,500,"sd","09:48:58",1537600
26.8,0.1,100,"sd","09:47:26",1529400
26.75,0.05,4600,"sd","09:52:59",1615900
26.8,0.1,100,"sd","09:48:55",1537100
26.8,0.1,100,"sd","09:48:39",1537000
26.75,0.05,100,"sd","09:53:19",1616500
26.8,0.1,500,"bu","09:53:06",1616400
26.8,0.1,1000,"bu","09:52:51",1611300
26.8,0.1,11800,"sd","09:49:33",1570600
26.8,0.1,700,"sd","09:48:27",1536900
26.8,0.1,200,"sd","09:46:53",1529300
26.8,0.1,10000,"sd","09:49:29",1558800
26.8,0.1,1000,"sd","09:49:28",1548800
26.8,0.1,1100,"sd","09:48:22",1536200
26.8,0.1,200,"sd","09:46:50",1529100
26.8,0.1,500,"bu","09:52:44",1610300
26.8,0.1,1000,"bu","09:52:42",1609800
26.8,0.1,5000,"sd","09:49:21",1547800
26.8,0.1,2000,"sd","09:46:47",1528900
26.8,0.1,300,"sd","09:46:44",1526900
26.8,0.1,300,"sd","09:46:43",1526600
26.8,0.1,2200,"sd","09:49:13",1542800
26.8,0.1,5000,"bu","09:52:26",1608800
26.8,0.1,400,"sd","09:48:02",1535100
26.8,0.1,200,"sd","09:48:00",1534700
26.9,0.2,10000,"bu","10:35:48",2634100
26.9,0.2,1000,"bu","13:06:07",4823200
26.85,0.15,500,"sd","10:34:06",2602000
26.8,0.1,900,"bu","09:55:26",1636700
26.9,0.2,1000,"bu","13:07:29",4825400
26.8,0.1,200,"bu","09:55:16",1635800
26.75,0.05,200,"sd","09:55:15",1635600
26.85,0.15,900,"sd","10:35:24",2624100
26.85,0.15,500,"sd","13:06:23",4824200
26.75,0.05,15000,"sd","09:55:11",1635400
26.95,0.25,100,"sd","11:07:08",3949300
26.95,0.25,5500,"bu","11:04:07",3831300
26.85,0.15,600,"sd","13:05:10",4821500
26.85,0.15,2600,"sd","10:39:15",2646700
26.85,0.15,1100,"sd","13:05:06",4820900
26.8,0.1,1000,"bu","09:50:11",1572900
26.8,0.1,300,"bu","09:50:11",1571900
26.8,0.1,1000,"bu","09:50:07",1571600
26.8,0.1,900,"bu","09:56:24",1646600
26.75,0.05,1300,"sd","09:56:24",1645700
26.75,0.05,4800,"sd","09:56:02",1642900
26.75,0.05,1500,"sd","09:56:19",1644400
26.8,0.1,100,"bu","09:51:48",1587800
26.8,0.1,1000,"bu","09:50:54",1581800
26.8,0.1,100,"bu","09:50:50",1580800
26.8,0.1,100,"bu","09:50:48",1580700
26.8,0.1,100,"bu","09:50:47",1580600
26.8,0.1,2600,"bu","09:51:32",1587700
26.8,0.1,300,"bu","09:50:45",1580500
26.8,0.1,5000,"bu","09:50:42",1580200
26.75,0.05,5000,"sd","10:07:56",1719000
26.8,0.1,2000,"bu","09:51:27",1585100
26.8,0.1,100,"bu","09:50:30",1575200
26.8,0.1,1000,"bu","09:51:10",1583100
26.8,0.1,200,"bu","09:55:54",1638100
26.8,0.1,300,"bu","09:51:08",1582100
26.8,0.1,900,"bu","09:50:22",1575100
26.8,0.1,100,"bu","09:50:18",1574200
26.75,0.05,200,"sd","09:55:48",1637900
26.8,0.1,1200,"bu","09:50:15",1574100
26.85,0.15,1000,"bu","10:18:58",2323400
26.8,0.1,3500,"sd","10:18:54",2322400
26.85,0.15,300,"bu","10:18:51",2318900
26.85,0.15,500,"sd","10:17:39",2239200
26.85,0.15,500,"sd","10:17:37",2238700
26.85,0.15,3000,"sd","10:17:36",2238200
26.8,0.1,1500,"bu","10:11:09",1999500
26.8,0.1,2500,"bu","10:11:07",1998000
26.85,0.15,400,"sd","10:19:46",2349500
26.85,0.15,4300,"bu","10:19:41",2349100
26.8,0.1,15100,"bu","10:11:04",1995500
26.8,0.1,18500,"bu","10:11:01",1980400
26.85,0.15,500,"sd","10:32:38",2578100
26.9,0.2,2000,"bu","10:32:33",2577600
26.8,0.1,7600,"sd","10:18:42",2318600
26.8,0.1,42400,"sd","10:18:42",2311000
26.85,0.15,4000,"sd","10:17:28",2235200
26.8,0.1,4500,"bu","10:11:01",1961900
26.8,0.1,3000,"bu","10:11:00",1957400
26.75,0.05,800,"sd","10:11:00",1954400
26.8,0.1,800,"bu","10:10:58",1953600
26.85,0.15,300,"sd","10:20:02",2351800
26.85,0.15,1400,"bu","10:19:41",2344800
26.85,0.15,300,"bu","10:18:32",2268600
26.85,0.15,1000,"sd","10:17:21",2231200
26.85,0.15,10000,"sd","10:32:31",2575600
26.85,0.15,100,"bu","10:14:04",2101800
26.8,0.1,1000,"sd","10:12:00",2004500
26.85,0.15,5000,"bu","10:18:23",2268300
26.85,0.15,2000,"sd","10:19:50",2351500
26.85,0.15,1400,"bu","10:32:50",2598100
26.85,0.15,5000,"bu","10:32:48",2596700
26.85,0.15,22000,"sd","10:18:17",2263300
26.85,0.15,100,"sd","10:18:17",2241300
26.85,0.15,100,"bu","10:32:44",2591700
26.85,0.15,13500,"sd","10:32:41",2591600
26.85,0.15,20000,"bu","10:19:21",2343400
26.85,0.15,2000,"sd","10:18:06",2241200
26.8,0.1,4000,"sd","10:11:33",2003500
26.95,0.25,400,"sd","11:16:04",4222300
26.85,0.15,2000,"bu","09:43:40",1437800
26.8,0.1,200,"sd","09:43:33",1435800
26.95,0.25,4000,"sd","11:15:56",4221900
26.9,0.2,18400,"bu","13:08:58",4877400
26.9,0.2,600,"bu","13:08:56",4859000
26.95,0.25,400,"sd","11:15:50",4217900
26.95,0.25,2000,"sd","11:15:49",4217500
26.8,0.1,500,"bu","09:44:43",1485500
26.8,0.1,44700,"sd","09:44:42",1485000
26.85,0.15,2500,"bu","09:44:41",1440300
26.85,0.15,200,"sd","11:25:55",4614700
26.95,0.25,20700,"bu","11:15:44",4215500
26.9,0.2,5000,"bu","13:08:54",4858400
26.95,0.25,2000,"bu","11:15:34",4194800
26.9,0.2,100,"bu","11:25:46",4614500
26.95,0.25,600,"bu","11:15:29",4192800
26.95,0.25,400,"sd","11:15:25",4192200
26.95,0.25,1000,"sd","11:15:21",4191800
26.95,0.25,6600,"bu","11:15:20",4190800
26.8,0.1,200,"bu","09:44:56",1485800
26.8,0.1,100,"bu","09:44:54",1485600
26.9,0.2,1000,"bu","11:25:43",4614400
26.95,0.25,23000,"sd","11:16:16",4250200
26.95,0.25,4900,"sd","11:16:09",4227200
26.85,0.15,700,"bu","10:14:07",2102500
26.95,0.25,1500,"sd","11:14:44",4105400
26.95,0.25,6000,"sd","11:14:43",4103900
26.85,0.15,3000,"bu","09:42:45",1432600
26.95,0.25,1000,"sd","11:14:21",4073900
26.95,0.25,2000,"sd","11:13:17",4019300
26.85,0.15,900,"sd","10:36:33",2637000
26.85,0.15,2000,"sd","10:36:33",2636100
26.95,0.25,500,"sd","11:14:56",4156400
26.85,0.15,1000,"bu","09:42:37",1429600
26.95,0.25,1000,"sd","11:14:41",4097900
26.85,0.15,200,"bu","09:42:34",1428600
26.85,0.15,10000,"bu","09:42:32",1428400
26.95,0.25,1400,"bu","11:04:05",3825800
26.95,0.25,3600,"bu","11:04:04",3824400
26.95,0.25,500,"sd","11:14:55",4155900
26.95,0.25,20000,"sd","11:14:54",4155400
26.95,0.25,1000,"sd","11:14:35",4096900
26.95,0.25,2000,"sd","11:14:32",4095900
26.85,0.15,14000,"bu","09:42:19",1418400
26.95,0.25,2300,"bu","11:15:13",4184200
26.95,0.25,2200,"sd","11:15:11",4181900
26.95,0.25,5000,"sd","11:15:11",4179700
26.95,0.25,500,"sd","11:15:10",4174700
26.95,0.25,500,"sd","11:15:02",4156900
26.95,0.25,6800,"sd","11:14:51",4135400
26.95,0.25,23200,"sd","11:14:51",4128600
26.95,0.25,10000,"sd","11:14:26",4093900
26.95,0.25,10000,"sd","11:14:23",4083900
26.85,0.15,10000,"bu","09:42:13",1404400
26.95,0.25,200,"bu","11:01:56",3789500
26.9,0.2,6000,"bu","10:29:27",2460800
26.8,0.1,100,"bu","09:40:01",1225200
26.85,0.15,200,"sd","10:17:12",2230200
26.85,0.15,5900,"bu","10:17:11",2230000
26.85,0.15,500,"bu","10:17:10",2224100
26.8,0.1,8000,"sd","13:55:59",6947000
26.8,0.1,22000,"sd","13:55:59",6939000
26.8,0.1,20000,"sd","13:55:54",6917000
26.75,0.05,1000,"sd","09:55:31",1637700
26.8,0.1,300,"sd","13:55:48",6897000
26.8,0.1,8700,"sd","13:57:01",7057600
26.8,0.1,1300,"sd","13:57:00",7048900
26.8,0.1,2100,"sd","13:56:59",7047600
26.8,0.1,4600,"sd","13:56:58",7045500
26.8,0.1,1100,"bu","10:01:51",1686500
26.75,0.05,11400,"bu","14:01:33",7456600
26.8,0.1,10000,"sd","13:56:56",7040900
26.8,0.1,5000,"sd","13:56:55",7030900
26.8,0.1,10000,"sd","13:56:54",7025900
26.8,0.1,10000,"sd","13:56:51",7015900
26.8,0.1,21400,"sd","13:56:49",7005900
26.75,0.05,2000,"bu","14:01:33",7445200
26.8,0.1,1000,"sd","13:56:33",6983000
26.8,0.1,100,"sd","13:56:28",6982000
26.8,0.1,22000,"sd","13:56:28",6981900
26.75,0.05,200,"sd","10:04:27",1696300
26.8,0.1,500,"sd","13:56:24",6959900
26.75,0.05,500,"bu","14:01:24",7443200
26.8,0.1,600,"sd","13:56:06",6954000
26.75,0.05,1000,"bu","14:01:22",7442700
26.8,0.1,6400,"sd","13:56:03",6953400
26.75,0.05,100,"bu","14:00:59",7415700
26.8,0.1,100,"bu","09:57:51",1649500
26.8,0.1,200,"bu","09:57:48",1649400
26.8,0.1,200,"bu","09:57:43",1649200
26.75,0.05,400,"sd","09:36:48",1125200
26.75,0.05,1000,"sd","09:36:47",1124800
26.75,0.05,20000,"sd","09:58:14",1671500
26.8,0.1,200,"bu","09:57:17",1649000
26.8,0.1,100,"bu","09:57:15",1648800
26.8,0.1,100,"bu","09:57:04",1648700
26.8,0.1,1000,"bu","09:57:03",1648600
26.8,0.1,200,"bu","09:58:06",1651500
26.8,0.1,700,"bu","09:58:02",1651300
26.8,0.1,600,"bu","09:58:01",1650600
26.8,0.1,1000,"bu","09:56:51",1647600
26.8,0.1,500,"bu","09:57:54",1650000
26.9,0.2,8800,"bu","09:18:35",159400
26.8,0.1,100,"sd","09:31:05",738000
26.8,0.1,2000,"sd","09:31:05",737900
26.8,0.1,200,"bu","09:36:20",1123800
26.8,0.1,500,"sd","09:32:11",843400
26.8,0.1,400,"sd","09:32:09",842900
26.8,0.1,100000,"sd","09:32:05",842500
26.85,0.15,100,"bu","09:30:39",729300
26.8,0.1,100,"bu","09:35:11",1053500
26.85,0.15,100,"bu","09:30:31",729200
26.8,0.1,1000,"sd","09:31:52",742500
26.85,0.15,800,"bu","09:30:24",729100
26.75,0.05,19000,"sd","09:36:09",1123600
26.85,0.15,100,"bu","09:30:20",728300
26.9,0.2,10000,"sd","09:18:57",180800
26.85,0.15,500,"bu","09:30:04",728200
26.8,0.1,1000,"sd","09:30:00",727700
26.75,0.05,50000,"sd","09:35:46",1104600
26.9,0.2,1200,"sd","09:18:48",170800
26.9,0.2,100,"sd","09:18:47",169600
26.85,0.15,2000,"bu","09:31:15",741500
26.8,0.1,1000,"sd","09:31:14",739500
26.85,0.15,2000,"bu","09:29:53",726700
26.8,0.1,1100,"bu","09:35:36",1054600
26.9,0.2,10000,"sd","09:18:43",169500
26.8,0.1,500,"sd","09:31:13",738500
26.9,0.2,100,"sd","09:18:39",159500
26.9,0.2,200,"sd","09:27:51",589700
26.9,0.2,500,"sd","09:27:50",589500
26.8,0.1,39800,"sd","09:29:25",709500
26.85,0.15,1200,"bu","09:29:20",669700
26.85,0.15,10300,"sd","09:28:25",625800
26.85,0.15,1000,"bu","09:29:06",668500
26.85,0.15,1400,"bu","09:29:05",667500
26.85,0.15,39100,"sd","09:29:04",666100
26.9,0.2,2000,"bu","09:28:12",615500
26.9,0.2,900,"sd","09:28:11",613500
26.9,0.2,100,"sd","09:28:05",612600
26.95,0.25,300,"bu","09:28:02",612500
26.9,0.2,1700,"bu","09:28:02",612200
26.9,0.2,500,"sd","09:27:56",590200
26.85,0.15,200,"bu","09:29:44",724700
26.85,0.15,1200,"sd","09:28:45",627000
26.85,0.15,5000,"bu","09:29:36",724500
26.85,0.15,10000,"bu","09:29:27",719500
26.75,0.05,100000,"sd","09:33:31",1000200
26.9,0.2,100,"sd","09:27:37",586000
26.9,0.2,300,"sd","09:27:36",585900
27,0.3,3000,"bu","09:24:55",401000
26.8,0.1,4000,"bu","09:33:27",900200
26.95,0.25,600,"bu","09:27:33",585600
26.9,0.2,39600,"sd","09:27:31",585000
27,0.3,5000,"bu","09:24:48",398000
27,0.3,3000,"bu","09:24:46",393000
26.95,0.25,1000,"sd","09:25:56",495400
26.95,0.25,7000,"sd","09:25:54",494400
26.9,0.2,10400,"sd","09:27:30",545400
26.75,0.05,500,"sd","09:34:54",1053400
26.8,0.1,1000,"bu","09:33:20",896200
26.8,0.1,200,"bu","09:33:15",895200
26.75,0.05,200,"sd","09:34:53",1052900
26.8,0.1,1000,"bu","09:33:09",895000
26.95,0.25,600,"bu","09:26:44",534000
26.95,0.25,5000,"bu","09:26:40",533400
26.75,0.05,500,"sd","09:34:35",1052700
26.8,0.1,100,"bu","09:33:05",894000
26.95,0.25,100,"bu","09:27:22",535000
26.8,0.1,400,"bu","09:32:59",893900
26.8,0.1,3000,"bu","09:32:58",893500
26.9,0.2,400,"sd","09:27:13",534900
26.95,0.25,1100,"sd","09:26:31",528400
26.95,0.25,500,"sd","09:26:29",527300
26.8,0.1,23900,"sd","09:32:54",890500
26.95,0.25,1000,"sd","09:26:27",526800
26.95,0.25,100,"sd","09:26:26",525800
26.75,0.05,1900,"sd","09:34:11",1052200
26.8,0.1,100,"sd","09:32:50",866600
26.85,0.15,100,"bu","09:32:49",866500
26.95,0.25,1000,"sd","09:26:24",525700
26.75,0.05,48100,"sd","09:34:10",1050300
26.8,0.1,7700,"sd","09:32:45",866400
26.8,0.1,2300,"sd","09:32:44",858700
26.85,0.15,1000,"bu","09:32:43",856400
26.95,0.25,6000,"sd","09:26:19",524700
26.8,0.1,9900,"sd","09:32:40",855400
26.8,0.1,100,"sd","09:32:39",845500
26.85,0.15,2000,"bu","09:32:38",845400
26.95,0.25,100,"sd","09:26:17",518700
26.95,0.25,20000,"sd","09:26:14",518600
27,0.3,1000,"bu","09:26:12",498600
26.95,0.25,500,"bu","09:26:54",534500
26.95,0.25,1200,"sd","09:26:08",497600
26.95,0.25,1000,"sd","09:26:04",496400
26.8,0.1,2000,"bu","09:33:42",1002200
26.9,0.2,1000,"sd","09:27:40",587000
26.95,0.25,500,"bu","09:23:19",285100
26.95,0.25,100,"bu","09:22:04",246600
27,0.3,100,"bu","09:24:09",362300
26.95,0.25,2000,"sd","09:25:41",487400
27,0.3,1000,"bu","09:24:06",362200
27,0.3,1300,"bu","09:25:39",485400
27,0.3,100,"bu","09:25:26",483100
26.95,0.25,14000,"sd","09:25:25",483000
27,0.3,200,"bu","09:25:24",469000
26.95,0.25,5000,"sd","09:24:02",361200
27,0.3,22300,"bu","09:24:02",356200
27,0.3,9700,"bu","09:24:02",333900
27,0.3,1000,"bu","09:25:31",484100
26.9,0.2,400,"sd","09:21:55",246500
27,0.3,11500,"bu","09:25:21",468800
26.95,0.25,1000,"sd","09:23:58",324200
26.95,0.25,300,"bu","09:23:08",250600
26.95,0.25,2000,"bu","09:21:50",246100
27,0.3,2000,"bu","09:25:18",457300
27,0.3,50000,"bu","09:25:17",455300
27,0.3,600,"bu","09:25:16",405300
27,0.3,3000,"bu","09:23:52",323200
27,0.3,5000,"bu","09:23:52",320200
26.95,0.25,3000,"sd","09:25:11",404700
26.9,0.2,100,"sd","09:22:36",249300
26.95,0.25,200,"sd","09:25:03",401700
27,0.3,500,"bu","09:25:03",401500
27,0.3,2600,"bu","09:23:40",315200
26.95,0.25,1200,"sd","09:23:38",312600
26.95,0.25,200,"sd","09:23:36",311400
26.95,0.25,500,"sd","09:23:32",311200
26.95,0.25,1500,"bu","09:22:20",249200
26.95,0.25,1000,"bu","09:22:19",247700
26.9,0.2,100,"sd","09:22:18",246700
27,0.3,5000,"bu","09:24:26",367300
26.95,0.25,22600,"bu","09:23:26",310700
26.95,0.25,2600,"bu","09:23:25",288100
26.95,0.25,400,"bu","09:23:20",285500
26.9,0.2,300,"sd","09:20:42",230200
26.9,0.2,100,"sd","09:21:23",238400
26.9,0.2,100,"sd","09:20:39",229900
26.9,0.2,1000,"sd","09:20:17",228100
26.9,0.2,100,"sd","09:21:12",232300
26.9,0.2,500,"sd","09:21:10",232200
26.95,0.25,1600,"bu","09:20:35",229800
26.9,0.2,500,"sd","09:21:39",244100
26.9,0.2,100,"sd","09:20:30",228200
26.9,0.2,1000,"sd","09:20:11",227100
26.95,0.25,5000,"bu","09:21:29",243400
26.95,0.25,5000,"bu","09:21:15",238300
26.9,0.2,1000,"sd","09:21:14",233300
26.9,0.2,1500,"sd","09:21:02",231700
26.9,0.2,500,"bu","09:19:43",198100
26.9,0.2,2000,"bu","09:19:40",197600
26.9,0.2,1000,"bu","09:19:52",199400
26.9,0.2,200,"bu","09:19:50",198400
26.9,0.2,26700,"bu","09:19:54",226100
26.9,0.2,100,"bu","09:19:45",198200
26.9,0.2,200,"bu","09:18:20",139300
26.9,0.2,100,"bu","09:18:17",139100
26.9,0.2,100,"bu","09:18:17",139000
26.9,0.2,1000,"bu","09:18:14",138900
26.9,0.2,4300,"bu","09:17:59",137900
26.9,0.2,100,"bu","09:17:58",133600
26.9,0.2,200,"bu","09:19:17",195600
26.9,0.2,2000,"bu","09:17:52",133500
26.9,0.2,200,"bu","09:17:49",131500
26.9,0.2,200,"bu","09:17:47",131300
26.9,0.2,1000,"bu","09:19:15",195400
26.9,0.2,2700,"bu","09:19:12",194400
26.9,0.2,10900,"sd","09:19:04",191700
26.9,0.2,2000,"bu","09:16:46",128500
26.9,0.2,1000,"bu","09:17:07",130100
26.9,0.2,500,"bu","09:17:06",129100
26.9,0.2,300,"bu","09:16:45",126500
26.95,0.25,1600,"bu","09:15:15",111600
26.95,0.25,1200,"bu","09:15:10",110000
26.95,0.25,30000,"bu","09:15:07",108800
26.9,0.2,500,"bu","09:17:32",131100
26.9,0.2,3500,"sd","09:16:14",125000
26.85,0.15,700,"sd","09:16:32",126200
26.85,0.15,500,"sd","09:16:31",125500
26.95,0.25,200,"bu","09:16:07",121500
26.9,0.2,500,"bu","09:16:05",121300
26.9,0.2,500,"bu","09:17:32",130600
26.95,0.25,78800,"","09:15:00",78800
26.9,0.2,1000,"bu","09:15:57",120800
26.9,0.2,200,"sd","09:15:50",119800
26.8,0.1,7700,"sd","09:15:48",119600
26.85,0.15,100,"sd","09:15:48",111900
26.9,0.2,200,"sd","09:15:48",111800
26.85,0.15,100,"sd","09:16:59",128600
26.95,0.25,400,"bu","09:22:59",250300
26.95,0.25,100,"bu","09:22:57",249900
26.95,0.25,500,"bu","09:22:46",249800
26.95,0.25,1000,"bu","09:23:15",284600
26.95,0.25,1000,"bu","09:23:14",283600
26.9,0.2,300,"bu","09:18:27",139600
26.95,0.25,32000,"bu","09:23:12",282600
26.8,0.1,132900,"bu","09:41:15",1393900
26.75,0.05,30200,"sd","09:41:12",1261000
26.8,0.1,200,"bu","09:41:08",1230800
26.75,0.05,100,"sd","10:04:01",1696100
26.75,0.05,3500,"sd","10:03:17",1695000
26.85,0.15,500,"bu","09:41:56",1394400
26.75,0.05,1000,"sd","10:03:31",1696000
26.75,0.05,2400,"sd","09:40:54",1230600
26.8,0.1,100,"bu","09:40:52",1228200
26.75,0.05,13000,"sd","09:38:39",1209800
26.8,0.1,200,"bu","09:40:09",1225400
26.8,0.1,1400,"bu","09:39:29",1213700
26.75,0.05,400,"sd","09:38:31",1196800
26.8,0.1,100,"bu","09:40:51",1228100
26.8,0.1,200,"bu","09:39:25",1212300
26.8,0.1,2000,"bu","09:39:22",1212100
26.75,0.05,5000,"sd","09:38:29",1196400
26.75,0.05,100,"sd","09:40:21",1227500
26.8,0.1,100,"bu","09:40:19",1227400
26.75,0.05,10700,"sd","09:39:54",1225100
26.8,0.1,100,"bu","09:39:09",1210100
26.8,0.1,500,"bu","09:40:37",1228000
26.8,0.1,200,"bu","09:39:07",1210000
26.75,0.05,100,"sd","09:40:11",1225500
26.8,0.1,1800,"bu","09:40:11",1227300
26.9,0.2,18300,"sd","09:28:01",610500
26.9,0.2,1000,"sd","09:27:59",592200
26.9,0.2,1000,"sd","09:27:57",591200
26.9,0.2,2000,"sd","09:27:47",589000
26.8,0.1,200,"bu","09:39:53",1214400
26.8,0.1,500,"bu","09:39:46",1214200
26.9,0.2,200,"sd","09:21:35",243600
26.75,0.05,5800,"sd","09:38:22",1191400
26.8,0.1,2100,"bu","09:38:20",1185600
26.75,0.05,9800,"sd","09:38:15",1183500
26.75,0.05,700,"sd","09:38:12",1173700
26.75,0.05,100,"sd","09:38:10",1173000
26.75,0.05,20000,"sd","09:37:26",1154400
26.75,0.05,1000,"sd","09:37:06",1134400
26.75,0.05,2800,"sd","09:37:06",1133400
26.75,0.05,5000,"sd","09:37:05",1130600
26.8,0.1,400,"bu","09:37:01",1125600
26.75,0.05,4000,"sd","09:38:04",1163500
26.75,0.05,9400,"sd","09:38:09",1172900
26.75,0.05,500,"sd","09:37:46",1159500
26.75,0.05,4600,"sd","09:37:42",1159000
26.8,0.1,1200,"bu","09:45:46",1492800
26.8,0.1,1000,"bu","09:45:43",1491600
26.8,0.1,1700,"bu","09:45:31",1490600
26.75,0.05,100,"sd","09:58:35",1671600
26.8,0.1,500,"sd","09:46:17",1526300
26.8,0.1,1500,"bu","09:45:55",1525800
26.8,0.1,1500,"bu","09:45:53",1524300
26.75,0.05,200,"sd","09:58:40",1671800
26.8,0.1,30000,"bu","09:45:51",1522800
26.8,0.1,200,"sd","09:30:57",735900
26.85,0.15,100,"bu","09:30:53",735700
26.85,0.15,6100,"bu","09:30:51",735600
26.85,0.15,200,"bu","09:30:49",729500
27,0.3,1000,"bu","09:24:45",390000
27,0.3,1500,"bu","09:24:43",389000
27,0.3,10200,"bu","09:24:40",387500
27,0.3,10000,"bu","09:24:39",377300
26.9,0.2,1000,"bu","09:18:33",150600
26.9,0.2,10000,"bu","09:18:33",149600
26.8,0.1,3000,"bu","09:45:09",1488900
26.8,0.1,100,"bu","09:45:07",1485900
26.85,0.15,2000,"bu","09:43:20",1435600
26.85,0.15,1000,"bu","09:43:18",1433600
26.75,0.05,2000,"sd","10:02:45",1691500
26.75,0.05,1000,"sd","10:02:41",1689500
26.75,0.05,2000,"sd","10:02:23",1688500
