"price","change","match_qtty","side","time","total_vol"
14,0.05,2200,"sd","14:24:32",950800
14,0.05,11000,"sd","14:24:35",964600
14,0.05,2800,"sd","14:24:33",953600
14,0.05,1000,"sd","14:23:19",929000
14,0.05,19600,"sd","14:23:31",948600
14.05,0.1,200,"bu","14:22:06",926900
14,0.05,2000,"sd","14:22:01",926700
14,0.05,5000,"sd","14:21:02",923700
14.05,0.1,500,"bu","14:19:28",918100
14,0.05,100,"sd","14:15:56",912300
14,0.05,500,"sd","14:21:25",924200
14.05,0.1,100,"bu","14:20:27",918700
14,0.05,500,"sd","14:19:52",918600
14,0.05,500,"sd","14:21:52",924700
14.05,0.1,100,"bu","14:16:14",912400
14.05,0.1,100,"bu","14:18:05",917600
14.05,0.1,5000,"bu","14:17:51",917500
14.05,0.1,100,"bu","14:17:18",912500
14,0.05,1000,"sd","14:11:40",909200
14,0.05,1000,"sd","13:59:11",857800
14,0.05,5000,"sd","14:04:08",874900
14,0.05,800,"sd","14:25:33",966000
14,0.05,500,"bu","14:07:02",891700
14,0.05,3000,"sd","14:01:50",864800
14,0.05,100,"bu","14:29:37",981500
14.05,0.1,100,"bu","14:25:26",965200
14,0.05,2000,"sd","13:58:43",856800
14,0.05,500,"sd","14:25:26",965100
14,0.05,7300,"sd","14:10:32",908200
14,0.05,2000,"sd","14:03:49",869900
14,0.05,3500,"bu","14:01:15",861800
14,0.05,100,"sd","14:22:45",928000
14.05,0.1,2100,"bu","14:03:15",867900
14,0.05,500,"bu","14:01:04",858300
14,0.05,2300,"bu","14:25:49",968300
14,0.05,1000,"sd","14:22:40",927900
14,0.05,100,"sd","13:45:08",795200
14.05,0.1,1400,"sd","13:45:08",795100
14.05,0.1,500,"bu","13:46:56",799200
14.05,0.1,100,"bu","13:48:39",799400
14,0.05,500,"sd","13:44:15",793100
14,0.05,100,"bu","14:08:58",891800
14,0.05,2100,"bu","13:34:25",786100
14,0.05,3500,"sd","13:46:28",798700
14,0.05,400,"bu","13:33:57",784000
14.05,0.1,900,"sd","13:51:46",811600
14.05,0.1,100,"sd","13:51:44",810700
14.05,0.1,100,"sd","13:51:30",810600
14.05,0.1,5000,"sd","13:51:23",810500
14.05,0.1,20000,"sd","13:28:12",659000
14,0.05,2500,"sd","13:33:39",783600
14,0.05,2000,"sd","13:33:38",781100
14,0.05,7500,"sd","13:32:45",769600
14,0.05,6000,"sd","13:33:20",779100
14,0.05,3500,"sd","13:33:18",773100
14.05,0.1,10000,"sd","13:27:47",638800
13.95,0,173200,"","14:45:04",1154700
14,0.05,600,"bu","14:28:28",981400
14.1,0.15,100,"bu","13:12:29",468900
13.95,0,1100,"sd","14:28:16",980800
14,0.05,100,"bu","14:27:45",979600
14,0.05,9200,"sd","14:27:15",977500
14,0.05,1000,"bu","14:27:42",979500
14,0.05,100,"bu","14:27:49",979700
14,0.05,1000,"bu","14:27:33",978500
14.05,0.1,700,"bu","13:54:35",823300
14.05,0.1,1000,"bu","13:53:06",822600
14,0.05,1000,"sd","14:02:20",865800
14,0.05,16500,"sd","13:54:54",840800
14,0.05,1000,"sd","13:54:41",824300
14,0.05,3000,"sd","14:12:04",912200
14,0.05,500,"sd","14:05:59",878400
14,0.05,9100,"bu","14:10:02",900900
14,0.05,1500,"sd","13:43:40",791600
14.05,0.1,2400,"sd","13:51:57",814000
14,0.05,1900,"sd","13:35:07",788000
14,0.05,1000,"bu","13:35:55",790100
14,0.05,1000,"bu","13:35:50",789100
14.05,0.1,600,"bu","13:44:59",793700
14,0.05,100,"bu","13:35:43",788100
14,0.05,1000,"sd","13:44:02",792600
14,0.05,95100,"sd","13:30:32",762100
14.05,0.1,4900,"sd","13:30:32",667000
14.05,0.1,1000,"sd","13:30:28",662100
14.05,0.1,5000,"bu","13:50:03",804600
14.05,0.1,200,"bu","13:49:36",799600
14.05,0.1,900,"sd","13:30:01",661100
14.05,0.1,1700,"sd","13:52:35",821600
14.05,0.1,5000,"sd","13:52:34",819900
14.05,0.1,100,"bu","13:48:20",799300
14.05,0.1,900,"bu","13:50:53",805500
14,0.05,1000,"bu","14:06:26",891200
14,0.05,1800,"sd","14:06:18",890200
14,0.05,10000,"sd","14:06:11",888400
14.05,0.1,900,"sd","13:52:22",814900
14,0.05,4000,"sd","13:55:17",845800
14,0.05,3000,"sd","14:04:40",877900
14.05,0.1,1000,"bu","13:55:05",841800
14,0.05,2700,"sd","13:58:32",854800
14,0.05,300,"sd","13:58:29",852100
14.05,0.1,1000,"sd","13:23:43",506100
14.05,0.1,3000,"sd","13:22:43",505100
14.1,0.15,6500,"bu","13:21:38",498500
14.05,0.1,600,"sd","13:22:39",502100
14.05,0.1,400,"sd","13:29:18",660200
14.05,0.1,500,"sd","13:28:37",659600
14.05,0.1,1000,"sd","13:24:11",517300
14.05,0.1,200,"sd","13:29:01",659800
14.05,0.1,200,"sd","13:24:00",516300
14.1,0.15,10000,"bu","13:23:59",516100
14.05,0.1,100,"sd","13:28:26",659100
14.05,0.1,500,"sd","13:17:14",490500
14.05,0.1,3000,"sd","13:21:46",501500
14.1,0.15,7500,"sd","13:16:51",489800
14.1,0.15,100,"sd","13:16:50",482300
14.1,0.15,100,"sd","13:16:47",482200
14.1,0.15,100,"sd","13:16:41",482100
14.1,0.15,100,"sd","13:15:56",481500
14.1,0.15,2600,"sd","13:15:42",481400
14.1,0.15,200,"bu","13:17:14",490000
14.1,0.15,1000,"bu","13:12:10",428800
14.1,0.15,1000,"bu","13:05:43",390700
14.1,0.15,2000,"bu","11:28:20",384800
14.05,0.1,300,"sd","11:28:03",382800
14.05,0.1,200,"sd","11:26:07",382400
14.05,0.1,1500,"sd","13:18:46",492000
14.05,0.1,100,"sd","11:27:27",382500
14.1,0.15,500,"sd","13:16:12",482000
14.05,0.1,300,"sd","11:28:40",385100
14.05,0.1,1600,"bu","11:17:58",354100
14.1,0.15,1700,"bu","13:10:51",425500
14.1,0.15,11000,"bu","13:10:31",423800
14.1,0.15,1300,"bu","13:11:47",426800
14.1,0.15,10000,"bu","13:10:07",412800
14.1,0.15,1000,"bu","13:11:54",427800
14.05,0.1,6600,"bu","11:17:11",352500
14.05,0.1,3000,"bu","11:19:36",366700
14.05,0.1,400,"bu","11:19:34",363700
14.1,0.15,100,"sd","13:13:41",469000
14.05,0.1,9200,"bu","11:18:55",363300
14.1,0.15,4200,"sd","13:14:30",478800
14.1,0.15,1000,"sd","13:13:58",474600
14.05,0.1,3700,"bu","11:21:04",375200
14.05,0.1,4800,"bu","11:21:02",371500
14.1,0.15,4600,"sd","13:13:49",473600
14.05,0.1,200,"sd","13:26:57",622700
14.1,0.15,1000,"bu","13:09:58",402800
14.05,0.1,5000,"sd","13:26:55",622500
14.1,0.15,40000,"bu","13:12:20",468800
14.05,0.1,200,"sd","13:26:52",617500
14.05,0.1,1000,"sd","13:27:19",625700
14.05,0.1,100000,"sd","13:26:48",617300
14.05,0.1,3000,"sd","13:27:44",628800
14.05,0.1,200,"sd","13:27:55",639000
14.05,0.1,100,"sd","13:27:35",625800
14.05,0.1,1000,"sd","13:27:11",624700
14.05,0.1,1000,"sd","13:27:09",623700
14.05,0.1,5000,"sd","11:08:38",334500
14.05,0.1,2200,"bu","11:09:56",337800
14.05,0.1,100,"sd","11:09:29",335600
14.05,0.1,10000,"sd","11:07:47",329500
14.05,0.1,1000,"sd","11:08:49",335500
14.05,0.1,44500,"sd","11:03:17",318600
14.05,0.1,800,"sd","11:02:58",274100
14.05,0.1,100,"sd","10:57:24",267500
14.05,0.1,900,"bu","11:03:27",319500
14.05,0.1,5000,"sd","10:59:14",273300
14.1,0.15,100,"bu","10:47:18",258400
14.05,0.1,8000,"sd","10:48:54",267400
14.1,0.15,1900,"bu","10:47:02",258300
14.1,0.15,1000,"bu","10:46:27",244400
14.1,0.15,1000,"bu","10:46:58",256400
14.1,0.15,1500,"bu","10:46:55",255400
14.1,0.15,8500,"bu","10:46:54",253900
14.1,0.15,1000,"bu","10:46:47",245400
14.1,0.15,10000,"bu","10:46:06",243400
14.1,0.15,1000,"bu","10:45:54",233400
14.1,0.15,1000,"bu","10:47:39",259400
14.1,0.15,1000,"bu","10:44:44",232400
14.1,0.15,400,"bu","10:43:19",231400
14.1,0.15,1000,"bu","10:43:06",231000
14.1,0.15,600,"bu","10:42:58",230000
14.1,0.15,2000,"bu","10:42:03",229400
14.1,0.15,1000,"bu","10:41:53",227400
14.1,0.15,200,"bu","10:37:32",224300
14.05,0.1,100,"sd","10:41:19",226400
14.05,0.1,200,"sd","10:38:42",225500
14,0.05,200,"sd","10:27:00",170200
14.1,0.15,6700,"bu","10:37:12",224100
14.1,0.15,1000,"bu","10:38:20",225300
14.05,0.1,300,"sd","10:40:04",225800
14.05,0.1,4100,"sd","10:05:01",129000
14.05,0.1,1000,"sd","11:24:29",377200
14.1,0.15,1500,"bu","13:06:32",395300
14.1,0.15,3000,"bu","13:06:16",393700
14.05,0.1,3300,"sd","13:00:01",389400
14.05,0.1,1000,"sd","13:00:00",386100
14.05,0.1,5000,"sd","11:24:43",382200
14.05,0.1,1000,"bu","10:30:32",174200
14.05,0.1,800,"sd","10:57:56",268300
14.05,0.1,500,"sd","10:40:39",226300
14.05,0.1,800,"bu","10:31:02",175000
14,0.05,100,"sd","10:24:58",169200
14,0.05,800,"sd","10:26:06",170000
14,0.05,200,"sd","10:29:03",171000
14,0.05,2200,"sd","10:29:35",173200
14.05,0.1,500,"sd","11:23:45",376200
14.05,0.1,500,"sd","11:23:39",375700
14.05,0.1,600,"bu","10:08:07",133200
14,0.05,9000,"sd","10:20:33",166100
14.05,0.1,2000,"bu","10:09:48",135200
14.05,0.1,2000,"bu","10:08:00",132600
14.05,0.1,1500,"bu","10:14:58",155800
14.05,0.1,100,"bu","10:14:38",154300
14.05,0.1,900,"sd","10:05:18",130600
14.05,0.1,700,"sd","10:05:10",129700
14.05,0.1,400,"bu","10:10:06",135600
14.05,0.1,1000,"sd","10:12:27",154200
14.05,0.1,200,"bu","10:12:17",153200
14.05,0.1,200,"bu","10:12:09",153000
14.05,0.1,6000,"bu","10:10:27",141600
14.05,0.1,1000,"bu","10:32:05",186300
14.05,0.1,10000,"bu","10:31:52",185300
14,0.05,100,"sd","10:28:03",170800
14.05,0.1,300,"bu","10:31:33",175300
14,0.05,500,"sd","10:27:48",170700
14.05,0.1,3000,"bu","10:22:12",169100
14.05,0.1,3000,"sd","10:01:00",119000
14.05,0.1,100,"sd","10:00:48",116000
14.05,0.1,15000,"bu","09:48:50",103500
14.05,0.1,7400,"bu","09:47:06",88500
14,0.05,100,"sd","09:46:52",81100
14.05,0.1,1000,"sd","09:49:20",113900
14.05,0.1,9400,"bu","09:49:14",112900
14,0.05,1000,"sd","09:46:39",81000
14.1,0.15,1500,"bu","13:07:25",396800
14.05,0.1,100,"sd","13:06:24",393800
14.1,0.15,300,"bu","13:05:19",389700
14.05,0.1,100,"sd","09:50:30",114000
14.05,0.1,300,"bu","10:11:01",141900
14.05,0.1,1000,"bu","10:32:37",187300
14.05,0.1,100,"sd","10:17:23",155900
14.05,0.1,200,"bu","10:18:25",157100
14.05,0.1,300,"bu","10:11:58",152800
14.05,0.1,500,"bu","10:11:57",152500
14.05,0.1,1600,"bu","10:32:45",216400
14,0.05,12500,"sd","10:32:41",214800
14.05,0.1,15000,"bu","10:32:41",202300
14.05,0.1,10000,"bu","10:11:41",152000
14.05,0.1,1000,"sd","10:18:05",156900
14.05,0.1,100,"bu","10:11:36",142000
14.1,0.15,5000,"bu","13:09:38",401800
14,0.05,100,"sd","09:44:16",80000
14.05,0.1,100,"bu","11:14:46",342900
14.05,0.1,2000,"bu","11:14:22",339800
14.05,0.1,500,"sd","10:36:14",217400
14.05,0.1,500,"sd","10:36:12",216900
14.05,0.1,3000,"bu","11:14:53",345900
14.05,0.1,3000,"bu","11:14:25",342800
14,0.05,5000,"sd","13:55:37",850800
14,0.05,1000,"sd","13:56:02",851800
14.05,0.1,300,"sd","09:57:32",114300
14.05,0.1,300,"sd","10:04:03",124900
14.05,0.1,1000,"sd","09:58:33",115800
14.05,0.1,300,"sd","09:58:20",114800
14.05,0.1,200,"sd","09:58:02",114500
14,0.05,100,"sd","09:36:43",74900
14,0.05,2000,"sd","09:35:24",74800
14.05,0.1,5000,"bu","09:31:57",72600
14.05,0.1,200,"bu","09:34:37",72800
14.05,0.1,5000,"sd","09:18:59",44000
14.05,0.1,4900,"sd","09:18:55",39000
14.05,0.1,100,"bu","09:30:06",67600
14.05,0.1,100,"bu","09:30:00",67500
14.05,0.1,100,"sd","09:28:13",62600
14.05,0.1,100,"sd","09:28:11",62500
14.05,0.1,1800,"sd","09:28:54",67400
14.05,0.1,1500,"sd","09:28:50",65600
14.05,0.1,500,"sd","09:28:35",64100
14.05,0.1,1000,"sd","09:28:30",63600
14.05,0.1,10000,"sd","09:27:34",62400
14.05,0.1,4300,"sd","09:26:36",52400
14.05,0.1,100,"sd","09:26:30",48100
14.05,0.1,700,"sd","09:23:19",47900
14.05,0.1,200,"sd","09:22:09",47200
14.05,0.1,100,"sd","09:25:33",48000
14.1,0.15,2000,"bu","09:21:19",47000
14.05,0.1,1000,"sd","09:19:38",45000
14,0.05,200,"sd","09:15:35",33500
14.1,0.15,28300,"","09:15:01",28300
14.05,0.1,100,"bu","09:16:27",33600
14.05,0.1,600,"sd","10:03:36",124600
14.05,0.1,100,"sd","09:58:41",115900
14.05,0.1,1000,"sd","10:03:29",124000
14.1,0.15,5000,"bu","09:15:27",33300
14,0.05,1900,"sd","09:38:12",77900
14,0.05,1100,"sd","09:37:53",76000
14.05,0.1,500,"sd","09:18:33",34100
14,0.05,2000,"sd","09:43:26",79900
14.05,0.1,4000,"sd","10:02:20",123000
