"price","change","match_qtty","side","time","total_vol"
42.75,-0.3,3000,"bu","14:25:14",3642700
42.7,-0.35,3100,"bu","14:24:31",3573000
42.75,-0.3,200,"bu","14:25:08",3639700
42.7,-0.35,3000,"bu","14:24:28",3569900
42.7,-0.35,1000,"sd","14:24:59",3639500
42.75,-0.3,1000,"bu","14:24:58",3638500
42.75,-0.3,100,"bu","14:24:51",3637500
42.7,-0.35,600,"sd","14:24:11",3549000
42.7,-0.35,600,"sd","14:24:09",3548400
42.7,-0.35,100,"bu","14:23:57",3540600
42.7,-0.35,4300,"bu","14:23:57",3540500
42.75,-0.3,20000,"bu","14:24:50",3637400
42.75,-0.3,20000,"bu","14:24:44",3617400
42.7,-0.35,500,"sd","14:24:04",3547800
42.75,-0.3,3000,"bu","14:24:43",3597400
42.7,-0.35,2000,"sd","14:24:43",3594400
42.7,-0.35,500,"sd","14:24:41",3592400
42.65,-0.4,2000,"sd","14:24:15",3566900
42.8,-0.25,9700,"bu","14:24:15",3564900
42.7,-0.35,1000,"sd","14:24:02",3547300
42.7,-0.35,13700,"bu","14:24:39",3591900
42.75,-0.3,5300,"bu","14:24:15",3555200
42.65,-0.4,4600,"sd","14:24:00",3546300
42.7,-0.35,1100,"sd","14:24:00",3541700
42.7,-0.35,2400,"bu","14:24:37",3578200
42.7,-0.35,900,"sd","14:24:13",3549900
42.7,-0.35,600,"bu","14:24:35",3575800
42.65,-0.4,2200,"sd","14:24:35",3575200
42.65,-0.4,5000,"sd","14:23:53",3536200
42.65,-0.4,400,"sd","14:23:48",3531200
42.7,-0.35,100,"bu","14:23:47",3530800
42.7,-0.35,200,"bu","14:23:47",3530700
42.65,-0.4,39000,"sd","14:23:45",3530500
42.65,-0.4,500,"sd","14:23:42",3491500
42.7,-0.35,500,"bu","14:23:34",3481000
42.8,-0.25,1800,"bu","14:23:12",3450600
42.75,-0.3,200,"bu","14:23:12",3448800
42.7,-0.35,1500,"bu","14:23:08",3448600
42.7,-0.35,300,"bu","14:23:07",3447100
42.7,-0.35,100,"bu","14:23:05",3446800
42.7,-0.35,300,"bu","14:23:03",3446700
42.7,-0.35,5000,"bu","14:22:16",3410700
42.7,-0.35,100,"bu","14:22:14",3405700
42.7,-0.35,1900,"sd","14:22:13",3405600
42.65,-0.4,10000,"sd","14:23:34",3491000
42.65,-0.4,7000,"sd","14:23:32",3480500
42.65,-0.4,5700,"sd","14:23:31",3473500
42.7,-0.35,1000,"bu","14:23:31",3467800
42.7,-0.35,3900,"sd","14:22:04",3403700
42.75,-0.3,1500,"bu","14:22:04",3399800
42.65,-0.4,10000,"sd","14:23:25",3466800
42.7,-0.35,3700,"sd","14:23:24",3456800
42.7,-0.35,2500,"sd","14:23:19",3453100
42.75,-0.3,400,"sd","14:16:03",3215800
42.8,-0.25,2000,"bu","14:16:00",3215400
42.8,-0.25,10000,"bu","14:15:57",3213400
42.75,-0.3,200,"sd","14:15:24",3201100
42.75,-0.3,200,"bu","14:21:03",3329000
42.75,-0.3,3000,"sd","14:20:39",3321000
42.75,-0.3,1000,"sd","14:20:38",3318000
42.8,-0.25,200,"bu","14:19:26",3285800
42.8,-0.25,200,"bu","14:16:39",3224400
42.8,-0.25,1000,"bu","14:16:38",3224200
42.8,-0.25,2000,"bu","14:15:54",3203400
42.75,-0.3,3900,"sd","14:20:37",3317000
42.75,-0.3,2000,"sd","14:20:36",3313100
42.8,-0.25,5000,"bu","14:20:06",3294900
42.75,-0.3,3000,"sd","14:20:05",3289900
42.8,-0.25,30000,"bu","14:19:25",3285600
42.75,-0.3,4700,"sd","14:19:24",3255600
42.8,-0.25,3000,"bu","14:18:37",3246000
42.8,-0.25,900,"bu","14:18:36",3243000
42.75,-0.3,5000,"sd","14:15:17",3200900
42.8,-0.25,400,"bu","14:15:15",3195900
42.75,-0.3,500,"bu","14:21:19",3331800
42.8,-0.25,500,"bu","14:19:18",3250900
42.75,-0.3,500,"sd","14:19:17",3250400
42.8,-0.25,200,"bu","14:16:30",3223200
42.75,-0.3,1200,"bu","14:21:13",3330300
42.8,-0.25,400,"bu","14:20:33",3311100
42.8,-0.25,500,"bu","14:19:54",3286900
42.8,-0.25,1500,"bu","14:16:49",3229700
42.8,-0.25,3800,"bu","14:16:29",3223000
42.65,-0.4,4800,"sd","14:21:55",3398300
42.7,-0.35,900,"sd","14:21:55",3393500
42.75,-0.3,1000,"sd","14:20:30",3310700
42.8,-0.25,100,"bu","14:19:52",3286400
42.8,-0.25,500,"bu","14:19:12",3249900
42.8,-0.25,2000,"bu","14:19:11",3249400
42.8,-0.25,500,"bu","14:14:54",3195500
42.8,-0.25,1000,"bu","14:14:52",3195000
42.7,-0.35,1500,"bu","14:21:53",3392600
42.8,-0.25,1000,"bu","14:16:25",3219200
42.7,-0.35,100,"sd","14:21:47",3391100
42.7,-0.35,38400,"sd","14:21:46",3391000
42.8,-0.25,500,"bu","14:19:04",3247400
42.7,-0.35,2000,"sd","14:21:40",3352500
42.7,-0.35,10000,"sd","14:21:39",3350500
42.75,-0.3,100,"bu","14:21:43",3352600
42.8,-0.25,500,"bu","14:16:17",3218200
42.8,-0.25,200,"bu","14:16:16",3217700
42.8,-0.25,300,"bu","14:15:39",3201400
42.75,-0.3,8000,"bu","14:21:32",3340500
42.75,-0.3,500,"bu","14:21:29",3332500
42.75,-0.3,1000,"sd","14:20:53",3325900
42.75,-0.3,500,"sd","14:20:24",3309700
42.8,-0.25,300,"bu","14:19:43",3286300
42.8,-0.25,200,"bu","14:18:59",3246900
42.8,-0.25,1000,"bu","14:16:16",3217500
42.75,-0.3,5700,"sd","14:20:21",3309200
42.75,-0.3,200,"bu","14:21:26",3332000
42.8,-0.25,200,"bu","14:16:11",3216500
42.75,-0.3,2000,"sd","14:20:47",3324600
42.8,-0.25,200,"bu","14:19:37",3286000
42.75,-0.3,1000,"bu","14:21:15",3331300
42.75,-0.3,100,"bu","14:21:06",3329100
42.75,-0.3,8000,"sd","14:20:17",3303500
42.75,-0.3,200,"sd","14:18:48",3246700
42.75,-0.3,2900,"sd","14:20:59",3328800
42.75,-0.3,300,"sd","14:20:49",3324900
42.75,-0.3,1600,"sd","14:20:43",3322600
42.75,-0.3,600,"sd","14:20:11",3295500
42.8,-0.25,500,"bu","14:18:44",3246500
42.8,-0.25,1900,"bu","14:16:45",3228200
42.8,-0.25,1900,"bu","14:16:44",3226300
42.8,-0.25,500,"bu","14:16:03",3216300
42.8,-0.25,100,"bu","14:14:15",3193400
42.8,-0.25,200,"bu","14:14:43",3194000
42.8,-0.25,400,"bu","14:14:30",3193800
42.8,-0.25,500,"bu","14:18:05",3241500
42.8,-0.25,1000,"bu","14:17:57",3240900
42.8,-0.25,3000,"bu","14:17:44",3239900
42.8,-0.25,200,"bu","14:17:41",3236900
42.8,-0.25,2200,"bu","14:17:39",3236700
42.8,-0.25,1000,"bu","14:17:33",3234500
42.8,-0.25,100,"bu","14:18:23",3242100
42.8,-0.25,500,"bu","14:18:22",3242000
42.8,-0.25,400,"sd","14:12:59",3186300
42.8,-0.25,2500,"bu","14:13:58",3193300
42.8,-0.25,2000,"bu","14:17:06",3233500
42.8,-0.25,500,"sd","14:17:04",3231500
42.8,-0.25,500,"bu","14:13:52",3190800
42.8,-0.25,1000,"bu","14:13:49",3190300
42.8,-0.25,1500,"bu","14:13:43",3189300
42.8,-0.25,100,"bu","14:11:07",3155100
42.75,-0.3,100,"sd","14:11:06",3155000
42.8,-0.25,19100,"bu","14:11:04",3154900
42.75,-0.3,900,"bu","14:11:04",3135800
42.75,-0.3,100,"bu","14:11:03",3134900
42.85,-0.2,16200,"bu","14:11:18",3180100
42.8,-0.25,3800,"bu","14:11:18",3163900
42.75,-0.3,5000,"sd","14:11:15",3160100
42.75,-0.3,1000,"bu","14:29:22",3747700
42.75,-0.3,3000,"bu","14:29:21",3746700
42.7,-0.35,100,"bu","14:22:35",3435700
42.8,-0.25,600,"bu","14:22:34",3435600
42.75,-0.3,9800,"bu","14:22:34",3435000
42.7,-0.35,13600,"bu","14:22:34",3425200
42.7,-0.35,20000,"sd","14:09:50",3128500
42.7,-0.35,100,"sd","14:09:49",3108500
42.75,-0.3,1000,"bu","14:07:16",3076900
42.7,-0.35,800,"sd","14:29:43",3756400
42.75,-0.3,1500,"bu","14:25:40",3644200
42.75,-0.3,600,"sd","14:02:03",2985700
42.75,-0.3,300,"sd","14:00:25",2892400
42.7,-0.35,500,"sd","14:07:12",3075900
42.75,-0.3,1300,"sd","14:01:59",2985100
42.7,-0.35,100,"sd","14:01:57",2968800
42.7,-0.35,200,"bu","14:22:28",3411600
42.7,-0.35,100,"bu","14:22:26",3411400
42.75,-0.3,15000,"bu","14:01:57",2983800
42.7,-0.35,1000,"sd","14:01:56",2968700
42.7,-0.35,500,"sd","14:01:56",2967700
42.75,-0.3,400,"sd","14:00:17",2892100
42.7,-0.35,400,"sd","14:29:39",3755600
42.75,-0.3,100,"bu","14:29:16",3743700
42.75,-0.3,100,"bu","14:29:16",3743600
42.7,-0.35,100,"bu","14:07:04",3075400
42.65,-0.4,500,"sd","14:07:04",3075300
42.8,-0.25,200,"bu","14:04:01",3016900
42.75,-0.3,600,"sd","14:00:11",2891700
42.7,-0.35,2800,"sd","14:10:39",3133600
42.75,-0.3,200,"sd","14:10:39",3130800
42.8,-0.25,1000,"bu","14:03:55",3016700
42.75,-0.3,3000,"sd","14:00:09",2891100
42.8,-0.25,200,"bu","13:58:46",2856500
42.75,-0.3,200,"bu","14:29:14",3743500
42.75,-0.3,200,"bu","14:29:13",3743300
42.8,-0.25,100,"bu","14:03:53",3015700
42.75,-0.3,44700,"sd","14:01:44",2967200
42.8,-0.25,100,"bu","13:58:42",2856300
42.75,-0.3,3800,"sd","14:03:50",3015600
42.8,-0.25,500,"bu","13:58:38",2856200
42.75,-0.3,1900,"bu","13:59:51",2883200
42.7,-0.35,200,"sd","14:29:31",3755200
42.75,-0.3,1500,"bu","14:26:00",3654800
42.7,-0.35,200,"bu","14:22:55",3440000
42.7,-0.35,2100,"sd","14:10:23",3130600
42.7,-0.35,500,"bu","14:06:55",3074800
42.8,-0.25,1000,"bu","14:03:43",3011800
42.75,-0.3,400,"sd","14:03:42",3010800
42.8,-0.25,5000,"bu","14:01:17",2918600
42.75,-0.3,11400,"sd","13:59:47",2881300
42.75,-0.3,500,"bu","14:29:56",3761900
42.7,-0.35,300,"sd","14:29:29",3755000
42.75,-0.3,100,"bu","14:25:59",3653300
42.75,-0.3,5000,"sd","13:59:40",2869900
42.7,-0.35,5000,"sd","14:29:52",3761400
42.75,-0.3,9000,"bu","14:25:54",3653200
42.7,-0.35,800,"sd","14:22:48",3439800
42.8,-0.25,800,"bu","14:22:46",3439000
42.75,-0.3,2000,"sd","14:07:37",3081700
42.7,-0.35,200,"sd","14:09:37",3108400
42.8,-0.25,5000,"bu","14:04:32",3022100
42.75,-0.3,3300,"sd","13:59:38",2864900
42.7,-0.35,500,"bu","14:23:00",3446400
42.7,-0.35,100,"bu","14:22:59",3445900
42.65,-0.4,5700,"sd","14:22:59",3445800
42.7,-0.35,100,"bu","14:22:58",3440100
42.8,-0.25,2200,"bu","14:22:46",3438200
42.8,-0.25,700,"bu","14:07:33",3079700
42.8,-0.25,100,"bu","14:04:25",3017100
42.75,-0.3,2100,"sd","14:07:28",3079000
42.8,-0.25,100,"bu","14:04:24",3017000
42.75,-0.3,3500,"sd","13:59:32",2861600
42.75,-0.3,1000,"sd","13:59:31",2858100
42.75,-0.3,6000,"bu","14:29:24",3754700
42.7,-0.35,500,"bu","14:22:23",3411300
42.7,-0.35,100,"bu","14:22:22",3410800
42.8,-0.25,1000,"bu","14:03:08",2989700
42.75,-0.3,200,"sd","14:00:51",2913400
42.75,-0.3,1000,"bu","14:29:23",3748700
42.8,-0.25,300,"bu","14:22:35",3436000
42.75,-0.3,2000,"sd","14:03:06",2988700
42.75,-0.3,19800,"sd","14:00:40",2912200
42.95,-0.1,500,"bu","13:45:22",2650100
42.95,-0.1,1000,"bu","13:45:17",2649600
42.95,-0.1,200,"bu","13:44:58",2648500
42.95,-0.1,3200,"sd","13:44:51",2648300
42.9,-0.15,7500,"bu","13:48:42",2701300
42.9,-0.15,500,"sd","13:47:06",2662200
42.9,-0.15,100,"sd","13:47:05",2661700
42.9,-0.15,1200,"sd","13:47:04",2661600
42.9,-0.15,2100,"sd","13:47:02",2660400
42.9,-0.15,1200,"sd","13:47:01",2658300
42.9,-0.15,900,"bu","13:48:42",2693800
42.9,-0.15,100,"bu","13:48:40",2692900
42.7,-0.35,1800,"sd","14:09:22",3108200
42.75,-0.3,3200,"sd","14:09:22",3106400
42.95,-0.1,300,"bu","13:44:21",2639600
42.95,-0.1,1000,"bu","13:44:14",2634300
42.9,-0.15,2900,"sd","13:44:10",2633300
42.95,-0.1,500,"bu","13:44:34",2640100
43,-0.05,1100,"bu","13:44:41",2645100
42.95,-0.1,3900,"bu","13:44:41",2644000
42.95,-0.1,5000,"bu","13:44:15",2639300
42.8,-0.25,20000,"bu","14:07:54",3102200
42.85,-0.2,500,"bu","13:34:57",2407400
42.8,-0.25,100,"sd","13:34:20",2406900
42.75,-0.3,200,"sd","14:07:49",3082200
42.75,-0.3,300,"sd","14:07:48",3082000
42.95,-0.1,100,"bu","13:46:26",2652100
42.8,-0.25,1000,"bu","14:08:05",3103200
42.9,-0.15,200,"bu","13:51:05",2730500
42.95,-0.1,100,"bu","13:50:43",2725600
42.9,-0.15,5000,"sd","13:50:40",2725500
42.8,-0.25,3800,"sd","13:31:16",2304000
42.8,-0.25,10300,"sd","13:32:06",2342200
42.85,-0.2,200,"bu","13:31:13",2300200
42.85,-0.2,200,"bu","13:31:13",2300000
42.8,-0.25,200,"sd","13:33:00",2368900
42.8,-0.25,800,"sd","13:32:03",2331900
42.8,-0.25,600,"sd","13:32:02",2331100
42.8,-0.25,600,"sd","13:31:59",2330500
42.8,-0.25,2600,"sd","13:31:08",2299800
42.85,-0.2,3100,"sd","13:31:08",2297200
42.85,-0.2,500,"sd","13:31:07",2294100
42.8,-0.25,200,"sd","13:32:51",2368700
42.8,-0.25,1000,"sd","13:33:53",2406800
42.8,-0.25,500,"sd","13:32:42",2368500
42.85,-0.2,100,"bu","13:32:41",2368000
42.8,-0.25,100,"sd","13:31:46",2329900
42.8,-0.25,4500,"sd","13:31:44",2329800
42.85,-0.2,200,"sd","13:28:05",2175300
42.85,-0.2,1800,"sd","13:28:02",2175100
42.8,-0.25,5500,"sd","13:31:44",2325300
42.8,-0.25,200,"sd","13:32:33",2367900
42.8,-0.25,5000,"sd","13:31:38",2319800
42.8,-0.25,4400,"sd","13:33:24",2402600
42.8,-0.25,100,"bu","13:33:22",2398200
42.8,-0.25,300,"bu","13:33:22",2398100
42.8,-0.25,1200,"sd","13:33:20",2397800
42.8,-0.25,8700,"sd","13:32:29",2367700
42.8,-0.25,500,"sd","13:33:20",2396600
42.8,-0.25,1800,"sd","13:32:26",2359000
42.8,-0.25,8300,"bu","13:33:17",2396100
42.8,-0.25,500,"sd","13:32:21",2357200
42.75,-0.3,5700,"sd","13:33:15",2387800
42.8,-0.25,4500,"sd","13:32:21",2356700
42.8,-0.25,5700,"sd","13:31:25",2314800
42.8,-0.25,3200,"sd","13:31:23",2309100
42.8,-0.25,12900,"sd","13:33:13",2382100
42.8,-0.25,300,"sd","13:33:10",2369200
42.8,-0.25,10000,"bu","13:32:12",2352200
42.8,-0.25,1900,"sd","13:31:20",2305900
42.85,-0.2,1800,"sd","13:30:57",2293100
42.85,-0.2,500,"sd","13:31:02",2293600
42.75,-0.3,200,"sd","14:28:43",3724900
42.75,-0.3,1000,"sd","14:28:41",3724700
42.8,-0.25,419200,"","14:45:03",4181100
42.75,-0.3,7100,"sd","14:28:59",3743000
42.8,-0.25,2000,"bu","14:28:56",3735900
42.75,-0.3,6000,"sd","14:28:55",3733900
42.8,-0.25,3000,"bu","14:28:54",3727900
42.75,-0.3,100,"bu","14:29:04",3743100
42.85,-0.2,400,"sd","13:24:51",2130200
42.85,-0.2,400,"bu","13:24:50",2129800
42.85,-0.2,2600,"sd","13:24:47",2129400
42.85,-0.2,4000,"sd","13:24:46",2126800
42.85,-0.2,1300,"sd","13:24:43",2122800
42.8,-0.25,500,"bu","14:28:27",3723700
43,-0.05,300,"bu","13:18:31",1863500
42.95,-0.1,20000,"bu","13:14:59",1816000
42.95,-0.1,100,"bu","13:14:47",1796000
42.75,-0.3,200,"bu","14:27:59",3711800
42.9,-0.15,100,"sd","13:12:21",1773300
42.8,-0.25,3000,"bu","14:28:21",3723200
42.75,-0.3,200,"sd","14:28:17",3719700
42.8,-0.25,1300,"bu","14:16:58",3231000
42.8,-0.25,3800,"bu","14:28:17",3719500
42.75,-0.3,500,"sd","14:28:18",3720200
42.75,-0.3,800,"bu","14:28:13",3715700
42.75,-0.3,400,"bu","14:28:12",3714900
42.8,-0.25,1900,"bu","14:28:03",3713700
42.75,-0.3,100,"sd","14:26:17",3656700
42.8,-0.25,100,"bu","14:17:58",3241000
42.75,-0.3,1000,"bu","14:27:27",3676800
42.75,-0.3,2100,"sd","14:26:50",3665000
42.8,-0.25,700,"bu","14:10:44",3134800
42.75,-0.3,500,"bu","14:10:44",3134100
42.75,-0.3,1900,"sd","14:26:48",3662900
42.75,-0.3,18000,"bu","14:27:53",3708700
42.75,-0.3,2000,"sd","14:26:41",3661000
42.75,-0.3,2500,"bu","14:27:58",3711600
42.75,-0.3,1500,"bu","14:27:13",3675800
42.7,-0.35,13700,"sd","14:27:51",3690700
42.75,-0.3,1500,"bu","14:27:11",3674300
42.75,-0.3,200,"bu","14:27:41",3677000
42.7,-0.35,400,"sd","14:27:54",3709100
42.75,-0.3,600,"sd","14:26:32",3659000
42.8,-0.25,1500,"bu","14:26:31",3658400
42.75,-0.3,100,"sd","14:26:12",3656600
42.75,-0.3,1200,"bu","14:26:11",3656500
42.7,-0.35,4000,"sd","14:27:03",3672800
42.75,-0.3,100,"bu","14:27:00",3668800
42.8,-0.25,200,"bu","14:26:27",3656900
42.75,-0.3,500,"bu","14:26:06",3655300
42.75,-0.3,3700,"bu","14:26:56",3668700
42.75,-0.3,400,"sd","14:03:25",2990200
42.85,-0.2,200,"bu","13:54:38",2754100
42.8,-0.25,100,"bu","13:58:23",2854700
42.8,-0.25,100,"bu","14:03:22",2989800
42.75,-0.3,1500,"sd","13:58:22",2854600
42.8,-0.25,200,"bu","13:58:22",2853100
42.8,-0.25,2000,"sd","13:54:20",2752900
42.85,-0.2,500,"bu","13:54:19",2750900
42.8,-0.25,1000,"sd","13:54:13",2750400
42.8,-0.25,100,"bu","13:58:13",2852900
42.8,-0.25,2800,"bu","13:58:11",2852800
42.8,-0.25,100,"bu","13:58:07",2850000
42.75,-0.3,500,"sd","14:02:29",2986700
42.8,-0.25,500,"bu","14:13:21",3186800
42.85,-0.2,300,"bu","14:12:24",3180900
42.75,-0.3,500,"sd","14:02:24",2986200
42.75,-0.3,1000,"sd","14:13:33",3187800
42.85,-0.2,500,"bu","14:12:19",3180600
42.9,-0.15,1000,"bu","13:53:06",2734600
42.85,-0.2,11700,"bu","13:54:57",2779700
42.85,-0.2,1400,"bu","13:54:57",2768000
42.8,-0.25,1000,"bu","14:12:33",3185900
42.85,-0.2,7000,"bu","13:54:50",2766600
42.8,-0.25,1500,"sd","13:54:48",2759600
42.8,-0.25,1000,"bu","14:12:30",3184900
42.8,-0.25,3000,"sd","14:12:29",3183900
42.8,-0.25,20000,"bu","14:03:34",3010400
42.75,-0.3,200,"sd","14:03:31",2990400
42.85,-0.2,1000,"sd","13:52:42",2731500
42.85,-0.2,4000,"bu","13:54:40",2758100
42.75,-0.3,1000,"sd","14:00:48",2913200
42.9,-0.15,500,"bu","13:47:51",2677500
42.95,-0.1,1900,"bu","13:43:02",2626700
42.95,-0.1,10000,"bu","13:43:00",2624800
42.9,-0.15,100,"bu","13:48:34",2692800
42.75,-0.3,4600,"bu","14:00:08",2888100
42.75,-0.3,100,"bu","14:00:05",2883500
42.7,-0.35,2000,"sd","14:05:35",3051500
42.7,-0.35,4600,"sd","14:05:34",3049500
42.7,-0.35,6400,"sd","14:05:33",3044900
42.75,-0.3,100,"bu","14:05:32",3038500
42.75,-0.3,200,"bu","14:00:01",2883400
42.9,-0.15,14200,"sd","13:47:13",2676800
42.9,-0.15,400,"sd","13:47:11",2662600
42.7,-0.35,1600,"sd","14:06:01",3058600
42.7,-0.35,1000,"sd","14:06:07",3062300
42.7,-0.35,2300,"sd","14:06:05",3061300
42.8,-0.25,100,"bu","13:57:53",2849900
42.8,-0.25,100,"bu","13:57:51",2849800
42.95,-0.1,200,"bu","13:46:07",2651300
42.7,-0.35,2500,"sd","14:05:56",3057000
42.8,-0.25,400,"bu","13:57:38",2849700
42.95,-0.1,1000,"bu","13:46:06",2651100
42.7,-0.35,400,"sd","14:06:01",3059000
42.8,-0.25,100,"bu","14:04:50",3027300
42.8,-0.25,100,"bu","14:04:47",3027200
42.75,-0.3,5000,"sd","14:04:46",3027100
42.95,-0.1,2300,"bu","13:48:56",2709600
42.7,-0.35,1800,"sd","14:05:40",3054500
42.7,-0.35,1200,"sd","14:05:40",3052700
42.95,-0.1,200,"bu","13:48:51",2705100
42.95,-0.1,2200,"bu","13:48:52",2707300
42.9,-0.15,3500,"sd","13:48:51",2704900
42.95,-0.1,100,"bu","13:48:46",2701400
42.85,-0.2,1000,"sd","13:39:42",2496800
42.85,-0.2,700,"sd","13:39:41",2495800
42.9,-0.15,1000,"sd","13:41:42",2554600
42.85,-0.2,1000,"sd","13:38:17",2493600
42.85,-0.2,1800,"sd","13:38:16",2492600
42.95,-0.1,50000,"bu","13:42:46",2604800
42.85,-0.2,400,"sd","13:38:07",2490800
42.85,-0.2,1300,"sd","13:39:09",2495100
42.85,-0.2,100,"sd","13:37:59",2490400
42.9,-0.15,1000,"sd","13:41:14",2553600
42.9,-0.15,1800,"sd","13:41:10",2552600
42.85,-0.2,200,"sd","13:38:58",2493800
42.95,-0.1,200,"bu","13:42:07",2554800
42.9,-0.15,400,"sd","13:39:56",2540900
42.9,-0.15,2000,"bu","13:39:52",2540500
42.95,-0.1,10000,"bu","13:42:53",2614800
42.9,-0.15,40000,"bu","13:39:49",2538500
42.85,-0.2,1700,"sd","13:39:43",2498500
42.85,-0.2,7000,"bu","13:35:32",2415100
42.85,-0.2,500,"bu","13:53:59",2749400
42.95,-0.1,500,"bu","13:43:50",2630300
42.85,-0.2,600,"bu","13:35:26",2408100
42.85,-0.2,3700,"sd","13:36:32",2483500
42.85,-0.2,3300,"sd","13:36:28",2479800
42.95,-0.1,100,"bu","13:43:36",2629800
42.85,-0.2,300,"sd","13:36:12",2476500
42.85,-0.2,8900,"bu","13:36:03",2476200
42.95,-0.1,3000,"bu","13:43:18",2629700
42.85,-0.2,200,"bu","13:36:02",2467300
42.85,-0.2,100,"bu","13:36:02",2467100
42.85,-0.2,1000,"bu","13:54:30",2753900
42.9,-0.15,400,"sd","13:50:19",2720500
42.95,-0.1,100,"bu","13:50:18",2720100
42.8,-0.25,900,"sd","13:35:56",2467000
42.8,-0.25,100,"sd","13:35:50",2466100
42.85,-0.2,500,"bu","13:35:48",2466000
42.95,-0.1,100,"bu","13:45:01",2648600
42.85,-0.2,5000,"sd","13:36:50",2490300
42.8,-0.25,1000,"sd","13:35:43",2465500
42.85,-0.2,9400,"bu","13:35:42",2464500
42.85,-0.2,40000,"bu","13:35:42",2455100
42.85,-0.2,1800,"sd","13:36:47",2485300
42.95,-0.1,100,"bu","13:43:59",2630400
42.9,-0.15,300,"bu","13:40:52",2550800
42.9,-0.15,100,"sd","13:50:48",2725700
42.9,-0.15,5000,"sd","13:46:52",2657100
42.9,-0.15,200,"sd","13:40:48",2550500
42.85,-0.2,5700,"sd","13:30:32",2285100
42.95,-0.1,1400,"bu","13:40:42",2550300
42.85,-0.2,200,"sd","13:40:42",2548900
42.95,-0.1,1600,"bu","13:40:40",2548700
42.9,-0.15,1900,"bu","13:40:40",2547100
42.9,-0.15,6400,"sd","13:50:03",2720000
42.9,-0.15,3500,"sd","13:40:36",2545200
42.9,-0.15,2100,"sd","13:49:56",2713600
42.85,-0.2,5000,"sd","13:30:17",2279400
42.9,-0.15,500,"sd","13:49:52",2711500
42.95,-0.1,700,"bu","13:46:09",2652000
42.85,-0.2,1100,"sd","13:48:13",2680600
42.95,-0.1,100,"bu","13:49:16",2709900
42.85,-0.2,1100,"sd","13:48:07",2679500
42.85,-0.2,900,"sd","13:48:07",2678400
42.9,-0.15,200,"sd","13:40:10",2541700
42.85,-0.2,14200,"sd","13:53:39",2748800
42.9,-0.15,400,"sd","13:40:06",2541500
42.9,-0.15,200,"sd","13:40:05",2541100
42.95,-0.1,100,"bu","13:49:03",2709800
42.95,-0.1,100,"bu","13:49:02",2709700
42.85,-0.2,5700,"sd","13:30:50",2291300
42.85,-0.2,2000,"sd","13:48:28",2692700
42.85,-0.2,10000,"sd","13:48:26",2690700
42.9,-0.15,100,"bu","13:48:25",2680700
42.85,-0.2,500,"sd","13:30:42",2285600
42.9,-0.15,1600,"sd","13:50:56",2730300
42.9,-0.15,3000,"sd","13:50:52",2728700
42.9,-0.15,200,"sd","13:47:17",2677000
42.8,-0.25,500,"sd","13:33:44",2403100
42.85,-0.2,10500,"bu","13:29:58",2268600
42.7,-0.35,100,"bu","14:06:26",3071500
42.7,-0.35,100,"bu","14:06:25",3071400
42.85,-0.2,8100,"bu","13:29:52",2258100
42.85,-0.2,1900,"bu","13:29:52",2250000
42.85,-0.2,100,"bu","13:53:44",2748900
42.85,-0.2,2100,"sd","13:52:51",2733600
42.7,-0.35,300,"bu","14:06:21",3071300
42.7,-0.35,100,"bu","14:06:19",3071000
42.7,-0.35,600,"bu","14:06:18",3070900
42.85,-0.2,500,"sd","13:25:44",2139700
42.7,-0.35,100,"bu","14:06:12",3070300
42.7,-0.35,6400,"sd","14:06:11",3070200
42.75,-0.3,1500,"bu","14:06:10",3063800
42.75,-0.3,800,"sd","14:28:07",3714500
42.8,-0.25,500,"bu","13:57:21",2849300
42.75,-0.3,30000,"sd","13:57:20",2848800
42.7,-0.35,100,"bu","14:06:54",3074300
42.75,-0.3,8200,"sd","14:05:15",3038400
42.8,-0.25,1800,"sd","13:57:14",2818800
42.75,-0.3,2400,"sd","14:05:11",3030200
42.8,-0.25,100,"sd","13:57:11",2817000
42.8,-0.25,500,"bu","14:05:07",3027800
42.85,-0.2,500,"sd","13:55:26",2781500
42.85,-0.2,1000,"sd","13:55:22",2781000
42.95,-0.1,1000,"bu","13:49:49",2711000
42.7,-0.35,1000,"bu","14:06:50",3074200
42.85,-0.2,300,"sd","13:55:21",2780000
42.95,-0.1,100,"bu","13:49:42",2710000
42.85,-0.2,100,"bu","13:35:02",2407500
42.7,-0.35,100,"bu","14:06:41",3073200
42.7,-0.35,100,"bu","14:06:40",3073100
42.8,-0.25,1700,"sd","13:33:52",2405800
42.65,-0.4,1000,"sd","14:06:38",3073000
42.7,-0.35,500,"bu","14:06:37",3072000
42.8,-0.25,1000,"bu","13:58:29",2855700
42.8,-0.25,300,"sd","13:33:50",2404100
42.8,-0.25,700,"sd","13:33:48",2403800
42.85,-0.2,5700,"sd","13:30:08",2274400
42.85,-0.2,100,"sd","13:30:06",2268700
42.9,-0.15,100,"bu","13:28:24",2181100
42.85,-0.2,5700,"sd","13:28:22",2181000
42.85,-0.2,1900,"sd","13:22:30",2071400
42.85,-0.2,500,"sd","13:23:53",2101300
42.85,-0.2,500,"sd","13:23:25",2091800
42.85,-0.2,1000,"sd","13:23:26",2092800
42.85,-0.2,5700,"sd","13:22:27",2069500
42.85,-0.2,1500,"sd","13:23:00",2077800
42.85,-0.2,400,"sd","13:23:00",2076300
42.85,-0.2,1000,"sd","13:22:44",2074500
42.85,-0.2,300,"sd","13:23:17",2091300
42.85,-0.2,500,"sd","13:21:40",2029900
42.85,-0.2,1800,"sd","13:23:40",2100800
42.85,-0.2,500,"sd","13:23:39",2099000
42.85,-0.2,1100,"sd","13:22:41",2073500
42.85,-0.2,1800,"sd","13:23:15",2091000
42.85,-0.2,100,"sd","13:21:37",2029400
42.85,-0.2,100,"sd","13:23:10",2089200
42.85,-0.2,1000,"sd","13:23:09",2089100
42.85,-0.2,4000,"sd","13:21:35",2029300
42.85,-0.2,5700,"sd","13:29:31",2207200
42.9,-0.15,200,"bu","13:28:43",2182400
42.85,-0.2,300,"sd","13:24:22",2106500
42.85,-0.2,31700,"sd","13:29:46",2248100
42.85,-0.2,9000,"sd","13:29:45",2216400
42.85,-0.2,5700,"sd","13:29:15",2193800
42.9,-0.15,1100,"bu","13:28:32",2182200
42.85,-0.2,100,"sd","13:24:15",2106200
42.85,-0.2,2100,"sd","13:29:29",2201500
42.85,-0.2,10400,"sd","13:24:39",2121500
42.85,-0.2,200,"sd","13:29:42",2207400
42.85,-0.2,500,"sd","13:24:37",2111100
42.85,-0.2,4700,"sd","13:24:08",2106100
42.85,-0.2,5000,"sd","13:29:20",2199100
42.85,-0.2,300,"sd","13:29:21",2199400
42.9,-0.15,300,"bu","13:29:20",2194100
42.85,-0.2,3500,"sd","13:24:30",2110600
42.9,-0.15,100,"bu","13:24:29",2107100
42.85,-0.2,100,"sd","13:24:01",2101400
42.85,-0.2,5700,"sd","13:28:48",2188100
42.85,-0.2,500,"sd","13:24:28",2107000
42.85,-0.2,5700,"sd","13:23:32",2098500
42.85,-0.2,1000,"sd","13:22:36",2072400
42.95,-0.1,10000,"sd","13:15:30",1836800
42.85,-0.2,2000,"sd","13:21:54",2036500
42.85,-0.2,3700,"sd","13:21:52",2034500
42.85,-0.2,300,"sd","13:21:51",2030800
42.85,-0.2,100,"sd","13:21:50",2030500
42.85,-0.2,300,"sd","13:20:59",1973700
42.9,-0.15,16600,"sd","13:20:58",1973400
42.9,-0.15,10000,"sd","13:20:56",1956800
42.95,-0.1,5000,"sd","13:16:57",1858100
42.85,-0.2,100,"sd","13:22:57",2075900
42.9,-0.15,5700,"sd","13:20:53",1946800
42.95,-0.1,3000,"bu","13:20:53",1941100
42.85,-0.2,500,"sd","13:21:45",2030400
42.9,-0.15,14500,"sd","13:20:49",1938100
42.85,-0.2,10000,"sd","13:21:29",2025300
42.85,-0.2,1000,"sd","13:21:27",2015300
42.85,-0.2,300,"sd","13:21:26",2014300
42.95,-0.1,1000,"bu","13:20:46",1923600
42.95,-0.1,500,"bu","13:20:44",1922600
42.85,-0.2,5700,"sd","13:22:13",2063800
42.85,-0.2,1800,"sd","13:22:11",2058100
42.85,-0.2,600,"sd","13:23:07",2088100
42.85,-0.2,5700,"sd","13:23:06",2087500
42.85,-0.2,5000,"sd","13:21:19",2014000
42.85,-0.2,1300,"sd","13:22:47",2075800
42.85,-0.2,500,"sd","13:22:10",2056300
42.85,-0.2,5000,"sd","13:21:14",2009000
42.9,-0.15,300,"bu","13:21:13",2004000
42.85,-0.2,4000,"sd","13:23:02",2081800
42.95,-0.1,100,"bu","13:20:25",1922100
42.95,-0.1,1200,"sd","13:15:43",1838000
42.9,-0.15,10000,"bu","13:22:03",2055800
42.9,-0.15,30000,"bu","13:21:05",2003700
42.95,-0.1,900,"bu","13:20:23",1922000
42.9,-0.15,1000,"sd","13:20:22",1921100
42.85,-0.2,100,"sd","13:22:03",2045800
42.85,-0.2,900,"sd","13:21:59",2045700
42.85,-0.2,8300,"sd","13:21:58",2044800
42.95,-0.1,200,"sd","13:18:59",1880100
43,-0.05,2000,"bu","13:18:57",1879900
43,-0.05,100,"bu","13:18:52",1867900
42.95,-0.1,10000,"sd","13:18:54",1877900
42.95,-0.1,3800,"sd","13:19:45",1897700
42.9,-0.15,500,"sd","13:05:36",1528200
42.95,-0.1,2000,"sd","13:19:31",1893900
42.95,-0.1,10000,"sd","13:19:27",1891900
42.9,-0.15,1000,"sd","13:05:30",1527700
42.9,-0.15,3000,"sd","13:05:29",1526700
42.95,-0.1,200,"bu","13:05:29",1523700
42.9,-0.15,1000,"sd","13:05:28",1523500
42.95,-0.1,300,"bu","13:05:24",1522500
42.95,-0.1,1200,"bu","13:19:58",1920100
42.95,-0.1,100,"sd","13:19:23",1881900
42.95,-0.1,21200,"sd","13:19:56",1918900
42.95,-0.1,1200,"bu","13:04:50",1519400
42.95,-0.1,1700,"sd","13:19:17",1881800
42.95,-0.1,100,"bu","13:04:44",1518200
42.95,-0.1,100,"bu","13:04:42",1518100
43.05,0,2000,"bu","13:00:06",1399300
43,-0.05,100,"bu","13:02:53",1481200
43,-0.05,22600,"sd","13:02:47",1481100
43,-0.05,100,"bu","13:04:06",1491400
43.05,0,1500,"bu","13:00:05",1397300
43,-0.05,1000,"sd","13:00:05",1395800
43,-0.05,500,"sd","13:02:45",1458500
43,-0.05,14500,"sd","13:02:43",1458000
43,-0.05,25700,"sd","13:02:43",1443500
43,-0.05,1500,"sd","13:02:41",1417800
43.05,0,200,"bu","13:00:04",1394800
43,-0.05,200,"bu","13:03:54",1491300
42.95,-0.1,2300,"sd","13:03:54",1491100
43.05,0,18200,"sd","13:00:04",1394600
42.95,-0.1,2000,"sd","13:03:52",1488800
43.05,0,8000,"sd","13:00:03",1376400
43.05,0,13000,"sd","13:00:02",1368400
43,-0.05,5600,"sd","13:02:22",1416300
43,-0.05,100,"sd","13:02:16",1410700
43.05,0,100,"bu","13:02:08",1410600
43.05,0,4000,"sd","13:00:01",1355400
43.1,0.05,500,"bu","13:00:01",1351400
43.05,0,1900,"bu","13:01:59",1410500
43,-0.05,2500,"bu","13:03:26",1486800
42.95,-0.1,18600,"sd","13:04:37",1518000
42.95,-0.1,5000,"sd","13:04:25",1498900
42.95,-0.1,2500,"sd","13:04:24",1493900
43,-0.05,1000,"bu","13:03:15",1484300
43,-0.05,1000,"sd","13:03:12",1483300
42.95,-0.1,500,"sd","13:04:34",1499400
43.05,0,800,"bu","13:00:28",1408400
43,-0.05,600,"sd","13:02:57",1481800
43,-0.05,500,"bu","13:03:04",1482300
43.05,0,200,"bu","13:01:53",1408600
43.1,0.05,200,"bu","11:27:14",1328500
43.05,0,2000,"sd","11:25:15",1323200
42.95,-0.1,8700,"sd","13:16:09",1849700
42.95,-0.1,500,"sd","13:15:14",1825300
42.95,-0.1,5000,"bu","13:15:14",1824800
42.95,-0.1,700,"bu","13:15:12",1819800
43.05,0,300,"sd","11:25:08",1321200
42.95,-0.1,3000,"sd","13:16:03",1841000
42.95,-0.1,1000,"bu","13:15:11",1819100
42.95,-0.1,100,"bu","13:15:08",1818100
42.95,-0.1,2000,"bu","13:15:07",1818000
42.95,-0.1,2000,"sd","13:18:43",1867800
42.95,-0.1,2000,"sd","13:18:41",1865800
42.95,-0.1,100,"sd","13:18:40",1863800
43,-0.05,100,"bu","13:18:39",1863700
43.1,0.05,800,"bu","11:28:27",1343700
43.1,0.05,900,"bu","11:28:25",1342900
43.05,0,600,"sd","11:28:24",1342000
42.95,-0.1,1000,"sd","13:17:51",1861000
42.95,-0.1,100,"sd","13:17:49",1860000
42.95,-0.1,1800,"sd","13:17:49",1859900
42.95,-0.1,100,"sd","13:18:37",1863600
43.1,0.05,500,"bu","11:26:47",1328300
43.05,0,800,"sd","11:26:42",1327800
42.95,-0.1,200,"sd","13:18:22",1863200
43.1,0.05,1000,"bu","11:27:52",1341400
43.05,0,1000,"sd","11:26:22",1327000
43.1,0.05,10000,"bu","11:27:47",1340400
43.1,0.05,1000,"bu","11:27:46",1330400
43.1,0.05,900,"bu","11:27:40",1329400
42.95,-0.1,2000,"sd","13:18:01",1863000
42.95,-0.1,500,"sd","13:16:23",1853100
42.95,-0.1,2900,"bu","13:16:23",1852600
43.05,0,1000,"sd","11:25:27",1324200
42.95,-0.1,1500,"sd","13:15:23",1826800
43.1,0.05,100,"sd","11:16:41",1289700
43.1,0.05,10000,"sd","11:16:37",1289600
43.05,0,1000,"sd","11:28:37",1344700
42.9,-0.15,200,"sd","13:11:51",1771500
43.1,0.05,2400,"sd","11:17:56",1305000
42.95,-0.1,8000,"sd","13:11:30",1770300
42.95,-0.1,2000,"bu","13:11:13",1762300
42.95,-0.1,100,"bu","13:10:25",1750300
43.1,0.05,1000,"sd","11:17:40",1302600
42.95,-0.1,5400,"bu","13:10:18",1750200
42.9,-0.15,1700,"sd","13:11:59",1773200
42.95,-0.1,500,"bu","13:10:14",1744800
42.9,-0.15,2400,"sd","13:10:13",1744300
43.1,0.05,10000,"sd","11:17:30",1301600
42.95,-0.1,1000,"bu","13:11:43",1771300
43.1,0.05,1800,"sd","11:17:09",1291600
43.05,0,200,"sd","11:29:26",1345000
43.05,0,100,"sd","11:19:49",1307300
42.95,-0.1,10000,"bu","13:11:04",1760300
42.9,-0.15,33300,"bu","13:09:23",1741900
42.85,-0.2,15500,"bu","13:09:23",1708600
43.05,0,2000,"sd","11:19:36",1307200
43.1,0.05,100,"sd","11:16:44",1289800
43.1,0.05,100,"bu","11:28:43",1344800
42.95,-0.1,1800,"bu","13:13:43",1789000
42.95,-0.1,200,"bu","13:12:33",1773500
43.05,0,500,"sd","11:20:40",1309600
42.95,-0.1,1000,"bu","13:13:38",1787200
42.95,-0.1,1000,"bu","13:13:34",1786200
43.05,0,100,"sd","11:22:18",1312700
42.95,-0.1,100,"bu","13:13:28",1785200
42.95,-0.1,200,"sd","13:13:25",1785100
43.05,0,1800,"sd","11:20:04",1309100
42.95,-0.1,1200,"bu","13:13:14",1784900
43.05,0,200,"sd","11:21:49",1312600
42.95,-0.1,100,"bu","13:13:12",1783700
42.95,-0.1,700,"bu","13:14:20",1795900
43.05,0,100,"sd","11:21:41",1312400
43.05,0,1700,"sd","11:21:32",1312300
43.1,0.05,100,"bu","11:18:59",1305200
43.1,0.05,100,"bu","11:18:58",1305100
42.95,-0.1,10000,"bu","13:12:55",1783600
42.95,-0.1,100,"bu","13:12:52",1773600
42.95,-0.1,6200,"sd","13:13:52",1795200
43.05,0,1000,"sd","11:20:47",1310600
42.85,-0.2,1800,"sd","13:25:07",2132000
42.8,-0.25,1000,"sd","13:08:18",1691200
42.85,-0.2,500,"sd","13:26:55",2166300
42.85,-0.2,1300,"sd","13:26:01",2141400
42.85,-0.2,300,"sd","13:25:59",2140100
42.85,-0.2,500,"sd","13:26:49",2165800
42.85,-0.2,200,"sd","13:27:41",2173300
42.85,-0.2,100,"sd","13:26:45",2165300
42.85,-0.2,1000,"sd","13:26:44",2165200
42.85,-0.2,100,"bu","13:09:08",1692500
42.85,-0.2,100,"sd","13:25:50",2139800
42.85,-0.2,600,"bu","13:09:20",1693100
42.85,-0.2,1700,"sd","13:26:35",2164200
42.85,-0.2,1000,"sd","13:27:30",2173100
42.85,-0.2,5700,"sd","13:26:31",2162500
42.85,-0.2,13600,"sd","13:26:29",2156800
42.85,-0.2,800,"sd","13:26:25",2143200
42.85,-0.2,100,"sd","13:26:22",2142400
42.85,-0.2,400,"sd","13:26:20",2142300
42.85,-0.2,500,"sd","13:26:18",2141900
42.85,-0.2,1100,"sd","13:25:22",2139200
42.85,-0.2,4800,"sd","13:27:13",2172100
42.85,-0.2,1000,"sd","13:27:13",2167300
42.85,-0.2,2000,"sd","13:25:16",2138100
42.85,-0.2,2500,"sd","13:25:14",2136100
42.85,-0.2,1600,"sd","13:25:12",2133600
43.15,0.1,1000,"bu","11:08:43",1217800
43.1,0.05,300,"sd","11:11:40",1233000
43.15,0.1,200,"bu","11:07:10",1214400
43.1,0.05,1000,"sd","11:08:33",1216800
43.1,0.05,100,"bu","11:13:44",1258200
43.1,0.05,1800,"sd","11:09:51",1221600
43.1,0.05,9800,"bu","11:13:39",1258100
43.1,0.05,1800,"sd","11:11:19",1232700
43.1,0.05,5000,"sd","11:11:18",1230900
43.1,0.05,1000,"sd","11:09:36",1219800
43.1,0.05,900,"bu","11:13:19",1248300
43.1,0.05,1000,"sd","11:11:08",1225900
43.15,0.1,100,"bu","11:09:25",1218800
43.15,0.1,500,"bu","11:07:58",1215800
43.15,0.1,100,"bu","11:07:53",1215300
43.1,0.05,1300,"sd","11:10:51",1224900
43.1,0.05,2000,"sd","11:10:46",1223600
43.1,0.05,200,"bu","11:12:52",1247400
43.1,0.05,4000,"sd","11:12:03",1237000
43.1,0.05,2000,"bu","11:13:56",1260200
43.15,0.1,900,"bu","11:08:56",1218700
43.15,0.1,800,"bu","11:07:28",1215200
43.1,0.05,100,"sd","11:05:01",1203600
43.1,0.05,25000,"sd","11:05:00",1203500
43.1,0.05,200,"sd","11:03:18",1174700
43.15,0.1,100,"bu","11:02:03",1170500
43.1,0.05,1500,"sd","11:07:06",1212100
43.1,0.05,1800,"sd","11:06:56",1210600
43.1,0.05,1000,"sd","11:02:53",1174500
43.1,0.05,2000,"sd","11:02:45",1173500
43.1,0.05,1200,"sd","11:05:58",1208800
43.1,0.05,1800,"sd","11:04:01",1178500
43.1,0.05,1000,"sd","11:02:44",1171500
43.1,0.05,1000,"sd","11:03:58",1176700
43.15,0.1,500,"bu","11:03:47",1175700
43.1,0.05,200,"sd","11:05:42",1207600
43.1,0.05,600,"bu","10:55:02",1082800
43.1,0.05,500,"sd","11:03:24",1175200
43.1,0.05,900,"bu","10:54:19",1082200
43.05,0,100,"sd","10:55:49",1092800
43.1,0.05,3000,"bu","10:55:48",1092700
43.1,0.05,900,"bu","10:55:45",1089700
43.15,0.1,1500,"bu","10:59:12",1167000
43.1,0.05,11400,"sd","10:54:03",1081300
43.15,0.1,3000,"bu","10:54:02",1069900
43.1,0.05,500,"sd","10:56:54",1131500
43.1,0.05,23400,"bu","10:56:53",1131000
43.1,0.05,14400,"bu","10:56:52",1107600
43.1,0.05,5000,"bu","10:55:20",1088800
43.15,0.1,900,"bu","11:01:37",1170300
43.1,0.05,1000,"bu","10:55:13",1083800
43.1,0.05,100,"sd","10:53:58",1066900
43.1,0.05,100,"bu","10:56:34",1093200
43.05,0,300,"sd","10:56:12",1093100
43.1,0.05,36200,"sd","10:48:57",1019200
43.1,0.05,2000,"sd","10:48:53",983000
43.15,0.1,500,"bu","10:47:08",975900
43.15,0.1,1000,"bu","10:46:59",975400
43.15,0.1,1000,"bu","10:48:49",981000
43.1,0.05,1700,"sd","10:53:47",1066800
43.15,0.1,200,"bu","10:46:03",974400
43.1,0.05,2500,"sd","10:46:00",974200
43.1,0.05,800,"sd","10:48:40",980000
43.1,0.05,900,"bu","10:51:22",1045800
43.1,0.05,6900,"sd","10:45:41",971700
43.15,0.1,1000,"bu","10:47:34",976900
43.05,0,200,"sd","10:50:36",1022800
43.1,0.05,100,"bu","10:49:29",1021300
43.1,0.05,300,"bu","10:49:25",1021200
43.1,0.05,200,"sd","10:49:22",1020900
43.1,0.05,200,"bu","10:50:31",1022600
43.1,0.05,500,"sd","10:49:20",1020700
43.1,0.05,200,"sd","10:53:31",1064600
43.1,0.05,16200,"bu","10:53:28",1064400
43.15,0.1,1000,"bu","10:49:06",1020200
43.1,0.05,100,"bu","10:51:46",1047300
43.1,0.05,100,"sd","10:48:21",979200
43.05,0,1400,"sd","10:51:34",1047200
43.05,0,100,"sd","10:49:54",1022400
43.1,0.05,500,"sd","10:53:41",1065100
43.1,0.05,100,"bu","10:51:18",1044900
43.05,0,1000,"sd","10:49:49",1022300
43.15,0.1,200,"bu","10:48:02",979100
43.05,0,10000,"sd","10:51:10",1044800
43.05,0,200,"sd","10:51:09",1034800
43.15,0.1,2000,"bu","10:47:56",978900
43.1,0.05,10000,"bu","10:51:05",1034600
43.05,0,1800,"sd","10:50:53",1024600
43.1,0.05,2000,"sd","10:45:02",964800
43.1,0.05,1400,"bu","10:59:03",1165500
43.1,0.05,1800,"sd","10:45:01",962800
43.1,0.05,4200,"sd","10:44:58",961000
43.1,0.05,1000,"bu","10:58:54",1164100
43.1,0.05,500,"bu","10:58:53",1163100
43.1,0.05,700,"sd","10:58:51",1162600
43.1,0.05,100,"sd","10:58:49",1161900
43.1,0.05,5000,"sd","10:44:50",956800
43.1,0.05,400,"sd","10:58:44",1161800
43.1,0.05,700,"bu","10:58:41",1161400
43.1,0.05,5000,"bu","10:58:34",1160700
43.1,0.05,2000,"sd","10:44:38",951800
43.1,0.05,17400,"sd","10:58:33",1153800
43.1,0.05,1900,"sd","10:58:34",1155700
43.1,0.05,200,"sd","10:58:29",1136400
43.1,0.05,2000,"sd","10:44:29",949800
43.15,0.1,1000,"bu","10:44:21",947800
43.1,0.05,1800,"sd","10:58:10",1136200
43.1,0.05,2900,"sd","10:58:05",1134400
43.15,0.1,900,"bu","10:44:03",946800
43.15,0.1,1000,"bu","10:42:35",945900
43.1,0.05,900,"bu","10:52:50",1048200
43.15,0.1,500,"bu","10:39:53",920100
43.1,0.05,3000,"sd","10:39:49",919600
43.2,0.15,100,"bu","10:37:57",908200
43.15,0.1,1000,"sd","10:37:54",908100
43.2,0.15,1000,"bu","10:41:07",929300
43.15,0.1,200,"bu","10:39:22",915100
43.15,0.1,4800,"bu","10:39:18",914900
43.15,0.1,1700,"sd","10:37:43",907100
43.15,0.1,200,"sd","10:37:38",905400
43.15,0.1,2400,"bu","10:41:58",944700
43.15,0.1,300,"bu","10:41:57",942300
43.15,0.1,500,"bu","10:41:53",942000
43.15,0.1,200,"bu","10:42:13",944900
43.15,0.1,2200,"sd","10:41:47",941500
43.15,0.1,10000,"sd","10:41:42",939300
43.15,0.1,100,"bu","10:38:30",909200
43.15,0.1,200,"sd","10:37:10",905200
43.2,0.15,5000,"bu","10:40:54",928300
43.2,0.15,900,"bu","10:38:12",909100
43.15,0.1,100,"sd","10:37:00",905000
43.15,0.1,200,"bu","10:40:00",921300
43.15,0.1,1000,"bu","10:39:59",921100
42.9,-0.15,2000,"bu","13:06:39",1564200
43.05,0,1000,"bu","13:00:24",1407600
42.8,-0.25,1000,"sd","13:08:10",1690100
42.9,-0.15,20300,"sd","13:06:16",1557200
42.8,-0.25,10000,"sd","13:08:04",1689100
42.9,-0.15,5000,"sd","13:06:13",1536900
42.95,-0.1,100,"bu","13:04:59",1519500
43.05,0,4500,"sd","13:00:01",1350900
43.05,0,1200,"sd","13:00:00",1346400
43.05,0,500,"bu","13:00:20",1406600
43.1,0.05,7900,"sd","11:12:39",1247200
43.05,0,2000,"bu","13:00:19",1406100
43,-0.05,500,"sd","13:00:18",1404100
42.8,-0.25,1600,"bu","13:07:07",1642600
43.05,0,200,"bu","13:00:17",1403600
43.05,0,200,"sd","13:00:00",1345200
42.8,-0.25,700,"bu","13:07:02",1641000
43.1,0.05,5000,"bu","11:25:05",1320900
42.8,-0.25,100,"bu","13:06:59",1640300
42.8,-0.25,100,"bu","13:06:58",1640200
43.05,0,900,"bu","13:00:16",1403400
43.05,0,1000,"bu","13:00:15",1402500
42.8,-0.25,20000,"bu","13:06:52",1640100
42.8,-0.25,100,"bu","13:06:52",1620100
42.8,-0.25,200,"bu","13:06:51",1620000
42.8,-0.25,100,"bu","13:06:50",1619800
43.1,0.05,2100,"sd","11:12:13",1239300
43.05,0,300,"bu","13:00:14",1401500
42.8,-0.25,5400,"sd","13:06:49",1619700
43.1,0.05,200,"sd","11:12:05",1237200
42.85,-0.2,100,"bu","13:08:11",1690200
43.05,0,1600,"bu","13:00:12",1401200
43.05,0,300,"bu","13:00:11",1399600
42.8,-0.25,2000,"sd","13:06:45",1614300
42.8,-0.25,16600,"sd","13:06:45",1612300
42.85,-0.2,31400,"sd","13:06:45",1595700
42.9,-0.15,100,"bu","13:06:45",1564300
43.15,0.1,1000,"bu","10:33:33",890600
43.1,0.05,1000,"sd","11:00:35",1168900
43.15,0.1,500,"bu","10:39:27",915600
43.15,0.1,500,"bu","10:34:59",895800
43.15,0.1,900,"bu","11:00:09",1167900
43.15,0.1,1000,"bu","10:34:51",895300
43.15,0.1,300,"bu","10:34:49",894300
43.15,0.1,1700,"sd","10:40:39",923300
43.15,0.1,700,"bu","10:34:40",894000
43.1,0.05,1800,"sd","11:05:28",1207400
43.15,0.1,500,"bu","10:34:01",893200
43.2,0.15,500,"bu","10:30:53",849500
43.2,0.15,500,"bu","10:30:52",849000
43.15,0.1,100,"sd","10:40:27",921600
43.1,0.05,2000,"sd","11:05:10",1205600
43.15,0.1,100,"sd","10:40:24",921500
43.15,0.1,1000,"bu","10:33:49",892700
43.15,0.1,100,"sd","10:40:17",921400
43.15,0.1,1000,"bu","10:33:42",891700
43.1,0.05,100,"sd","10:33:41",890700
43.15,0.1,500,"bu","11:00:44",1169400
43.2,0.15,1000,"bu","10:30:44",848500
43.15,0.1,1000,"bu","10:39:39",916600
43.2,0.15,1000,"bu","10:25:00",782100
43.2,0.15,400,"bu","10:24:58",781100
43.15,0.1,400,"sd","10:24:51",780500
43.15,0.1,4000,"sd","10:24:50",780100
43.2,0.15,700,"sd","10:29:24",838600
43.15,0.1,1000,"sd","10:24:39",776100
43.15,0.1,1800,"sd","10:30:25",847500
43.15,0.1,1900,"sd","10:30:14",845700
43.25,0.2,1900,"bu","10:25:56",810600
43.2,0.15,3000,"sd","10:29:00",837900
43.2,0.15,600,"bu","10:24:14",775100
43.25,0.2,7900,"bu","10:25:43",808700
43.2,0.15,400,"bu","10:24:07",774500
43.25,0.2,1300,"bu","10:28:49",834900
43.2,0.15,900,"sd","10:28:47",833600
43.25,0.2,800,"bu","10:25:36",800800
43.2,0.15,800,"bu","10:24:00",774100
43.2,0.15,500,"bu","10:23:54",773300
43.25,0.2,4700,"bu","10:28:38",832700
43.25,0.2,600,"bu","10:28:32",828000
43.25,0.2,600,"bu","10:25:20",800000
43.2,0.15,200,"bu","10:23:46",772800
43.2,0.15,100,"bu","10:29:42",843800
43.2,0.15,1000,"bu","10:23:33",772600
43.2,0.15,11700,"bu","10:25:09",799400
43.2,0.15,1000,"bu","10:25:01",783100
43.2,0.15,200,"bu","10:24:54",780700
43.05,0,1800,"sd","11:23:00",1314500
43.2,0.15,3800,"bu","10:21:57",732300
43.2,0.15,400,"bu","10:20:53",726500
43.1,0.05,1000,"bu","11:23:50",1315900
43.2,0.15,600,"bu","10:20:45",726100
43.2,0.15,1000,"bu","10:20:38",725500
43.2,0.15,800,"bu","10:20:37",724500
43.2,0.15,400,"bu","10:21:21",728500
43.2,0.15,200,"bu","10:21:16",728100
43.2,0.15,600,"bu","10:21:15",727900
43.1,0.05,100,"bu","11:23:28",1314900
43.2,0.15,800,"bu","10:21:07",727300
43.1,0.05,300,"bu","11:23:16",1314800
43.15,0.1,1000,"sd","10:07:13",633100
43.15,0.1,1300,"sd","10:08:58",643000
43.15,0.1,700,"sd","10:08:57",641700
43.15,0.1,2200,"bu","10:10:43",648800
43.15,0.1,1700,"sd","10:08:18",634800
43.15,0.1,200,"bu","10:15:02",670300
43.1,0.05,1800,"sd","10:09:58",646300
43.15,0.1,400,"sd","10:08:51",641000
43.15,0.1,4000,"sd","10:08:44",640600
43.2,0.15,200,"bu","10:20:33",723700
43.15,0.1,500,"bu","10:14:59",670100
43.1,0.05,100,"sd","10:09:43",644500
43.15,0.1,1800,"sd","10:08:31",636600
43.15,0.1,900,"bu","10:14:51",669600
43.15,0.1,200,"bu","10:09:29",644400
43.1,0.05,100,"sd","10:09:27",644200
43.15,0.1,1000,"bu","10:09:26",644100
43.1,0.05,100,"sd","10:09:22",643100
43.1,0.05,1800,"sd","10:14:21",668700
43.15,0.1,300,"sd","10:05:46",626800
43.15,0.1,100,"sd","10:06:51",630400
43.2,0.15,700,"bu","10:06:51",630300
43.2,0.15,200,"bu","10:06:51",629600
43.15,0.1,500,"sd","10:05:39",626500
43.2,0.15,400,"bu","10:06:46",629400
43.15,0.1,6400,"sd","10:05:38",626000
43.2,0.15,800,"bu","10:06:38",629000
43.2,0.15,500,"bu","10:06:32",628200
43.15,0.1,800,"sd","10:06:27",627700
43.15,0.1,100,"sd","10:06:06",626900
43.15,0.1,1700,"sd","10:07:03",632100
43.1,0.05,100,"sd","10:12:39",653800
43.1,0.05,1000,"sd","10:12:36",653700
43.1,0.05,1800,"sd","10:15:49",674400
43.1,0.05,2000,"sd","10:12:27",652700
43.1,0.05,1000,"sd","10:15:47",672600
43.1,0.05,1000,"sd","10:13:39",666700
43.15,0.1,200,"bu","10:15:39",671600
43.15,0.1,400,"bu","10:15:18",671400
43.1,0.05,3500,"sd","10:13:15",665700
43.1,0.05,5000,"sd","10:13:10",662200
43.15,0.1,200,"bu","10:10:32",646600
43.15,0.1,100,"bu","10:16:28",674600
43.1,0.05,100,"sd","10:16:27",674500
43.15,0.1,700,"bu","10:15:05",671000
43.1,0.05,200,"sd","10:14:00",666900
43.1,0.05,1800,"sd","10:12:54",657200
43.1,0.05,1000,"sd","10:12:50",655400
43.1,0.05,100,"sd","10:10:14",646400
43.15,0.1,600,"bu","10:12:46",654400
43.2,0.15,500,"sd","10:27:06",821000
43.2,0.15,7900,"bu","10:22:59",771600
43.15,0.1,1800,"sd","10:31:53",863900
43.25,0.2,900,"bu","10:28:18",827400
43.25,0.2,300,"bu","10:28:16",826500
43.25,0.2,400,"bu","10:28:13",826200
43.2,0.15,7900,"bu","10:22:52",763700
43.2,0.15,3000,"bu","10:22:50",755800
43.2,0.15,3000,"sd","10:28:09",825800
43.2,0.15,3800,"bu","10:22:37",752800
43.15,0.1,300,"bu","11:16:22",1279600
43.15,0.1,500,"sd","10:31:33",862100
42.8,-0.25,5000,"sd","13:07:48",1679100
43.2,0.15,7900,"bu","10:22:21",749000
43.15,0.1,11100,"sd","10:31:21",861600
43.2,0.15,900,"bu","10:22:05",741100
43.2,0.15,900,"bu","10:32:20",865400
43.2,0.15,1000,"bu","10:31:04",850500
43.2,0.15,1800,"sd","10:27:30",822800
43.2,0.15,600,"bu","10:32:10",864500
43.2,0.15,1100,"bu","09:54:17",462600
43.2,0.15,600,"bu","09:54:14",461500
43.2,0.15,400,"bu","09:54:10",460900
43.2,0.15,1000,"bu","10:01:28",550800
43.2,0.15,6100,"bu","10:00:37",536900
43.2,0.15,500,"bu","09:54:03",460500
43.2,0.15,600,"bu","10:01:08",548500
43.15,0.1,200,"sd","09:59:10",522400
43.15,0.1,200,"sd","10:01:38",562000
43.15,0.1,500,"sd","09:59:04",522200
43.2,0.15,600,"bu","10:01:22",549800
43.2,0.15,700,"bu","10:00:19",530800
43.2,0.15,7900,"bu","10:22:04",740200
43.2,0.15,200,"bu","09:53:47",460000
43.2,0.15,1000,"bu","10:01:36",561800
43.2,0.15,10000,"bu","10:01:35",560800
43.2,0.15,1000,"bu","10:00:08",530100
43.2,0.15,300,"bu","10:00:05",529100
43.2,0.15,600,"bu","09:59:57",528800
43.2,0.15,400,"bu","09:59:51",528200
43.2,0.15,700,"bu","10:01:14",549200
43.2,0.15,400,"bu","09:53:36",459800
43.2,0.15,100,"bu","09:53:35",459400
43.2,0.15,300,"bu","10:01:01",547900
43.2,0.15,200,"bu","09:59:42",527800
43.2,0.15,200,"bu","09:59:38",527600
43.2,0.15,1100,"bu","09:54:33",464100
43.2,0.15,600,"bu","09:53:30",459300
43.2,0.15,100,"bu","10:00:55",547600
43.15,0.1,5000,"sd","09:59:38",527400
43.2,0.15,100,"bu","09:54:29",463000
43.2,0.15,200,"bu","10:00:50",547500
43.15,0.1,400,"sd","10:00:48",547300
43.15,0.1,10000,"sd","10:00:47",546900
43.2,0.15,100,"bu","09:54:23",462900
43.2,0.15,200,"bu","09:54:20",462800
43.15,0.1,200,"sd","09:58:54",521700
43.2,0.15,100,"sd","09:47:59",416700
43.2,0.15,400,"bu","09:52:50",457000
43.2,0.15,1000,"bu","09:52:49",456600
43.2,0.15,200,"bu","09:52:47",455600
43.2,0.15,1400,"bu","09:52:44",455400
43.2,0.15,15000,"sd","09:47:31",416600
43.2,0.15,100,"sd","09:48:58",422400
43.2,0.15,300,"sd","09:48:52",422300
43.2,0.15,100,"bu","09:53:27",458700
43.2,0.15,200,"bu","09:53:26",458600
43.2,0.15,100,"bu","09:53:09",457800
43.2,0.15,1800,"sd","09:48:44",422000
43.2,0.15,400,"sd","09:47:13",401600
43.2,0.15,600,"bu","09:52:54",457700
43.2,0.15,100,"bu","09:53:22",458400
43.2,0.15,500,"bu","09:53:20",458300
43.2,0.15,1500,"sd","09:48:37",420200
43.2,0.15,100,"sd","09:48:33",418700
43.2,0.15,100,"bu","09:52:51",457100
43.15,0.1,1800,"sd","09:49:32",449200
43.15,0.1,5600,"sd","09:49:30",447400
43.2,0.15,100,"sd","09:48:27",418600
43.2,0.15,100,"sd","09:46:54",401200
43.15,0.1,6600,"sd","09:49:30",441800
43.2,0.15,7800,"sd","09:49:30",435200
43.2,0.15,200,"bu","09:52:40",454000
43.2,0.15,100,"bu","09:52:32",453800
43.2,0.15,5000,"sd","09:49:10",427400
43.2,0.15,700,"sd","09:46:39",401100
43.2,0.15,1800,"sd","09:46:36",400400
43.15,0.1,100,"sd","09:52:25",451800
43.2,0.15,1800,"sd","09:48:04",418500
42.9,-0.15,1700,"sd","13:06:07",1529900
42.8,-0.25,1000,"sd","13:07:41",1674100
42.8,-0.25,200,"sd","13:07:38",1673100
43.15,0.1,1200,"sd","10:33:20",889600
43.15,0.1,1000,"sd","10:33:19",888400
42.8,-0.25,1800,"sd","13:07:36",1672900
42.8,-0.25,3000,"sd","13:07:34",1671100
42.8,-0.25,5000,"sd","13:07:32",1668100
43.15,0.1,300,"sd","10:35:34",902400
42.8,-0.25,8000,"sd","13:07:26",1663100
42.8,-0.25,100,"bu","13:07:11",1643900
42.75,-0.3,1000,"sd","13:07:10",1643800
42.8,-0.25,8800,"bu","13:07:22",1655100
42.8,-0.25,100,"bu","13:07:19",1646300
42.8,-0.25,200,"bu","13:07:09",1642800
42.85,-0.2,300,"sd","13:06:28",1562200
42.85,-0.2,2300,"sd","13:06:27",1561900
42.8,-0.25,1000,"bu","13:07:18",1646200
42.8,-0.25,200,"bu","13:07:18",1645200
42.8,-0.25,1000,"bu","13:07:17",1645000
43.15,0.1,1800,"bu","10:35:17",902100
42.8,-0.25,100,"bu","13:07:13",1644000
42.9,-0.15,2100,"bu","13:06:20",1559600
42.9,-0.15,300,"bu","13:06:19",1557500
43.2,0.15,100,"bu","09:55:08",464400
43.2,0.15,200,"bu","09:55:06",464300
43.1,0.05,2100,"sd","11:07:07",1214200
43.1,0.05,4500,"sd","10:35:09",900300
42.95,-0.1,1000,"bu","13:05:20",1522200
42.95,-0.1,500,"bu","13:05:17",1521200
43.1,0.05,100,"sd","10:34:28",893300
42.95,-0.1,100,"bu","13:05:14",1520700
42.9,-0.15,2000,"sd","13:06:12",1531900
43.15,0.1,900,"sd","10:39:07",910100
42.95,-0.1,1100,"bu","13:05:10",1520600
43.2,0.15,600,"bu","09:55:37",465000
43.2,0.15,600,"bu","09:56:01",468200
43.2,0.15,300,"bu","09:56:00",467600
43.15,0.1,20000,"sd","10:32:53",887400
43.2,0.15,200,"bu","09:56:20",486100
43.15,0.1,15000,"sd","09:56:19",485900
43.15,0.1,900,"sd","09:56:18",470900
43.2,0.15,200,"bu","09:56:35",486300
43.2,0.15,3800,"bu","10:20:17",723500
43.2,0.15,400,"bu","09:51:39",451700
43.2,0.15,300,"bu","09:56:12",470000
43.2,0.15,100,"bu","09:50:40",450300
43.2,0.15,1000,"bu","09:51:21",451300
43.2,0.15,500,"bu","09:56:06",469700
43.2,0.15,1000,"bu","09:56:05",469200
43.2,0.15,400,"bu","09:55:56",467300
43.2,0.15,500,"bu","09:55:52",466900
43.15,0.1,1000,"sd","09:50:18",450200
43.2,0.15,400,"bu","09:55:46",466400
43.2,0.15,1000,"bu","09:55:45",466000
43.15,0.1,700,"bu","10:11:16",649700
43.15,0.1,1000,"bu","10:17:42",681200
43.15,0.1,200,"bu","10:11:12",649000
43.2,0.15,400,"bu","10:19:46",703100
43.15,0.1,3300,"bu","10:18:49",697000
43.15,0.1,3000,"bu","10:18:48",693700
43.2,0.15,200,"bu","10:32:37",867400
43.15,0.1,100,"bu","10:18:37",690700
43.15,0.1,4600,"bu","10:17:23",680200
43.2,0.15,15800,"bu","10:20:01",719700
43.15,0.1,7900,"bu","10:18:30",690600
43.2,0.15,600,"bu","10:19:33",702700
43.2,0.15,1800,"bu","10:32:31",867200
43.2,0.15,2000,"sd","10:26:23",812600
43.2,0.15,3800,"bu","10:25:06",787700
43.2,0.15,800,"bu","10:19:51",703900
43.15,0.1,1000,"bu","10:11:51",650700
43.2,0.15,800,"bu","10:25:04",783900
43.15,0.1,100,"sd","10:19:27",702100
43.2,0.15,5000,"bu","10:19:21",702000
43.15,0.1,1500,"bu","10:18:04",682700
43.2,0.15,5000,"bu","09:43:41",352200
43.05,0,1800,"sd","11:25:55",1326000
43.2,0.15,5000,"sd","09:44:40",395100
42.85,-0.2,1200,"bu","13:08:50",1692400
43.2,0.15,200,"sd","09:44:14",390100
43.2,0.15,100,"sd","09:44:12",389900
43.2,0.15,400,"sd","09:44:49",395500
43.2,0.15,8300,"bu","09:43:46",389800
43.2,0.15,26300,"bu","09:43:46",381500
43.2,0.15,3000,"bu","09:43:44",355200
43.1,0.05,100,"bu","11:14:45",1276400
43.15,0.1,100,"sd","10:36:41",904900
43.2,0.15,10000,"bu","09:42:40",318500
43.2,0.15,3000,"bu","09:42:41",321500
43.1,0.05,500,"bu","11:14:41",1276300
43.15,0.1,200,"sd","10:36:23",904800
43.2,0.15,1000,"bu","09:42:34",308500
43.15,0.1,400,"sd","10:36:20",904600
43.15,0.1,600,"bu","11:14:55",1279300
43.1,0.05,2300,"bu","11:14:55",1278700
43.15,0.1,1800,"sd","10:36:16",904200
43.2,0.15,200,"bu","09:42:25",307500
43.1,0.05,14800,"bu","11:14:36",1275800
43.2,0.15,300,"bu","09:42:19",307300
43.1,0.05,800,"bu","11:14:29",1261000
43.2,0.15,900,"bu","09:42:12",307000
43.15,0.1,100,"bu","11:01:59",1170400
43.2,0.15,5100,"sd","10:29:27",843700
43.25,0.2,7900,"bu","10:26:27",820500
43.2,0.15,300,"bu","09:40:01",286100
43.2,0.15,100,"bu","09:40:00",285800
43.15,0.1,1000,"bu","10:17:12",675600
42.75,-0.3,100,"sd","13:59:21",2857100
42.75,-0.3,500,"sd","13:59:16",2857000
43.15,0.1,1800,"sd","09:52:27",453600
42.85,-0.2,900,"sd","13:55:48",2790400
42.85,-0.2,8000,"sd","13:55:34",2789500
42.8,-0.25,1000,"sd","13:56:59",2816900
42.8,-0.25,3800,"bu","14:01:36",2922500
43.2,0.15,100,"bu","10:04:43",619600
42.8,-0.25,5000,"sd","13:56:49",2815900
42.8,-0.25,100,"bu","14:01:31",2918700
42.8,-0.25,4700,"sd","13:56:31",2810900
42.8,-0.25,8400,"sd","13:56:30",2806200
42.85,-0.2,5000,"sd","13:56:05",2797800
42.85,-0.2,2400,"bu","13:56:05",2792800
42.75,-0.3,200,"sd","14:01:01",2913600
43.15,0.1,4900,"sd","10:04:09",619500
43.15,0.1,500,"sd","09:36:40",262100
43.15,0.1,300,"sd","09:36:37",261600
43.2,0.15,100,"bu","09:36:37",261300
43.2,0.15,400,"bu","09:56:49",487900
43.15,0.1,15000,"sd","09:57:47",519400
43.2,0.15,100,"bu","09:56:45",487500
43.2,0.15,600,"bu","09:56:42",487400
43.15,0.1,100,"sd","09:36:57",262700
43.15,0.1,1000,"sd","09:57:43",504400
43.2,0.15,500,"bu","09:56:38",486800
43.15,0.1,100,"sd","09:36:54",262600
43.15,0.1,300,"sd","09:36:52",262500
43.15,0.1,100,"sd","09:36:51",262200
43.15,0.1,900,"sd","09:57:41",503400
43.2,0.15,100,"bu","09:52:30",453700
43.15,0.1,1800,"sd","09:58:17",521200
43.2,0.15,100,"bu","09:57:26",502500
43.2,0.15,1000,"bu","09:57:12",502400
43.2,0.15,200,"bu","09:57:06",501400
43.2,0.15,300,"bu","09:56:56",501200
43.2,0.15,10000,"bu","09:56:53",500900
43.15,0.1,3000,"sd","09:56:53",490900
43.3,0.25,5000,"bu","09:18:38",98700
43.15,0.1,1000,"sd","09:35:32",257300
43.2,0.15,100,"bu","09:32:22",229300
43.2,0.15,100,"bu","09:32:20",229200
43.2,0.15,1000,"bu","09:32:19",229100
43.2,0.15,100,"bu","09:32:18",228100
43.15,0.1,1400,"sd","09:31:06",224200
43.15,0.1,700,"sd","09:35:28",256300
43.2,0.15,100,"bu","09:32:15",228000
43.2,0.15,100,"bu","09:32:13",227900
43.2,0.15,100,"bu","09:36:19",261000
43.2,0.15,100,"bu","09:36:19",260900
43.2,0.15,200,"bu","09:36:18",260800
43.2,0.15,100,"bu","09:32:11",227800
43.2,0.15,100,"bu","09:36:03",259300
43.2,0.15,100,"bu","09:32:05",227700
43.15,0.1,200,"sd","09:32:03",227600
43.2,0.15,100,"bu","09:32:02",227400
43.2,0.15,100,"bu","09:30:44",221300
43.2,0.15,100,"bu","09:36:32",261200
43.15,0.1,100,"sd","09:35:13",255600
43.15,0.1,10000,"sd","09:35:10",255500
43.2,0.15,300,"bu","09:36:16",260600
43.2,0.15,100,"bu","09:36:14",260300
43.2,0.15,200,"bu","09:32:00",227300
43.2,0.15,100,"bu","09:31:59",227100
43.2,0.15,100,"bu","09:31:57",227000
43.2,0.15,100,"bu","09:31:57",226900
43.2,0.15,100,"bu","09:36:01",259200
43.2,0.15,500,"bu","09:35:58",259100
43.2,0.15,100,"bu","09:35:57",258600
43.2,0.15,100,"bu","09:31:55",226800
43.2,0.15,100,"bu","09:31:54",226700
43.2,0.15,100,"bu","09:31:54",226600
43.2,0.15,100,"bu","09:31:52",226500
43.2,0.15,100,"bu","09:36:26",261100
43.2,0.15,100,"bu","09:31:51",226400
43.2,0.15,100,"bu","09:31:49",226300
43.2,0.15,100,"bu","09:31:48",226200
43.2,0.15,200,"bu","09:36:12",260200
43.2,0.15,200,"bu","09:36:12",260000
43.2,0.15,100,"bu","09:31:46",226100
43.2,0.15,100,"bu","09:31:43",226000
43.2,0.15,200,"bu","09:31:42",225900
43.2,0.15,300,"bu","09:30:21",221200
43.2,0.15,100,"bu","09:32:28",229600
43.2,0.15,100,"bu","09:31:40",225700
43.2,0.15,200,"bu","09:31:37",225600
43.2,0.15,200,"bu","09:32:25",229500
43.2,0.15,100,"bu","09:36:09",259800
43.2,0.15,100,"bu","09:36:07",259700
43.2,0.15,100,"bu","09:36:06",259600
43.2,0.15,200,"bu","09:36:05",259500
43.2,0.15,400,"bu","09:31:31",225400
43.2,0.15,200,"bu","09:35:51",258500
43.2,0.15,100,"bu","09:35:50",258300
43.2,0.15,100,"bu","09:35:49",258200
43.15,0.1,500,"sd","09:31:23",225000
43.2,0.15,100,"bu","09:31:22",224500
43.2,0.15,400,"bu","09:35:41",258100
43.2,0.15,100,"bu","09:31:19",224400
43.2,0.15,300,"bu","09:35:36",257700
43.2,0.15,100,"bu","09:35:34",257400
43.2,0.15,100,"bu","09:31:14",224300
43.2,0.15,100,"bu","09:27:52",210100
43.2,0.15,100,"bu","09:27:48",210000
43.2,0.15,100,"bu","09:29:26",220500
43.2,0.15,1100,"bu","09:29:25",220400
43.2,0.15,200,"bu","09:29:23",219300
43.2,0.15,100,"bu","09:29:19",219100
43.2,0.15,200,"bu","09:28:29",213700
43.2,0.15,100,"bu","09:28:28",213500
43.2,0.15,100,"bu","09:28:28",213400
43.2,0.15,100,"bu","09:28:26",213300
43.2,0.15,200,"bu","09:28:25",213200
43.2,0.15,100,"bu","09:29:11",219000
43.2,0.15,100,"bu","09:29:10",218700
43.2,0.15,200,"bu","09:29:11",218900
43.2,0.15,200,"bu","09:29:08",218600
43.2,0.15,100,"bu","09:28:22",213000
43.2,0.15,100,"bu","09:28:21",212900
43.2,0.15,200,"bu","09:28:21",212800
43.2,0.15,300,"bu","09:29:07",218400
43.2,0.15,200,"bu","09:29:04",218100
43.2,0.15,100,"bu","09:28:15",212200
43.2,0.15,400,"bu","09:28:16",212600
43.2,0.15,300,"bu","09:29:03",217900
43.2,0.15,300,"bu","09:29:01",217600
43.2,0.15,100,"bu","09:28:12",212100
43.2,0.15,200,"bu","09:28:58",217300
43.2,0.15,100,"bu","09:28:57",217100
43.2,0.15,100,"bu","09:28:09",212000
43.2,0.15,100,"bu","09:28:06",211900
43.2,0.15,100,"bu","09:28:05",211800
43.2,0.15,100,"bu","09:28:55",217000
43.2,0.15,200,"bu","09:28:54",216900
43.2,0.15,200,"bu","09:28:52",216700
43.2,0.15,100,"bu","09:28:50",216500
43.2,0.15,100,"bu","09:28:05",211700
43.2,0.15,1100,"bu","09:27:56",211500
43.2,0.15,100,"bu","09:29:39",220900
43.2,0.15,100,"bu","09:28:41",216400
43.2,0.15,100,"bu","09:28:39",216300
43.2,0.15,100,"bu","09:29:33",220800
43.2,0.15,100,"bu","09:29:30",220700
43.2,0.15,2500,"bu","09:28:33",216200
43.2,0.15,100,"bu","09:29:28",220600
43.2,0.15,100,"bu","09:27:56",210400
43.15,0.1,100,"sd","09:27:55",210300
43.2,0.15,100,"bu","09:27:53",210200
43.2,0.15,400,"bu","09:33:33",233800
43.15,0.1,1800,"sd","09:27:37",208800
43.1,0.05,300,"sd","09:25:58",197500
43.2,0.15,3000,"bu","09:33:25",233400
43.15,0.1,100,"sd","09:27:27",207000
43.15,0.1,1800,"sd","09:34:55",245000
43.2,0.15,200,"bu","09:26:43",204100
43.15,0.1,6600,"sd","09:34:35",243200
43.2,0.15,100,"bu","09:33:02",230400
43.2,0.15,1200,"bu","09:27:19",206900
43.2,0.15,100,"bu","09:26:32",203900
43.15,0.1,1600,"sd","09:34:21",236600
43.15,0.1,200,"sd","09:34:15",235000
43.2,0.15,100,"bu","09:32:47",230300
43.2,0.15,100,"bu","09:27:07",205700
43.1,0.05,2000,"sd","09:26:26",203800
43.15,0.1,1000,"sd","09:27:00",205600
43.1,0.05,2500,"sd","09:26:19",201800
43.2,0.15,100,"bu","09:32:39",230200
43.15,0.1,300,"sd","09:26:59",204600
43.2,0.15,1000,"bu","09:33:47",234800
43.2,0.15,300,"bu","09:32:35",230100
43.1,0.05,1800,"sd","09:26:10",199300
43.2,0.15,500,"bu","09:35:04",245500
43.2,0.15,200,"bu","09:32:31",229800
43.2,0.15,200,"bu","09:26:54",204300
43.2,0.15,200,"bu","09:27:44",209400
43.2,0.15,100,"bu","09:27:42",209200
43.2,0.15,100,"bu","09:27:40",209100
43.2,0.15,200,"bu","09:27:39",209000
43.2,0.15,2000,"sd","09:24:11",140100
43.2,0.15,2400,"sd","09:24:08",138100
43.1,0.05,6000,"sd","09:25:31",197200
43.2,0.15,100,"sd","09:24:05",135700
43.2,0.15,2400,"sd","09:21:58",123400
43.2,0.15,900,"bu","09:25:26",191200
43.2,0.15,100,"sd","09:24:02",135600
43.2,0.15,200,"bu","09:25:22",190300
43.2,0.15,5800,"bu","09:25:18",190100
43.15,0.1,11200,"bu","09:25:18",184300
43.25,0.2,300,"bu","09:21:44",121000
43.15,0.1,21600,"sd","09:25:15",173100
43.2,0.15,100,"sd","09:23:50",135500
43.2,0.15,1000,"sd","09:22:36",126400
43.2,0.15,400,"sd","09:23:45",135400
43.2,0.15,4400,"sd","09:23:44",135000
43.15,0.1,1000,"sd","09:25:02",151500
43.2,0.15,2000,"sd","09:22:25",125400
43.2,0.15,1500,"sd","09:24:29",142700
43.2,0.15,1000,"sd","09:24:25",141200
43.2,0.15,100,"sd","09:24:24",140200
43.2,0.15,100,"sd","09:23:21",130600
43.2,0.15,300,"sd","09:20:43",116100
43.25,0.2,500,"bu","09:20:38",115800
43.2,0.15,1800,"sd","09:20:19",115300
43.2,0.15,100,"sd","09:20:17",113500
43.2,0.15,4000,"sd","09:20:13",113400
43.25,0.2,500,"bu","09:21:39",120700
43.25,0.2,400,"bu","09:21:20",120100
43.25,0.2,2000,"bu","09:20:06",109400
43.25,0.2,100,"bu","09:21:29",120200
43.25,0.2,3600,"bu","09:20:52",119700
43.2,0.15,2000,"sd","09:19:49",107400
43.25,0.2,1200,"sd","09:19:28",105300
43.25,0.2,100,"sd","09:19:27",104100
43.25,0.2,5000,"sd","09:19:23",104000
43.3,0.25,1500,"bu","09:18:02",93700
43.3,0.25,100,"bu","09:19:17",99000
43.3,0.25,100,"bu","09:17:52",92200
43.25,0.2,100,"bu","09:19:29",105400
43.3,0.25,100,"bu","09:17:47",92100
43.3,0.25,1000,"bu","09:17:41",92000
43.25,0.2,100,"sd","09:19:06",98900
43.2,0.15,3000,"sd","09:17:39",91000
43.3,0.25,1000,"bu","09:17:38",88000
43.3,0.25,100,"bu","09:19:04",98800
43.3,0.25,100,"bu","09:15:36",62600
43.3,0.25,400,"bu","09:16:51",71100
43.25,0.2,100,"bu","09:16:51",70700
43.25,0.2,4900,"sd","09:16:51",70600
43.25,0.2,1000,"bu","09:15:11",62500
43.2,0.15,2000,"sd","09:17:36",87000
43.3,0.25,1000,"bu","09:16:13",65400
43.3,0.25,200,"bu","09:16:09",64400
43.25,0.2,900,"sd","09:16:08",64200
43.3,0.25,500,"bu","09:16:07",63300
43.3,0.25,200,"bu","09:16:04",62800
43.2,0.15,61500,"","09:15:00",61500
43.3,0.25,10000,"bu","09:17:12",82000
43.3,0.25,3000,"bu","09:17:28",85000
43.3,0.25,100,"bu","09:16:26",65700
43.3,0.25,500,"bu","09:17:00",72000
43.3,0.25,200,"bu","09:16:22",65600
43.3,0.25,400,"bu","09:16:55",71500
43.2,0.15,100,"sd","09:22:49",127500
43.2,0.15,1000,"sd","09:22:46",127400
43.25,0.2,3000,"bu","09:23:13",130500
43.2,0.15,500,"bu","09:41:27",305600
43.15,0.1,200,"sd","09:41:15",305100
43.2,0.15,1100,"bu","10:03:04",614600
43.15,0.1,100,"sd","09:41:07",304900
43.2,0.15,300,"bu","10:03:03",613500
43.15,0.1,300,"sd","09:58:42",521500
43.2,0.15,200,"bu","09:43:02",321700
43.2,0.15,200,"bu","09:42:04",306100
43.2,0.15,300,"bu","09:41:58",305900
43.2,0.15,200,"bu","09:38:39",280600
43.2,0.15,400,"bu","09:40:28",287000
43.15,0.1,1000,"sd","09:38:37",280400
43.2,0.15,200,"bu","09:40:08",286400
43.2,0.15,100,"bu","09:40:07",286200
43.2,0.15,300,"bu","09:39:30",284100
43.2,0.15,400,"bu","09:39:26",283800
43.2,0.15,200,"bu","09:39:22",283400
43.2,0.15,100,"bu","09:38:33",279400
43.15,0.1,10000,"sd","09:38:29",279300
43.2,0.15,100,"bu","09:38:28",269300
43.2,0.15,200,"bu","09:40:20",286600
43.2,0.15,100,"bu","09:39:13",283200
43.2,0.15,100,"bu","09:39:12",283100
43.2,0.15,11500,"bu","09:40:47",303600
43.15,0.1,1800,"sd","09:40:46",292100
43.15,0.1,400,"sd","09:40:45",290300
43.2,0.15,100,"bu","09:39:06",283000
43.15,0.1,200,"sd","09:40:58",304800
43.2,0.15,1000,"bu","09:40:58",304600
43.15,0.1,500,"sd","09:40:36",289900
43.2,0.15,2400,"bu","09:40:35",289400
43.2,0.15,100,"bu","09:38:59",282900
43.15,0.1,200,"sd","09:38:56",282800
43.2,0.15,100,"bu","09:27:57",211600
43.2,0.15,300,"bu","09:27:47",209900
43.2,0.15,200,"bu","09:27:46",209600
43.2,0.15,100,"bu","09:39:49",285700
43.2,0.15,100,"bu","09:38:54",282600
43.2,0.15,300,"bu","09:38:53",282500
43.2,0.15,100,"bu","09:39:41",285600
43.2,0.15,1300,"bu","09:38:49",282200
43.2,0.15,100,"bu","09:38:48",280900
43.2,0.15,1000,"bu","09:39:38",285500
43.2,0.15,200,"bu","09:38:44",280800
43.2,0.15,100,"bu","09:39:37",284500
43.2,0.15,100,"bu","09:39:36",284400
43.2,0.15,200,"bu","09:39:35",284300
43.2,0.15,100,"bu","09:38:18",269100
43.2,0.15,100,"bu","09:38:20",269200
43.2,0.15,1300,"bu","09:38:11",269000
43.2,0.15,200,"bu","09:38:11",267700
43.15,0.1,500,"sd","09:38:10",267500
43.15,0.1,100,"sd","09:37:32",262800
43.2,0.15,300,"bu","09:37:54",263700
43.2,0.15,100,"bu","09:37:53",263400
43.2,0.15,100,"bu","09:38:02",264200
43.2,0.15,400,"bu","09:37:59",264100
43.2,0.15,2500,"bu","09:38:08",267000
43.2,0.15,200,"bu","09:38:06",264500
43.2,0.15,100,"bu","09:38:05",264300
43.2,0.15,100,"bu","09:37:49",263300
43.2,0.15,100,"bu","09:37:47",263200
43.15,0.1,100,"sd","09:37:45",263100
43.2,0.15,100,"bu","09:37:42",263000
43.2,0.15,100,"bu","09:37:36",262900
43.25,0.2,100,"bu","09:45:29",398400
43.2,0.15,500,"sd","09:45:24",398300
43.2,0.15,100,"sd","09:45:55",398600
43.25,0.2,100,"bu","09:45:49",398500
43.2,0.15,100,"bu","09:30:56",222800
43.2,0.15,1000,"bu","09:30:52",222700
43.2,0.15,200,"bu","09:30:51",221700
43.2,0.15,100,"bu","09:30:50",221500
43.2,0.15,100,"bu","09:30:49",221400
43.15,0.1,1800,"sd","09:24:42",150500
43.15,0.1,300,"sd","09:24:41",148700
43.2,0.15,5700,"sd","09:24:41",148400
43.2,0.15,1800,"sd","09:45:09",397400
43.2,0.15,100,"sd","09:45:04",395600
43.2,0.15,20000,"bu","09:43:29",347200
43.15,0.1,100,"sd","09:43:29",327200
43.2,0.15,100,"bu","09:43:25",327100
43.2,0.15,2300,"bu","09:43:14",327000
43.2,0.15,3000,"bu","09:43:07",324700
43.2,0.15,400,"sd","09:45:13",397800
43.2,0.15,1900,"bu","10:02:14",609300
43.2,0.15,39800,"bu","10:02:14",607400
43.15,0.1,5600,"sd","10:02:11",567600
43.2,0.15,3800,"sd","10:02:25",613200
43.2,0.15,100,"sd","10:02:23",609400
