"price","change","match_qtty","side","time","total_vol"
11.25,0,48500,"sd","14:24:28",4880500
11.3,0.05,100,"bu","14:24:52",4887600
11.25,0,30000,"sd","14:24:23",4832000
11.25,0,5000,"sd","14:24:47",4887500
11.3,0.05,100,"bu","14:24:22",4802000
11.3,0.05,100,"bu","14:23:54",4798000
11.25,0,2000,"sd","14:24:42",4882500
11.3,0.05,1500,"bu","14:24:12",4801900
11.25,0,2400,"sd","14:24:00",4800400
11.3,0.05,100,"bu","14:23:40",4797900
11.3,0.05,1000,"bu","14:22:18",4770400
11.25,0,2000,"sd","14:23:31",4797800
11.25,0,1000,"sd","14:23:31",4795800
11.25,0,2500,"sd","14:23:26",4794800
11.3,0.05,100,"bu","14:23:25",4792300
11.25,0,15000,"sd","14:23:25",4792200
11.2,-0.05,3100,"sd","14:16:00",4365400
11.25,0,100,"sd","14:20:06",4744100
11.25,0,20000,"sd","14:20:06",4744000
11.25,0,800,"bu","14:16:47",4383700
11.25,0,1600,"bu","14:16:29",4382100
11.25,0,2400,"sd","14:21:55",4769400
11.25,0,100,"bu","14:15:43",4362300
11.25,0,20000,"sd","14:19:09",4606300
11.25,0,5000,"bu","14:16:25",4380500
11.25,0,10000,"sd","14:21:47",4767000
11.25,0,100,"bu","14:14:46",4353700
11.25,0,500,"sd","14:19:46",4724000
11.25,0,10000,"sd","14:19:44",4723500
11.25,0,5400,"sd","14:21:22",4757000
11.25,0,4600,"sd","14:21:22",4751600
11.25,0,2400,"sd","14:20:22",4747000
11.25,0,107000,"sd","14:19:38",4713500
11.25,0,100,"bu","14:16:10",4375500
11.25,0,500,"sd","14:20:17",4744600
11.25,0,10000,"bu","14:16:07",4375400
11.25,0,200,"sd","14:19:33",4606500
11.25,0,800,"bu","14:16:45",4382900
11.25,0,1000,"bu","14:15:27",4362200
11.25,0,500,"bu","14:14:20",4348800
11.25,0,300,"bu","14:14:19",4348300
11.25,0,3500,"bu","14:14:10",4348000
11.25,0,100,"bu","14:14:43",4353600
11.25,0,500,"bu","14:14:29",4353500
11.25,0,100,"bu","14:14:28",4353000
11.25,0,3500,"bu","14:14:27",4352900
11.25,0,100,"bu","14:14:26",4349400
11.25,0,500,"bu","14:14:26",4349300
11.25,0,4400,"bu","14:17:10",4443200
11.25,0,3000,"bu","14:17:08",4438800
11.25,0,2000,"sd","14:17:46",4581800
11.25,0,9500,"bu","14:17:37",4579800
11.25,0,50000,"bu","14:17:32",4570300
11.25,0,1000,"sd","14:18:30",4586300
11.25,0,20000,"bu","14:17:30",4520300
11.25,0,55000,"bu","14:17:26",4500300
11.25,0,3500,"sd","14:18:10",4585300
11.25,0,1000,"bu","14:17:20",4445300
11.25,0,1100,"bu","14:17:18",4444300
11.25,0,1000,"bu","14:13:12",4288400
11.25,0,2100,"bu","14:13:11",4287400
11.25,0,600,"bu","14:13:09",4285300
11.25,0,1000,"bu","14:13:38",4291500
11.25,0,600,"bu","14:14:04",4344500
11.25,0,50000,"bu","14:13:59",4343900
11.25,0,500,"bu","14:15:06",4354200
11.25,0,50000,"bu","14:17:04",4435800
11.2,-0.05,800,"sd","14:11:35",4275800
11.25,0,300,"bu","14:17:02",4385800
11.25,0,7000,"bu","14:15:08",4361200
11.25,0,200,"bu","14:13:54",4293900
11.25,0,2100,"bu","14:13:41",4293600
11.2,-0.05,300,"sd","14:10:57",4275000
11.2,-0.05,200,"sd","14:10:56",4274700
11.2,-0.05,200,"sd","14:10:49",4274500
11.25,0,600,"bu","14:04:09",4234600
11.25,0,100,"bu","13:59:09",4196900
11.25,0,2000,"bu","13:59:00",4196800
11.3,0.05,200,"bu","14:29:18",5038300
11.25,0,4300,"sd","14:22:26",4774700
11.2,-0.05,100,"sd","14:01:55",4206800
11.25,0,200,"bu","13:58:54",4194800
11.2,-0.05,100,"sd","14:01:50",4206700
11.25,0,1000,"bu","14:00:11",4205900
11.25,0,5000,"bu","14:00:09",4204900
11.25,0,6000,"sd","14:25:23",4898200
11.2,-0.05,1600,"sd","14:03:50",4234000
11.25,0,4600,"sd","14:25:21",4892200
11.25,0,500,"bu","14:03:45",4232400
11.25,0,500,"bu","13:59:51",4197800
11.3,0.05,100,"bu","14:29:57",5043900
11.25,0,5000,"bu","14:10:24",4274300
11.25,0,100,"bu","13:59:47",4197300
11.25,0,3000,"bu","14:10:21",4269300
11.3,0.05,5300,"bu","14:29:30",5043600
11.25,0,300,"bu","13:59:36",4197200
11.25,0,2400,"sd","14:22:59",4777200
11.3,0.05,100,"bu","14:22:47",4774800
11.25,0,1000,"bu","14:07:31",4239500
11.2,-0.05,100,"sd","14:00:54",4206500
11.3,0.05,200,"bu","14:29:48",5043800
11.3,0.05,100,"bu","14:25:48",4898300
11.25,0,25000,"bu","14:09:58",4266300
11.25,0,1600,"bu","14:07:16",4238500
11.25,0,500,"bu","14:00:39",4206400
11.25,0,12900,"bu","13:45:31",3867500
11.25,0,100,"bu","13:45:22",3854600
11.25,0,40000,"bu","13:45:20",3854500
11.25,0,9000,"bu","13:45:18",3814500
11.25,0,500,"bu","13:44:54",3805100
11.25,0,25000,"bu","13:47:02",3911100
11.25,0,200,"bu","13:45:34",3867700
11.25,0,40000,"bu","13:44:19",3800900
11.25,0,200,"bu","13:44:15",3759000
11.25,0,300,"bu","13:44:14",3758800
11.25,0,300,"bu","13:44:30",3801400
11.2,-0.05,100,"sd","13:44:48",3804600
11.25,0,200,"bu","13:44:24",3801100
11.25,0,3100,"bu","13:44:34",3804500
11.25,0,1900,"bu","13:44:18",3760900
11.25,0,3000,"bu","13:34:27",3349900
11.25,0,300,"bu","14:08:49",4239900
11.25,0,1000,"bu","13:34:57",3352900
11.25,0,2000,"bu","13:34:45",3351900
11.25,0,1000,"bu","14:09:16",4241300
11.25,0,400,"bu","14:09:01",4240300
11.25,0,100,"bu","14:08:05",4239600
11.2,-0.05,100,"sd","13:55:32",4082000
11.25,0,100,"bu","13:51:12",3920400
11.25,0,1000,"bu","13:51:51",3926400
11.25,0,5000,"bu","13:51:25",3925400
11.2,-0.05,1600,"sd","13:31:16",3301700
11.25,0,12600,"sd","13:32:07",3340900
11.25,0,1500,"bu","13:33:01",3344400
11.2,-0.05,2400,"sd","13:31:08",3300100
11.25,0,100,"bu","13:32:46",3342900
11.2,-0.05,100,"sd","13:32:45",3342800
11.25,0,900,"sd","13:28:06",3184400
11.25,0,17400,"bu","13:31:47",3328300
11.25,0,100,"bu","13:31:43",3310900
11.25,0,300,"bu","13:31:43",3310800
11.25,0,2000,"bu","13:31:41",3310500
11.25,0,300,"bu","13:31:04",3297700
11.25,0,200,"bu","13:31:40",3308500
11.25,0,100,"bu","13:31:26",3308300
11.2,-0.05,2400,"sd","13:31:26",3308200
11.2,-0.05,2400,"sd","13:33:15",3346800
11.25,0,600,"bu","13:32:20",3342700
11.2,-0.05,200,"sd","13:32:20",3342100
11.2,-0.05,1300,"sd","13:31:22",3305800
11.25,0,1000,"bu","13:32:11",3341900
11.2,-0.05,800,"sd","13:31:20",3304500
11.25,0,2000,"bu","13:31:20",3303700
11.25,0,5000,"sd","13:27:49",3183500
11.25,0,1900,"bu","13:31:02",3297400
11.3,0.05,100,"bu","14:28:43",4979400
11.25,0,24900,"sd","14:28:53",5011100
11.3,0.05,300,"bu","14:28:52",4986200
11.3,0.05,900,"bu","14:29:08",5038100
11.3,0.05,100,"bu","14:29:04",5037200
11.25,0,527200,"","14:45:05",5571100
11.25,0,26000,"sd","14:29:02",5037100
11.3,0.05,6500,"bu","14:28:48",4985900
11.3,0.05,400,"bu","14:28:31",4979300
11.3,0.05,22000,"bu","13:18:29",2690100
11.3,0.05,20000,"bu","14:28:01",4936300
11.25,0,40000,"sd","14:28:16",4977300
11.25,0,300,"bu","14:16:58",4385500
11.25,0,1500,"bu","14:16:55",4385200
11.3,0.05,1600,"bu","14:28:17",4978900
11.3,0.05,800,"bu","14:28:03",4937300
11.3,0.05,200,"bu","14:28:01",4936500
11.3,0.05,4600,"bu","14:27:28",4915600
11.25,0,100,"bu","14:13:46",4293700
11.25,0,4500,"sd","14:27:26",4911000
11.25,0,2000,"sd","14:27:19",4906500
11.25,0,4800,"sd","14:26:44",4903100
11.25,0,300,"sd","14:27:44",4915900
11.25,0,1000,"sd","14:27:14",4904500
11.25,0,400,"sd","14:27:56",4916300
11.3,0.05,300,"bu","14:27:06",4903500
11.3,0.05,100,"bu","14:27:03",4903200
11.25,0,100,"bu","14:12:01",4276200
11.2,-0.05,200,"sd","14:11:54",4276100
11.25,0,100,"bu","14:11:54",4275900
11.25,0,200,"bu","13:58:14",4194500
11.25,0,5000,"bu","14:12:46",4284700
11.25,0,200,"bu","13:58:00",4194300
11.25,0,100,"bu","14:13:22",4288500
11.25,0,300,"bu","14:12:23",4279700
11.25,0,2000,"bu","14:13:31",4290500
11.2,-0.05,100,"sd","14:02:16",4206900
11.25,0,200,"bu","14:12:12",4279400
11.25,0,25000,"bu","13:52:59",3979900
11.25,0,3000,"bu","14:12:09",4279200
11.25,0,200,"bu","14:04:38",4234800
11.25,0,100,"bu","13:52:41",3954900
11.25,0,25000,"bu","14:03:30",4231900
11.2,-0.05,500,"sd","13:54:40",4081300
11.25,0,200,"bu","13:47:52",3913200
11.2,-0.05,100,"sd","13:48:32",3915900
11.2,-0.05,100,"sd","14:05:33",4235700
11.25,0,1000,"bu","13:47:36",3913000
11.25,0,2000,"bu","14:00:02",4199900
11.25,0,100,"bu","14:00:02",4197900
11.25,0,100,"bu","14:05:57",4236000
11.25,0,100,"bu","13:58:35",4194600
11.25,0,25000,"bu","13:57:53",4194100
11.25,0,100,"bu","13:46:03",3886000
11.25,0,200,"bu","13:45:59",3885900
11.2,-0.05,100,"sd","14:06:01",4236100
11.25,0,400,"bu","13:45:57",3885700
11.2,-0.05,100,"sd","14:05:53",4235900
11.25,0,300,"bu","13:48:58",3916200
11.25,0,500,"bu","13:45:48",3885300
11.2,-0.05,100,"sd","13:45:48",3884800
11.2,-0.05,100,"sd","14:05:43",4235800
11.25,0,17000,"bu","13:45:43",3884700
11.25,0,200,"bu","13:45:04",3805500
11.25,0,100,"bu","13:41:52",3737600
11.25,0,100,"bu","13:39:41",3570800
11.25,0,25000,"bu","13:38:26",3407500
11.25,0,5000,"bu","13:39:38",3570700
11.2,-0.05,100,"sd","13:37:10",3376800
11.25,0,21600,"sd","13:41:38",3737500
11.25,0,10000,"bu","13:39:29",3565700
11.25,0,1000,"bu","13:39:24",3555700
11.25,0,3400,"bu","13:41:30",3715900
11.25,0,100,"bu","13:39:22",3554700
11.2,-0.05,5000,"sd","13:38:08",3382500
11.25,0,200,"bu","13:42:42",3753000
11.2,-0.05,100,"sd","13:41:25",3712500
11.25,0,6000,"bu","13:41:24",3712400
11.25,0,900,"bu","13:41:21",3706400
11.25,0,100,"bu","13:39:13",3554600
11.25,0,10000,"bu","13:39:12",3554500
11.25,0,3600,"bu","13:42:31",3752800
11.25,0,200,"bu","13:41:18",3705500
11.25,0,4300,"bu","13:39:03",3544500
11.25,0,400,"bu","13:37:48",3377500
11.25,0,10000,"bu","13:42:25",3749200
11.2,-0.05,100,"sd","13:42:20",3739200
11.25,0,300,"bu","13:42:18",3739100
11.25,0,90000,"bu","13:41:09",3705300
11.25,0,2500,"bu","13:38:55",3540200
11.2,-0.05,100,"sd","13:38:54",3537700
11.25,0,300,"bu","13:37:44",3377100
11.25,0,1000,"bu","13:42:12",3738800
11.25,0,100,"bu","13:40:03",3582000
11.25,0,130000,"bu","13:38:45",3537600
11.2,-0.05,100,"sd","13:39:48",3581900
11.25,0,11000,"bu","13:39:45",3581800
11.25,0,100,"bu","13:38:34",3407600
11.2,-0.05,200,"sd","13:41:55",3737800
11.25,0,200,"bu","13:35:33",3375700
11.25,0,2000,"bu","13:35:31",3375500
11.2,-0.05,100,"sd","13:35:31",3373500
11.2,-0.05,100,"sd","13:43:56",3758200
11.25,0,1000,"bu","13:35:30",3373400
11.25,0,100,"bu","13:35:27",3372400
11.25,0,300,"bu","13:53:53",4080300
11.25,0,100000,"bu","13:53:35",4080000
11.25,0,100,"bu","13:36:31",3376700
11.25,0,19000,"bu","13:35:17",3372300
11.2,-0.05,100,"sd","13:51:53",3926500
11.25,0,25000,"bu","13:51:53",3951500
11.2,-0.05,500,"sd","13:55:27",4081900
11.2,-0.05,5000,"sd","13:43:28",3758100
11.25,0,500,"bu","13:36:06",3376600
11.2,-0.05,100,"sd","13:55:03",4081400
11.25,0,500,"bu","13:50:30",3917400
11.25,0,100,"bu","13:36:02",3376100
11.25,0,100,"bu","13:36:00",3376000
11.25,0,100,"bu","13:43:10",3753100
11.25,0,200,"bu","13:35:50",3375900
11.25,0,200,"bu","13:45:00",3805300
11.25,0,300,"bu","13:44:05",3758500
11.25,0,100,"bu","13:40:53",3615300
11.2,-0.05,2400,"sd","13:30:33",3293100
11.25,0,2500,"bu","13:50:45",3919900
11.2,-0.05,1000,"sd","13:30:32",3290700
11.25,0,100,"bu","13:50:09",3916900
11.25,0,200,"bu","13:40:33",3615200
11.25,0,600,"bu","13:30:16",3289700
11.25,0,100,"bu","13:30:15",3289100
11.25,0,100,"bu","13:46:14",3886100
11.25,0,1000,"bu","13:40:28",3615000
11.25,0,500,"bu","13:40:25",3614000
11.25,0,500,"bu","13:40:22",3613500
11.25,0,200,"bu","13:49:36",3916800
11.2,-0.05,100,"sd","13:49:35",3916600
11.25,0,500,"bu","13:40:17",3613000
11.25,0,300,"bu","13:49:14",3916500
11.25,0,2600,"bu","13:48:05",3915800
11.25,0,30000,"bu","13:40:10",3612500
11.25,0,500,"bu","13:40:10",3582500
11.2,-0.05,100,"sd","13:53:23",3980000
11.25,0,500,"bu","13:47:30",3912000
11.2,-0.05,2400,"sd","13:30:49",3295500
11.25,0,400,"bu","13:51:03",3920300
11.25,0,400,"bu","13:47:21",3911500
11.3,0.05,1000,"bu","13:29:56",3287500
11.25,0,100,"bu","13:30:12",3289000
11.25,0,2400,"sd","13:29:49",3286500
11.25,0,2700,"bu","13:52:38",3954800
11.25,0,500,"bu","13:52:10",3952100
11.25,0,100,"bu","13:52:05",3951600
11.25,0,800,"bu","14:05:09",4235600
11.25,0,800,"bu","14:06:41",4236900
11.25,0,500,"bu","13:54:08",4080800
11.25,0,300,"bu","13:35:00",3353300
11.25,0,100,"bu","13:34:59",3353000
11.25,0,100,"bu","13:33:50",3346900
11.25,0,1400,"sd","13:30:08",3288900
11.25,0,2400,"sd","13:28:22",3186800
11.2,-0.05,800,"sd","13:22:31",3076700
11.2,-0.05,800,"sd","13:22:29",3074900
11.25,0,1000,"bu","13:22:30",3075900
11.25,0,100,"bu","13:23:45",3158400
11.25,0,334500,"sd","13:22:22",3074100
11.25,0,10000,"sd","13:22:20",2739600
11.25,0,10000,"bu","13:23:40",3158300
11.25,0,700,"bu","13:23:15",3105800
11.2,-0.05,2400,"sd","13:29:32",3281900
11.25,0,200,"bu","13:29:45",3284100
11.25,0,100,"sd","13:28:38",3186900
11.25,0,2000,"bu","13:29:34",3283900
11.25,0,100,"bu","13:29:31",3279500
11.25,0,5000,"bu","13:29:03",3260400
11.25,0,66100,"sd","13:29:02",3255400
11.3,0.05,100,"bu","13:24:05",3158500
11.25,0,19000,"bu","13:29:21",3279400
11.25,0,2400,"sd","13:28:48",3189300
11.25,0,40000,"bu","13:23:32",3148300
11.2,-0.05,2400,"sd","13:23:32",3108300
11.25,0,100,"bu","13:23:32",3105900
11.3,0.05,10000,"bu","13:17:00",2657700
11.25,0,1000,"bu","13:22:55",3077700
11.3,0.05,500,"bu","13:20:55",2721200
11.25,0,2400,"sd","13:22:13",2729600
11.25,0,2400,"sd","13:20:54",2720700
11.3,0.05,200,"bu","13:22:13",2727200
11.25,0,25000,"bu","13:23:08",3105100
11.2,-0.05,2400,"sd","13:23:07",3080100
11.3,0.05,20000,"bu","13:15:57",2606800
11.25,0,400,"sd","13:21:15",2721600
11.3,0.05,100,"bu","13:15:56",2586800
11.3,0.05,400000,"bu","13:15:47",2586700
11.25,0,3000,"sd","13:21:59",2727000
11.25,0,2400,"sd","13:21:58",2724000
11.3,0.05,200,"bu","13:17:22",2657900
11.25,0,1600,"sd","13:19:45",2718300
11.3,0.05,7300,"bu","13:19:40",2716700
11.3,0.05,10000,"bu","13:19:35",2709400
11.3,0.05,100,"bu","13:19:34",2699400
11.3,0.05,9000,"bu","13:19:25",2699300
11.25,0,5000,"sd","13:02:48",2056300
11.25,0,200,"sd","13:01:37",2049300
11.25,0,2900,"sd","13:01:35",2049100
11.25,0,100,"sd","13:00:04",2046200
11.3,0.05,2100,"bu","13:00:04",2046100
11.25,0,2000,"sd","13:02:23",2051300
11.25,0,5000,"sd","13:00:02",2044000
11.25,0,100,"sd","13:03:30",2076900
11.25,0,300,"sd","13:00:01",2039000
11.25,0,100,"sd","13:00:00",2038700
11.3,0.05,500,"bu","13:03:20",2076800
11.3,0.05,20000,"bu","13:03:19",2076300
11.25,0,3000,"sd","13:04:40",2079900
11.3,0.05,2000,"bu","11:25:12",1975900
11.3,0.05,200,"sd","13:16:10",2633400
11.3,0.05,200,"sd","13:16:05",2633200
11.3,0.05,1700,"bu","13:16:04",2633000
11.3,0.05,5000,"bu","13:17:49",2667900
11.25,0,4200,"sd","11:28:20",1988100
11.3,0.05,5000,"bu","13:17:40",2662900
11.25,0,2000,"sd","11:27:56",1983900
11.3,0.05,500,"bu","11:26:26",1976900
11.3,0.05,200,"bu","13:18:15",2668100
11.3,0.05,500,"bu","11:26:13",1976400
11.3,0.05,12200,"sd","13:16:29",2647700
11.3,0.05,100,"sd","13:16:28",2635500
11.3,0.05,100,"bu","13:18:46",2690300
11.3,0.05,100,"bu","13:18:45",2690200
11.3,0.05,1000,"bu","13:16:19",2635400
11.3,0.05,5000,"bu","11:27:19",1981900
11.25,0,1000,"sd","13:16:13",2634400
11.3,0.05,24500,"bu","13:15:58",2631300
11.3,0.05,1000,"bu","13:11:41",2156400
11.3,0.05,100,"bu","13:10:08",2143200
11.25,0,200,"sd","11:29:34",2038400
11.25,0,4000,"sd","13:10:05",2143100
11.3,0.05,200,"bu","13:09:56",2136100
11.3,0.05,5000,"bu","13:11:55",2161400
11.25,0,50000,"sd","11:29:25",2038200
11.3,0.05,100,"bu","13:11:15",2155400
11.3,0.05,500,"bu","11:19:55",1964200
11.3,0.05,12000,"bu","13:11:09",2155300
11.25,0,100,"sd","13:11:09",2143300
11.3,0.05,3400,"bu","11:20:28",1967600
11.3,0.05,25000,"bu","13:13:20",2186700
11.25,0,300,"sd","13:13:02",2161700
11.3,0.05,3000,"bu","11:18:42",1933700
11.3,0.05,5000,"bu","11:18:21",1930700
11.25,0,100,"sd","13:26:55",3170500
11.3,0.05,25000,"bu","13:09:12",2135900
11.25,0,500,"sd","13:09:09",2110900
11.25,0,9100,"sd","13:26:38",3170400
11.25,0,2400,"sd","13:26:32",3161300
11.25,0,300,"sd","13:26:22",3158900
11.25,0,100,"sd","13:08:26",2106400
11.25,0,100,"sd","13:26:22",3158600
11.25,0,2400,"sd","13:27:14",3178500
11.25,0,100,"sd","13:27:12",3176100
11.25,0,5500,"sd","13:27:08",3176000
11.3,0.05,3000,"bu","13:10:00",2139100
11.3,0.05,100,"bu","11:11:43",1915100
11.25,0,2000,"sd","11:08:07",1831300
11.3,0.05,8700,"bu","11:11:08",1915000
11.3,0.05,71300,"bu","11:11:08",1906300
11.3,0.05,100,"bu","11:08:03",1829300
11.25,0,200,"sd","11:09:29",1832000
11.3,0.05,2000,"bu","11:12:48",1924200
11.25,0,3000,"sd","11:10:24",1835000
11.25,0,500,"sd","11:08:47",1831800
11.25,0,1000,"sd","10:54:54",1556100
11.25,0,100,"sd","11:04:34",1799200
11.3,0.05,2000,"bu","11:07:03",1829200
11.25,0,300,"bu","11:02:45",1748100
11.25,0,700,"sd","11:02:41",1747800
11.25,0,42000,"sd","11:02:41",1747100
11.25,0,5000,"sd","10:57:28",1636600
11.3,0.05,1000,"bu","11:05:34",1827200
11.3,0.05,400,"bu","10:57:14",1631600
11.25,0,27000,"sd","11:05:08",1826200
11.25,0,51000,"sd","11:03:35",1799100
11.25,0,50000,"sd","10:56:01",1616200
11.25,0,100,"bu","10:59:26",1685900
11.25,0,1800,"sd","10:59:24",1685800
11.3,0.05,10100,"bu","10:55:56",1566200
11.25,0,1700,"sd","10:54:13",1555100
11.25,0,18400,"sd","10:59:24",1684000
11.3,0.05,300,"bu","11:01:25",1704500
11.3,0.05,600,"bu","11:01:32",1705100
11.3,0.05,100,"bu","11:01:15",1704200
11.25,0,1000,"sd","10:53:53",1553400
11.25,0,2000,"sd","10:56:27",1631200
11.25,0,13000,"sd","10:56:19",1629200
11.25,0,3900,"bu","10:59:46",1691100
11.25,0,1000,"bu","10:59:45",1687200
11.25,0,300,"bu","10:59:43",1686200
11.25,0,48300,"sd","10:48:55",1495800
11.25,0,89700,"sd","10:48:54",1447500
11.25,0,5000,"sd","10:47:10",1357300
11.25,0,25000,"sd","10:49:02",1520800
11.3,0.05,500,"bu","10:47:25",1357800
11.25,0,25000,"sd","10:51:58",1551400
11.25,0,500,"sd","10:51:49",1526400
11.25,0,1000,"sd","10:53:44",1552400
11.25,0,5000,"sd","10:51:20",1525900
11.3,0.05,100,"bu","10:49:50",1520900
11.25,0,600,"sd","10:43:36",1340100
11.25,0,10000,"sd","10:58:57",1665600
11.25,0,2000,"sd","10:58:57",1655600
11.25,0,4000,"sd","10:43:31",1339500
11.25,0,1000,"sd","10:43:28",1335500
11.25,0,10000,"sd","10:44:48",1352100
11.25,0,7000,"sd","10:58:30",1653600
11.25,0,200,"sd","10:45:13",1352300
11.25,0,100,"sd","10:42:59",1334500
11.25,0,5300,"sd","10:42:57",1334400
11.25,0,10000,"sd","10:58:17",1646600
11.25,0,2000,"sd","10:43:49",1342100
11.25,0,100,"sd","10:36:58",1319600
11.3,0.05,100,"bu","10:38:09",1324500
11.3,0.05,300,"bu","10:38:02",1324400
11.25,0,3500,"sd","10:42:08",1329100
11.25,0,4000,"sd","10:37:53",1324100
11.25,0,1000,"sd","10:41:17",1325600
11.2,-0.05,300,"sd","10:26:49",1086000
11.25,0,500,"sd","10:37:10",1320100
11.25,0,1000,"sd","11:12:40",1922200
11.25,0,200,"sd","13:00:00",2038600
11.3,0.05,3000,"bu","11:12:29",1921200
11.3,0.05,3000,"bu","11:12:21",1918200
11.3,0.05,5000,"bu","13:06:53",2106200
11.3,0.05,100,"bu","11:12:04",1915200
11.25,0,1000,"bu","10:33:36",1215200
11.25,0,10000,"bu","10:30:38",1155400
11.25,0,300,"bu","10:33:27",1214200
11.25,0,10000,"bu","10:30:33",1145400
11.25,0,5600,"bu","10:33:22",1213900
11.25,0,200,"bu","10:33:21",1208300
11.25,0,2000,"sd","10:59:55",1693100
11.25,0,6000,"sd","11:00:26",1699100
11.3,0.05,100,"bu","10:39:28",1324600
11.25,0,300,"bu","10:35:07",1218700
11.25,0,100,"bu","10:35:00",1216900
11.25,0,600,"bu","10:33:46",1216100
11.25,0,5000,"sd","11:00:51",1704100
11.25,0,300,"bu","10:33:41",1215500
11.25,0,1900,"bu","10:30:42",1157300
11.25,0,300,"bu","10:23:28",1080000
11.2,-0.05,1700,"sd","10:24:28",1084800
11.2,-0.05,800,"sd","10:30:15",1135400
11.25,0,600,"bu","10:29:09",1114500
11.25,0,20000,"bu","10:30:11",1134600
11.25,0,800,"bu","10:25:57",1085700
11.25,0,100,"bu","10:24:14",1083100
11.25,0,100,"bu","10:30:01",1114600
11.25,0,1000,"bu","10:23:56",1083000
11.2,-0.05,5000,"sd","10:28:44",1113900
11.25,0,100,"bu","10:23:55",1082000
11.25,0,100,"bu","10:25:16",1084900
11.25,0,1900,"bu","10:23:33",1081900
11.3,0.05,3300,"bu","11:22:44",1970900
11.25,0,3000,"sd","11:24:05",1973900
11.25,0,1600,"bu","10:21:54",1078100
11.25,0,200,"bu","10:21:48",1076500
11.25,0,10000,"bu","10:21:29",1076300
11.25,0,5000,"bu","10:21:21",1066300
11.2,-0.05,49700,"sd","10:14:46",1041900
11.2,-0.05,1000,"sd","10:08:23",916300
11.25,0,100,"bu","10:20:27",1061300
11.25,0,1800,"bu","10:09:55",918700
11.25,0,500,"bu","10:14:46",992200
11.25,0,200,"bu","10:09:43",916900
11.25,0,100,"bu","10:08:32",916400
11.2,-0.05,100,"sd","10:07:58",915300
11.25,0,1000,"bu","10:20:05",1059600
11.25,0,100,"bu","10:09:31",916700
11.25,0,200,"bu","10:09:20",916600
11.2,-0.05,400,"sd","10:07:18",915200
11.25,0,100,"bu","10:06:51",914800
11.25,0,100,"bu","10:05:42",912100
11.25,0,500,"bu","10:06:44",914700
11.25,0,400,"bu","10:06:40",914200
11.25,0,10000,"bu","10:05:34",912000
11.25,0,500,"bu","10:05:27",902000
11.25,0,1200,"bu","10:06:23",913800
11.25,0,100,"bu","10:05:12",901500
11.25,0,500,"bu","10:05:07",901400
11.25,0,200,"bu","10:06:15",912600
11.25,0,100,"bu","10:06:06",912400
11.25,0,100,"bu","10:06:05",912300
11.25,0,100,"bu","10:05:54",912200
11.25,0,800,"bu","10:12:36",978700
11.25,0,600,"bu","10:13:46",991500
11.25,0,100,"bu","10:17:00",1043400
11.25,0,500,"bu","10:15:42",1042500
11.25,0,100,"bu","10:16:54",1043300
11.25,0,20000,"bu","10:12:19",977900
11.25,0,100,"bu","10:16:48",1043200
11.25,0,5000,"bu","10:12:10",957900
11.25,0,400,"bu","10:16:45",1043100
11.25,0,100,"bu","10:16:41",1042700
11.25,0,1000,"bu","10:13:23",990900
11.25,0,1000,"bu","10:13:21",989900
11.25,0,100,"bu","10:16:39",1042600
11.25,0,2100,"bu","10:13:17",988900
11.25,0,2000,"bu","10:13:12",986800
11.25,0,100,"bu","10:15:10",1042000
11.25,0,1600,"bu","10:13:04",984800
11.2,-0.05,3900,"sd","10:13:01",983200
11.25,0,200,"bu","10:13:52",991700
11.25,0,500,"bu","10:12:52",979300
11.25,0,100,"bu","10:10:13",918800
11.25,0,100,"bu","10:12:41",978800
11.25,0,100,"bu","10:27:11",1086600
11.25,0,500,"bu","10:27:09",1086500
11.2,-0.05,1600,"sd","10:31:52",1201600
11.2,-0.05,13000,"sd","10:28:13",1108800
11.25,0,42000,"bu","10:31:41",1200000
11.25,0,1600,"bu","10:22:37",1079700
11.25,0,100,"sd","11:29:12",1988200
11.2,-0.05,400,"sd","10:31:34",1158000
11.25,0,200,"bu","10:28:00",1095800
11.25,0,30000,"sd","11:19:25",1963700
11.25,0,100,"bu","10:31:23",1157600
11.25,0,1000,"bu","10:27:49",1095600
11.3,0.05,100,"bu","13:07:49",2106300
11.25,0,200,"bu","10:31:21",1157500
11.25,0,8000,"bu","10:27:45",1094600
11.25,0,400,"bu","10:32:26",1202000
11.2,-0.05,100,"sd","10:28:23",1108900
11.25,0,9700,"bu","09:59:24",774600
11.25,0,5000,"bu","09:59:18",764900
11.25,0,200,"bu","09:59:16",759900
11.25,0,100,"bu","10:01:06",819000
11.25,0,5000,"bu","10:00:30",785400
11.25,0,100,"bu","10:01:38",819700
11.25,0,2000,"bu","09:58:57",759700
11.25,0,400,"bu","10:01:32",819600
11.25,0,200,"bu","10:01:19",819200
11.25,0,6000,"bu","10:01:42",825700
11.25,0,1000,"bu","10:00:00",780400
11.25,0,800,"bu","09:59:50",779400
11.25,0,1500,"bu","10:00:57",818900
11.25,0,32000,"bu","10:00:53",817400
11.25,0,4000,"bu","09:59:34",778600
11.25,0,17500,"bu","09:46:32",553300
11.25,0,10000,"bu","09:46:32",535800
11.25,0,200,"bu","09:46:27",525800
11.3,0.05,200,"bu","09:49:54",558600
11.25,0,100,"sd","09:48:43",553400
11.25,0,5000,"sd","09:49:44",558400
11.3,0.05,100,"bu","09:53:02",565700
11.25,0,4000,"sd","09:53:17",569700
11.3,0.05,500,"bu","09:52:39",565600
11.3,0.05,1000,"bu","09:52:38",565100
11.3,0.05,500,"bu","09:52:26",564100
11.25,0,1000,"bu","10:35:44",1240000
11.25,0,300,"bu","10:35:40",1239000
11.25,0,100,"bu","10:33:16",1208100
11.25,0,6000,"bu","10:33:14",1208000
11.3,0.05,1500,"bu","09:55:24",571200
11.25,0,4900,"bu","10:35:29",1238700
11.25,0,600,"bu","10:35:28",1233800
11.25,0,500,"bu","10:35:18",1233200
11.25,0,14000,"bu","10:35:13",1232700
11.3,0.05,1000,"bu","11:13:13",1925200
11.25,0,300,"sd","13:05:20",2100700
11.25,0,1500,"bu","10:35:03",1218400
11.25,0,500,"sd","13:05:14",2100400
11.25,0,20000,"sd","13:05:12",2099900
11.25,0,500,"bu","10:34:23",1216800
11.3,0.05,500,"bu","13:06:08",2101200
11.25,0,200,"bu","10:34:14",1216300
11.25,0,100,"bu","10:35:50",1240100
11.3,0.05,4000,"bu","09:52:00",563600
11.25,0,1000,"bu","09:56:22",748700
11.3,0.05,300,"bu","09:56:00",571500
11.25,0,15000,"bu","09:56:16",747700
11.25,0,600,"bu","09:56:13",732700
11.25,0,1600,"bu","10:20:20",1061200
11.25,0,200,"sd","09:51:23",559600
11.25,0,160600,"sd","09:56:08",732100
11.3,0.05,800,"bu","09:50:16",559400
11.25,0,5000,"bu","10:11:29",947300
11.25,0,100,"bu","10:11:24",942300
11.25,0,1600,"bu","10:19:02",1052300
11.25,0,23400,"bu","10:11:15",942200
11.2,-0.05,100,"sd","10:17:43",1050500
11.25,0,200,"bu","10:18:51",1050700
11.2,-0.05,500,"sd","10:17:33",1050400
11.2,-0.05,5000,"sd","10:17:25",1049900
11.2,-0.05,600,"sd","10:17:23",1044900
11.2,-0.05,500,"sd","10:17:22",1044300
11.25,0,100,"bu","10:19:49",1058600
11.25,0,900,"bu","10:11:50",952900
11.25,0,4500,"bu","10:11:43",952000
11.25,0,200,"bu","10:11:33",947500
11.25,0,6200,"bu","10:19:11",1058500
11.2,-0.05,2000,"sd","09:43:40",454500
11.25,0,1500,"bu","09:43:33",452500
11.25,0,4000,"sd","13:08:58",2110400
11.25,0,1600,"bu","09:44:21",480900
11.25,0,15000,"bu","09:44:21",479300
11.25,0,800,"bu","09:44:08",464300
11.25,0,5000,"bu","09:43:56",463500
11.25,0,4000,"bu","09:43:52",458500
11.25,0,2500,"bu","09:42:57",451000
11.25,0,1000,"sd","10:36:45",1319500
11.25,0,32100,"bu","10:36:29",1318500
11.25,0,1000,"bu","09:42:37",448500
11.25,0,1000,"bu","10:36:27",1286400
11.25,0,1000,"bu","10:36:25",1285400
11.25,0,100,"bu","10:36:18",1284400
11.25,0,20000,"bu","10:36:17",1284300
11.25,0,7200,"bu","09:42:26",447500
11.25,0,1000,"bu","10:36:09",1264300
11.25,0,200,"bu","10:36:06",1263300
11.25,0,5000,"bu","09:42:20",440300
11.3,0.05,500,"bu","11:15:12",1925700
11.25,0,2000,"bu","10:36:00",1263100
11.2,-0.05,500,"sd","10:35:55",1261100
11.25,0,500,"bu","10:35:55",1260600
11.2,-0.05,100,"sd","09:42:12",435300
11.25,0,100,"bu","09:42:09",435200
11.25,0,20000,"bu","10:35:51",1260100
11.25,0,400,"bu","10:17:10",1043800
11.2,-0.05,100,"sd","13:55:58",4082600
11.2,-0.05,500,"sd","13:55:36",4082500
11.25,0,100,"bu","10:04:51",900900
11.25,0,300,"bu","10:04:49",900800
11.25,0,5100,"bu","10:04:48",900500
11.25,0,100,"bu","10:04:46",895400
11.2,-0.05,200,"sd","10:01:51",826400
11.25,0,500,"bu","10:01:48",826200
11.25,0,5000,"bu","10:04:38",895300
11.25,0,100,"bu","13:56:33",4169100
11.2,-0.05,81300,"sd","13:56:29",4169000
11.25,0,200,"bu","10:04:26",890300
11.2,-0.05,100,"sd","13:56:24",4087700
11.2,-0.05,100,"sd","14:01:23",4206600
11.25,0,5000,"bu","13:56:05",4087600
11.25,0,1000,"sd","09:36:55",261800
11.25,0,500,"bu","09:46:24",525600
11.25,0,1800,"bu","09:58:23",757200
11.25,0,1000,"bu","09:58:09",755200
11.2,-0.05,100,"sd","09:57:10",754200
11.25,0,500,"bu","09:58:32",757700
11.25,0,200,"bu","09:57:08",754100
11.25,0,200,"bu","09:58:21",755400
11.25,0,5000,"bu","09:56:59",753900
11.25,0,100,"bu","09:56:54",748900
11.25,0,100,"bu","09:56:53",748800
11.25,0,500,"sd","09:31:01",56100
11.25,0,500,"sd","09:30:46",55600
11.3,0.05,100,"bu","09:35:16",60700
11.25,0,100,"sd","09:36:33",260800
11.3,0.05,1000,"bu","09:35:09",60600
11.3,0.05,400,"bu","09:34:41",59600
11.25,0,200000,"sd","09:35:55",260700
11.3,0.05,400,"bu","09:18:59",13300
11.3,0.05,100,"bu","09:30:02",55100
11.3,0.05,300,"bu","09:18:53",12900
11.3,0.05,100,"bu","09:29:54",55000
11.3,0.05,600,"bu","09:29:50",54900
11.25,0,1000,"sd","09:28:11",53800
11.3,0.05,500,"bu","09:28:33",54300
11.25,0,9000,"sd","09:26:52",50800
11.3,0.05,100,"bu","09:26:50",41800
11.3,0.05,1000,"bu","09:27:18",52800
11.3,0.05,100,"bu","09:26:36",41700
11.3,0.05,1000,"bu","09:32:54",59200
11.25,0,2000,"sd","09:32:37",58200
11.3,0.05,1000,"bu","09:26:58",51800
11.25,0,4000,"bu","09:46:23",525100
11.3,0.05,100,"bu","09:32:28",56200
11.3,0.05,200,"bu","09:23:19",32500
11.25,0,100,"sd","09:24:17",36400
11.3,0.05,1000,"bu","09:25:39",41600
11.3,0.05,2500,"bu","09:25:31",40600
11.3,0.05,5000,"bu","09:21:52",29500
11.3,0.05,200,"bu","09:25:24",38100
11.3,0.05,1000,"bu","09:25:23",37900
11.3,0.05,2100,"bu","09:21:45",24500
11.3,0.05,1800,"bu","09:23:48",36300
11.3,0.05,1000,"bu","09:23:39",34500
11.3,0.05,1000,"bu","09:22:21",31700
11.3,0.05,1200,"bu","09:22:16",30700
11.3,0.05,500,"bu","09:24:19",36900
11.3,0.05,1000,"bu","09:23:23",33500
11.3,0.05,300,"bu","09:20:41",14900
11.25,0,1100,"sd","09:21:12",18000
11.3,0.05,200,"bu","09:21:22",22400
11.3,0.05,3300,"bu","09:21:21",22200
11.3,0.05,1000,"bu","09:21:04",16900
11.3,0.05,900,"bu","09:21:14",18900
11.3,0.05,500,"bu","09:20:51",15900
11.3,0.05,500,"bu","09:20:50",15400
11.3,0.05,700,"bu","09:19:42",14300
11.25,0,300,"sd","09:19:54",14600
11.25,0,100,"sd","09:19:29",13600
11.25,0,1500,"sd","09:18:04",12600
11.25,0,200,"sd","09:19:02",13500
11.3,0.05,300,"bu","09:15:31",5000
11.25,0,5900,"sd","09:16:49",10900
11.25,0,200,"sd","09:17:17",11100
11.25,0,100,"sd","09:15:02",4700
11.25,0,4600,"","09:15:01",4600
11.3,0.05,500,"bu","09:22:53",32300
11.3,0.05,100,"bu","09:22:52",31800
11.25,0,10000,"bu","10:03:01",885400
11.25,0,1000,"bu","10:03:35",890100
11.25,0,200,"bu","09:41:02",428600
11.25,0,500,"bu","10:03:28",889100
11.25,0,200,"bu","10:03:27",888600
11.25,0,1000,"bu","10:03:27",888400
11.25,0,2000,"bu","10:03:19",887400
11.2,-0.05,5000,"sd","09:41:46",435100
11.2,-0.05,300,"sd","09:41:37",430100
11.25,0,200,"bu","09:41:32",429800
11.25,0,1000,"bu","09:41:29",429600
11.25,0,100,"sd","09:39:33",331900
11.25,0,200,"bu","09:40:53",428400
11.2,-0.05,7900,"sd","09:40:31",427200
11.25,0,1000,"bu","09:40:30",419300
11.25,0,100,"bu","09:39:53",418300
11.3,0.05,200,"bu","09:39:10",331800
11.25,0,1000,"bu","09:40:37",428200
11.25,0,86300,"sd","09:39:45",418200
11.25,0,5800,"sd","09:37:28",331600
11.25,0,60000,"sd","09:37:21",325800
11.25,0,1000,"sd","09:37:16",265800
11.3,0.05,3000,"bu","09:37:10",264800
11.25,0,2000,"bu","09:45:46",520500
11.25,0,5000,"bu","09:45:45",518500
11.25,0,500,"bu","09:45:35",513500
11.25,0,1000,"bu","09:45:29",513000
11.25,0,100,"bu","09:45:25",512000
11.25,0,500,"bu","09:46:06",521100
11.25,0,100,"bu","09:45:51",520600
11.25,0,1000,"bu","09:45:09",511900
11.25,0,30000,"bu","09:45:02",510900
11.25,0,32000,"bu","10:02:42",858600
11.25,0,16000,"bu","10:02:57",875400
11.25,0,400,"bu","10:02:50",859400
11.25,0,400,"bu","10:02:49",859000
11.25,0,200,"bu","10:02:31",826600
