"price","change","match_qtty","side","time","total_vol"
17.1,0,400,"bu","14:29:11",11450200
17.05,-0.05,8900,"sd","14:29:09",11449800
17.1,0,5100,"bu","14:25:16",11032100
17.1,0,1000,"bu","14:25:13",11027000
17.1,0,7100,"bu","14:25:11",11026000
17.1,0,62000,"bu","14:25:09",11018900
17.1,0,500,"bu","14:24:27",10946100
17.1,0,100,"bu","14:24:26",10945600
17.1,0,1000,"bu","14:24:58",10956900
17.1,0,1000,"bu","14:24:55",10955900
17.1,0,1000,"bu","14:24:53",10954900
17.1,0,200,"bu","14:24:52",10953900
17.1,0,2000,"bu","14:24:24",10945500
17.1,0,200,"bu","14:24:23",10943500
17.1,0,200,"bu","14:24:11",10940400
17.05,-0.05,4300,"sd","14:23:57",10940200
17.1,0,22100,"sd","14:23:56",10935900
17.1,0,100,"sd","14:23:56",10913800
17.1,0,11800,"sd","14:23:55",10913700
17.1,0,10000,"sd","14:23:54",10901900
17.1,0,6000,"sd","14:23:53",10884400
17.1,0,2000,"bu","14:24:46",10953700
17.05,-0.05,2400,"sd","14:24:44",10951700
17.1,0,900,"bu","14:24:19",10943300
17.1,0,1000,"bu","14:24:39",10949300
17.05,-0.05,2000,"sd","14:24:15",10942400
17.1,0,1000,"bu","14:24:38",10948300
17.1,0,1200,"bu","14:24:37",10947300
17.1,0,30000,"sd","14:23:40",10714200
17.1,0,5200,"sd","14:23:38",10684200
17.1,0,1800,"sd","14:23:37",10679000
17.1,0,7500,"sd","14:23:54",10891900
17.1,0,500,"sd","14:23:52",10878400
17.1,0,48200,"sd","14:23:51",10877900
17.1,0,11600,"sd","14:23:50",10829700
17.1,0,12800,"sd","14:23:50",10818100
17.1,0,12500,"sd","14:23:49",10805300
17.1,0,1000,"sd","14:23:49",10792800
17.1,0,1000,"sd","14:23:48",10791800
17.1,0,26100,"sd","14:23:48",10790800
17.1,0,6000,"sd","14:23:47",10764700
17.1,0,16500,"sd","14:23:46",10758700
17.1,0,13000,"sd","14:23:45",10742200
17.1,0,4900,"sd","14:23:45",10729200
17.1,0,500,"sd","14:23:43",10724300
17.1,0,7000,"sd","14:23:42",10723800
17.1,0,300,"sd","14:23:42",10716800
17.1,0,2300,"sd","14:23:41",10716500
17.1,0,5200,"sd","14:23:36",10677200
17.1,0,7000,"sd","14:23:36",10672000
17.1,0,6000,"sd","14:23:14",10614200
17.1,0,3000,"sd","14:23:14",10608200
17.1,0,10000,"sd","14:23:13",10605200
17.1,0,1000,"sd","14:23:11",10595200
17.1,0,11000,"sd","14:23:07",10594200
17.1,0,5300,"sd","14:23:05",10583200
17.1,0,20500,"sd","14:22:20",10501400
17.1,0,400,"sd","14:22:17",10480900
17.1,0,5000,"sd","14:22:16",10480500
17.1,0,100,"sd","14:22:15",10475500
17.1,0,200,"sd","14:23:21",10633400
17.1,0,10000,"sd","14:23:20",10633200
17.1,0,3000,"sd","14:23:34",10665000
17.1,0,500,"sd","14:23:33",10662000
17.1,0,10000,"sd","14:23:31",10661500
17.1,0,10000,"sd","14:22:07",10475400
17.1,0,5000,"sd","14:23:29",10651500
17.15,0.05,2000,"bu","14:23:28",10646500
17.1,0,100,"sd","14:23:28",10644500
17.1,0,1000,"sd","14:23:27",10644400
17.1,0,1500,"sd","14:22:03",10465400
17.1,0,10000,"sd","14:23:25",10643400
17.1,0,2200,"sd","14:22:02",10463900
17.1,0,100,"sd","14:22:00",10461700
17.1,0,500,"sd","14:21:59",10461600
17.1,0,3000,"sd","14:23:19",10623200
17.1,0,6000,"sd","14:23:18",10620200
17.1,0,4000,"sd","14:21:05",10437800
17.1,0,3100,"sd","14:18:42",10298600
17.1,0,2500,"sd","14:16:00",10132300
17.1,0,2000,"sd","14:15:57",10129800
17.1,0,30000,"sd","14:15:26",9861100
17.1,0,1000,"sd","14:21:01",10433800
17.1,0,16000,"sd","14:20:37",10391300
17.15,0.05,200,"bu","14:16:40",10186300
17.15,0.05,5000,"bu","14:20:05",10369900
17.15,0.05,500,"bu","14:18:35",10295500
17.1,0,30000,"sd","14:15:52",10127800
17.1,0,800,"sd","14:15:19",9831100
17.1,0,6300,"sd","14:21:28",10448800
17.1,0,10000,"sd","14:19:59",10363700
17.1,0,100,"sd","14:15:50",10097800
17.1,0,39400,"sd","14:15:14",9830300
17.1,0,10000,"sd","14:19:56",10353700
17.1,0,2300,"sd","14:21:12",10440100
17.1,0,1500,"sd","14:20:29",10375300
17.1,0,300,"sd","14:19:54",10343700
17.1,0,10000,"sd","14:19:13",10310800
17.1,0,2000,"sd","14:16:48",10188400
17.1,0,230000,"sd","14:15:44",10097700
17.1,0,400,"sd","14:21:55",10461100
17.1,0,2000,"sd","14:20:28",10373800
17.1,0,100,"sd","14:16:46",10186400
17.1,0,100,"sd","14:16:26",10186100
17.1,0,3600,"sd","14:15:41",9867700
17.1,0,500,"sd","14:21:44",10455700
17.1,0,2000,"sd","14:16:22",10186000
17.1,0,5000,"sd","14:21:52",10460700
17.1,0,100,"sd","14:20:25",10371800
17.1,0,8000,"sd","14:19:48",10343400
17.1,0,20000,"sd","14:19:47",10335400
17.1,0,4100,"sd","14:19:47",10315400
17.15,0.05,1700,"bu","14:21:40",10455200
17.1,0,300,"sd","14:21:40",10453500
17.1,0,2000,"sd","14:16:19",10184000
17.1,0,3000,"sd","14:15:38",9864100
17.1,0,1700,"sd","14:21:29",10450500
17.1,0,3600,"sd","14:20:52",10431300
17.1,0,500,"sd","14:20:24",10371700
17.1,0,2700,"sd","14:21:33",10453200
17.1,0,300,"sd","14:16:14",10172000
17.1,0,500,"sd","14:21:22",10442500
17.15,0.05,500,"bu","14:20:20",10371200
17.1,0,100,"sd","14:19:41",10311300
17.15,0.05,300,"bu","14:18:54",10300800
17.1,0,10000,"sd","14:16:15",10182000
17.1,0,3000,"sd","14:16:14",10171700
17.1,0,1500,"sd","14:16:13",10168700
17.1,0,200,"sd","14:16:13",10167200
17.15,0.05,1000,"bu","14:20:48",10392700
17.15,0.05,500,"bu","14:18:52",10300500
17.1,0,1000,"sd","14:21:16",10441100
17.1,0,900,"sd","14:21:17",10442000
17.1,0,11700,"sd","14:16:09",10167000
17.1,0,20000,"sd","14:16:08",10155300
17.1,0,800,"sd","14:20:15",10370700
17.1,0,100,"sd","14:19:37",10311200
17.15,0.05,500,"bu","14:18:50",10300000
17.15,0.05,500,"bu","14:20:59",10432800
17.1,0,1000,"sd","14:20:58",10432300
17.1,0,100,"sd","14:16:06",10135300
17.1,0,35000,"sd","14:20:49",10427700
17.1,0,400,"sd","14:20:45",10391700
17.1,0,300,"sd","14:19:32",10311100
17.15,0.05,500,"bu","14:18:46",10299500
17.1,0,100,"sd","14:18:45",10299000
17.15,0.05,300,"bu","14:18:44",10298900
17.1,0,2900,"sd","14:16:04",10135200
17.15,0.05,200,"bu","14:14:16",9776200
17.15,0.05,400,"bu","14:14:11",9776000
17.1,0,400,"sd","14:14:10",9775600
17.15,0.05,1900,"bu","14:14:06",9775200
17.15,0.05,500,"bu","14:14:42",9790900
17.1,0,300,"sd","14:14:38",9789100
17.1,0,1300,"sd","14:14:39",9790400
17.15,0.05,3000,"bu","14:14:34",9788800
17.15,0.05,5600,"bu","14:14:26",9785800
17.15,0.05,4000,"bu","14:14:25",9780200
17.15,0.05,2000,"bu","14:17:57",10229300
17.15,0.05,1000,"bu","14:17:52",10227300
17.1,0,4500,"sd","14:17:51",10226300
17.15,0.05,600,"bu","14:17:09",10200000
17.1,0,1000,"sd","14:17:48",10221800
17.15,0.05,2000,"bu","14:17:05",10199400
17.1,0,1000,"sd","14:17:47",10220800
17.1,0,2100,"sd","14:17:46",10219800
17.1,0,1400,"sd","14:18:28",10295000
17.1,0,10000,"sd","14:18:12",10293500
17.1,0,10000,"sd","14:17:38",10217700
17.1,0,5000,"sd","14:17:34",10207700
17.1,0,2500,"sd","14:17:25",10202700
17.1,0,100,"sd","14:18:23",10293600
17.1,0,200,"sd","14:17:23",10200200
17.1,0,10000,"sd","14:18:10",10283500
17.15,0.05,1500,"bu","14:13:09",9711000
17.1,0,500,"sd","14:17:04",10197400
17.1,0,1700,"sd","14:17:02",10196900
17.1,0,1300,"sd","14:11:34",9690400
17.1,0,100,"sd","14:11:32",9689100
17.15,0.05,5000,"bu","14:11:31",9689000
17.15,0.05,400,"bu","14:13:48",9753300
17.1,0,500,"sd","14:13:48",9752900
17.1,0,400,"sd","14:11:29",9684000
17.1,0,32000,"bu","14:11:28",9683600
17.15,0.05,20000,"bu","14:13:53",9773300
17.15,0.05,100,"bu","14:13:40",9752400
17.1,0,1900,"bu","14:11:06",9508500
17.1,0,4000,"bu","14:11:05",9506600
17.1,0,500,"bu","14:11:05",9502600
17.1,0,500,"bu","14:11:04",9502100
17.1,0,3000,"bu","14:11:03",9501600
17.1,0,21500,"bu","14:11:02",9498600
17.1,0,1100,"bu","14:11:01",9477100
17.1,0,3500,"bu","14:11:00",9476000
17.1,0,2500,"bu","14:10:56",9472500
17.1,0,3000,"bu","14:10:55",9470000
17.1,0,200,"bu","14:10:54",9467000
17.1,0,12000,"bu","14:10:53",9466800
17.1,0,1000,"bu","14:10:52",9454800
17.1,0,7000,"bu","14:10:50",9453800
17.1,0,2700,"bu","14:10:48",9446800
17.1,0,2000,"bu","14:10:47",9444100
17.1,0,800,"bu","14:10:46",9442100
17.1,0,23000,"bu","14:11:24",9600900
17.1,0,3500,"bu","14:11:24",9577900
17.1,0,100,"bu","14:11:23",9574400
17.1,0,1500,"bu","14:11:22",9574300
17.1,0,30000,"bu","14:11:20",9572800
17.1,0,9400,"bu","14:11:19",9542800
17.1,0,5500,"bu","14:11:17",9533400
17.1,0,1000,"bu","14:11:16",9527900
17.1,0,22000,"bu","14:11:27",9651600
17.1,0,7200,"bu","14:11:26",9629600
17.1,0,17800,"bu","14:11:26",9622400
17.1,0,3700,"bu","14:11:25",9604600
17.1,0,5700,"bu","14:11:15",9526900
17.1,0,5000,"bu","14:11:14",9521200
17.1,0,600,"bu","14:11:13",9516200
17.1,0,3100,"bu","14:11:11",9514600
17.1,0,1000,"bu","14:11:12",9515600
17.1,0,3000,"bu","14:11:10",9511500
17.1,0,100,"bu","14:29:45",11563300
17.1,0,500,"bu","14:29:44",11563200
17.1,0,20000,"bu","14:29:22",11494100
17.1,0,1000,"bu","14:29:21",11474100
17.1,0,8000,"sd","14:22:36",10529600
17.1,0,100,"sd","14:22:35",10521600
17.05,-0.05,300,"sd","14:09:51",9307500
17.1,0,400,"bu","14:09:50",9307200
17.1,0,500,"bu","14:09:49",9306800
17.1,0,10000,"bu","14:07:19",8846200
17.1,0,4000,"sd","14:04:15",8045100
17.1,0,10000,"sd","14:04:15",8041100
17.1,0,700,"sd","14:04:14",8031100
17.1,0,2000,"sd","14:02:05",7838000
17.1,0,500,"sd","14:02:04",7836000
17.1,0,1600,"sd","14:00:31",7566800
17.1,0,200,"bu","14:29:43",11562700
17.05,-0.05,1100,"sd","14:29:20",11473100
17.1,0,200,"bu","14:25:40",11054200
17.1,0,1000,"bu","14:25:39",11054000
17.1,0,1000,"bu","14:25:39",11053000
17.1,0,5000,"sd","14:22:34",10521500
17.1,0,4000,"sd","14:22:32",10516500
17.1,0,5000,"sd","14:22:32",10512500
17.1,0,100,"bu","14:09:47",9306300
17.1,0,2000,"bu","14:09:45",9306200
17.1,0,2000,"sd","14:02:03",7835500
17.1,0,400,"sd","14:02:02",7833500
17.15,0.05,6000,"bu","14:02:01",7833100
17.1,0,3000,"bu","14:25:36",11052000
17.1,0,700,"sd","14:22:30",10507500
17.1,0,5000,"sd","14:22:30",10506800
17.1,0,200,"bu","14:07:12",8836200
17.1,0,100,"bu","14:07:10",8836000
17.1,0,500,"sd","14:04:08",8030400
17.1,0,7000,"sd","14:04:07",8029900
17.1,0,300,"bu","14:29:42",11562500
17.05,-0.05,100,"sd","14:29:41",11562200
17.05,-0.05,300,"sd","14:29:40",11562100
17.05,-0.05,2000,"sd","14:29:18",11472000
17.05,-0.05,100,"sd","14:29:17",11470000
17.1,0,500,"sd","14:04:04",8022900
17.1,0,1000,"sd","14:04:02",8022400
17.1,0,5000,"bu","14:29:39",11561800
17.05,-0.05,1500,"sd","14:29:39",11556800
17.1,0,100,"bu","14:29:15",11469900
17.05,-0.05,3000,"sd","14:29:15",11469800
17.1,0,400,"bu","14:25:30",11049000
17.05,-0.05,5000,"sd","14:25:30",11048600
17.1,0,500,"bu","14:10:41",9437300
17.1,0,1000,"bu","14:07:02",8835900
17.15,0.05,400,"bu","14:00:15",7565200
17.05,-0.05,10000,"sd","14:29:37",11555300
17.1,0,9000,"bu","14:29:14",11466800
17.1,0,5000,"bu","14:25:28",11043600
17.1,0,1000,"bu","14:10:39",9436800
17.1,0,3100,"bu","14:10:37",9435800
17.1,0,500,"bu","14:10:37",9432700
17.1,0,1000,"bu","14:07:00",8834900
17.1,0,500,"bu","14:06:59",8833900
17.05,-0.05,30000,"sd","14:06:57",8833400
17.1,0,200,"sd","14:01:51",7827100
17.1,0,1200,"sd","14:01:49",7826900
17.1,0,1000,"sd","14:01:48",7825700
17.1,0,19900,"bu","14:29:36",11545300
17.05,-0.05,2600,"sd","14:29:13",11457800
17.1,0,500,"bu","14:25:26",11038600
17.05,-0.05,3300,"sd","14:25:26",11038100
17.1,0,1000,"bu","14:10:34",9432200
17.1,0,2200,"bu","14:10:34",9431200
17.15,0.05,2000,"bu","13:59:59",7564600
17.1,0,1000,"sd","13:59:58",7562600
17.05,-0.05,100,"sd","14:29:34",11525400
17.05,-0.05,5000,"sd","14:29:11",11455200
17.1,0,1000,"bu","14:25:25",11034800
17.1,0,5300,"bu","14:10:33",9429000
17.1,0,200,"bu","14:10:31",9423700
17.1,0,100,"bu","14:10:30",9423500
17.1,0,100,"sd","14:03:49",8021400
17.1,0,20000,"sd","14:01:39",7824700
17.1,0,5800,"bu","14:29:59",11634600
17.1,0,14200,"bu","14:29:59",11628800
17.1,0,1000,"bu","14:29:58",11614600
17.1,0,4400,"bu","14:29:33",11525300
17.05,-0.05,5000,"sd","14:29:33",11520900
17.1,0,4600,"bu","14:29:32",11515900
17.1,0,5000,"bu","14:26:02",11110700
17.1,0,200,"bu","14:25:22",11033800
17.1,0,1000,"bu","14:10:29",9423400
17.05,-0.05,500,"sd","14:10:28",9422400
17.1,0,1000,"bu","14:10:28",9421900
17.1,0,500,"bu","14:10:28",9420900
17.1,0,400,"bu","14:10:27",9420400
17.1,0,4900,"sd","14:03:47",8021300
17.1,0,20100,"sd","14:03:46",8016400
17.15,0.05,18400,"bu","13:59:52",7561600
17.1,0,800,"bu","14:29:58",11613600
17.05,-0.05,500,"sd","14:29:57",11612800
17.1,0,2100,"bu","14:29:57",11612300
17.1,0,3000,"bu","14:29:31",11511300
17.1,0,1500,"bu","14:25:19",11033600
17.1,0,4800,"sd","14:22:55",10577800
17.1,0,600,"sd","14:22:54",10573000
17.1,0,500,"sd","14:22:53",10572400
17.1,0,2500,"bu","14:10:25",9420000
17.1,0,1000,"bu","14:10:23",9417500
17.1,0,2000,"bu","14:09:43",9304200
17.1,0,4000,"sd","14:03:43",7996300
17.1,0,3000,"sd","14:03:41",7992300
17.15,0.05,300,"bu","14:01:16",7641700
17.1,0,1500,"sd","14:01:15",7641400
17.15,0.05,1000,"bu","13:59:46",7543200
17.05,-0.05,1600,"sd","14:29:56",11610200
17.1,0,2100,"bu","14:29:55",11608600
17.05,-0.05,5000,"sd","14:29:54",11606500
17.1,0,100,"bu","14:29:53",11601500
17.1,0,4100,"bu","14:10:22",9416500
17.1,0,400,"bu","14:10:21",9412400
17.1,0,1000,"bu","14:10:20",9412000
17.1,0,2000,"bu","14:10:19",9411000
17.1,0,49700,"bu","14:07:41",9011300
17.1,0,2000,"bu","14:07:40",8961600
17.1,0,100,"bu","14:07:39",8959600
17.1,0,2000,"bu","14:07:38",8959500
17.1,0,300,"bu","14:09:39",9302200
17.1,0,200,"bu","14:09:37",9301900
17.1,0,500,"sd","14:04:35",8127400
17.15,0.05,300,"bu","14:04:35",8126900
17.1,0,5000,"sd","14:04:34",8126600
17.15,0.05,1600,"bu","14:01:14",7639900
17.1,0,2000,"sd","14:01:11",7638300
17.15,0.05,2000,"bu","13:59:40",7542200
17.05,-0.05,1000,"sd","14:29:52",11601400
17.1,0,4000,"bu","14:29:52",11600400
17.05,-0.05,2000,"sd","14:29:51",11596400
17.1,0,7000,"bu","14:25:56",11105700
17.05,-0.05,10000,"sd","14:25:56",11098700
17.1,0,2000,"bu","14:25:54",11088700
17.1,0,20000,"bu","14:25:54",11086700
17.1,0,800,"sd","14:22:48",10571900
17.1,0,200,"sd","14:22:47",10571100
17.1,0,1400,"sd","14:22:47",10570900
17.1,0,3000,"bu","14:10:19",9409000
17.1,0,3500,"bu","14:10:18",9406000
17.1,0,36000,"bu","14:10:16",9402500
17.1,0,100,"bu","14:10:16",9366500
17.1,0,7000,"bu","14:07:38",8957500
17.05,-0.05,900,"sd","14:07:37",8950500
17.1,0,3000,"bu","14:07:37",8949600
17.1,0,50000,"bu","14:07:36",8946600
17.1,0,700,"bu","14:09:37",9301700
17.1,0,100,"bu","14:09:35",9301000
17.1,0,1000,"sd","14:04:31",8121600
17.1,0,200,"sd","14:03:36",7989300
17.1,0,1400,"sd","14:03:35",7989100
17.1,0,500,"sd","14:01:08",7636300
17.1,0,5300,"bu","14:29:50",11594400
17.1,0,2000,"bu","14:25:52",11066700
17.1,0,100,"sd","14:22:58",10577900
17.1,0,900,"sd","14:22:45",10569500
17.1,0,5000,"bu","14:10:15",9366400
17.1,0,2000,"bu","14:10:13",9361400
17.1,0,5800,"bu","14:10:13",9359400
17.1,0,600,"bu","14:09:32",9300900
17.1,0,10000,"sd","14:04:27",8120600
17.1,0,4000,"sd","14:04:25",8110600
17.1,0,15000,"sd","13:59:33",7540200
17.1,0,300,"bu","14:29:50",11589100
17.05,-0.05,6000,"sd","14:29:26",11508300
17.1,0,200,"bu","14:29:26",11502300
17.1,0,8000,"bu","14:29:25",11502100
17.1,0,500,"bu","14:25:51",11064700
17.1,0,2000,"sd","14:22:43",10568600
17.1,0,10000,"bu","14:10:10",9353600
17.1,0,200,"bu","14:07:32",8896600
17.1,0,100,"bu","14:07:31",8896400
17.1,0,10000,"bu","14:07:29",8896300
17.1,0,5000,"sd","14:04:24",8106600
17.1,0,50000,"sd","14:04:23",8101600
17.1,0,6000,"sd","13:59:31",7525200
17.05,-0.05,11000,"sd","14:29:48",11588800
17.05,-0.05,2700,"sd","14:29:48",11577800
17.1,0,2300,"sd","14:22:41",10566600
17.1,0,30000,"sd","14:22:40",10564300
17.1,0,100,"bu","14:10:09",9343600
17.1,0,16000,"bu","14:09:56",9323700
17.1,0,100,"bu","14:07:27",8886300
17.1,0,400,"sd","14:22:22",10501800
17.1,0,1100,"sd","14:04:22",8051600
17.1,0,5000,"sd","14:04:20",8050500
17.1,0,3000,"sd","14:03:11",7979300
17.1,0,59000,"sd","14:00:50",7625800
17.1,0,11800,"bu","14:29:45",11575100
17.1,0,10000,"bu","14:25:46",11064200
17.1,0,3000,"sd","14:22:38",10534300
17.1,0,200,"sd","14:22:38",10531300
17.1,0,1000,"sd","14:22:37",10531100
17.1,0,500,"sd","14:22:37",10530100
17.1,0,200,"bu","14:09:53",9307700
17.1,0,20000,"bu","14:07:25",8886200
17.05,-0.05,11600,"sd","14:07:25",8866200
17.05,-0.05,8400,"sd","14:07:24",8854600
17.1,0,200,"sd","14:04:18",8045500
17.1,0,200,"sd","14:04:16",8045300
17.15,0.05,15000,"sd","13:45:32",7035300
17.2,0.1,10000,"bu","13:45:31",7020300
17.15,0.05,1000,"sd","13:45:26",7010300
17.15,0.05,1000,"sd","13:45:25",7009300
17.15,0.05,1000,"sd","13:45:24",7008300
17.1,0,3000,"bu","14:09:17",9300300
17.2,0.1,1100,"bu","13:45:20",7007300
17.15,0.05,5000,"sd","13:45:09",7006200
17.2,0.1,300,"bu","13:46:53",7078600
17.15,0.05,100,"sd","13:44:57",7000000
17.15,0.05,600,"sd","13:44:51",6999900
17.15,0.05,1800,"sd","13:47:07",7087800
17.2,0.1,1000,"bu","13:47:03",7086000
17.15,0.05,2500,"sd","13:47:02",7085000
17.15,0.05,1900,"sd","13:47:01",7082500
17.15,0.05,2000,"sd","13:46:57",7080600
17.15,0.05,5000,"sd","13:48:40",7177700
17.2,0.1,100,"bu","13:48:39",7172700
17.15,0.05,2000,"sd","13:47:40",7121500
17.15,0.05,1000,"sd","13:44:20",6989300
17.15,0.05,4500,"bu","13:44:15",6967200
17.15,0.05,3000,"bu","13:44:13",6962700
17.15,0.05,12900,"bu","13:44:12",6959700
17.15,0.05,1000,"bu","13:44:11",6946800
17.15,0.05,1200,"bu","13:44:10",6945800
17.15,0.05,5000,"sd","13:44:38",6999300
17.15,0.05,5000,"sd","13:44:25",6994300
17.15,0.05,6000,"bu","13:44:07",6944600
17.15,0.05,21100,"bu","13:44:15",6988300
17.05,-0.05,100,"sd","14:08:58",9265300
17.1,0,6000,"bu","14:08:56",9265200
17.1,0,5500,"bu","14:08:02",9106400
17.1,0,300,"bu","14:08:01",9100900
17.1,0,2000,"bu","14:08:00",9100600
17.1,0,11500,"bu","14:07:59",9098600
17.1,0,700,"bu","14:07:58",9087100
17.1,0,25000,"bu","14:07:57",9086400
17.1,0,5000,"bu","14:07:57",9061400
17.1,0,20000,"bu","14:08:54",9259200
17.1,0,1000,"bu","14:08:52",9239200
17.1,0,2600,"bu","14:08:51",9238200
17.1,0,200,"bu","14:07:56",9056400
17.1,0,20000,"bu","14:07:54",9056200
17.1,0,1000,"bu","14:07:53",9036200
17.1,0,1000,"bu","14:08:46",9235600
17.1,0,5000,"bu","14:08:46",9234600
17.1,0,10000,"bu","14:07:52",9035200
17.1,0,1000,"bu","14:08:45",9229600
17.1,0,500,"bu","14:08:42",9228600
17.1,0,5000,"bu","14:08:42",9228100
17.1,0,2000,"sd","13:34:19",6029400
17.15,0.05,2000,"bu","13:34:19",6027400
17.15,0.05,2000,"bu","13:34:18",6025400
17.1,0,1000,"bu","14:08:40",9223100
17.15,0.05,400,"bu","13:34:52",6034800
17.1,0,1100,"bu","14:08:35",9222100
17.1,0,500,"bu","14:08:35",9221000
17.1,0,400,"sd","13:34:08",6023400
17.1,0,1000,"sd","13:34:06",6023000
17.1,0,100,"bu","14:08:33",9220500
17.1,0,700,"bu","14:08:33",9220400
17.1,0,2000,"bu","14:08:31",9219700
17.1,0,5000,"sd","13:34:05",6022000
17.1,0,200,"bu","14:09:10",9273000
17.1,0,500,"bu","14:09:10",9272800
17.1,0,12000,"bu","14:08:31",9217700
17.1,0,9000,"bu","14:08:30",9205700
17.1,0,300,"bu","14:08:29",9196700
17.1,0,10000,"bu","14:07:51",9025200
17.1,0,400,"bu","14:07:49",9015200
17.1,0,9000,"sd","14:02:32",7885800
17.1,0,2000,"bu","14:09:09",9272300
17.1,0,1000,"bu","14:09:08",9270300
17.1,0,100,"bu","14:08:28",9196400
17.1,0,500,"bu","14:08:25",9196300
17.1,0,400,"bu","14:08:25",9195800
17.1,0,1800,"bu","14:08:23",9195400
17.1,0,2000,"bu","14:08:23",9193600
17.1,0,100,"bu","14:08:22",9191600
17.1,0,1000,"bu","14:08:21",9191500
17.1,0,3500,"bu","14:07:44",9014800
17.1,0,100,"bu","14:08:21",9190500
17.1,0,7200,"bu","14:08:19",9190400
17.1,0,5000,"bu","14:08:19",9183200
17.1,0,8000,"bu","14:08:18",9178200
17.15,0.05,2000,"bu","14:02:43",7904200
17.1,0,20200,"bu","14:08:17",9170200
17.1,0,200,"bu","14:08:16",9150000
17.1,0,1700,"bu","14:08:15",9149800
17.1,0,4000,"bu","14:08:13",9148100
17.1,0,2300,"sd","14:02:41",7902200
17.1,0,7000,"sd","14:02:40",7899900
17.1,0,6800,"sd","14:02:38",7892900
17.1,0,100,"sd","14:02:38",7886100
17.1,0,13000,"bu","14:09:13",9297300
17.1,0,11300,"bu","14:09:13",9284300
17.1,0,12500,"bu","14:08:12",9144100
17.1,0,900,"bu","14:08:12",9131600
17.1,0,1000,"bu","14:08:11",9130700
17.1,0,1000,"bu","14:08:10",9129700
17.1,0,200,"sd","14:02:35",7886000
17.1,0,500,"bu","14:08:08",9128700
17.1,0,5500,"bu","14:08:07",9128200
17.1,0,4000,"bu","14:08:06",9122700
17.1,0,2000,"bu","14:08:05",9118700
17.1,0,4000,"bu","14:09:02",9269300
17.1,0,7300,"bu","14:08:04",9116700
17.1,0,2900,"bu","14:08:03",9109400
17.1,0,100,"bu","14:08:02",9106500
17.1,0,5000,"sd","13:34:36",6034400
17.1,0,100,"sd","13:33:59",6017000
17.15,0.05,400,"bu","13:51:22",7358900
17.15,0.05,200,"bu","13:51:21",7358500
17.15,0.05,800,"bu","13:51:20",7358300
17.15,0.05,1000,"bu","13:51:14",7356500
17.15,0.05,1500,"bu","13:51:06",7355500
17.15,0.05,1000,"bu","13:51:05",7354000
17.15,0.05,1900,"sd","13:51:05",7353000
17.15,0.05,24300,"bu","13:50:39",7335600
17.15,0.05,3500,"bu","13:50:38",7311300
17.15,0.05,100,"bu","13:50:27",7304800
17.15,0.05,600,"bu","13:50:23",7304700
17.15,0.05,400,"bu","13:50:23",7304100
17.15,0.05,2000,"bu","13:50:12",7303700
17.15,0.05,4000,"sd","13:49:29",7290600
17.15,0.05,4000,"bu","13:51:50",7372500
17.15,0.05,200,"bu","13:51:48",7368500
17.15,0.05,500,"bu","13:51:46",7368300
17.1,0,2000,"sd","13:51:34",7361400
17.1,0,200,"sd","13:51:29",7359400
17.15,0.05,300,"bu","13:51:27",7359200
17.1,0,2000,"sd","13:32:11",5894600
17.1,0,3200,"sd","13:31:16",5834300
17.1,0,2000,"sd","13:33:06",6007500
17.1,0,100,"sd","13:33:03",6005500
17.15,0.05,500,"bu","13:33:02",6005400
17.1,0,20000,"sd","13:32:04",5892600
17.15,0.05,300,"bu","13:32:03",5872600
17.1,0,1000,"sd","13:32:02",5872300
17.1,0,26000,"sd","13:32:56",6004900
17.1,0,1000,"sd","13:31:08",5831100
17.1,0,500,"sd","13:31:06",5830100
17.1,0,3000,"sd","13:31:53",5871300
17.1,0,4200,"sd","13:31:49",5868300
17.15,0.05,2000,"bu","13:28:09",5719300
17.1,0,3000,"sd","13:33:37",6015900
17.15,0.05,200,"bu","13:32:40",5978900
17.1,0,300,"sd","13:32:39",5978700
17.1,0,15000,"sd","13:32:39",5978400
17.15,0.05,400,"bu","13:31:47",5864100
17.1,0,2000,"sd","13:28:05",5717300
17.15,0.05,10500,"bu","13:28:04",5715300
17.15,0.05,1000,"bu","13:33:31",6012900
17.1,0,5000,"sd","13:32:34",5963400
17.1,0,10000,"sd","13:31:39",5863700
17.15,0.05,100,"bu","13:33:25",6011900
17.1,0,5000,"sd","13:32:29",5958400
17.1,0,10000,"sd","13:31:36",5853700
17.1,0,7000,"sd","13:31:32",5843700
17.1,0,3000,"sd","13:32:23",5953400
17.15,0.05,400,"bu","13:31:29",5836700
17.15,0.05,2000,"bu","13:32:20",5950400
17.1,0,2000,"sd","13:31:25",5836300
17.15,0.05,1700,"bu","13:32:15",5948400
17.1,0,50000,"sd","13:32:15",5946700
17.15,0.05,1300,"bu","13:33:09",6011800
17.1,0,3000,"sd","13:33:06",6010500
17.15,0.05,2000,"bu","13:32:12",5896700
17.1,0,100,"sd","13:32:11",5894700
17.1,0,40000,"sd","13:30:55",5829600
17.1,0,700,"bu","14:28:49",11379000
17.05,-0.05,100,"sd","14:28:43",11369800
17.1,0,1000,"bu","14:28:41",11369700
17.05,-0.05,100,"sd","14:28:41",11368700
17.1,0,200,"bu","14:28:41",11368600
17.1,0,1300,"bu","14:28:38",11368400
17.05,-0.05,6000,"sd","14:29:00",11393700
17.05,-0.05,1800,"sd","14:28:59",11387700
17.05,-0.05,300,"sd","14:28:57",11385900
17.1,0,100,"bu","14:28:55",11385600
17.1,0,1000,"bu","14:28:53",11385500
17.1,0,300,"bu","14:29:08",11440900
17.1,0,1461200,"","14:45:07",13095800
17.05,-0.05,1100,"sd","14:29:07",11440600
17.05,-0.05,12800,"sd","14:29:06",11439500
17.05,-0.05,2000,"sd","14:29:05",11426700
17.1,0,1000,"bu","14:29:05",11424700
17.1,0,7000,"bu","14:29:04",11423700
17.1,0,23000,"bu","14:29:02",11416700
17.1,0,5000,"bu","14:28:51",11384500
17.1,0,500,"bu","14:28:50",11379500
17.05,-0.05,500,"sd","14:28:46",11378300
17.1,0,3000,"bu","14:28:45",11377800
17.05,-0.05,5000,"sd","14:28:45",11374800
17.15,0.05,1000,"bu","13:24:58",5573300
17.1,0,6500,"sd","13:24:57",5572300
17.1,0,2000,"sd","13:24:56",5565800
17.1,0,18600,"sd","13:24:52",5563800
17.1,0,10000,"sd","13:24:52",5545200
17.1,0,5000,"sd","13:24:51",5535200
17.15,0.05,91000,"bu","13:24:50",5530200
17.1,0,3000,"sd","13:24:49",5439200
17.1,0,81600,"sd","13:24:44",5436200
17.05,-0.05,1000,"sd","14:28:32",11361300
17.1,0,800,"bu","14:28:37",11367100
17.05,-0.05,5000,"sd","14:28:37",11366300
17.15,0.05,1000,"sd","13:18:31",4675900
17.15,0.05,10000,"sd","13:18:30",4674900
17.15,0.05,12000,"sd","13:15:00",4471700
17.2,0.1,100,"bu","13:14:50",4459700
17.2,0.1,6000,"bu","13:14:04",4426000
17.15,0.05,1000,"sd","13:14:04",4420000
17.15,0.05,10000,"sd","13:12:22",4319900
17.05,-0.05,100,"sd","14:28:17",11348900
17.1,0,1000,"bu","14:28:14",11340600
17.1,0,3300,"sd","14:17:02",10195200
17.15,0.05,3500,"bu","14:16:57",10191900
17.1,0,900,"bu","14:28:26",11360300
17.1,0,10000,"bu","14:28:25",11359400
17.05,-0.05,500,"sd","14:28:20",11349400
17.1,0,100,"bu","14:28:17",11348800
17.05,-0.05,8100,"sd","14:28:16",11348700
17.1,0,100,"bu","14:28:00",11333500
17.1,0,100,"bu","14:26:20",11114100
17.1,0,4000,"sd","14:18:00",10233300
17.1,0,10000,"bu","14:27:29",11294200
17.05,-0.05,13600,"sd","14:27:28",11284200
17.05,-0.05,200,"sd","14:26:55",11146200
17.1,0,500,"bu","14:26:17",11114000
17.05,-0.05,25400,"sd","14:27:25",11270600
17.1,0,300,"bu","14:26:14",11113500
17.05,-0.05,10000,"sd","14:27:23",11245200
17.1,0,5500,"bu","14:26:50",11146000
17.1,0,1000,"bu","14:10:44",9441300
17.1,0,200,"bu","14:10:43",9440300
17.1,0,2800,"bu","14:10:42",9440100
17.1,0,200,"bu","14:27:22",11234200
17.05,-0.05,1000,"sd","14:27:22",11235200
17.1,0,1000,"bu","14:27:39",11301600
17.05,-0.05,700,"sd","14:27:39",11300600
17.05,-0.05,1700,"sd","14:27:18",11234000
17.05,-0.05,200,"sd","14:27:17",11232300
17.1,0,5000,"bu","14:27:53",11327400
17.05,-0.05,1000,"sd","14:27:17",11232100
17.1,0,500,"bu","14:26:42",11140500
17.05,-0.05,1500,"sd","14:27:45",11310600
17.05,-0.05,7500,"sd","14:27:44",11309100
17.1,0,5000,"bu","14:26:41",11140000
17.1,0,3000,"bu","14:27:58",11333400
17.05,-0.05,6800,"sd","14:27:12",11231100
17.1,0,1000,"bu","14:26:39",11135000
17.1,0,3000,"bu","14:26:38",11134000
17.1,0,100,"bu","14:26:13",11113200
17.1,0,700,"bu","14:27:50",11322400
17.05,-0.05,55500,"sd","14:27:10",11224300
17.1,0,9900,"bu","14:26:36",11131000
17.05,-0.05,3000,"sd","14:26:35",11121100
17.1,0,100,"bu","14:26:35",11118100
17.05,-0.05,20000,"sd","14:27:08",11168800
17.1,0,3000,"bu","14:27:54",11330400
17.05,-0.05,1000,"sd","14:27:06",11148800
17.1,0,800,"bu","14:26:33",11118000
17.1,0,1100,"bu","14:26:32",11117200
17.1,0,200,"bu","14:26:12",11113100
17.1,0,1100,"bu","14:26:10",11112900
17.05,-0.05,11100,"sd","14:27:49",11321700
17.1,0,800,"bu","14:26:28",11116100
17.1,0,1000,"bu","14:26:08",11111800
17.05,-0.05,1500,"sd","14:27:01",11147800
17.1,0,800,"bu","14:26:26",11115300
17.1,0,100,"bu","14:26:06",11110800
17.05,-0.05,4700,"sd","14:27:34",11299900
17.1,0,100,"bu","14:26:59",11146300
17.05,-0.05,400,"sd","14:26:24",11114500
17.1,0,1200,"sd","14:20:00",10364900
17.05,-0.05,1000,"sd","14:27:31",11295200
17.1,0,40000,"sd","14:18:01",10273500
17.15,0.05,200,"bu","14:18:01",10233500
17.1,0,700,"sd","14:02:10",7838700
17.1,0,1000,"sd","14:03:23",7980400
17.1,0,100,"sd","14:03:22",7979400
17.1,0,20000,"sd","14:03:00",7976300
17.15,0.05,30000,"bu","14:02:59",7956300
17.1,0,3000,"bu","14:10:07",9343500
17.15,0.05,900,"bu","14:13:23",9711900
17.1,0,3000,"sd","13:58:12",7516200
17.1,0,100,"sd","13:58:10",7513200
17.15,0.05,100,"bu","13:58:08",7513100
17.1,0,10000,"sd","14:02:52",7926300
17.1,0,500,"sd","14:12:47",9709500
17.1,0,5000,"sd","14:12:46",9709000
17.15,0.05,10000,"bu","14:02:49",7916300
17.1,0,1000,"sd","14:02:49",7906300
17.1,0,1000,"sd","14:12:34",9704000
17.1,0,600,"sd","13:58:00",7513000
17.1,0,1100,"sd","14:02:46",7905300
17.1,0,2700,"sd","14:02:29",7876800
17.1,0,7300,"sd","14:02:29",7874100
17.15,0.05,200,"bu","13:53:18",7443900
17.15,0.05,200,"bu","13:57:22",7502100
17.1,0,100,"sd","14:02:24",7866800
17.1,0,40000,"sd","14:13:31",9752300
17.1,0,12000,"sd","14:02:20",7866700
17.1,0,12600,"sd","14:12:17",9703000
17.1,0,16000,"sd","14:02:15",7854700
17.15,0.05,1000,"bu","13:53:00",7437100
17.15,0.05,3000,"bu","13:52:58",7436100
17.15,0.05,200,"bu","14:13:28",9712300
17.15,0.05,200,"bu","14:13:28",9712100
17.15,0.05,2000,"bu","13:52:54",7433100
17.1,0,10000,"sd","14:04:37",8137400
17.1,0,3000,"sd","14:03:33",7987700
17.15,0.05,1800,"bu","13:52:43",7431100
17.1,0,2000,"sd","14:03:28",7984700
17.1,0,2300,"sd","14:03:27",7982700
17.15,0.05,20000,"sd","13:47:53",7141500
17.15,0.05,33200,"sd","13:43:02",6889100
17.15,0.05,4000,"sd","13:48:32",7172600
17.15,0.05,5000,"sd","13:42:58",6855900
17.15,0.05,100,"sd","13:42:55",6850900
17.1,0,100,"bu","14:05:34",8756000
17.05,-0.05,30000,"sd","14:05:50",8787400
17.15,0.05,200,"bu","14:00:04",7564800
17.2,0.1,100,"bu","13:47:15",7088900
17.15,0.05,1000,"sd","13:47:13",7088800
17.1,0,1500,"bu","14:05:24",8755900
17.15,0.05,100,"sd","13:46:39",7050700
17.1,0,1300,"bu","14:05:48",8757400
17.1,0,100,"bu","14:05:44",8756100
17.15,0.05,100,"bu","13:57:54",7502400
17.1,0,100,"bu","14:05:22",8754400
17.1,0,2200,"bu","14:05:00",8738000
17.1,0,100,"bu","14:06:06",8789500
17.1,0,2000,"bu","14:06:05",8789400
17.15,0.05,100,"bu","13:57:51",7502300
17.1,0,5000,"bu","14:04:58",8735800
17.15,0.05,700,"sd","13:46:34",7050600
17.1,0,30400,"sd","14:04:55",8730800
17.15,0.05,5000,"sd","13:46:02",7040300
17.1,0,4400,"bu","14:10:06",9340500
17.1,0,600,"bu","14:10:04",9336100
17.1,0,1300,"bu","14:10:03",9335500
17.1,0,2000,"sd","14:04:54",8700400
17.1,0,1500,"sd","14:04:53",8698400
17.1,0,12500,"sd","14:04:52",8696900
17.1,0,600,"sd","14:04:51",8684400
17.1,0,6200,"sd","14:04:51",8683800
17.1,0,10000,"sd","14:04:50",8677600
17.1,0,1700,"sd","14:04:49",8667600
17.1,0,600,"sd","14:04:49",8665900
17.1,0,30000,"sd","14:04:48",8665300
17.1,0,3300,"sd","14:04:47",8635300
17.1,0,5000,"sd","13:56:36",7489000
17.1,0,200700,"sd","14:04:47",8632000
17.1,0,1500,"sd","14:04:46",8431300
17.1,0,50000,"sd","14:04:46",8429800
17.1,0,100,"bu","14:10:01",9334200
17.1,0,5000,"bu","14:10:00",9334100
17.1,0,5400,"bu","14:09:59",9329100
17.1,0,1400,"sd","13:56:21",7483700
17.15,0.05,500,"sd","13:49:23",7235900
17.15,0.05,1000,"sd","13:48:53",7189700
17.15,0.05,200,"sd","13:45:06",7001200
17.15,0.05,1000,"sd","13:48:49",7188700
17.15,0.05,1000,"sd","13:45:04",7001000
17.1,0,500,"sd","14:04:44",8379800
17.1,0,200000,"sd","14:04:44",8379300
17.1,0,100,"sd","14:04:42",8179300
17.15,0.05,10000,"sd","13:48:44",7187700
17.15,0.05,4000,"bu","13:39:42",6223600
17.15,0.05,200,"bu","13:39:40",6219600
17.15,0.05,200,"bu","13:38:30",6102200
17.15,0.05,5300,"bu","13:38:28",6102000
17.15,0.05,6000,"bu","13:38:27",6096700
17.15,0.05,1000,"bu","13:39:33",6219400
17.15,0.05,12000,"sd","13:41:43",6764900
17.15,0.05,2000,"bu","13:39:30",6218400
17.15,0.05,1300,"bu","13:39:28",6216400
17.15,0.05,3300,"bu","13:41:34",6752900
17.15,0.05,2800,"bu","13:39:27",6215100
17.15,0.05,2000,"bu","13:39:26",6212300
17.15,0.05,10000,"bu","13:38:14",6090700
17.15,0.05,200,"bu","13:38:12",6080700
17.15,0.05,500,"sd","13:42:46",6845800
17.15,0.05,2900,"bu","13:41:32",6749600
17.15,0.05,1000,"bu","13:41:31",6746700
17.15,0.05,6700,"bu","13:41:31",6745700
17.15,0.05,3500,"bu","13:41:29",6739000
17.15,0.05,2000,"bu","13:39:23",6210300
17.15,0.05,1900,"bu","13:39:21",6208300
17.1,0,2000,"sd","13:38:08",6080400
17.15,0.05,100,"bu","13:38:08",6080500
17.15,0.05,5000,"sd","13:42:42",6845300
17.15,0.05,12300,"sd","13:42:41",6840300
17.15,0.05,1000,"bu","13:41:24",6703900
17.15,0.05,1700,"bu","13:41:29",6735500
17.15,0.05,1000,"bu","13:41:28",6733800
17.15,0.05,4800,"bu","13:41:27",6732800
17.15,0.05,23100,"bu","13:41:25",6728000
17.15,0.05,1000,"bu","13:41:25",6704900
17.15,0.05,12000,"bu","13:39:19",6206400
17.15,0.05,100,"bu","13:39:18",6194400
17.15,0.05,3000,"bu","13:39:16",6194300
17.15,0.05,5900,"bu","13:39:15",6191300
17.15,0.05,31000,"bu","13:41:24",6702900
17.15,0.05,11000,"bu","13:41:23",6671900
17.15,0.05,3400,"bu","13:41:22",6660900
17.15,0.05,100,"bu","13:41:21",6657500
17.15,0.05,16000,"bu","13:41:20",6657400
17.15,0.05,12500,"bu","13:39:14",6185400
17.15,0.05,10000,"bu","13:39:09",6172900
17.15,0.05,200,"sd","13:42:32",6828000
17.15,0.05,100,"bu","13:41:19",6640300
17.15,0.05,1100,"bu","13:41:20",6641400
17.15,0.05,24000,"bu","13:41:18",6640200
17.15,0.05,10000,"bu","13:39:05",6162900
17.15,0.05,30000,"sd","13:42:29",6827800
17.15,0.05,4000,"bu","13:41:15",6616200
17.15,0.05,38000,"bu","13:41:14",6612200
17.15,0.05,1000,"bu","13:41:13",6574200
17.15,0.05,5000,"bu","13:39:03",6152900
17.1,0,1000,"sd","13:37:50",6078400
17.15,0.05,100,"sd","13:42:24",6797800
17.15,0.05,400,"bu","13:41:12",6573200
17.15,0.05,100,"bu","13:41:11",6572800
17.15,0.05,5000,"bu","13:41:10",6572700
17.1,0,5400,"sd","13:37:47",6077400
17.15,0.05,1000,"bu","13:37:47",6072000
17.15,0.05,2000,"bu","13:41:08",6567700
17.15,0.05,5000,"bu","13:41:08",6565700
17.15,0.05,500,"bu","13:41:07",6560700
17.15,0.05,500,"bu","13:41:07",6560200
17.15,0.05,4100,"bu","13:41:06",6559700
17.15,0.05,1700,"bu","13:38:56",6147900
17.15,0.05,400,"bu","13:38:54",6146200
17.15,0.05,1000,"bu","13:38:53",6145800
17.15,0.05,1000,"sd","13:42:14",6797700
17.15,0.05,8900,"bu","13:41:05",6555600
17.15,0.05,5600,"bu","13:41:04",6546700
17.15,0.05,6000,"bu","13:41:03",6541100
17.15,0.05,100,"bu","13:38:49",6144800
17.15,0.05,1000,"sd","13:42:07",6796700
17.15,0.05,300,"sd","13:42:06",6795700
17.15,0.05,200,"bu","13:40:02",6242700
17.15,0.05,1000,"bu","13:39:59",6242500
17.15,0.05,10000,"bu","13:38:46",6144700
17.15,0.05,1000,"bu","13:38:45",6134700
17.1,0,4000,"sd","13:37:34",6071000
17.15,0.05,14500,"bu","13:39:55",6241500
17.15,0.05,100,"bu","13:37:31",6067000
17.15,0.05,5000,"sd","13:42:50",6850800
17.15,0.05,1000,"bu","13:39:51",6227000
17.15,0.05,25000,"bu","13:38:39",6133700
17.15,0.05,1400,"bu","13:38:38",6108700
17.1,0,2000,"sd","13:38:36",6107300
17.15,0.05,4200,"sd","13:42:02",6795400
17.15,0.05,2900,"bu","13:41:59",6791200
17.15,0.05,23400,"sd","13:41:59",6788300
17.15,0.05,2000,"bu","13:39:47",6226000
17.15,0.05,300,"bu","13:39:46",6224000
17.15,0.05,100,"bu","13:39:44",6223700
17.15,0.05,3000,"bu","13:38:35",6105300
17.15,0.05,100,"bu","13:38:34",6102300
17.15,0.05,500,"bu","13:53:56",7469700
17.15,0.05,5000,"bu","13:36:42",6060900
17.1,0,6000,"sd","13:35:30",6043800
17.15,0.05,1000,"bu","13:43:50",6917600
17.15,0.05,100,"bu","13:53:36",7457100
17.15,0.05,600,"bu","13:43:47",6916600
17.1,0,15000,"sd","13:43:47",6916000
17.15,0.05,500,"bu","13:43:47",6901000
17.15,0.05,500,"bu","13:36:33",6055900
17.15,0.05,500,"bu","13:43:46",6900500
17.15,0.05,1000,"bu","13:43:44",6900000
17.15,0.05,400,"bu","13:52:12",7427400
17.15,0.05,3000,"bu","13:43:39",6899000
17.1,0,100,"sd","13:36:24",6055400
17.15,0.05,100,"bu","13:51:57",7409400
17.1,0,400,"sd","13:35:07",6037800
17.1,0,36800,"sd","13:51:52",7409300
17.15,0.05,800,"bu","13:43:32",6896000
17.15,0.05,200,"bu","13:43:31",6895200
17.15,0.05,100,"bu","13:43:29",6895000
17.1,0,500,"sd","13:36:16",6055300
17.1,0,2000,"sd","13:36:14",6054800
17.15,0.05,400,"bu","13:51:40",7367800
17.1,0,6000,"sd","13:51:39",7367400
17.15,0.05,200,"bu","13:43:27",6894900
17.15,0.05,600,"bu","13:43:26",6894700
17.15,0.05,3200,"bu","13:43:24",6894100
17.1,0,1000,"sd","13:36:10",6052800
17.15,0.05,1000,"bu","13:51:18",7357500
17.15,0.05,900,"bu","13:43:13",6890900
17.15,0.05,100,"bu","13:54:26",7474900
17.15,0.05,700,"sd","13:49:28",7286600
17.15,0.05,50000,"sd","13:49:27",7285900
17.15,0.05,1000,"bu","13:36:57",6063400
17.1,0,3000,"sd","13:35:51",6051800
17.1,0,1000,"sd","13:55:29",7478400
17.15,0.05,1000,"bu","13:36:50",6062400
17.1,0,5000,"sd","13:35:41",6048800
17.1,0,5000,"sd","13:54:22",7474800
17.15,0.05,100,"bu","13:54:18",7469800
17.15,0.05,1500,"bu","13:44:05",6938600
17.15,0.05,10000,"bu","13:44:04",6937100
17.15,0.05,5000,"bu","13:44:03",6927100
17.15,0.05,4000,"bu","13:44:02",6922100
17.15,0.05,500,"bu","13:36:46",6061400
17.15,0.05,500,"bu","13:43:59",6918100
17.15,0.05,5000,"bu","13:40:55",6511500
17.15,0.05,100,"bu","13:40:54",6506500
17.15,0.05,3000,"bu","13:40:53",6506400
17.15,0.05,1100,"bu","13:40:52",6503400
17.15,0.05,1000,"bu","13:30:35",5786200
17.2,0.1,100,"bu","13:46:52",7078300
17.15,0.05,1500,"sd","13:46:51",7078200
17.15,0.05,6000,"sd","13:46:51",7076700
17.2,0.1,20000,"bu","13:46:48",7070700
17.15,0.05,23300,"bu","13:40:52",6502300
17.15,0.05,800,"bu","13:40:51",6479000
17.15,0.05,300,"bu","13:40:50",6478200
17.15,0.05,500,"bu","13:40:49",6477900
17.15,0.05,2000,"bu","13:50:33",7307800
17.15,0.05,1000,"bu","13:50:32",7305800
17.15,0.05,3000,"bu","13:40:47",6477400
17.15,0.05,2000,"bu","13:40:46",6474400
17.15,0.05,2000,"bu","13:40:45",6472400
17.15,0.05,30000,"bu","13:40:44",6470400
17.1,0,2000,"sd","13:30:27",5785200
17.15,0.05,2000,"bu","13:41:02",6535100
17.15,0.05,9600,"bu","13:41:01",6533100
17.15,0.05,1000,"bu","13:40:42",6440400
17.15,0.05,5000,"bu","13:40:41",6439400
17.15,0.05,3100,"bu","13:40:40",6434400
17.15,0.05,18500,"bu","13:40:40",6431300
17.15,0.05,500,"bu","13:30:24",5783200
17.15,0.05,1000,"bu","13:50:00",7301700
17.15,0.05,500,"sd","13:48:16",7157100
17.15,0.05,5800,"sd","13:46:21",7049900
17.15,0.05,100,"bu","13:40:39",6412800
17.15,0.05,8000,"bu","13:40:37",6412700
17.15,0.05,26000,"bu","13:40:36",6404700
17.15,0.05,20200,"bu","13:30:22",5782700
17.1,0,100,"sd","13:30:20",5762500
17.15,0.05,10000,"bu","13:30:18",5762400
17.2,0.1,200,"bu","13:46:20",7044100
17.15,0.05,100,"bu","13:40:33",6378700
17.15,0.05,10000,"bu","13:40:33",6378600
17.15,0.05,10000,"bu","13:40:31",6368600
17.15,0.05,6900,"bu","13:49:51",7300700
17.15,0.05,2000,"bu","13:49:50",7293800
17.2,0.1,500,"bu","13:46:15",7043900
17.2,0.1,3000,"bu","13:46:15",7043400
17.15,0.05,100,"sd","13:46:15",7040400
17.15,0.05,12900,"bu","13:40:28",6358600
17.15,0.05,900,"bu","13:43:08",6890000
17.15,0.05,10000,"bu","13:40:22",6345700
17.15,0.05,2200,"bu","13:40:20",6335700
17.15,0.05,5000,"bu","13:30:01",5752400
17.1,0,500,"sd","13:29:59",5747400
17.15,0.05,600,"sd","13:49:33",7291700
17.15,0.05,500,"sd","13:49:31",7291100
17.15,0.05,3800,"sd","13:48:13",7156600
17.15,0.05,10000,"sd","13:49:19",7235400
17.15,0.05,1000,"sd","13:49:16",7225400
17.15,0.05,25000,"sd","13:49:16",7224400
17.15,0.05,3700,"sd","13:49:15",7199400
17.15,0.05,5000,"sd","13:48:10",7152800
17.15,0.05,3600,"sd","13:48:09",7147800
17.15,0.05,1000,"bu","13:40:15",6333500
17.15,0.05,1000,"bu","13:40:14",6332500
17.15,0.05,200,"bu","13:40:14",6331500
17.15,0.05,400,"bu","13:40:13",6331300
17.1,0,6600,"sd","13:53:15",7443700
17.15,0.05,100,"sd","13:49:14",7195700
17.15,0.05,2900,"sd","13:49:11",7195600
17.15,0.05,500,"sd","13:48:07",7144200
17.15,0.05,36000,"bu","13:40:12",6330900
17.15,0.05,200,"bu","13:40:11",6294900
17.15,0.05,2000,"bu","13:40:10",6294700
17.15,0.05,2000,"sd","13:49:09",7192700
17.15,0.05,10000,"bu","13:40:08",6292700
17.15,0.05,40000,"bu","13:40:06",6282700
17.15,0.05,100,"bu","13:53:25",7457000
17.1,0,3000,"sd","13:53:24",7456900
17.1,0,10000,"sd","13:53:23",7453900
17.2,0.1,1000,"bu","13:49:03",7190700
17.2,0.1,2000,"bu","13:47:59",7143700
17.15,0.05,200,"sd","13:47:59",7141700
17.1,0,1100,"sd","13:30:50",5789600
17.15,0.05,5000,"sd","13:48:31",7168600
17.15,0.05,1000,"sd","13:48:30",7163600
17.2,0.1,100,"bu","13:47:29",7119500
17.15,0.05,1500,"sd","13:48:27",7162600
17.15,0.05,1000,"sd","13:48:25",7161100
17.1,0,200,"sd","13:30:43",5788500
17.15,0.05,10000,"sd","13:51:01",7351100
17.15,0.05,3000,"sd","13:48:21",7160100
17.15,0.05,1400,"sd","13:47:22",7119400
17.15,0.05,28000,"sd","13:47:21",7118000
17.15,0.05,1000,"sd","13:47:20",7090000
17.15,0.05,2100,"bu","13:30:40",5788300
17.15,0.05,1000,"sd","13:50:54",7341100
17.15,0.05,1500,"sd","13:50:54",7340100
17.15,0.05,1000,"sd","13:50:52",7338600
17.15,0.05,2000,"sd","13:50:52",7337600
17.2,0.1,100,"bu","13:47:19",7089000
17.15,0.05,3000,"bu","13:40:59",6523500
17.15,0.05,5000,"bu","13:40:57",6520500
17.15,0.05,4000,"bu","13:40:56",6515500
17.1,0,100,"bu","14:06:32",8794700
17.1,0,11100,"sd","13:53:47",7469200
17.15,0.05,1000,"bu","13:53:42",7458100
17.1,0,100,"bu","14:06:22",8794600
17.1,0,1000,"sd","13:26:28",5628200
17.15,0.05,10000,"bu","13:57:56",7512400
17.15,0.05,500,"bu","13:52:37",7429300
17.1,0,100,"sd","13:25:47",5598400
17.15,0.05,100,"bu","13:57:42",7502200
17.1,0,1000,"bu","14:06:14",8794500
17.05,-0.05,2000,"sd","14:06:13",8793500
17.1,0,1000,"bu","14:06:12",8791500
17.15,0.05,800,"bu","13:52:26",7428800
17.15,0.05,500,"bu","13:52:25",7428000
17.1,0,3600,"sd","13:25:04",5576900
17.1,0,1000,"bu","14:06:10",8790500
17.1,0,100,"bu","14:05:20",8754300
17.15,0.05,100,"bu","13:52:22",7427500
17.1,0,3000,"bu","14:28:06",11336600
17.05,-0.05,10000,"sd","14:05:16",8754200
17.15,0.05,200,"bu","13:52:11",7427000
17.15,0.05,2600,"bu","13:52:10",7426800
17.1,0,100,"bu","14:05:13",8744200
17.1,0,3000,"bu","14:28:08",11339600
17.1,0,300,"bu","14:05:11",8744100
17.15,0.05,100,"bu","13:57:11",7501900
17.15,0.05,1000,"bu","13:57:10",7501800
17.15,0.05,9800,"bu","13:52:03",7424200
17.15,0.05,5000,"bu","13:52:00",7414400
17.1,0,100,"bu","14:28:05",11333600
17.1,0,500,"bu","14:05:08",8743800
17.15,0.05,100,"bu","13:49:46",7291800
17.1,0,100,"bu","14:06:49",8803400
17.1,0,5300,"bu","14:05:06",8743300
17.1,0,500,"bu","14:06:43",8803300
17.1,0,100,"sd","14:04:40",8179200
17.1,0,2500,"sd","13:55:05",7477400
17.1,0,3500,"sd","13:36:59",6066900
17.15,0.05,400,"bu","13:35:02",6037400
17.1,0,1000,"bu","14:06:42",8802800
17.1,0,3000,"bu","14:06:41",8801800
17.1,0,1700,"sd","14:04:39",8179100
17.1,0,40000,"sd","14:04:38",8177400
17.1,0,2200,"sd","13:35:01",6037000
17.1,0,1000,"sd","13:33:50",6016900
17.1,0,500,"bu","14:06:34",8798800
17.1,0,3600,"bu","14:06:33",8798300
17.1,0,6000,"sd","13:22:32",4899400
17.1,0,2000,"sd","13:23:56",5283700
17.1,0,200,"sd","13:23:30",5253600
17.1,0,6200,"sd","13:23:51",5281700
17.1,0,6200,"sd","13:23:48",5275500
17.1,0,1000,"sd","13:23:24",5253400
17.1,0,200,"sd","13:23:45",5269300
17.1,0,1700,"sd","13:23:00",5158500
17.1,0,5000,"sd","13:22:46",5118400
17.15,0.05,100,"bu","13:23:20",5252400
17.1,0,9900,"sd","13:22:21",4893400
17.1,0,3000,"sd","13:22:44",5113400
17.1,0,50000,"sd","13:22:44",5110400
17.1,0,8000,"sd","13:23:18",5252300
17.1,0,58000,"sd","13:23:16",5244300
17.1,0,14000,"sd","13:23:40",5269100
17.1,0,1500,"sd","13:23:36",5255100
17.1,0,10000,"sd","13:23:13",5186300
17.15,0.05,500,"bu","13:21:36",4868000
17.1,0,2000,"sd","13:22:39",5060400
17.1,0,4100,"sd","13:23:10",5176300
17.15,0.05,1000,"bu","13:21:33",4867500
17.1,0,500,"sd","13:29:34",5746900
17.1,0,2000,"sd","13:29:14",5744900
17.1,0,5500,"sd","13:28:37",5724800
17.1,0,500,"sd","13:24:19",5319200
17.1,0,5000,"sd","13:24:18",5318700
17.1,0,200,"sd","13:24:18",5313700
17.1,0,200,"sd","13:29:13",5742900
17.1,0,4000,"sd","13:29:12",5742700
17.15,0.05,400,"bu","13:29:11",5738700
17.1,0,10000,"sd","13:29:08",5738300
17.15,0.05,800,"bu","13:29:07",5728300
17.1,0,30000,"sd","13:24:38",5354600
17.1,0,300,"sd","13:24:36",5324600
17.1,0,10800,"sd","13:24:09",5313500
17.1,0,1500,"sd","13:29:27",5746400
17.1,0,5000,"sd","13:24:35",5324300
17.1,0,4000,"sd","13:24:05",5302700
17.1,0,2700,"sd","13:28:53",5727500
17.1,0,10000,"sd","13:24:02",5298700
17.1,0,100,"sd","13:24:26",5319300
17.1,0,5000,"sd","13:24:00",5288700
17.1,0,158000,"sd","13:22:37",5058400
17.1,0,1000,"sd","13:22:35",4900400
17.2,0.1,100,"bu","13:17:18",4622600
17.15,0.05,200,"sd","13:17:01",4607500
17.15,0.05,3100,"sd","13:17:00",4607300
17.1,0,100,"sd","13:22:57",5156800
17.1,0,4400,"sd","13:22:55",5156700
17.15,0.05,100,"sd","13:16:56",4604200
17.1,0,7000,"sd","13:21:45",4875000
17.1,0,100,"sd","13:20:52",4858100
17.15,0.05,100,"bu","13:23:04",5158700
17.1,0,500,"sd","13:21:28",4866500
17.1,0,500,"sd","13:20:48",4858000
17.15,0.05,51400,"bu","13:16:47",4604100
17.1,0,3500,"sd","13:22:54",5152300
17.1,0,500,"sd","13:22:53",5148800
17.1,0,6900,"sd","13:22:53",5148300
17.1,0,20000,"sd","13:22:51",5141400
17.15,0.05,2000,"bu","13:21:27",4866000
17.1,0,1000,"sd","13:20:44",4857500
17.1,0,3000,"sd","13:22:11",4879000
17.1,0,3200,"sd","13:21:23",4864000
17.1,0,2000,"sd","13:20:43",4856500
17.15,0.05,5000,"bu","13:20:41",4854500
17.1,0,500,"sd","13:23:08",5172200
17.1,0,10000,"sd","13:23:07",5171700
17.1,0,3000,"sd","13:23:06",5161700
17.15,0.05,200,"bu","13:20:40",4849500
17.15,0.05,10000,"bu","13:20:39",4849300
17.15,0.05,100,"bu","13:16:36",4552700
17.1,0,2100,"sd","13:22:47",5121400
17.1,0,900,"sd","13:22:46",5119300
17.1,0,2000,"sd","13:22:18",4883000
17.15,0.05,300,"bu","13:21:16",4860800
17.15,0.05,600,"bu","13:21:13",4860500
17.15,0.05,7000,"bu","13:20:32",4839300
17.15,0.05,300,"sd","13:15:52",4491500
17.15,0.05,2000,"sd","13:15:51",4491200
17.1,0,100,"sd","13:23:03",5158600
17.15,0.05,100,"bu","13:20:30",4832300
17.15,0.05,14200,"sd","13:15:48",4489200
17.1,0,500,"sd","13:22:19",4883500
17.1,0,2000,"sd","13:22:15",4881000
17.1,0,1500,"sd","13:21:06",4859900
17.15,0.05,100,"sd","13:15:42",4475000
17.1,0,1000,"sd","13:22:05",4876000
17.15,0.05,300,"bu","13:20:59",4858400
17.15,0.05,10000,"sd","13:17:23",4632600
17.15,0.05,1000,"sd","13:17:14",4622500
17.15,0.05,13000,"sd","13:17:12",4621500
17.15,0.05,1000,"sd","13:17:11",4608500
17.15,0.05,2000,"sd","13:19:05",4730100
17.15,0.05,4600,"sd","13:19:01",4728100
17.15,0.05,100,"sd","13:12:13",4309900
17.15,0.05,2000,"sd","13:12:12",4309800
17.15,0.05,1000,"sd","13:12:12",4307800
17.15,0.05,5000,"sd","13:12:11",4306800
17.15,0.05,5000,"sd","13:18:57",4723500
17.15,0.05,1000,"sd","13:18:54",4718500
17.15,0.05,300,"sd","13:05:56",4071300
17.15,0.05,5000,"sd","13:05:54",4071000
17.15,0.05,10000,"sd","13:18:49",4717500
17.15,0.05,300,"sd","13:18:48",4707500
17.15,0.05,500,"bu","13:19:49",4817800
17.15,0.05,500,"bu","13:19:45",4817300
17.15,0.05,4000,"sd","13:05:46",4066000
17.15,0.05,4600,"bu","13:19:41",4816800
17.15,0.05,6000,"sd","13:05:37",4062000
17.15,0.05,100,"sd","13:05:34",4056000
17.15,0.05,10800,"sd","13:19:35",4812200
17.15,0.05,50000,"sd","13:19:33",4801400
17.15,0.05,10000,"bu","13:20:14",4829700
17.15,0.05,100,"sd","13:19:31",4751400
17.15,0.05,300,"bu","13:20:08",4819700
17.15,0.05,100,"bu","13:20:06",4819400
17.15,0.05,1500,"bu","13:19:56",4819300
17.15,0.05,10000,"sd","13:19:20",4751300
17.15,0.05,10000,"sd","13:19:19",4741300
17.15,0.05,500,"sd","13:19:15",4731300
17.15,0.05,1900,"sd","13:04:45",4055900
17.15,0.05,2500,"bu","13:20:17",4832200
17.15,0.05,700,"sd","13:19:06",4730800
17.15,0.05,500,"sd","13:02:55",4000900
17.2,0.1,300,"bu","13:01:53",3975500
17.15,0.05,9000,"sd","13:02:52",4000400
17.15,0.05,500,"sd","13:04:07",4051600
17.15,0.05,100,"sd","13:00:06",3767000
17.15,0.05,6000,"sd","13:02:45",3991400
17.15,0.05,100,"sd","13:04:05",4051100
17.2,0.1,300,"bu","13:01:40",3975200
17.15,0.05,700,"sd","13:01:40",3974900
17.15,0.05,100,"sd","13:00:05",3766900
17.15,0.05,500,"sd","13:02:41",3985400
17.15,0.05,100,"sd","13:04:02",4051000
17.15,0.05,500,"sd","13:02:37",3984900
17.15,0.05,1000,"sd","13:03:57",4050900
17.15,0.05,3800,"sd","13:03:55",4049900
17.15,0.05,200,"sd","13:01:23",3974200
17.15,0.05,10000,"sd","13:01:20",3974000
17.15,0.05,5000,"sd","13:02:26",3984400
17.15,0.05,3000,"sd","13:01:16",3964000
17.2,0.1,600,"bu","13:02:22",3979400
17.15,0.05,50600,"sd","13:00:02",3766800
17.15,0.05,1500,"sd","13:03:37",4046100
17.15,0.05,5000,"sd","13:03:36",4044600
17.15,0.05,700,"sd","13:01:06",3961000
17.2,0.1,300,"bu","13:00:02",3716200
17.15,0.05,700,"sd","13:00:02",3715900
17.15,0.05,1000,"sd","13:00:01",3715200
17.2,0.1,400,"bu","13:00:01",3714200
17.15,0.05,7400,"sd","13:00:01",3713800
17.15,0.05,200,"sd","13:03:33",4039600
17.15,0.05,160000,"sd","13:01:00",3960300
17.15,0.05,700,"sd","13:02:08",3978800
17.15,0.05,1200,"sd","13:02:05",3978100
17.15,0.05,1400,"sd","13:01:58",3976900
17.15,0.05,38000,"sd","13:03:26",4039400
17.15,0.05,100,"sd","13:03:23",4001400
17.15,0.05,2000,"sd","13:04:41",4054000
17.15,0.05,400,"sd","13:04:23",4052000
17.15,0.05,100,"sd","13:02:57",4001000
17.15,0.05,300,"sd","13:03:04",4001300
17.15,0.05,600,"sd","11:27:15",3540600
17.15,0.05,1000,"sd","13:16:11",4493100
17.15,0.05,100,"sd","13:15:14",4474900
17.15,0.05,2000,"sd","13:15:13",4474800
17.15,0.05,100,"sd","13:15:12",4472800
17.15,0.05,500,"sd","11:27:10",3540000
17.15,0.05,500,"sd","13:16:04",4492100
17.15,0.05,1000,"sd","13:15:10",4472700
17.15,0.05,300,"sd","13:17:57",4634100
17.15,0.05,100,"sd","13:16:01",4491600
17.15,0.05,100,"sd","13:18:38",4706200
17.15,0.05,10000,"sd","11:28:28",3581800
17.15,0.05,1000,"sd","13:17:50",4633800
17.15,0.05,2400,"sd","13:18:37",4706100
17.15,0.05,18800,"sd","13:18:37",4703700
17.15,0.05,200,"sd","13:17:46",4632800
17.15,0.05,9000,"sd","13:18:34",4684900
17.2,0.1,100,"bu","11:26:40",3539500
17.15,0.05,100,"sd","13:18:26",4664900
17.15,0.05,6100,"sd","13:18:24",4664800
17.15,0.05,18100,"sd","13:18:22",4658700
17.2,0.1,900,"bu","11:26:33",3539400
17.15,0.05,100,"sd","11:27:59",3571800
17.15,0.05,1000,"sd","13:18:15",4640600
17.15,0.05,10000,"sd","11:27:48",3571700
17.15,0.05,5000,"sd","13:18:09",4639600
17.2,0.1,100,"bu","11:27:42",3561700
17.15,0.05,100,"bu","13:16:29",4552600
17.15,0.05,1400,"sd","13:16:29",4552500
17.15,0.05,4000,"sd","13:16:27",4551100
17.15,0.05,16000,"sd","13:16:26",4547100
17.15,0.05,5000,"sd","13:16:25",4531100
17.15,0.05,500,"sd","13:18:01",4634600
17.15,0.05,10000,"sd","11:25:35",3538200
17.15,0.05,3000,"sd","11:25:34",3528200
17.15,0.05,1000,"sd","13:18:45",4707200
17.15,0.05,200,"sd","13:16:16",4526100
17.2,0.1,11800,"bu","11:27:20",3561600
17.2,0.1,9200,"bu","11:27:19",3549800
17.15,0.05,30300,"sd","13:16:14",4525900
17.15,0.05,500,"sd","13:16:13",4495600
17.15,0.05,2000,"sd","13:16:12",4495100
17.15,0.05,4500,"sd","11:16:41",3401000
17.15,0.05,1000,"sd","11:28:39",3582800
17.15,0.05,5000,"sd","11:16:27",3396500
17.15,0.05,1000,"sd","13:10:38",4270900
17.15,0.05,100,"sd","11:18:00",3428300
17.15,0.05,2800,"sd","11:17:57",3428200
17.2,0.1,1000,"bu","11:17:54",3425400
17.15,0.05,1000,"sd","13:10:48",4273900
17.2,0.1,700,"bu","13:10:33",4269900
17.15,0.05,500,"sd","13:11:12",4277500
17.15,0.05,2000,"sd","13:10:45",4272900
17.15,0.05,800,"sd","13:11:44",4301600
17.15,0.05,10000,"sd","11:29:53",3702700
17.15,0.05,100,"sd","13:12:00",4301800
17.2,0.1,4300,"bu","13:10:14",4269200
17.2,0.1,5700,"bu","13:10:14",4264900
17.15,0.05,7000,"sd","11:17:32",3424400
17.15,0.05,2000,"sd","13:11:42",4300800
17.15,0.05,3800,"sd","11:29:44",3692700
17.15,0.05,200,"sd","11:29:43",3688900
17.15,0.05,1000,"sd","11:29:40",3688700
17.15,0.05,500,"sd","13:10:10",4259200
17.15,0.05,10000,"sd","13:10:09",4258700
17.15,0.05,14300,"sd","13:11:24",4298800
17.15,0.05,2000,"sd","13:11:23",4284500
17.15,0.05,36700,"sd","11:29:33",3687700
17.15,0.05,15000,"sd","11:17:18",3417400
17.15,0.05,100,"sd","13:11:53",4301700
17.15,0.05,53300,"sd","11:29:33",3651000
17.15,0.05,100,"sd","13:09:56",4248700
17.15,0.05,200,"sd","11:17:10",3402400
17.15,0.05,400,"sd","11:29:22",3597700
17.15,0.05,200,"sd","11:17:08",3402200
17.15,0.05,5000,"sd","13:11:17",4282500
17.2,0.1,6000,"bu","11:19:53",3457800
17.15,0.05,500,"sd","11:17:00",3402000
17.15,0.05,500,"sd","11:16:54",3401500
17.15,0.05,3000,"sd","13:11:03",4277000
17.15,0.05,100,"sd","13:11:02",4274000
17.15,0.05,5000,"sd","11:28:52",3590800
17.2,0.1,1000,"bu","11:19:42",3451800
17.2,0.1,600,"bu","11:19:31",3450800
17.15,0.05,400,"sd","11:19:29",3450200
17.15,0.05,3000,"sd","11:28:42",3585800
17.15,0.05,1300,"sd","13:13:44",4397800
17.15,0.05,500,"sd","11:20:44",3459500
17.2,0.1,100,"bu","11:20:41",3459000
17.15,0.05,100,"sd","13:13:39",4396500
17.15,0.05,5000,"sd","13:13:38",4396400
17.15,0.05,14000,"sd","13:13:36",4391400
17.15,0.05,200,"sd","13:13:35",4377400
17.15,0.05,1400,"sd","11:22:24",3479700
17.15,0.05,300,"sd","11:22:22",3478300
17.15,0.05,6000,"sd","11:22:21",3478000
17.2,0.1,12000,"bu","11:18:07",3440300
17.15,0.05,100,"sd","11:22:19",3472000
17.2,0.1,100,"bu","11:20:28",3458900
17.15,0.05,3200,"sd","13:14:13",4431500
17.15,0.05,5200,"sd","13:13:28",4377200
17.15,0.05,300,"sd","11:22:14",3471900
17.15,0.05,20000,"sd","13:14:36",4459600
17.2,0.1,1000,"bu","13:13:25",4372000
17.15,0.05,1000,"sd","11:21:59",3471600
17.2,0.1,1000,"bu","11:20:04",3458800
17.2,0.1,100,"bu","11:19:20",3449800
17.15,0.05,500,"sd","13:14:08",4428300
17.15,0.05,1800,"sd","13:14:04",4427800
17.15,0.05,100,"sd","13:14:20",4439600
17.15,0.05,700,"sd","11:21:32",3470600
17.2,0.1,200,"bu","11:19:02",3449700
17.15,0.05,20000,"sd","13:13:04",4371000
17.15,0.05,30000,"sd","13:13:01",4351000
17.15,0.05,1000,"sd","13:13:00",4321000
17.2,0.1,1000,"bu","11:18:58",3449500
17.2,0.1,1600,"bu","11:21:26",3469900
17.15,0.05,3500,"sd","11:21:23",3468300
17.15,0.05,3000,"sd","13:14:16",4439500
17.15,0.05,5000,"sd","13:14:14",4436500
17.15,0.05,100,"sd","13:12:48",4320000
17.15,0.05,300,"sd","11:21:07",3464800
17.2,0.1,5000,"bu","11:21:04",3464500
17.15,0.05,300,"sd","13:13:55",4419000
17.15,0.05,10000,"sd","13:13:54",4418700
17.15,0.05,5000,"sd","11:18:24",3448500
17.2,0.1,3000,"bu","11:18:23",3443500
17.15,0.05,4500,"sd","13:13:53",4408700
17.15,0.05,1200,"sd","13:13:52",4404200
17.2,0.1,200,"bu","11:18:18",3440500
17.15,0.05,5000,"sd","13:13:48",4403000
17.15,0.05,200,"sd","13:13:46",4398000
17.2,0.1,300,"bu","11:14:05",3350300
17.2,0.1,84300,"bu","13:08:18",4210500
17.15,0.05,10000,"sd","13:08:18",4126200
17.15,0.05,25000,"bu","13:26:04",5626100
17.1,0,700,"sd","13:25:56",5601100
17.1,0,10100,"sd","13:27:43",5653600
17.2,0.1,100,"bu","13:09:09",4247600
17.1,0,1000,"sd","13:27:33",5643500
17.1,0,2000,"sd","13:25:51",5600400
17.1,0,1100,"sd","13:27:59",5704800
17.2,0.1,3000,"bu","13:09:05",4247500
17.1,0,200,"sd","13:25:42",5598300
17.1,0,1000,"sd","13:26:33",5629200
17.1,0,2000,"sd","13:27:28",5642500
17.2,0.1,100,"bu","13:08:35",4214500
17.2,0.1,3900,"bu","13:08:34",4214400
17.1,0,20000,"sd","13:25:34",5598100
17.15,0.05,100,"bu","13:27:55",5703700
17.1,0,3700,"sd","13:27:55",5703600
17.1,0,46300,"sd","13:27:54",5699900
17.1,0,100,"sd","13:26:28",5627200
17.15,0.05,300,"bu","13:25:26",5578100
17.1,0,800,"sd","13:25:24",5577800
17.1,0,300,"sd","13:27:26",5640500
17.1,0,1000,"sd","13:27:23",5640200
17.1,0,1000,"sd","13:26:18",5627100
17.15,0.05,10000,"sd","11:14:14",3371000
17.2,0.1,10000,"bu","11:14:14",3361000
17.2,0.1,700,"bu","11:14:13",3351000
17.1,0,100,"sd","13:25:12",5577000
17.1,0,10000,"sd","13:27:04",5639200
17.2,0.1,500,"bu","11:10:14",3310900
17.15,0.05,3000,"sd","11:10:09",3310400
17.2,0.1,3000,"bu","11:10:08",3307400
17.2,0.1,1500,"bu","11:11:39",3328200
17.15,0.05,5000,"sd","11:08:39",3279300
17.2,0.1,200,"bu","11:09:57",3304400
17.2,0.1,1100,"bu","11:13:45",3350000
17.15,0.05,700,"sd","11:08:28",3274300
17.2,0.1,10000,"bu","11:11:25",3326700
17.15,0.05,4000,"sd","11:11:19",3316700
17.2,0.1,200,"bu","11:09:42",3304200
17.2,0.1,2000,"bu","11:08:14",3273600
17.15,0.05,1000,"sd","11:13:28",3348900
17.2,0.1,1000,"bu","11:11:08",3312700
17.15,0.05,600,"sd","11:09:31",3304000
17.2,0.1,500,"bu","11:08:04",3271600
17.15,0.05,600,"sd","11:11:04",3311700
17.15,0.05,1000,"sd","11:09:23",3303400
17.2,0.1,1600,"bu","11:08:01",3271100
17.15,0.05,6000,"sd","11:09:22",3302400
17.15,0.05,3300,"sd","11:09:18",3296400
17.2,0.1,3500,"bu","11:12:58",3347900
17.2,0.1,5000,"bu","11:07:44",3269500
17.2,0.1,500,"bu","11:09:04",3293100
17.2,0.1,1100,"bu","11:07:32",3264500
17.2,0.1,100,"bu","11:10:25",3311100
17.15,0.05,3000,"sd","11:08:55",3292600
17.2,0.1,100,"bu","11:10:15",3311000
17.15,0.05,10000,"sd","11:08:51",3289600
17.2,0.1,300,"bu","11:08:51",3279600
17.2,0.1,3000,"bu","11:07:19",3263400
17.15,0.05,300,"sd","10:54:53",2987400
17.2,0.1,10000,"bu","10:54:52",2987100
17.15,0.05,4300,"sd","11:01:43",3075000
17.15,0.05,700,"sd","11:01:43",3070700
17.2,0.1,200,"bu","11:04:56",3122400
17.2,0.1,4800,"bu","11:03:11",3097500
17.2,0.1,900,"bu","11:04:47",3122200
17.2,0.1,100,"bu","11:03:04",3092700
17.15,0.05,1600,"sd","11:04:40",3121300
17.15,0.05,5000,"sd","11:04:40",3119700
17.15,0.05,200,"sd","11:04:19",3114700
17.15,0.05,100,"sd","11:03:00",3092600
17.15,0.05,5000,"sd","11:06:52",3260400
17.15,0.05,500,"sd","10:57:50",3010000
17.15,0.05,200,"sd","11:04:12",3114500
17.2,0.1,100,"bu","11:04:12",3114300
17.15,0.05,1500,"sd","11:04:11",3114200
17.2,0.1,1000,"bu","11:02:45",3092500
17.2,0.1,200,"bu","11:02:41",3091500
17.15,0.05,20000,"sd","11:05:54",3184400
17.15,0.05,200,"sd","11:05:49",3164400
17.15,0.05,600,"sd","11:03:49",3112700
17.2,0.1,1000,"bu","11:03:47",3112100
17.2,0.1,13400,"bu","11:03:44",3111100
17.2,0.1,200,"bu","11:02:23",3091300
17.15,0.05,100,"sd","11:02:22",3091100
17.15,0.05,9000,"sd","11:02:19",3091000
17.2,0.1,500,"bu","11:05:33",3164200
17.15,0.05,20000,"sd","10:57:12",3009500
17.2,0.1,200,"bu","11:03:32",3097700
17.15,0.05,1000,"sd","11:02:10",3082000
17.2,0.1,2600,"bu","11:05:07",3126500
17.15,0.05,500,"sd","11:05:06",3123900
17.15,0.05,1000,"sd","11:05:04",3123400
17.2,0.1,500,"bu","10:54:13",2944300
17.15,0.05,1000,"sd","10:59:15",3045300
17.2,0.1,1600,"bu","10:54:11",2943800
17.2,0.1,8400,"bu","10:54:10",2942200
17.15,0.05,200,"sd","10:54:09",2933800
17.15,0.05,1000,"sd","11:01:30",3070000
17.15,0.05,2000,"sd","10:57:00",2989500
17.15,0.05,100,"sd","10:55:31",2987500
17.15,0.05,500,"sd","11:01:23",3069000
17.2,0.1,3000,"bu","10:54:34",2957100
17.2,0.1,9800,"bu","10:54:31",2954100
17.2,0.1,1700,"bu","10:59:41",3047000
17.15,0.05,2000,"sd","10:47:18",2854500
17.2,0.1,3000,"bu","10:48:48",2860900
17.2,0.1,300,"bu","10:46:51",2852500
17.15,0.05,9300,"sd","10:46:10",2850300
17.15,0.05,300,"sd","10:46:06",2841000
17.2,0.1,12000,"bu","10:51:26",2909100
17.15,0.05,1900,"sd","10:46:32",2852200
17.15,0.05,9200,"bu","10:45:54",2840700
17.15,0.05,800,"bu","10:45:54",2831500
17.15,0.05,100,"bu","10:45:53",2830700
17.15,0.05,10000,"bu","10:45:49",2830600
17.15,0.05,5000,"bu","10:45:47",2820600
17.15,0.05,10000,"bu","10:45:44",2815600
17.15,0.05,1000,"bu","10:45:43",2805600
17.15,0.05,60000,"bu","10:45:43",2804600
17.2,0.1,1000,"bu","10:47:29",2855500
17.1,0,100,"sd","10:45:32",2744600
17.15,0.05,400,"bu","10:45:31",2744500
17.2,0.1,300,"bu","10:47:40",2855800
17.15,0.05,2000,"sd","10:49:19",2863300
17.2,0.1,300,"bu","10:49:18",2861300
17.2,0.1,1000,"bu","10:53:03",2919000
17.15,0.05,100,"sd","10:49:13",2861000
17.2,0.1,2500,"bu","10:53:15",2931600
17.2,0.1,100,"bu","10:53:14",2929100
17.15,0.05,700,"sd","10:51:53",2911800
17.2,0.1,2000,"bu","10:51:46",2911100
17.15,0.05,800,"sd","10:50:11",2894100
17.2,0.1,100,"bu","10:48:21",2857900
17.2,0.1,2000,"bu","10:53:23",2933600
17.15,0.05,10000,"sd","10:49:55",2893300
17.2,0.1,2000,"bu","10:51:14",2897100
17.15,0.05,10000,"sd","10:49:49",2883300
17.15,0.05,500,"sd","10:51:11",2895100
17.2,0.1,10000,"bu","10:53:08",2929000
17.2,0.1,2000,"bu","10:47:47",2857800
17.2,0.1,1000,"bu","10:52:57",2918000
17.2,0.1,200,"bu","10:52:52",2917000
17.15,0.05,10000,"sd","10:49:36",2873300
17.15,0.05,500,"sd","10:50:45",2894600
17.2,0.1,4000,"bu","10:52:44",2916800
17.15,0.05,700,"bu","10:45:03",2734100
17.15,0.05,1000,"bu","10:43:38",2711900
17.15,0.05,10000,"sd","10:58:58",3042300
17.15,0.05,500,"sd","10:58:57",3032300
17.15,0.05,4600,"bu","10:44:53",2733400
17.1,0,1000,"sd","10:43:28",2710900
17.15,0.05,2200,"bu","10:43:25",2709900
17.15,0.05,500,"bu","10:44:51",2728800
17.15,0.05,300,"bu","10:44:47",2728300
17.15,0.05,2000,"sd","10:58:43",3031800
17.15,0.05,2500,"sd","10:58:42",3029800
17.15,0.05,1000,"sd","10:52:19",2912800
17.15,0.05,10000,"bu","10:44:43",2728000
17.15,0.05,100,"bu","10:43:19",2707700
17.1,0,16000,"sd","10:43:17",2707600
17.15,0.05,12300,"sd","10:58:38",3027300
17.15,0.05,500,"bu","10:43:10",2679900
17.15,0.05,11700,"bu","10:43:11",2691600
17.15,0.05,3000,"bu","10:43:08",2679400
17.15,0.05,1000,"bu","10:44:29",2718000
17.15,0.05,500,"bu","10:44:24",2717000
17.15,0.05,500,"bu","10:42:50",2676400
17.15,0.05,4400,"bu","10:42:48",2675900
17.15,0.05,1000,"bu","10:42:44",2671500
17.15,0.05,100,"bu","10:42:44",2670500
17.15,0.05,5000,"sd","10:58:08",3015000
17.15,0.05,2000,"sd","10:59:07",3044300
17.15,0.05,4600,"bu","10:43:52",2716500
17.15,0.05,6000,"bu","10:04:56",1488800
17.2,0.1,500,"bu","10:38:09",2345400
17.15,0.05,100,"sd","10:36:50",2334100
17.15,0.05,10000,"sd","10:39:53",2390600
17.15,0.05,300,"bu","10:42:09",2670400
17.1,0,1000,"sd","10:41:37",2646900
17.15,0.05,2500,"sd","10:41:09",2486600
17.15,0.05,400,"sd","10:41:01",2484100
17.15,0.05,100,"bu","10:42:03",2670100
17.15,0.05,5000,"sd","10:39:22",2379300
17.15,0.05,1000,"sd","10:39:20",2374300
17.2,0.1,300,"bu","10:37:50",2344900
17.15,0.05,100,"bu","10:42:01",2670000
17.15,0.05,8500,"sd","10:39:02",2358600
17.15,0.05,20000,"bu","10:41:51",2669900
17.15,0.05,500,"bu","10:41:48",2649900
17.15,0.05,5000,"sd","10:37:31",2344600
17.15,0.05,129300,"sd","10:41:16",2645900
17.15,0.05,2000,"sd","10:38:44",2350100
17.15,0.05,2500,"bu","10:41:44",2649400
17.15,0.05,30000,"sd","10:41:12",2516600
17.15,0.05,3800,"bu","10:26:49",2010500
17.15,0.05,5000,"bu","10:26:44",2006700
17.15,0.05,200,"sd","10:37:09",2339600
17.15,0.05,500,"sd","10:38:15",2348100
17.15,0.05,300,"sd","10:37:08",2339400
17.15,0.05,5000,"sd","10:37:07",2339100
17.15,0.05,900,"bu","10:26:34",2001700
17.2,0.1,200,"bu","10:38:12",2347600
17.2,0.1,2000,"bu","10:38:10",2347400
17.15,0.05,1000,"bu","10:26:33",2000800
17.15,0.05,500,"bu","10:05:02",1490300
17.15,0.05,1000,"sd","10:40:02",2391800
17.15,0.05,200,"sd","10:40:01",2390800
17.15,0.05,1000,"bu","10:05:01",1489800
17.15,0.05,800,"sd","11:24:30",3525200
17.15,0.05,100,"sd","11:24:28",3524400
17.15,0.05,50000,"sd","11:06:25",3255400
17.15,0.05,500,"sd","13:00:08",3768400
17.15,0.05,100,"sd","13:00:24",3800300
17.15,0.05,3000,"sd","13:00:23",3800200
17.15,0.05,700,"sd","13:00:23",3797200
17.15,0.05,100,"sd","13:00:22",3796500
17.15,0.05,900,"sd","13:00:07",3767900
17.15,0.05,5600,"sd","13:08:06",4113700
17.15,0.05,10000,"sd","13:08:06",4108100
17.15,0.05,100,"sd","13:00:01",3706400
17.15,0.05,3500,"sd","13:00:00",3706300
17.2,0.1,200,"bu","13:00:20",3796400
17.15,0.05,100,"sd","13:07:57",4098100
17.15,0.05,10000,"sd","13:00:20",3796200
17.2,0.1,100,"bu","13:07:54",4098000
17.15,0.05,100,"sd","13:00:00",3702800
17.2,0.1,200,"bu","11:12:36",3344400
17.2,0.1,400,"bu","13:07:00",4086800
17.15,0.05,16000,"sd","11:12:26",3344200
17.15,0.05,500,"sd","13:06:52",4086400
17.15,0.05,17800,"sd","13:00:13",3786200
17.15,0.05,1500,"sd","13:08:13",4116200
17.2,0.1,1000,"bu","13:08:13",4114700
17.2,0.1,1000,"bu","13:06:45",4085900
17.2,0.1,6000,"bu","13:06:43",4084900
17.15,0.05,200,"sd","10:33:33",2224700
17.15,0.05,2500,"sd","11:00:40",3061500
17.2,0.1,500,"bu","10:30:34",2143700
17.2,0.1,10000,"bu","11:00:35",3059000
17.15,0.05,700,"sd","10:39:35",2380600
17.2,0.1,600,"bu","10:39:33",2379900
17.15,0.05,10000,"sd","11:06:15",3194400
17.15,0.05,5000,"sd","11:05:28",3143500
17.15,0.05,100,"sd","11:05:25",3138500
17.2,0.1,200,"bu","11:05:23",3138400
17.2,0.1,20000,"bu","10:54:43",2977100
17.15,0.05,10000,"sd","10:35:07",2314200
17.15,0.05,10500,"sd","11:06:24",3205400
17.15,0.05,4300,"sd","10:34:56",2304200
17.15,0.05,1000,"sd","10:34:55",2299900
17.2,0.1,10000,"bu","11:05:21",3138200
17.2,0.1,1700,"bu","11:05:20",3128200
17.15,0.05,16000,"sd","10:40:43",2483700
17.15,0.05,5000,"sd","10:40:40",2467700
17.15,0.05,500,"sd","11:06:20",3194900
17.15,0.05,2000,"sd","10:59:58",3049000
17.15,0.05,30000,"sd","10:40:38",2462700
17.15,0.05,12500,"sd","10:40:36",2432700
17.15,0.05,100,"sd","10:34:37",2298900
17.15,0.05,200,"sd","11:05:30",3163700
17.2,0.1,20000,"bu","11:05:30",3163500
17.15,0.05,300,"sd","10:30:56",2145000
17.15,0.05,25700,"sd","10:40:29",2420200
17.15,0.05,50000,"sd","10:34:00",2275400
17.15,0.05,500,"sd","10:33:49",2225400
17.15,0.05,7000,"sd","11:00:57",3068500
17.15,0.05,200,"sd","10:33:45",2224900
17.15,0.05,300,"sd","10:40:12",2394500
17.15,0.05,2400,"sd","10:40:11",2394200
17.15,0.05,1000,"sd","10:30:40",2144700
17.15,0.05,20500,"bu","10:29:34",2135400
17.15,0.05,2000,"bu","10:29:33",2114900
17.15,0.05,5000,"bu","10:29:31",2112900
17.15,0.05,5000,"bu","10:24:50",1990600
17.15,0.05,1100,"bu","10:23:29",1930500
17.15,0.05,1000,"bu","10:23:25",1929400
17.15,0.05,5500,"bu","10:29:25",2078600
17.15,0.05,1200,"bu","10:26:13",1999800
17.15,0.05,2000,"bu","10:24:42",1985600
17.15,0.05,5000,"bu","10:29:21",2073100
17.15,0.05,2600,"bu","10:24:36",1983600
17.15,0.05,500,"sd","10:30:20",2138200
17.15,0.05,200,"bu","10:29:16",2068100
17.15,0.05,10000,"bu","10:29:12",2067900
17.15,0.05,5900,"bu","10:29:10",2057900
17.15,0.05,3000,"bu","10:24:23",1981000
17.15,0.05,2000,"bu","10:29:07",2052000
17.15,0.05,1000,"bu","10:29:03",2050000
17.15,0.05,1000,"sd","10:30:05",2137700
17.15,0.05,5000,"bu","10:25:51",1998600
17.15,0.05,900,"bu","10:25:50",1993600
17.15,0.05,11500,"bu","10:29:00",2049000
17.15,0.05,500,"bu","10:24:09",1978000
17.15,0.05,100,"bu","10:28:52",2037500
17.1,0,100,"sd","10:24:07",1977500
17.15,0.05,4400,"bu","10:24:04",1977400
17.15,0.05,1600,"bu","10:28:50",2037400
17.15,0.05,10000,"bu","10:28:46",2035800
17.15,0.05,2000,"bu","10:28:44",2025800
17.15,0.05,200,"bu","10:23:45",1973000
17.15,0.05,40000,"bu","10:23:44",1972800
17.15,0.05,1000,"sd","10:29:40",2136700
17.15,0.05,1500,"bu","10:23:39",1932800
17.15,0.05,100,"bu","10:23:36",1931300
17.1,0,700,"sd","10:23:36",1931200
17.15,0.05,300,"sd","10:29:35",2135700
17.15,0.05,5000,"sd","10:30:29",2143200
17.15,0.05,100,"bu","10:25:09",1992700
17.15,0.05,2000,"bu","10:24:53",1992600
17.15,0.05,100,"sd","11:23:06",3489200
17.15,0.05,5000,"sd","11:23:00",3489100
17.15,0.05,100,"sd","11:22:56",3484100
17.15,0.05,2000,"bu","10:20:59",1877400
17.15,0.05,200,"bu","10:20:53",1875400
17.15,0.05,600,"sd","11:23:50",3519600
17.15,0.05,500,"sd","11:23:47",3519000
17.15,0.05,2000,"bu","10:21:52",1881800
17.15,0.05,3500,"sd","11:24:02",3524100
17.15,0.05,1000,"sd","11:24:01",3520600
17.15,0.05,1000,"bu","10:21:39",1879800
17.15,0.05,500,"sd","11:23:45",3518500
17.15,0.05,500,"sd","11:23:40",3518000
17.15,0.05,200,"sd","11:24:13",3524300
17.15,0.05,500,"bu","10:21:27",1878800
17.15,0.05,800,"bu","10:21:16",1878300
17.15,0.05,100,"bu","10:21:11",1877500
17.15,0.05,100,"sd","11:23:28",3517500
17.15,0.05,200,"sd","11:23:27",3517400
17.15,0.05,8000,"sd","11:23:27",3517200
17.15,0.05,20000,"sd","11:23:18",3509200
17.1,0,300,"sd","10:07:23",1513600
17.15,0.05,100,"bu","10:14:11",1671500
17.15,0.05,1000,"bu","10:07:12",1513300
17.15,0.05,13600,"bu","10:14:34",1705600
17.15,0.05,1000,"bu","10:20:28",1875200
17.15,0.05,2000,"bu","10:10:50",1564900
17.1,0,400,"sd","10:08:28",1528500
17.15,0.05,300,"bu","10:14:48",1762000
17.1,0,1100,"sd","10:14:47",1761700
17.15,0.05,7200,"bu","10:14:47",1760600
17.15,0.05,33800,"bu","10:14:46",1753400
17.15,0.05,5600,"bu","10:14:45",1719600
17.15,0.05,1000,"bu","10:20:27",1874200
17.15,0.05,1000,"bu","10:20:26",1873200
17.15,0.05,1500,"bu","10:09:57",1551900
17.1,0,100,"sd","10:08:50",1539900
17.15,0.05,1000,"bu","10:08:48",1539800
17.15,0.05,4800,"bu","10:14:42",1714000
17.1,0,400,"sd","10:09:53",1550400
17.1,0,300,"sd","10:08:43",1538800
17.1,0,100,"sd","10:09:43",1550000
17.1,0,10000,"sd","10:08:34",1538500
17.1,0,14000,"sd","10:07:57",1528100
17.15,0.05,1800,"bu","10:14:40",1709200
17.15,0.05,1000,"bu","10:14:39",1707400
17.15,0.05,800,"bu","10:14:38",1706400
17.15,0.05,1500,"bu","10:09:38",1549900
17.15,0.05,800,"bu","10:20:21",1872200
17.15,0.05,300,"bu","10:17:07",1822600
17.1,0,5000,"sd","10:09:33",1548400
17.15,0.05,1400,"bu","10:14:52",1773800
17.15,0.05,4000,"bu","10:14:51",1772400
17.15,0.05,6400,"bu","10:14:50",1768400
17.15,0.05,1800,"bu","10:09:27",1543400
17.15,0.05,5000,"bu","10:14:31",1692000
17.1,0,500,"sd","10:14:29",1687000
17.15,0.05,10000,"bu","10:14:25",1686500
17.1,0,1200,"sd","10:09:19",1541600
17.1,0,500,"sd","10:09:17",1540400
17.15,0.05,5000,"bu","10:14:18",1676500
17.1,0,1000,"sd","10:05:43",1495400
17.1,0,400,"sd","10:05:39",1494400
17.15,0.05,300,"bu","10:06:44",1511300
17.15,0.05,500,"bu","10:06:41",1511000
17.15,0.05,100,"bu","10:05:29",1494000
17.15,0.05,300,"bu","10:05:28",1493900
17.15,0.05,100,"bu","10:05:25",1493600
17.15,0.05,1000,"bu","10:05:23",1493500
17.15,0.05,1000,"bu","10:05:20",1492500
17.15,0.05,2000,"bu","10:06:28",1510500
17.15,0.05,900,"bu","10:05:13",1491500
17.15,0.05,300,"bu","10:05:11",1490600
17.1,0,400,"sd","10:06:15",1508500
17.15,0.05,1000,"bu","10:06:14",1508100
17.1,0,500,"sd","10:06:05",1507100
17.15,0.05,500,"bu","10:06:03",1506600
17.15,0.05,600,"bu","10:06:01",1506100
17.15,0.05,100,"bu","10:05:59",1505500
17.15,0.05,10000,"bu","10:05:55",1505400
17.15,0.05,1000,"bu","10:06:56",1512300
17.15,0.05,1200,"sd","10:15:59",1779000
17.15,0.05,2400,"bu","10:12:40",1622100
17.15,0.05,1200,"bu","10:13:47",1653400
17.15,0.05,1000,"bu","10:13:42",1652200
17.1,0,200,"sd","10:12:25",1619700
17.15,0.05,33200,"sd","10:17:00",1822300
17.15,0.05,100,"sd","10:15:44",1777800
17.15,0.05,1000,"bu","10:13:40",1651200
17.15,0.05,5000,"bu","10:13:35",1650200
17.15,0.05,1000,"bu","10:12:16",1619500
17.15,0.05,2500,"sd","10:16:48",1789100
17.15,0.05,1000,"bu","10:13:32",1645200
17.1,0,5000,"sd","10:13:31",1644200
17.15,0.05,10000,"bu","10:13:30",1639200
17.1,0,5300,"sd","10:13:26",1629200
17.15,0.05,400,"bu","10:12:08",1618500
17.15,0.05,5000,"bu","10:10:42",1562900
17.15,0.05,5000,"bu","10:10:41",1557900
17.15,0.05,3100,"sd","10:15:15",1777700
17.15,0.05,800,"sd","10:15:12",1774600
17.1,0,600,"sd","10:13:11",1623900
17.15,0.05,1000,"bu","10:10:29",1552900
17.2,0.1,100,"bu","10:16:26",1786600
17.15,0.05,2000,"sd","10:16:15",1786500
17.15,0.05,7700,"bu","10:14:01",1671400
17.1,0,10000,"sd","10:14:00",1663700
17.15,0.05,200,"bu","10:13:02",1623300
17.15,0.05,5000,"sd","10:16:11",1784500
17.15,0.05,300,"bu","10:13:56",1653700
17.15,0.05,500,"sd","10:16:09",1779500
17.15,0.05,1000,"bu","10:12:42",1623100
17.15,0.05,600,"bu","10:23:12",1928400
17.15,0.05,500,"bu","10:23:08",1927800
17.15,0.05,200,"bu","10:27:09",2010700
17.15,0.05,1100,"bu","10:23:03",1927300
17.15,0.05,50000,"sd","10:32:00",2220800
17.15,0.05,3000,"bu","10:22:51",1926200
17.15,0.05,2100,"sd","10:31:52",2170800
17.15,0.05,1000,"bu","10:28:16",2023800
17.15,0.05,1000,"bu","10:22:47",1923200
17.15,0.05,20000,"bu","10:22:44",1922200
17.15,0.05,10000,"sd","13:07:49",4097900
17.15,0.05,2500,"sd","10:31:43",2168700
17.15,0.05,100,"bu","10:28:10",2022800
17.15,0.05,9100,"bu","10:28:07",2022700
17.1,0,500,"sd","10:28:07",2013600
17.15,0.05,100,"bu","10:22:37",1902200
17.15,0.05,1000,"sd","11:29:09",3593300
17.15,0.05,200,"sd","10:31:38",2166200
17.15,0.05,500,"sd","10:31:36",2166000
17.15,0.05,10000,"bu","10:22:34",1902100
17.15,0.05,3000,"sd","11:16:22",3391500
17.15,0.05,18700,"sd","10:31:35",2165500
17.15,0.05,1000,"sd","10:31:34",2146800
17.2,0.1,2000,"bu","11:29:17",3597300
17.15,0.05,2000,"sd","11:29:16",3595300
17.15,0.05,5000,"bu","10:22:26",1892100
17.15,0.05,100,"bu","10:22:22",1887100
17.15,0.05,1500,"sd","11:29:04",3592300
17.15,0.05,200,"sd","10:31:21",2145800
17.15,0.05,1000,"bu","10:27:44",2013100
17.1,0,200,"sd","10:22:16",1887000
17.15,0.05,200,"sd","10:31:17",2145600
17.15,0.05,5000,"bu","10:22:10",1886800
17.15,0.05,400,"sd","10:31:10",2145400
17.15,0.05,500,"bu","10:27:30",2012100
17.15,0.05,900,"bu","10:27:26",2011600
17.15,0.05,6400,"sd","09:54:19",1031900
17.2,0.1,1400,"bu","09:54:16",1025500
17.15,0.05,3000,"sd","09:58:46",1401800
17.15,0.05,800,"sd","09:54:15",1024100
17.15,0.05,3000,"bu","10:00:41",1438100
17.15,0.05,10000,"sd","09:59:19",1415800
17.15,0.05,200,"sd","09:54:09",1023300
17.15,0.05,500,"bu","10:01:07",1444000
17.15,0.05,2000,"sd","09:59:08",1405800
17.15,0.05,1300,"sd","09:54:02",1023100
17.15,0.05,2400,"bu","10:01:39",1448500
17.15,0.05,200,"bu","10:01:22",1446100
17.15,0.05,1000,"bu","10:01:21",1445900
17.15,0.05,2000,"sd","09:58:59",1403800
17.15,0.05,300,"sd","09:53:52",1021800
17.15,0.05,500,"sd","09:54:54",1042400
17.15,0.05,900,"bu","10:01:14",1444900
17.15,0.05,100,"bu","09:59:59",1435100
17.15,0.05,700,"bu","09:59:53",1435000
17.15,0.05,3000,"sd","09:54:41",1041900
17.15,0.05,3300,"bu","10:00:59",1443500
17.15,0.05,500,"sd","09:53:29",1021500
17.15,0.05,2100,"bu","10:00:54",1440200
17.15,0.05,11900,"sd","09:59:37",1434300
17.15,0.05,7000,"sd","09:54:29",1038900
17.15,0.05,6600,"sd","09:59:31",1422400
17.15,0.05,4000,"sd","09:47:48",916600
17.15,0.05,8000,"sd","09:47:46",912600
17.15,0.05,600,"sd","09:52:17",1018400
17.15,0.05,8600,"sd","09:49:10",963700
17.2,0.1,600,"bu","09:52:49",1019100
17.15,0.05,3000,"sd","09:49:03",955100
17.15,0.05,400,"sd","09:48:57",952100
17.2,0.1,1000,"bu","09:47:24",904600
17.15,0.05,20000,"sd","09:48:54",951700
17.15,0.05,500,"sd","09:48:52",931700
17.2,0.1,200,"bu","09:50:00",972500
17.15,0.05,400,"sd","09:53:09",1021000
17.2,0.1,1000,"bu","09:53:07",1020600
17.15,0.05,2000,"sd","09:48:40",931200
17.2,0.1,700,"bu","09:47:11",903600
17.15,0.05,4000,"sd","09:48:31",929200
17.15,0.05,500,"sd","09:52:52",1019600
17.15,0.05,1500,"sd","09:48:29",925200
17.2,0.1,500,"bu","09:46:56",902900
17.2,0.1,1000,"bu","09:49:30",972300
17.15,0.05,5000,"sd","09:49:29",971300
17.2,0.1,100,"bu","09:46:52",902400
17.2,0.1,100,"bu","09:52:43",1018500
17.15,0.05,2300,"sd","09:48:21",923700
17.2,0.1,800,"bu","09:46:48",902300
17.15,0.05,600,"sd","09:49:13",964300
17.15,0.05,800,"sd","09:47:53",921400
17.15,0.05,4000,"sd","09:47:51",920600
17.15,0.05,5000,"bu","10:01:44",1453500
17.15,0.05,200,"sd","10:35:42",2326300
17.15,0.05,1000,"sd","10:34:10",2277700
17.15,0.05,100,"sd","13:06:03",4072400
17.15,0.05,800,"sd","13:06:02",4072300
17.15,0.05,1300,"sd","10:34:04",2276700
17.2,0.1,1000,"bu","13:07:45",4087900
17.2,0.1,7200,"bu","10:35:30",2326100
17.15,0.05,200,"sd","10:33:10",2224500
17.2,0.1,10000,"bu","09:55:23",1059200
17.15,0.05,100,"sd","13:07:22",4086900
17.15,0.05,500,"sd","10:35:23",2318900
17.2,0.1,3600,"bu","13:06:26",4078900
17.15,0.05,500,"sd","13:06:25",4075300
17.15,0.05,400,"sd","13:06:24",4074800
17.15,0.05,1000,"sd","13:06:21",4074400
17.15,0.05,1000,"sd","13:06:20",4073400
17.15,0.05,700,"sd","09:55:09",1049200
17.15,0.05,3600,"sd","09:55:06",1048500
17.15,0.05,2400,"sd","10:35:12",2318400
17.15,0.05,1800,"sd","10:35:10",2316000
17.15,0.05,200,"sd","13:05:58",4071500
17.15,0.05,2500,"sd","09:55:04",1044900
17.15,0.05,10000,"bu","10:45:28",2744100
17.15,0.05,1500,"sd","10:39:12",2373300
17.15,0.05,21000,"sd","10:34:23",2298800
17.15,0.05,100,"sd","10:34:20",2277800
17.15,0.05,3000,"sd","10:39:06",2371800
17.15,0.05,10200,"sd","10:39:03",2368800
17.15,0.05,500,"sd","10:33:04",2224300
17.15,0.05,7700,"sd","09:56:04",1092000
17.15,0.05,1000,"sd","09:56:03",1084300
17.15,0.05,2000,"sd","09:56:01",1083300
17.15,0.05,500,"sd","09:51:49",1017800
17.15,0.05,100,"sd","09:51:00",1017000
17.2,0.1,500,"bu","09:50:57",1016900
17.15,0.05,2000,"sd","09:56:20",1094100
17.15,0.05,3000,"sd","09:50:54",1016400
17.15,0.05,1000,"sd","09:50:51",1013400
17.2,0.1,12200,"bu","09:56:34",1106400
17.2,0.1,100,"bu","09:56:31",1094200
17.15,0.05,1800,"bu","10:20:19",1871400
17.15,0.05,6000,"sd","09:50:43",1012400
17.1,0,500,"sd","10:07:56",1514100
17.15,0.05,100,"sd","09:56:07",1092100
17.15,0.05,100,"sd","09:50:27",1006400
17.2,0.1,3100,"bu","09:55:59",1081300
17.15,0.05,300,"sd","09:51:14",1017300
17.15,0.05,3800,"sd","09:50:25",1006300
17.15,0.05,30000,"sd","09:50:22",1002500
17.15,0.05,1000,"sd","09:55:51",1078200
17.2,0.1,18000,"bu","09:55:44",1077200
17.1,0,500,"sd","10:17:45",1827700
17.15,0.05,1000,"bu","10:11:18",1596500
17.15,0.05,30000,"bu","10:11:15",1595500
17.15,0.05,2000,"bu","10:17:38",1827200
17.15,0.05,600,"bu","10:19:44",1863500
17.15,0.05,300,"bu","10:19:43",1862900
17.15,0.05,3000,"bu","10:19:41",1862600
17.15,0.05,200,"bu","10:18:48",1842200
17.1,0,100,"sd","10:11:03",1565500
17.15,0.05,500,"bu","10:11:01",1565400
17.15,0.05,200,"bu","10:18:46",1842000
17.15,0.05,5000,"bu","10:20:09",1869500
17.15,0.05,500,"bu","10:20:02",1864500
17.15,0.05,300,"bu","10:19:57",1864000
17.15,0.05,5000,"bu","10:19:40",1859600
17.15,0.05,3000,"bu","10:18:31",1841800
17.15,0.05,2000,"bu","10:17:17",1825200
17.15,0.05,300,"bu","10:19:35",1854600
17.15,0.05,2000,"bu","10:19:33",1854300
17.15,0.05,5000,"bu","10:19:31",1852300
17.15,0.05,100,"bu","10:17:15",1823200
17.15,0.05,200,"bu","10:19:52",1863700
17.15,0.05,1000,"sd","10:32:46",2223800
17.15,0.05,1000,"bu","10:18:20",1838800
17.15,0.05,5000,"bu","10:11:54",1618100
17.15,0.05,2000,"sd","10:32:41",2222800
17.15,0.05,3000,"bu","10:11:48",1613100
17.1,0,10000,"sd","10:11:48",1610100
17.15,0.05,5000,"bu","10:19:27",1847300
17.15,0.05,100,"bu","10:19:25",1842300
17.15,0.05,100,"bu","10:18:06",1837800
17.15,0.05,10000,"bu","10:18:02",1837700
17.1,0,2300,"sd","10:11:40",1600100
17.1,0,300,"sd","10:11:35",1597800
17.15,0.05,1000,"bu","10:11:35",1597500
17.15,0.05,1000,"sd","09:43:33",805300
17.15,0.05,400,"sd","09:44:44",843200
17.15,0.05,25000,"sd","13:08:56",4244500
17.15,0.05,5000,"sd","11:15:48",3388500
17.2,0.1,1000,"bu","13:09:29",4248600
17.15,0.05,100,"sd","11:15:26",3383500
17.15,0.05,200,"sd","11:15:24",3383400
17.15,0.05,600,"sd","11:15:22",3383200
17.15,0.05,5000,"sd","09:44:20",842800
17.2,0.1,5000,"bu","13:08:49",4219500
17.15,0.05,2000,"sd","09:49:27",966300
17.2,0.1,1300,"bu","09:44:04",837800
17.2,0.1,28700,"bu","09:44:04",836500
17.15,0.05,100,"sd","09:44:54",843300
17.15,0.05,300,"sd","11:25:43",3538500
17.15,0.05,4300,"sd","11:22:40",3484000
17.2,0.1,2400,"bu","09:43:44",807800
17.15,0.05,100,"sd","09:43:43",805400
17.15,0.05,300,"sd","11:14:43",3371300
17.2,0.1,800,"bu","09:42:49",781900
17.15,0.05,3700,"sd","10:36:32",2334000
17.2,0.1,1000,"bu","09:42:43",781100
17.15,0.05,10000,"sd","11:15:00",3381300
17.15,0.05,4000,"sd","10:36:27",2330300
17.2,0.1,500,"bu","09:42:27",780100
17.15,0.05,200,"sd","09:42:24",779600
17.2,0.1,100,"bu","09:42:23",779400
17.15,0.05,1300,"sd","11:15:04",3382600
17.2,0.1,500,"bu","09:42:15",779300
17.15,0.05,5000,"sd","11:02:00",3081000
17.15,0.05,300,"bu","10:29:29",2107900
17.15,0.05,20000,"bu","10:29:29",2107600
17.15,0.05,9000,"bu","10:29:28",2087600
17.2,0.1,500,"bu","09:42:05",778800
17.2,0.1,1000,"bu","11:01:49",3076000
17.15,0.05,100,"bu","10:20:15",1869600
17.15,0.05,500,"bu","10:17:11",1823100
17.1,0,1600,"sd","13:55:57",7481000
17.1,0,1000,"sd","13:59:23",7519200
17.1,0,2000,"sd","13:59:20",7518200
17.1,0,5000,"sd","13:57:06",7500800
17.1,0,1000,"sd","13:55:34",7479400
17.15,0.05,2800,"bu","13:57:01",7495800
17.1,0,2800,"sd","14:01:34",7804700
17.1,0,7200,"sd","14:01:34",7801900
17.1,0,4000,"sd","13:56:56",7493000
17.15,0.05,2000,"bu","10:01:46",1455500
17.1,0,100,"sd","13:56:33",7484000
17.15,0.05,100,"bu","10:04:35",1482800
17.15,0.05,100,"bu","10:04:33",1482700
17.15,0.05,2900,"bu","10:04:30",1482600
17.15,0.05,3000,"bu","10:04:29",1479700
17.1,0,150000,"sd","14:01:29",7794700
17.1,0,3000,"sd","14:01:26",7644700
17.1,0,200,"sd","13:56:23",7483900
17.1,0,1000,"sd","13:56:07",7482300
17.1,0,300,"sd","13:56:04",7481300
17.1,0,10000,"sd","14:00:59",7635800
17.15,0.05,6700,"bu","10:04:10",1476700
17.15,0.05,1000,"bu","10:04:09",1470000
17.2,0.1,700,"bu","09:56:42",1108100
17.2,0.1,1000,"bu","09:56:41",1107400
17.15,0.05,1500,"sd","09:57:41",1384000
17.15,0.05,100,"sd","09:57:36",1382500
17.15,0.05,200,"sd","09:57:35",1382400
17.15,0.05,2000,"sd","09:57:32",1382200
17.15,0.05,5000,"sd","09:57:26",1380200
17.15,0.05,2000,"sd","09:57:22",1375200
17.15,0.05,2200,"sd","09:57:21",1373200
17.15,0.05,9900,"sd","09:57:19",1371000
17.15,0.05,100,"sd","09:57:18",1361100
17.15,0.05,300,"sd","09:58:31",1390600
17.15,0.05,700,"sd","09:57:07",1361000
17.15,0.05,1300,"sd","09:58:18",1390300
17.15,0.05,2200,"sd","09:57:05",1360300
17.15,0.05,142800,"sd","09:56:59",1358100
17.15,0.05,107200,"sd","09:56:59",1215300
17.15,0.05,5000,"sd","09:57:58",1389000
17.15,0.05,300,"sd","09:36:42",702000
17.2,0.1,5000,"bu","09:31:10",665300
17.15,0.05,100,"sd","09:35:27",678600
17.15,0.05,100,"sd","09:31:03",660300
17.15,0.05,2000,"sd","09:36:20",701700
17.15,0.05,100,"sd","09:35:18",678500
17.2,0.1,3000,"bu","09:31:00",660200
17.15,0.05,2400,"sd","09:30:46",656000
17.15,0.05,5000,"sd","09:36:16",699700
17.2,0.1,100,"bu","09:31:58",669100
17.2,0.1,1000,"bu","09:31:53",669000
17.15,0.05,10000,"sd","09:30:26",653600
17.2,0.1,200,"bu","09:31:46",668000
17.15,0.05,1200,"sd","09:30:19",643600
17.15,0.05,200,"sd","09:35:57",694700
17.15,0.05,15000,"sd","09:35:52",694500
17.2,0.1,200,"sd","09:18:59",151900
17.15,0.05,800,"sd","09:35:50",679500
17.2,0.1,400,"sd","09:18:54",151700
17.15,0.05,5500,"sd","09:30:00",642400
17.15,0.05,100,"sd","09:35:42",678700
17.2,0.1,500,"bu","09:31:16",667800
17.2,0.1,600,"sd","09:18:43",151300
17.15,0.05,2000,"sd","09:31:13",667300
17.2,0.1,100,"bu","09:29:26",634200
17.15,0.05,4500,"sd","09:28:26",633000
17.2,0.1,1000,"bu","09:28:58",634100
17.15,0.05,5000,"sd","09:28:07",628500
17.2,0.1,100,"bu","09:28:31",633100
17.15,0.05,100,"sd","09:29:29",636900
17.15,0.05,2400,"sd","09:29:27",636800
17.2,0.1,200,"bu","09:29:27",634400
17.15,0.05,100,"sd","09:33:35",670300
17.2,0.1,500,"sd","09:24:54",426400
17.2,0.1,200,"sd","09:24:53",425900
17.15,0.05,16000,"sd","09:25:59",489200
17.15,0.05,100,"sd","09:33:28",670200
17.2,0.1,100,"bu","09:25:55",473200
17.2,0.1,10300,"sd","09:27:27",612800
17.15,0.05,9700,"sd","09:27:27",622500
17.2,0.1,300,"sd","09:26:51",587300
17.15,0.05,500,"sd","09:33:16",670100
17.2,0.1,100,"sd","09:27:25",602500
17.2,0.1,5200,"sd","09:26:47",587000
17.2,0.1,1000,"sd","09:26:45",581800
17.2,0.1,500,"sd","09:27:24",602400
17.2,0.1,500,"sd","09:26:38",580800
17.2,0.1,200,"sd","09:26:36",580300
17.2,0.1,1400,"sd","09:27:18",601900
17.2,0.1,27700,"bu","09:26:34",580100
17.2,0.1,5000,"sd","09:27:14",600500
17.2,0.1,1500,"sd","09:27:13",595500
17.2,0.1,4000,"sd","09:27:08",594000
17.2,0.1,3000,"bu","09:26:28",552400
17.2,0.1,50000,"bu","09:26:23",549400
17.2,0.1,2000,"bu","09:33:59",677000
17.2,0.1,10200,"bu","09:26:21",499400
17.15,0.05,3500,"sd","09:33:54",675000
17.15,0.05,500,"sd","09:32:39",669600
17.2,0.1,2000,"sd","09:27:00",590000
17.15,0.05,1200,"sd","09:33:51",671500
17.2,0.1,200,"sd","09:26:57",588000
17.2,0.1,500,"sd","09:26:56",587800
17.2,0.1,100,"bu","09:34:59",677100
17.15,0.05,1300,"sd","09:34:59",678400
17.2,0.1,3000,"sd","09:25:00",429700
17.2,0.1,1000,"bu","09:27:40",623500
17.2,0.1,300,"sd","09:24:55",426700
17.2,0.1,600,"sd","09:23:18",310800
17.2,0.1,900,"sd","09:22:07",253900
17.25,0.15,3000,"bu","09:22:01",253000
17.2,0.1,7200,"sd","09:24:05",420300
17.2,0.1,2000,"sd","09:25:29",464900
17.2,0.1,2000,"sd","09:25:26",462900
17.2,0.1,100,"sd","09:24:04",413100
17.2,0.1,1200,"sd","09:25:32",473100
17.2,0.1,7000,"sd","09:25:31",471900
17.25,0.15,100,"bu","09:21:55",250000
17.2,0.1,2000,"sd","09:25:24",460900
17.2,0.1,300,"sd","09:23:59",413000
17.2,0.1,400,"sd","09:25:19",458900
17.2,0.1,100,"sd","09:25:18",458500
17.2,0.1,1000,"sd","09:23:54",412700
17.2,0.1,300,"sd","09:23:54",411700
17.2,0.1,500,"sd","09:25:17",458400
17.2,0.1,5000,"sd","09:25:15",455900
17.2,0.1,2000,"sd","09:25:16",457900
17.2,0.1,10500,"sd","09:23:49",411400
17.2,0.1,10000,"sd","09:25:11",450900
17.2,0.1,2600,"sd","09:25:09",440900
17.2,0.1,10000,"sd","09:23:48",400900
17.2,0.1,2000,"sd","09:23:48",390900
17.2,0.1,200,"sd","09:22:36",254600
17.2,0.1,1000,"sd","09:23:43",388900
17.2,0.1,600,"sd","09:23:42",387900
17.2,0.1,500,"sd","09:22:29",254400
17.2,0.1,8000,"sd","09:25:05",438300
17.2,0.1,500,"sd","09:25:03",430300
17.2,0.1,100,"sd","09:25:01",429800
17.2,0.1,6000,"sd","09:23:42",387300
17.2,0.1,4500,"sd","09:23:38",381300
17.2,0.1,1000,"sd","09:23:33",376800
17.2,0.1,600,"sd","09:24:30",423200
17.2,0.1,15000,"sd","09:23:30",375800
17.2,0.1,1000,"sd","09:24:20",422600
17.2,0.1,1300,"sd","09:24:20",421600
17.2,0.1,27500,"sd","09:23:24",360800
17.2,0.1,22500,"sd","09:23:24",333300
17.25,0.15,3000,"bu","09:20:46",208700
17.25,0.15,31000,"bu","09:20:42",205700
17.2,0.1,8700,"sd","09:20:22",174500
17.25,0.15,1900,"bu","09:21:26",247300
17.25,0.15,200,"bu","09:21:21",245400
17.25,0.15,10000,"bu","09:21:19",245200
17.25,0.15,200,"bu","09:20:28",174700
17.2,0.1,2500,"sd","09:20:02",165800
17.25,0.15,4500,"bu","09:21:18",235200
17.25,0.15,500,"bu","09:21:15",230700
17.25,0.15,500,"bu","09:21:04",230200
17.25,0.15,2600,"bu","09:21:29",249900
17.2,0.1,1000,"sd","09:21:00",229700
17.25,0.15,20000,"bu","09:20:53",228700
17.2,0.1,1000,"sd","09:19:43",161600
17.2,0.1,100,"sd","09:19:41",160600
17.2,0.1,1500,"sd","09:19:37",160500
17.2,0.1,1000,"sd","09:19:50",162800
17.25,0.15,500,"bu","09:19:55",163300
17.2,0.1,200,"sd","09:19:45",161800
17.2,0.1,500,"sd","09:19:00",152400
17.2,0.1,1000,"sd","09:18:13",150600
17.2,0.1,700,"sd","09:18:06",149600
17.2,0.1,100,"sd","09:19:21",153000
17.2,0.1,1900,"sd","09:18:03",148900
17.2,0.1,6000,"sd","09:19:22",159000
17.2,0.1,2200,"sd","09:17:58",147000
17.2,0.1,300,"sd","09:19:18",152900
17.2,0.1,100,"sd","09:17:47",144800
17.2,0.1,200,"sd","09:19:07",152600
17.2,0.1,100,"sd","09:17:39",144700
17.2,0.1,6000,"sd","09:17:37",144600
17.2,0.1,2000,"bu","09:16:46",131600
17.2,0.1,100,"sd","09:17:08",133900
17.2,0.1,100,"sd","09:17:07",133800
17.2,0.1,5000,"bu","09:16:42",129600
17.2,0.1,3000,"sd","09:16:37",124600
17.15,0.05,600,"sd","09:15:03",61900
17.2,0.1,17000,"bu","09:16:35",121600
17.2,0.1,5000,"bu","09:16:32",104600
17.2,0.1,100,"sd","09:17:15",138600
17.2,0.1,3000,"sd","09:17:12",138500
17.15,0.05,5000,"sd","09:16:31",99600
17.2,0.1,61300,"","09:15:01",61300
17.2,0.1,100,"sd","09:17:11",135500
17.2,0.1,1500,"sd","09:17:10",135400
17.2,0.1,2000,"sd","09:17:02",133700
17.2,0.1,20100,"bu","09:16:27",94600
17.15,0.05,100,"sd","09:15:48",68500
17.2,0.1,4000,"bu","09:15:45",68400
17.15,0.05,1000,"sd","09:16:23",74500
17.15,0.05,2500,"sd","09:15:45",64400
17.2,0.1,100,"sd","09:16:56",131700
17.2,0.1,5000,"bu","09:16:20",73500
17.2,0.1,10100,"sd","09:23:15",310200
17.2,0.1,2000,"sd","09:22:55",300100
17.2,0.1,15000,"sd","09:22:52",298100
17.25,0.15,28500,"bu","09:22:50",283100
17.2,0.1,100,"bu","09:41:19",775700
17.2,0.1,100,"bu","09:41:16",775600
17.2,0.1,100,"bu","09:41:15",756900
17.15,0.05,18600,"sd","09:41:16",775500
17.2,0.1,700,"bu","09:41:15",756800
17.15,0.05,200,"bu","10:03:52",1469000
17.15,0.05,100,"bu","10:03:49",1468800
17.15,0.05,1000,"sd","09:58:44",1398800
17.2,0.1,22400,"bu","09:43:03",804300
17.15,0.05,2000,"bu","10:03:42",1468700
17.15,0.05,300,"bu","10:03:29",1466700
17.2,0.1,100,"bu","09:41:48",778300
17.15,0.05,5000,"bu","10:03:16",1466400
17.15,0.05,2000,"bu","10:03:10",1461400
17.2,0.1,2000,"bu","09:41:36",778200
17.2,0.1,500,"bu","09:41:30",776200
17.2,0.1,2000,"bu","09:38:33",713900
17.2,0.1,1000,"bu","09:39:23",749400
17.2,0.1,17300,"bu","09:38:36",743900
17.2,0.1,12700,"bu","09:38:35",726600
17.2,0.1,1000,"bu","09:40:25",752400
17.2,0.1,1000,"bu","09:39:13",748400
17.15,0.05,1900,"sd","09:39:10",747400
17.2,0.1,3500,"bu","09:40:59",756100
17.2,0.1,200,"bu","09:40:57",752600
17.15,0.05,400,"sd","09:39:04",745500
17.2,0.1,100,"bu","09:39:02",745100
17.15,0.05,200,"sd","09:38:59",745000
17.15,0.05,900,"sd","09:38:57",744800
17.2,0.1,2000,"bu","09:39:39",751400
17.15,0.05,8000,"sd","09:38:22",711900
17.15,0.05,400,"sd","09:37:22",703900
17.2,0.1,100,"bu","09:37:17",703500
17.15,0.05,1400,"sd","09:37:14",703400
17.2,0.1,300,"bu","09:45:38",896200
17.15,0.05,50000,"sd","09:45:38",895900
17.15,0.05,2600,"sd","09:45:33",845900
17.15,0.05,200,"sd","09:58:35",1390800
17.2,0.1,100,"bu","09:46:12",901500
17.2,0.1,200,"bu","09:46:00",901400
17.15,0.05,5000,"sd","09:45:57",901200
17.15,0.05,7000,"sd","09:58:41",1397800
17.15,0.05,200,"sd","09:30:54",657200
17.15,0.05,500,"sd","09:30:52",657000
17.15,0.05,500,"sd","09:30:51",656500
17.2,0.1,2500,"sd","09:24:44",425700
17.2,0.1,100,"sd","09:18:32",150700
17.15,0.05,400,"bu","10:02:03",1455900
17.15,0.05,2000,"bu","10:02:46",1459400
17.15,0.05,1500,"bu","10:02:45",1457400
