"price","change","match_qtty","side","time","total_vol"
15200,-50,1200,"bu","09:15:04",1200
15250,0,500,"bu","09:19:44",1700
15250,0,1000,"bu","09:21:12",2700
15300,50,4600,"bu","09:30:38",7300
15300,50,1000,"bu","09:30:50",8400
15300,50,500,"sd","09:31:25",8900
15300,50,200,"bu","09:32:36",9100
15250,0,500,"sd","09:37:05",9600
15250,0,4000,"sd","09:39:11",13600
15250,0,10000,"bu","09:39:20",23600
15250,0,4200,"bu","09:40:29",27800
15250,0,1500,"sd","09:41:00",29300
15200,-50,800,"bu","09:43:24",30100
15200,-50,800,"bu","09:45:44",30900
15250,0,1000,"sd","09:46:02",31900
15250,0,2000,"sd","09:47:49",33900
15250,0,4000,"bu","09:48:08",37900
15250,0,1000,"sd","09:48:44",38900
15250,0,5500,"bu","09:49:32",44400
15250,0,1900,"sd","09:51:09",46300
15250,0,100,"bu","09:54:05",46400
15200,-50,29500,"bu","09:54:08",75900
15200,-50,800,"sd","09:56:25",76700
15250,0,100,"bu","09:58:30",76800
15250,0,500,"sd","09:58:41",77300
15250,0,200,"sd","09:59:25",77500
15250,0,800,"sd","10:01:59",78300
15250,0,1000,"bu","10:02:39",79300
15200,-50,2000,"bu","10:02:59",81300
15200,-50,1000,"sd","10:04:12",82300
15200,-50,2000,"sd","10:04:30",84300
15200,-50,6000,"sd","10:06:59",90300
15150,-100,27900,"sd","10:06:59",118200
15150,-100,100,"sd","10:07:55",118300
15100,-150,13000,"sd","10:09:02",131300
15150,-100,3000,"sd","10:10:18",134300
15150,-100,3200,"sd","10:11:33",137500
15150,-100,500,"bu","10:11:41",138000
15150,-100,1600,"sd","10:12:14",139600
15150,-100,2000,"sd","10:17:56",141600
15150,-100,1000,"sd","10:19:40",142600
15150,-100,1400,"sd","10:26:20",144000
15200,-50,8000,"bu","10:31:44",152000
15200,-50,30000,"sd","10:36:29",182000
15250,0,100,"bu","10:36:30",182100
15250,0,6100,"bu","10:36:50",188200
15200,-50,30000,"bu","10:37:28",218200
15250,0,3000,"bu","10:37:40",221200
15200,-50,30000,"sd","10:40:12",251200
15250,0,3800,"sd","10:40:34",255000
15200,-50,30000,"sd","10:40:58",285000
15250,0,500,"bu","10:41:30",285500
15250,0,300,"bu","10:41:34",285800
15250,0,2000,"sd","10:48:17",287800
15200,-50,7000,"bu","10:50:38",294800
15200,-50,3000,"sd","10:51:24",297800
15200,-50,300,"bu","10:56:35",298100
15200,-50,200,"sd","10:56:53",298300
15250,0,20200,"sd","11:01:04",318500
15250,0,20000,"bu","11:01:40",338500
15250,0,30000,"sd","11:02:49",368500
15250,0,1000,"sd","11:03:01",369500
15250,0,6000,"sd","11:03:14",375500
15250,0,2500,"bu","11:03:57",378000
15250,0,2900,"bu","11:04:18",380900
15250,0,3000,"sd","11:04:30",383900
15250,0,2000,"sd","11:04:41",385900
15250,0,100,"bu","11:04:41",386000
15250,0,1000,"sd","11:04:48",387000
15250,0,3000,"sd","11:05:23",390000
15250,0,1400,"sd","11:05:26",391400
15250,0,400,"bu","11:06:39",391800
15300,50,100,"bu","11:07:20",391900
15300,50,500,"sd","11:13:32",392400
15300,50,1500,"sd","11:14:18",393900
15300,50,800,"bu","11:19:31",394700
15250,0,3000,"bu","11:22:02",397700
15300,50,7100,"sd","11:22:31",404800
15300,50,5000,"sd","11:22:39",409800
15300,50,3400,"sd","11:22:58",413200
15300,50,5000,"sd","11:23:00",418200
15300,50,3000,"bu","11:23:08",421200
15300,50,8800,"sd","11:23:12",430000
15300,50,500,"sd","11:23:33",430500
15350,100,1700,"bu","11:24:19",432200
15350,100,1000,"bu","11:26:05",433200
15350,100,300,"sd","11:26:16",433500
15350,100,700,"sd","11:26:17",434200
15350,100,800,"sd","11:26:21",435000
15350,100,500,"bu","11:26:36",435500
15400,150,3200,"sd","11:27:05",438700
15400,150,1000,"sd","11:27:07",439700
15400,150,10000,"bu","11:27:21",449700
15350,100,1000,"bu","11:27:30",450700
15350,100,4000,"bu","11:27:51",454700
15400,150,1500,"sd","11:28:15",456200
15350,100,3300,"bu","11:28:17",459500
15400,150,100,"sd","11:28:40",459600
15400,150,2500,"bu","11:29:34",462100
15400,150,800,"bu","11:29:49",462900
15400,150,5000,"bu","11:29:58",467900
15400,150,500,"sd","13:00:22",468400
15350,100,1500,"bu","13:00:27",469900
15400,150,100,"sd","13:00:29",470000
15350,100,2700,"sd","13:00:31",472700
15350,100,1000,"bu","13:00:33",473700
15400,150,400,"sd","13:00:43",474100
15400,150,2100,"bu","13:00:43",476200
15400,150,500,"bu","13:00:44",476700
15400,150,2100,"sd","13:00:45",478800
15400,150,8000,"bu","13:00:53",486800
15400,150,9900,"sd","13:01:30",496700
15450,200,100,"sd","13:01:55",496800
15450,200,300,"sd","13:03:06",497100
15400,150,100,"bu","13:03:50",497200
15400,150,900,"bu","13:04:11",498100
15400,150,1700,"bu","13:06:11",499800
15450,200,100,"bu","13:07:02",499900
15450,200,200,"bu","13:07:19",500100
15450,200,100,"bu","13:08:20",500200
15400,150,3000,"sd","13:09:19",503200
15400,150,300,"bu","13:09:43",503500
15400,150,10000,"sd","13:09:52",513500
15450,200,1800,"sd","13:10:00",515300
15400,150,3800,"sd","13:12:02",519100
15400,150,200,"sd","13:12:12",519300
15400,150,2000,"sd","13:12:13",521300
15400,150,4200,"bu","13:13:34",525500
15400,150,5000,"sd","13:14:36",530500
15400,150,2900,"sd","13:15:05",533400
15400,150,2100,"bu","13:15:18",535500
15400,150,4900,"bu","13:15:47",540400
15400,150,100,"sd","13:15:52",540500
15350,100,1300,"sd","13:19:13",541800
15400,150,1100,"bu","13:20:33",542900
15400,150,200,"sd","13:20:56",543100
15400,150,4900,"sd","13:21:11",548000
15400,150,400,"sd","13:21:32",548400
15400,150,500,"bu","13:21:52",548900
15400,150,400,"sd","13:22:17",549300
15400,150,500,"bu","13:23:24",549800
15400,150,2800,"sd","13:26:05",552600
15350,100,4200,"bu","13:26:33",556800
15450,200,500,"bu","13:26:52",557300
15450,200,1500,"sd","13:28:02",558800
15450,200,300,"bu","13:28:56",559100
15400,150,100,"sd","13:29:55",559200
15450,200,200,"sd","13:29:56",559400
15400,150,100,"bu","13:29:58",559500
15400,150,400,"sd","13:30:56",559900
15400,150,2000,"sd","13:31:44",561900
15400,150,1900,"bu","13:31:52",563800
15400,150,4600,"sd","13:32:09",568400
15450,200,800,"sd","13:32:23",569200
15400,150,4600,"sd","13:32:26",573800
15400,150,100,"bu","13:32:51",573900
15400,150,10000,"sd","13:34:30",583900
15400,150,600,"bu","13:35:02",584500
15400,150,10000,"sd","13:35:25",594500
15400,150,1600,"bu","13:35:33",596100
15400,150,10100,"bu","13:38:04",606200
15400,150,500,"sd","13:39:04",606700
15400,150,6200,"bu","13:39:06",612900
15350,100,2000,"bu","13:40:56",614900
15400,150,1000,"sd","13:40:59",615900
15400,150,5300,"sd","13:41:02",621200
15400,150,200,"sd","13:41:46",621400
15400,150,100,"sd","13:43:11",621500
15400,150,3100,"bu","13:45:50",624600
15400,150,500,"sd","13:45:52",625100
15400,150,500,"sd","13:46:23",625600
15400,150,4100,"sd","13:46:29",629700
15400,150,1000,"sd","13:48:30",630700
15450,200,100,"sd","13:49:46",630800
15400,150,4000,"sd","13:50:18",634800
15400,150,2000,"bu","13:50:33",636800
15450,200,100,"sd","13:52:00",636900
15450,200,33500,"bu","13:52:23",670400
15500,250,800,"sd","13:52:33",671200
15450,200,1000,"bu","13:52:56",672200
15450,200,3000,"bu","13:53:29",675200
15500,250,100,"bu","13:53:30",675300
15450,200,1200,"bu","13:53:53",676500
15500,250,100,"bu","13:53:57",676600
15450,200,600,"sd","13:54:21",677200
15500,250,2000,"sd","13:54:27",679200
15500,250,100,"bu","13:54:29",679300
15450,200,4200,"bu","13:55:10",683500
15400,150,1500,"sd","13:59:48",685000
15450,200,100,"bu","13:59:59",685100
15450,200,300,"sd","14:02:34",685400
15450,200,1000,"bu","14:04:21",686400
15450,200,5000,"sd","14:04:25",691400
15450,200,4000,"sd","14:04:34",695400
15450,200,500,"bu","14:04:36",695900
15450,200,900,"bu","14:06:32",696800
15450,200,500,"bu","14:08:03",697300
15450,200,300,"bu","14:11:07",697600
15450,200,1000,"bu","14:12:48",698600
15450,200,1500,"sd","14:15:46",700100
15450,200,2000,"bu","14:17:29",702100
15450,200,7000,"bu","14:18:45",709100
15400,150,600,"bu","14:19:29",709700
15400,150,500,"bu","14:20:01",710200
15400,150,200,"bu","14:20:08",710400
15400,150,14900,"sd","14:20:43",725300
15350,100,5000,"bu","14:22:28",730300
15350,100,2000,"sd","14:22:34",732300
15350,100,5000,"sd","14:23:05",737300
15400,150,100,"sd","14:23:19",737400
15350,100,3000,"bu","14:23:41",740400
15400,150,1700,"sd","14:24:10",742100
15400,150,100,"bu","14:25:01",742200
15350,100,200,"bu","14:25:39",742400
15350,100,3200,"bu","14:27:44",745600
15300,50,1000,"sd","14:28:26",746600
15300,50,3000,"bu","14:29:05",749600
15350,100,900,"bu","14:29:58",750500
15400,150,12800,"bu","14:45:11",763300
