"price","change","match_qtty","side","time","total_vol"
63400,400,200,"bu","09:15:04",200
63400,400,1500,"sd","09:15:25",1700
63400,400,2400,"bu","09:15:30",4100
63400,400,3500,"sd","09:15:40",7600
63400,400,2200,"sd","09:15:55",11400
63400,400,2800,"bu","09:16:06",14200
63400,400,800,"sd","09:16:06",15000
63400,400,200,"bu","09:16:10",15200
63400,400,2500,"sd","09:16:12",17700
63400,400,500,"sd","09:16:17",18200
64000,1000,14500,"bu","09:16:17",32700
63400,400,5600,"bu","09:16:22",38300
63400,400,400,"sd","09:16:27",38700
63800,800,10500,"bu","09:16:38",49200
63800,800,500,"bu","09:16:43",49700
63900,900,200,"sd","09:16:53",49900
63800,800,3900,"bu","09:16:53",53800
63900,900,12500,"sd","09:17:00",66300
63300,300,1200,"bu","09:18:04",67500
63700,700,10500,"bu","09:18:06",78000
63700,700,500,"bu","09:18:10",78500
63700,700,5800,"bu","09:18:22",84300
63700,700,200,"sd","09:18:26",84500
63600,600,4500,"bu","09:18:54",89000
63600,600,5800,"bu","09:19:01",94800
63600,600,7800,"sd","09:19:09",102600
63600,600,900,"sd","09:19:14",103500
63600,600,7800,"bu","09:19:26",111300
63600,600,1200,"sd","09:19:29",112500
63600,600,5800,"sd","09:19:36",118300
63600,600,700,"sd","09:19:41",119000
63600,600,300,"sd","09:20:04",119300
63600,600,15000,"sd","09:21:09",134300
63400,400,1000,"bu","09:21:27",135300
63600,600,3100,"bu","09:21:29",138400
63400,400,200,"sd","09:21:43",138600
63600,600,10500,"sd","09:21:44",149100
63500,500,8300,"sd","09:21:56",157400
63500,500,4200,"bu","09:22:03",161600
63500,500,400,"bu","09:22:12",162000
63500,500,5700,"sd","09:22:13",167700
63500,500,100,"bu","09:22:16",167800
63400,400,12500,"sd","09:24:13",180300
63400,400,4500,"bu","09:24:20",184800
63300,300,800,"bu","09:24:22",185600
63400,400,1200,"sd","09:24:27",186800
63400,400,3600,"sd","09:24:27",190400
63400,400,10500,"sd","09:24:35",200900
63400,400,1500,"bu","09:24:39",202400
63400,400,12500,"sd","09:24:47",214900
63500,500,3000,"sd","09:24:54",217900
63400,400,4800,"bu","09:26:01",222700
63400,400,3500,"sd","09:26:08",226200
63400,400,5800,"sd","09:26:16",232000
63400,400,2500,"bu","09:26:26",234500
63400,400,2800,"bu","09:26:29",237300
63400,400,4900,"sd","09:26:34",242200
63400,400,300,"sd","09:26:41",242500
63400,400,3800,"sd","09:26:41",246300
63400,400,5400,"bu","09:26:47",251700
63400,400,3500,"bu","09:26:52",255200
63400,400,3800,"sd","09:26:58",259000
63400,400,2400,"bu","09:27:02",261400
63400,400,5600,"bu","09:27:09",267000
63400,400,1500,"bu","09:27:13",268500
63400,400,4600,"bu","09:27:19",273100
63400,400,3200,"bu","09:27:27",276900
63400,400,4500,"sd","09:27:30",281400
63400,400,1200,"sd","09:27:35",282600
63400,400,5400,"bu","09:27:40",288000
63400,400,1500,"bu","09:27:44",289500
63400,400,3800,"sd","09:27:50",293300
63400,400,1200,"sd","09:27:58",294500
63400,400,2400,"bu","09:28:01",296900
63400,400,3500,"sd","09:28:11",300400
63400,400,1500,"bu","09:28:17",301900
63400,400,2600,"sd","09:28:21",304500
63000,0,14300,"sd","09:28:46",318800
63000,0,2000,"sd","09:31:11",320800
63000,0,200,"bu","09:31:16",321000
63000,0,800,"bu","09:32:15",321800
63000,0,200,"sd","09:32:21",322000
63000,0,700,"bu","09:32:36",322700
63000,0,2000,"sd","09:32:44",324700
63000,0,200,"bu","09:33:31",324900
62900,-100,6200,"sd","09:40:29",331100
62900,-100,800,"sd","09:40:41",331900
62900,-100,2200,"sd","09:40:42",334100
62900,-100,1300,"bu","09:40:48",335400
62900,-100,3000,"bu","09:40:49",338400
62900,-100,5800,"sd","09:40:55",344200
62900,-100,2600,"sd","09:41:01",347700
62900,-100,4800,"sd","09:41:09",352500
62900,-100,600,"sd","09:41:14",353100
62900,-100,4400,"bu","09:41:15",357500
62900,-100,6700,"bu","09:41:26",364200
62900,-100,3900,"bu","09:41:33",369400
62900,-100,6100,"bu","09:41:40",375500
62900,-100,4000,"bu","09:41:48",380800
62900,-100,4600,"sd","09:41:55",385400
62900,-100,5400,"sd","09:42:01",390800
62900,-100,6000,"sd","09:42:07",396800
62900,-100,4600,"bu","09:42:16",401400
62900,-100,5600,"bu","09:42:26",407000
62900,-100,4900,"bu","09:42:35",411900
63000,0,100,"sd","09:42:41",412000
62900,-100,1100,"bu","09:46:39",413100
62900,-100,200,"bu","10:01:31",413300
62900,-100,2400,"bu","10:17:52",415700
62900,-100,2700,"sd","10:18:19",418400
62900,-100,3400,"bu","10:18:49",421800
62900,-100,6000,"bu","10:19:12",427800
62900,-100,4600,"sd","10:19:25",432400
62900,-100,6800,"bu","10:19:39",439200
63000,0,6200,"sd","10:19:55",445400
63000,0,500,"bu","10:28:27",445900
63000,0,100,"sd","10:28:28",446000
63000,0,1200,"bu","10:28:34",447200
62900,-100,1000,"bu","10:38:11",448200
62900,-100,2400,"bu","10:38:22",450600
62900,-100,100,"bu","10:38:27",450700
63000,0,300,"sd","10:39:04",451000
63000,0,100,"bu","10:39:22",451100
62900,-100,5300,"bu","11:02:03",456400
62900,-100,500,"bu","11:02:09",456900
62900,-100,6000,"bu","11:02:10",462900
62900,-100,400,"sd","11:02:15",463300
62900,-100,3900,"bu","11:02:16",467200
62900,-100,900,"bu","11:02:22",468100
62900,-100,5100,"bu","11:02:23",473200
62900,-100,5700,"bu","11:02:29",478900
62900,-100,900,"sd","11:02:37",479800
62900,-100,5600,"bu","11:02:38",485400
62900,-100,1300,"sd","11:02:43",486700
62900,-100,4000,"sd","11:02:44",490700
62900,-100,7200,"sd","11:02:50",497900
62900,-100,1200,"sd","11:02:56",499100
62900,-100,6200,"bu","11:02:57",505300
62900,-100,9000,"bu","11:03:05",514300
62900,-100,4000,"sd","11:03:11",518300
62900,-100,600,"sd","11:03:17",518900
62900,-100,5000,"sd","11:03:18",523900
62900,-100,800,"bu","11:03:24",524700
62900,-100,3900,"bu","11:03:25",528600
62900,-100,3900,"bu","11:03:31",532500
62900,-100,4000,"bu","11:03:38",536500
62900,-100,5400,"sd","11:03:45",541900
63000,0,100,"sd","11:03:55",542000
63000,0,500,"bu","11:09:43",542500
63000,0,300,"bu","11:10:23",542800
63000,0,3900,"bu","11:10:40",546700
63000,0,300,"sd","11:14:05",547000
63000,0,1800,"bu","11:23:26",548800
63000,0,300,"sd","11:24:58",549100
62900,-100,7200,"bu","13:01:52",556300
62900,-100,5800,"sd","13:02:07",562100
62900,-100,900,"bu","13:02:50",563000
62900,-100,300,"sd","13:02:58",563300
62900,-100,4600,"sd","13:03:01",567900
62900,-100,1800,"sd","13:03:17",569700
63000,0,300,"sd","13:03:35",570000
62900,-100,5000,"sd","13:06:03",575000
62900,-100,6200,"bu","13:06:09",581200
62900,-100,4800,"sd","13:06:18",586000
62900,-100,1700,"sd","13:06:24",587700
62900,-100,3300,"bu","13:06:25",591000
62900,-100,5400,"bu","13:06:31",596400
62900,-100,4000,"bu","13:06:37",600400
62900,-100,6500,"sd","13:06:46",606900
62900,-100,7000,"bu","13:06:51",613900
62900,-100,4200,"bu","13:07:01",618100
62900,-100,3000,"sd","13:07:11",621100
62900,-100,2000,"bu","13:07:18",623100
63000,0,100,"sd","13:15:18",623200
63000,0,300,"bu","13:17:16",623500
62900,-100,1400,"sd","13:19:08",624900
62900,-100,900,"bu","13:21:52",625800
63000,0,300,"sd","13:24:04",626100
63000,0,1100,"bu","13:24:14",627200
63000,0,700,"bu","13:31:12",627900
63000,0,200,"sd","13:32:11",628100
63000,0,1100,"sd","13:38:06",629200
62900,-100,6100,"bu","13:39:10",635300
62900,-100,10000,"bu","13:39:20",645300
62900,-100,9000,"bu","13:39:27",654300
62900,-100,6000,"bu","13:39:45",660300
62900,-100,6900,"sd","13:39:55",667200
62900,-100,1100,"sd","13:39:56",668300
62900,-100,3000,"sd","13:41:27",671300
62900,-100,5000,"sd","13:41:43",676300
62900,-100,1900,"bu","13:41:59",678200
62900,-100,500,"bu","13:43:22",678700
62900,-100,400,"bu","13:44:57",679100
62900,-100,200,"sd","13:45:06",679300
62900,-100,4300,"bu","13:47:44",683600
62900,-100,3600,"bu","13:47:51",687200
62900,-100,5600,"sd","13:47:58",692800
62900,-100,3500,"sd","13:48:06",696300
62900,-100,800,"sd","13:48:14",697100
62900,-100,3400,"sd","13:48:15",700500
62900,-100,700,"bu","13:48:21",701200
62900,-100,2500,"sd","13:48:23",703700
62900,-100,5800,"sd","13:48:32",709500
62900,-100,3000,"bu","13:48:41",712500
62900,-100,4300,"sd","13:48:47",716800
62900,-100,3100,"sd","13:48:59",719900
62900,-100,6000,"bu","13:49:11",725900
62900,-100,4800,"sd","13:49:20",730700
62900,-100,500,"sd","13:49:46",731200
62900,-100,100,"bu","13:50:10",731300
62900,-100,200,"bu","13:50:20",731500
62900,-100,100,"sd","13:50:46",731600
62900,-100,200,"sd","13:52:09",731800
62900,-100,500,"bu","13:55:32",732300
62900,-100,200,"sd","13:57:18",732500
62900,-100,100,"sd","13:58:46",732600
62900,-100,200,"sd","13:59:03",732800
62900,-100,300,"bu","14:00:33",733100
62900,-100,100,"sd","14:00:46",733200
62900,-100,700,"sd","14:05:59",733900
62900,-100,2700,"bu","14:08:06",736600
62900,-100,500,"sd","14:08:19",737100
62900,-100,100,"bu","14:09:28",737200
62900,-100,2800,"sd","14:11:23",740000
62900,-100,100,"sd","14:11:30",740100
62900,-100,200,"sd","14:12:58",740300
62900,-100,100,"bu","14:14:14",740400
62900,-100,300,"sd","14:15:36",740700
62900,-100,300,"bu","14:17:32",741000
62900,-100,400,"sd","14:20:53",741400
62900,-100,600,"sd","14:22:26",742000
62900,-100,300,"sd","14:23:30",742300
62900,-100,300,"sd","14:26:23",742600
62900,-100,1000,"sd","14:27:29",743600
62900,-100,100,"bu","14:27:33",743700
62900,-100,800,"sd","14:29:35",744500
63000,0,16600,"bu","14:45:09",761100
