"price","change","match_qtty","side","time","total_vol"
28250,-50,2700,"bu","09:15:04",2700
28300,0,400,"bu","09:17:12",3100
28250,-50,4000,"sd","09:17:30",7100
28250,-50,200,"bu","09:18:42",7300
28250,-50,100,"bu","09:18:44",7400
28250,-50,900,"sd","09:19:10",8300
28250,-50,100,"bu","09:20:35",8400
28200,-100,1600,"sd","09:21:57",10000
28150,-150,5000,"sd","09:23:36",15000
28200,-100,300,"bu","09:26:46",15300
28200,-100,100,"sd","09:28:04",15400
28200,-100,1300,"bu","09:28:04",16700
28200,-100,100,"bu","09:29:24",16800
28200,-100,1600,"sd","09:29:25",18400
28150,-150,100,"sd","09:30:04",18500
28150,-150,8000,"sd","09:31:56",26500
28150,-150,100,"bu","09:32:12",26600
28100,-200,2500,"bu","09:34:20",29100
28100,-200,400,"bu","09:34:21",29500
28100,-200,100,"sd","09:34:32",29600
28100,-200,1300,"sd","09:34:41",30900
28100,-200,100,"bu","09:34:47",31000
28100,-200,1100,"sd","09:34:48",32100
28100,-200,9100,"sd","09:36:42",41200
28100,-200,100,"bu","09:37:03",41300
28100,-200,10000,"sd","09:37:04",51300
28100,-200,1000,"sd","09:37:49",52300
28100,-200,300,"sd","09:38:28",52600
28100,-200,3700,"sd","09:38:58",56300
28100,-200,1400,"sd","09:39:34",57700
28100,-200,300,"bu","09:40:05",58000
28100,-200,1000,"bu","09:40:16",59000
28100,-200,200,"bu","09:40:21",59200
28100,-200,400,"bu","09:40:22",59600
28100,-200,600,"sd","09:40:32",60200
28100,-200,3000,"bu","09:41:06",63200
28100,-200,1800,"sd","09:41:50",65000
28100,-200,1000,"bu","09:42:02",66000
28100,-200,200,"bu","09:43:51",66200
28100,-200,500,"sd","09:44:00",66700
28050,-250,5000,"bu","09:44:06",71700
28100,-200,100,"bu","09:44:21",71800
28050,-250,21500,"sd","09:44:25",93300
28050,-250,100,"sd","09:45:13",93400
28050,-250,200,"sd","09:45:20",93600
28050,-250,2000,"sd","09:45:21",95600
28050,-250,12000,"sd","09:45:52",107600
28050,-250,3000,"sd","09:45:56",110600
28050,-250,6200,"sd","09:45:58",116800
28050,-250,3900,"bu","09:46:05",120700
28050,-250,1400,"sd","09:46:14",122100
28100,-200,5000,"bu","09:46:25",127100
28050,-250,1500,"sd","09:46:28",128600
28050,-250,500,"bu","09:46:31",129100
28100,-200,2000,"sd","09:49:15",131100
28100,-200,3000,"sd","09:49:37",134100
28050,-250,300,"sd","09:49:38",134400
28050,-250,200,"sd","09:50:30",134600
28050,-250,5000,"bu","09:50:36",139600
28050,-250,9300,"sd","09:51:55",148900
28050,-250,200,"sd","09:51:59",149100
28050,-250,4400,"sd","09:52:18",153500
28050,-250,5000,"bu","09:52:19",158500
28050,-250,100,"sd","09:52:22",158600
28050,-250,500,"sd","09:52:33",159100
28050,-250,300,"sd","09:54:03",159400
28050,-250,400,"bu","09:55:27",159800
28050,-250,2100,"sd","09:56:23",161900
28100,-200,15700,"sd","09:56:27",177600
28100,-200,400,"sd","09:56:39",178000
28100,-200,2600,"sd","09:56:56",180600
28100,-200,300,"bu","09:57:06",180900
28100,-200,3000,"bu","09:57:36",183900
28050,-250,46600,"bu","09:58:08",230500
28050,-250,1000,"bu","09:58:33",231500
28000,-300,69100,"sd","09:59:23",300600
28000,-300,4000,"sd","09:59:24",304600
28000,-300,20000,"bu","09:59:41",324600
28000,-300,1000,"bu","09:59:48",325600
28000,-300,100,"sd","09:59:52",325700
28000,-300,400,"bu","09:59:54",326100
28000,-300,5000,"sd","09:59:58",331100
28000,-300,1200,"bu","10:00:01",332300
28000,-300,200,"bu","10:00:02",332500
27950,-350,15000,"sd","10:00:12",347500
28000,-300,500,"bu","10:00:20",348000
27950,-350,900,"sd","10:00:22",348900
28000,-300,5000,"bu","10:00:53",353900
27950,-350,500,"sd","10:00:58",354400
28000,-300,2000,"bu","10:01:23",356400
28000,-300,100,"sd","10:01:43",356500
28000,-300,200,"bu","10:01:51",356700
28000,-300,100,"sd","10:02:00",356800
28000,-300,300,"bu","10:02:03",357100
28000,-300,900,"bu","10:02:06",358000
28000,-300,1100,"sd","10:02:13",359100
28000,-300,1000,"bu","10:02:17",360100
28000,-300,100,"sd","10:02:18",360200
28000,-300,5700,"sd","10:05:02",365900
28050,-250,2000,"sd","10:05:14",367900
28050,-250,100,"sd","10:08:04",368000
28050,-250,2700,"sd","10:12:09",370700
28000,-300,100,"sd","10:13:22",370800
28000,-300,1000,"bu","10:13:26",371800
28000,-300,1000,"sd","10:14:28",372800
28000,-300,600,"bu","10:14:28",373400
28000,-300,3000,"sd","10:14:29",376400
28000,-300,12000,"sd","10:15:07",388400
28000,-300,300,"sd","10:16:47",388700
28000,-300,1400,"sd","10:16:51",390100
28000,-300,1500,"bu","10:16:57",391600
28000,-300,200,"sd","10:17:05",391800
28000,-300,14000,"bu","10:17:40",405800
28000,-300,100,"bu","10:17:41",405900
28000,-300,200,"bu","10:17:57",406100
28000,-300,300,"bu","10:17:59",406400
28000,-300,1900,"sd","10:18:12",408300
28000,-300,200,"sd","10:18:23",408500
28000,-300,2000,"sd","10:18:24",410500
28000,-300,200,"bu","10:18:33",410700
28000,-300,500,"sd","10:18:40",411200
28000,-300,800,"sd","10:18:42",412000
28000,-300,3000,"sd","10:19:01",415000
27950,-350,800,"bu","10:19:18",415800
28000,-300,5000,"bu","10:20:16",420800
28000,-300,500,"bu","10:20:23",421300
28000,-300,700,"bu","10:20:53",422000
28000,-300,100,"bu","10:21:33",422100
28000,-300,1600,"bu","10:21:35",423700
28000,-300,300,"bu","10:22:03",424000
28000,-300,100,"bu","10:22:10",424100
27950,-350,400,"sd","10:22:13",424500
27950,-350,100,"sd","10:22:20",424600
27950,-350,66700,"bu","10:22:39",491300
27950,-350,100,"bu","10:23:18",491400
28000,-300,400,"bu","10:23:37",491800
27950,-350,66300,"sd","10:23:49",558100
27950,-350,100,"sd","10:24:02",558200
27950,-350,9100,"bu","10:24:03",567300
27950,-350,100,"bu","10:24:07",567400
27950,-350,400,"sd","10:24:08",567800
27950,-350,500,"sd","10:24:33",568300
27950,-350,1000,"sd","10:24:34",569300
27950,-350,500,"sd","10:25:01",569800
27950,-350,300,"bu","10:25:07",570100
27950,-350,200,"bu","10:25:14",570300
27950,-350,500,"sd","10:25:19",570800
27950,-350,200,"sd","10:25:24",571000
27950,-350,100,"sd","10:25:26",571100
27900,-400,8100,"bu","10:25:36",579200
27950,-350,1000,"sd","10:25:46",580200
27950,-350,5000,"bu","10:25:47",585200
27950,-350,200,"bu","10:25:59",585400
27950,-350,100,"bu","10:26:11",585500
27950,-350,400,"sd","10:26:49",585900
27950,-350,500,"sd","10:27:01",586400
27950,-350,100,"bu","10:27:04",586500
27950,-350,300,"sd","10:27:08",586800
27950,-350,100,"sd","10:27:09",586900
27950,-350,500,"bu","10:27:10",587400
27950,-350,400,"bu","10:27:16",587800
27950,-350,10000,"bu","10:27:20",597800
27950,-350,400,"sd","10:27:21",598200
27950,-350,1000,"sd","10:27:22",599200
27950,-350,900,"sd","10:27:24",600100
27950,-350,500,"bu","10:27:31",600600
27950,-350,7000,"sd","10:28:21",607600
27900,-400,10000,"sd","10:29:03",617600
27950,-350,200,"sd","10:30:09",617800
27950,-350,300,"bu","10:30:15",618100
28000,-300,500,"sd","10:30:44",618600
28000,-300,3000,"sd","10:31:03",621600
27950,-350,200,"sd","10:31:11",621800
28000,-300,1000,"bu","10:31:24",622800
28000,-300,500,"bu","10:31:46",623300
28000,-300,2000,"bu","10:31:48",625300
28000,-300,10000,"bu","10:31:52",635300
28000,-300,3000,"sd","10:31:57",638300
28000,-300,5000,"bu","10:32:08",643300
28000,-300,9000,"sd","10:32:12",652300
28000,-300,100,"sd","10:32:16",652400
27950,-350,300,"sd","10:33:15",652700
28000,-300,2000,"sd","10:34:20",654700
28000,-300,400,"sd","10:34:43",655100
28000,-300,500,"bu","10:35:05",655600
27950,-350,200,"sd","10:35:21",655800
28000,-300,600,"sd","10:36:07",656400
27950,-350,200,"sd","10:36:22",656600
28000,-300,1300,"sd","10:36:50",657900
28000,-300,500,"sd","10:37:03",658400
28000,-300,100,"bu","10:37:08",658500
27950,-350,400,"sd","10:37:24",658900
28000,-300,1000,"bu","10:38:23",659900
27950,-350,200,"bu","10:38:27",660100
27950,-350,1200,"sd","10:40:06",661300
27950,-350,200,"sd","10:40:32",661500
27950,-350,5000,"bu","10:40:55",666500
28000,-300,1200,"sd","10:41:02",667700
27950,-350,10000,"sd","10:41:11",677700
27950,-350,200,"bu","10:41:34",677900
28000,-300,3000,"bu","10:42:11",680900
27950,-350,1200,"bu","10:42:36",682100
28000,-300,5000,"sd","10:42:43",687100
28000,-300,300,"bu","10:42:46",687400
28000,-300,2800,"sd","10:42:55",690200
28000,-300,100,"sd","10:42:57",690300
28000,-300,1000,"sd","10:42:59",691300
28000,-300,1200,"bu","10:43:05",692500
28000,-300,1000,"sd","10:43:08",693500
28000,-300,200,"sd","10:43:39",693700
28050,-250,1200,"bu","10:44:48",694900
28050,-250,100,"sd","10:45:16",695000
28050,-250,7500,"sd","10:45:32",702500
28050,-250,200,"bu","10:45:44",702700
28050,-250,100,"sd","10:46:38",702800
28050,-250,600,"bu","10:46:47",703400
28050,-250,3000,"sd","10:46:49",706400
28050,-250,800,"bu","10:46:59",707200
28050,-250,900,"bu","10:47:02",708100
28050,-250,400,"bu","10:47:21",708500
28050,-250,10000,"bu","10:47:45",718500
28050,-250,200,"sd","10:47:48",718700
28050,-250,1000,"sd","10:48:00",719700
28050,-250,5400,"bu","10:48:01",725100
28050,-250,3700,"bu","10:48:06",728800
28050,-250,100,"sd","10:48:15",728900
28050,-250,400,"sd","10:48:51",729300
28050,-250,1000,"sd","10:49:11",730300
28050,-250,1400,"sd","10:49:47",731700
28050,-250,200,"bu","10:49:53",731900
28050,-250,500,"bu","10:50:35",732400
28050,-250,600,"sd","10:50:45",733000
28050,-250,3300,"sd","10:50:49",736300
28050,-250,500,"bu","10:50:58",736800
28000,-300,200,"sd","10:51:59",737000
28050,-250,300,"bu","10:52:37",737300
28000,-300,200,"bu","10:53:00",737500
28000,-300,300,"sd","10:54:59",737800
28000,-300,200,"sd","10:55:05",738000
28000,-300,500,"sd","10:55:27",738500
28000,-300,1000,"sd","10:55:49",739500
28000,-300,1800,"bu","10:55:53",741300
28000,-300,200,"bu","10:56:11",741500
28000,-300,500,"bu","10:57:28",742000
28000,-300,6700,"sd","10:57:52",748700
27950,-350,9000,"bu","10:58:31",757700
27950,-350,32200,"bu","10:59:16",789900
27950,-350,900,"bu","10:59:40",790800
27950,-350,200,"bu","11:00:17",791000
28000,-300,1100,"sd","11:00:35",792100
28000,-300,2000,"sd","11:01:00",794100
27950,-350,200,"bu","11:01:20",794300
27950,-350,1700,"sd","11:02:36",796000
27950,-350,200,"sd","11:03:24",796200
27950,-350,2000,"bu","11:03:39",798200
27950,-350,2100,"bu","11:03:39",800300
27950,-350,8400,"sd","11:03:41",808700
27950,-350,1300,"bu","11:03:53",810000
27950,-350,500,"sd","11:04:00",810500
27950,-350,8000,"bu","11:04:04",818500
27950,-350,100,"bu","11:04:12",818600
27900,-400,400,"sd","11:04:28",819000
27950,-350,1000,"bu","11:04:39",820000
27900,-400,1000,"sd","11:04:40",821000
27950,-350,500,"sd","11:04:41",821500
27950,-350,200,"sd","11:04:46",821700
27950,-350,500,"sd","11:04:50",822200
27950,-350,100,"sd","11:04:54",822300
27900,-400,800,"sd","11:06:13",823100
27900,-400,5000,"bu","11:06:28",828100
27900,-400,400,"bu","11:07:35",828500
28000,-300,1000,"sd","11:07:57",829500
27900,-400,200,"sd","11:08:36",829700
27950,-350,5000,"sd","11:09:07",834700
27900,-400,200,"bu","11:09:40",834900
27950,-350,500,"bu","11:10:07",835400
27900,-400,9000,"sd","11:10:10",844400
27900,-400,12000,"bu","11:10:16",856400
27900,-400,200,"bu","11:10:41",856600
27900,-400,1800,"sd","11:10:47",858400
27900,-400,12000,"sd","11:11:00",870400
27900,-400,8000,"bu","11:11:15",878400
27900,-400,7200,"sd","11:11:18",885600
27900,-400,3300,"bu","11:11:19",888900
27900,-400,10500,"sd","11:11:30",899400
27900,-400,19600,"bu","11:11:36",919000
27900,-400,5000,"sd","11:12:02",924000
27900,-400,100,"bu","11:12:03",924100
27900,-400,500,"bu","11:12:10",924600
27900,-400,100,"bu","11:12:12",924700
27900,-400,1200,"bu","11:12:22",925900
27900,-400,1600,"bu","11:12:29",927500
27900,-400,400,"bu","11:12:35",930000
27850,-450,5500,"bu","11:12:36",935500
27900,-400,2100,"bu","11:12:37",937600
27900,-400,200,"bu","11:12:46",937800
27950,-350,700,"bu","11:14:05",938500
27900,-400,10600,"sd","11:14:34",949100
27900,-400,1200,"sd","11:14:39",950300
27900,-400,3800,"bu","11:14:40",954100
27900,-400,200,"sd","11:14:51",954300
27900,-400,1000,"sd","11:15:07",955300
27900,-400,200,"sd","11:15:54",955500
27900,-400,1000,"bu","11:16:11",956500
27900,-400,100,"bu","11:16:28",956600
27900,-400,200,"sd","11:16:57",956800
27900,-400,2000,"bu","11:17:01",958800
27950,-350,500,"bu","11:17:12",959300
27950,-350,100,"bu","11:17:16",959400
27900,-400,200,"bu","11:17:59",959600
27950,-350,1300,"sd","11:18:46",960900
27900,-400,9000,"sd","11:18:49",969900
27900,-400,1800,"sd","11:18:51",971700
27900,-400,12100,"bu","11:19:00",983800
27900,-400,200,"sd","11:19:01",984000
27950,-350,500,"bu","11:19:27",984500
27900,-400,9000,"sd","11:19:36",993500
27950,-350,500,"bu","11:19:48",994000
27900,-400,12000,"sd","11:19:50",1006000
27900,-400,200,"sd","11:20:11",1006200
27950,-350,500,"bu","11:20:24",1006700
27950,-350,700,"sd","11:21:13",1007400
27950,-350,500,"bu","11:21:23",1007900
28000,-300,20000,"sd","11:21:48",1027900
27950,-350,800,"sd","11:22:00",1028700
27950,-350,100,"sd","11:22:10",1028800
27950,-350,200,"bu","11:22:25",1029000
27950,-350,800,"sd","11:22:39",1029800
27950,-350,100,"sd","11:22:45",1029900
27950,-350,500,"bu","11:22:48",1030400
27950,-350,300,"bu","11:22:49",1030700
27950,-350,1000,"sd","11:23:25",1031700
27950,-350,400,"bu","11:23:31",1032100
27950,-350,900,"sd","11:23:39",1033000
27950,-350,600,"sd","11:24:48",1033600
27950,-350,800,"bu","11:25:02",1034400
27950,-350,5000,"bu","11:25:11",1039400
27950,-350,700,"sd","11:25:14",1040100
27950,-350,1500,"bu","11:25:32",1041600
27950,-350,100,"sd","11:25:51",1041700
27950,-350,200,"sd","11:25:53",1041900
28000,-300,8000,"sd","11:25:56",1049900
28000,-300,500,"bu","11:26:14",1050400
28000,-300,700,"bu","11:27:13",1051100
27950,-350,12500,"bu","11:27:26",1063600
27950,-350,2200,"sd","11:27:40",1065800
27950,-350,1000,"sd","11:27:49",1066800
27950,-350,4000,"bu","11:27:53",1070800
27950,-350,400,"bu","11:27:54",1071200
28000,-300,500,"sd","11:28:47",1071700
28000,-300,1000,"bu","11:28:49",1072700
28000,-300,1400,"bu","11:28:55",1074100
28000,-300,100,"sd","11:29:02",1074200
27950,-350,1800,"sd","11:29:03",1076000
28000,-300,1000,"bu","11:29:15",1077000
28000,-300,400,"bu","11:29:25",1077400
28000,-300,500,"bu","11:29:30",1077900
28000,-300,10000,"sd","11:29:35",1087900
28000,-300,500,"sd","11:29:57",1088400
28000,-300,700,"bu","13:00:19",1089100
27950,-350,2000,"bu","13:00:20",1091100
28000,-300,1000,"sd","13:00:24",1092100
28000,-300,3900,"bu","13:00:30",1096000
28050,-250,10100,"sd","13:00:36",1106100
28050,-250,400,"sd","13:00:46",1106500
28000,-300,1000,"bu","13:00:47",1107500
28000,-300,200,"bu","13:00:51",1107700
28000,-300,5000,"bu","13:00:59",1112700
28050,-250,500,"sd","13:01:00",1113200
28000,-300,2000,"bu","13:01:04",1115200
28000,-300,200,"sd","13:01:10",1115400
28050,-250,2000,"bu","13:01:18",1117400
28000,-300,2000,"bu","13:01:28",1119400
28050,-250,500,"bu","13:01:32",1119900
28000,-300,5400,"sd","13:01:56",1125300
28000,-300,500,"bu","13:02:45",1125800
28000,-300,1500,"bu","13:02:49",1127300
27950,-350,200,"bu","13:03:17",1127500
28000,-300,5200,"bu","13:03:30",1132700
28000,-300,100,"bu","13:03:32",1132800
27950,-350,2300,"bu","13:04:17",1135100
27950,-350,600,"bu","13:04:31",1135700
28000,-300,1000,"sd","13:04:47",1136700
27950,-350,100,"bu","13:04:55",1136800
27950,-350,3000,"sd","13:05:09",1139800
27950,-350,200,"bu","13:05:20",1140000
27950,-350,20500,"bu","13:05:40",1160500
27950,-350,2200,"sd","13:06:23",1162700
27950,-350,17400,"sd","13:06:36",1180100
27950,-350,400,"sd","13:07:05",1180500
27950,-350,1400,"sd","13:10:33",1181900
27950,-350,200,"sd","13:10:40",1182100
27950,-350,2000,"bu","13:10:56",1184100
27950,-350,10000,"sd","13:11:05",1194100
27950,-350,100,"sd","13:11:19",1194200
27950,-350,5000,"bu","13:11:21",1199200
27950,-350,100,"bu","13:11:26",1199300
27950,-350,400,"bu","13:11:28",1199700
27950,-350,900,"bu","13:11:35",1200600
27950,-350,5000,"sd","13:11:36",1205600
27950,-350,2100,"sd","13:11:41",1207700
27950,-350,1200,"bu","13:13:19",1208900
27950,-350,500,"bu","13:13:27",1209400
27950,-350,200,"sd","13:13:39",1209600
27950,-350,300,"sd","13:13:43",1209900
27950,-350,200,"bu","13:14:23",1210100
27950,-350,500,"bu","13:14:45",1210600
27950,-350,1800,"sd","13:14:47",1212400
27950,-350,300,"sd","13:14:52",1212700
27950,-350,2000,"sd","13:15:15",1214700
27950,-350,900,"bu","13:15:29",1215600
27950,-350,400,"sd","13:15:32",1216000
27950,-350,200,"sd","13:15:45",1216200
27950,-350,7200,"bu","13:17:15",1223400
27950,-350,500,"sd","13:17:31",1223900
27950,-350,600,"sd","13:17:32",1224500
27950,-350,500,"sd","13:18:27",1225000
27950,-350,200,"sd","13:18:45",1225200
27950,-350,400,"bu","13:19:08",1225600
27950,-350,500,"bu","13:19:22",1226100
27950,-350,2000,"sd","13:19:48",1228100
27950,-350,100,"sd","13:19:50",1228200
27900,-400,2000,"bu","13:20:10",1230200
27900,-400,400,"sd","13:20:17",1230600
27900,-400,13900,"sd","13:20:27",1244500
27900,-400,60900,"bu","13:20:33",1305400
27900,-400,200,"bu","13:20:36",1305600
27850,-450,63000,"sd","13:20:43",1368600
27900,-400,2700,"bu","13:20:47",1371300
27900,-400,500,"sd","13:21:03",1371800
27900,-400,600,"sd","13:21:20",1372400
27900,-400,500,"sd","13:21:24",1372900
27900,-400,5000,"sd","13:21:32",1377900
27900,-400,3500,"bu","13:21:33",1381400
27900,-400,1600,"sd","13:21:35",1383000
27900,-400,5000,"bu","13:21:45",1388000
27900,-400,200,"bu","13:21:59",1388200
27900,-400,2500,"bu","13:22:44",1390700
27900,-400,200,"bu","13:23:04",1390900
27950,-350,5000,"sd","13:23:08",1395900
27950,-350,100,"bu","13:23:36",1396000
27950,-350,2600,"bu","13:23:43",1398600
27950,-350,2400,"sd","13:23:52",1401000
27900,-400,200,"bu","13:24:04",1401200
27900,-400,1200,"sd","13:24:11",1402400
27950,-350,500,"sd","13:24:22",1402900
27950,-350,100,"bu","13:24:40",1403000
27900,-400,3000,"bu","13:24:52",1406000
27950,-350,1700,"sd","13:25:38",1407700
27950,-350,700,"sd","13:26:09",1408400
27950,-350,1000,"bu","13:26:11",1409400
27950,-350,2000,"sd","13:26:43",1411400
27950,-350,2400,"sd","13:26:58",1413800
27950,-350,200,"sd","13:27:11",1414000
27950,-350,4000,"bu","13:27:29",1418000
27950,-350,10000,"sd","13:28:02",1428000
27950,-350,400,"bu","13:28:03",1428400
27950,-350,200,"bu","13:28:13",1428600
28000,-300,4000,"sd","13:28:57",1432600
27950,-350,200,"bu","13:29:17",1432800
27950,-350,2500,"bu","13:29:45",1435300
27950,-350,500,"bu","13:29:48",1435800
27950,-350,200,"bu","13:29:53",1436000
27950,-350,400,"bu","13:30:00",1436400
27950,-350,200,"bu","13:30:19",1436600
27950,-350,700,"sd","13:30:21",1437300
28000,-300,1000,"sd","13:30:35",1438300
27950,-350,1800,"sd","13:30:37",1440100
28000,-300,200,"sd","13:30:45",1440300
27950,-350,2300,"bu","13:30:55",1442600
27950,-350,500,"bu","13:31:03",1443100
27950,-350,4500,"bu","13:31:17",1447600
27950,-350,200,"bu","13:31:21",1447800
27950,-350,800,"sd","13:31:23",1448600
27950,-350,6000,"sd","13:31:31",1454600
27950,-350,5000,"sd","13:31:37",1459600
27950,-350,3000,"sd","13:31:43",1462600
27950,-350,1000,"bu","13:31:54",1463600
27950,-350,1000,"sd","13:32:08",1464600
27950,-350,3000,"sd","13:32:19",1467600
27950,-350,200,"sd","13:32:24",1467800
27950,-350,3600,"sd","13:33:28",1471400
27950,-350,6600,"sd","13:33:29",1478000
27950,-350,1000,"sd","13:33:44",1479000
27950,-350,200,"bu","13:34:28",1479200
27950,-350,3500,"bu","13:34:38",1482700
27900,-400,5000,"bu","13:34:59",1487700
27950,-350,1000,"bu","13:35:06",1488700
27950,-350,1500,"sd","13:35:33",1490200
27950,-350,1000,"bu","13:35:39",1491200
27950,-350,1200,"bu","13:35:43",1492400
27950,-350,500,"bu","13:35:46",1492900
27950,-350,1000,"bu","13:35:47",1493900
27950,-350,6500,"sd","13:36:24",1500400
27950,-350,700,"bu","13:36:44",1501100
27950,-350,800,"sd","13:36:47",1501900
27950,-350,200,"bu","13:36:49",1502100
28000,-300,1000,"bu","13:37:15",1503100
27950,-350,200,"bu","13:37:35",1503300
27950,-350,100,"sd","13:37:38",1503400
28000,-300,1800,"sd","13:37:52",1505200
27950,-350,10300,"bu","13:38:03",1515500
27950,-350,100,"sd","13:38:36",1515600
27950,-350,300,"sd","13:38:57",1515900
27950,-350,200,"bu","13:38:59",1516100
27950,-350,100,"bu","13:39:00",1516200
27950,-350,700,"sd","13:39:29",1516900
27900,-400,200,"bu","13:39:40",1517100
27950,-350,1100,"sd","13:40:30",1518200
27900,-400,200,"bu","13:40:42",1518400
27900,-400,7000,"bu","13:40:55",1525400
27900,-400,100,"sd","13:40:59",1525500
27900,-400,10000,"bu","13:41:32",1535500
27900,-400,200,"bu","13:41:46",1535700
27900,-400,500,"bu","13:42:12",1536200
27900,-400,200,"sd","13:42:48",1536400
27900,-400,300,"sd","13:42:53",1536700
27950,-350,200,"sd","13:43:00",1536900
27950,-350,6500,"sd","13:43:17",1543400
27950,-350,700,"bu","13:43:29",1544100
27950,-350,10000,"sd","13:43:36",1554100
27900,-400,200,"bu","13:43:49",1554300
27950,-350,4000,"bu","13:44:00",1558300
27950,-350,2000,"bu","13:44:04",1560300
27900,-400,200,"bu","13:44:53",1560500
27950,-350,1000,"sd","13:45:32",1561500
27950,-350,100,"bu","13:45:41",1561600
27950,-350,1100,"bu","13:45:54",1562700
27900,-400,200,"bu","13:45:55",1562900
27950,-350,3000,"sd","13:46:23",1565900
27950,-350,400,"bu","13:46:37",1566300
27950,-350,1000,"sd","13:46:45",1567300
27900,-400,100,"sd","13:46:47",1567400
27900,-400,2000,"sd","13:46:53",1569400
27900,-400,200,"bu","13:46:57",1569600
27900,-400,1000,"bu","13:47:08",1570600
27900,-400,6700,"bu","13:48:00",1577300
27950,-350,4300,"bu","13:48:14",1581600
27950,-350,18300,"sd","13:48:25",1599900
27950,-350,1000,"sd","13:48:58",1600900
27950,-350,200,"bu","13:49:01",1601100
27950,-350,1800,"bu","13:49:52",1602900
27950,-350,200,"bu","13:50:05",1603100
28000,-300,500,"sd","13:50:06",1603600
27950,-350,30000,"sd","13:50:10",1633600
27950,-350,4800,"bu","13:50:16",1638400
27950,-350,3800,"sd","13:50:30",1642200
27950,-350,1000,"bu","13:50:33",1643200
27950,-350,100,"bu","13:50:36",1643300
27950,-350,1500,"sd","13:50:47",1644800
27950,-350,3700,"bu","13:51:56",1648500
27950,-350,500,"bu","13:52:00",1649000
27950,-350,200,"bu","13:52:07",1649200
27950,-350,1300,"bu","13:52:10",1650500
27900,-400,30000,"sd","13:52:13",1680500
27900,-400,200,"sd","13:52:21",1680700
27950,-350,300,"sd","13:53:06",1681000
27950,-350,200,"bu","13:53:11",1681200
28000,-300,100,"sd","13:53:59",1681300
27950,-350,200,"sd","13:54:14",1681500
27950,-350,700,"bu","13:55:18",1682200
27950,-350,9000,"bu","13:55:56",1691200
27950,-350,4000,"bu","13:56:12",1695200
27950,-350,200,"bu","13:56:18",1695400
27950,-350,200,"bu","13:56:38",1695600
27950,-350,1800,"sd","13:57:26",1697400
27950,-350,1000,"sd","13:57:56",1698400
28000,-300,20300,"bu","13:58:17",1718700
27950,-350,200,"sd","13:58:24",1718900
28000,-300,300,"bu","13:58:28",1719200
28000,-300,200,"bu","13:58:38",1719400
27950,-350,1500,"sd","13:58:51",1720900
27950,-350,200,"bu","13:59:27",1721100
27950,-350,5000,"bu","13:59:42",1726100
27950,-350,400,"sd","13:59:44",1726500
27950,-350,5000,"bu","13:59:58",1731500
27950,-350,9900,"bu","14:00:05",1741400
27950,-350,300,"sd","14:00:16",1741700
27950,-350,200,"bu","14:00:28",1741900
28000,-300,500,"bu","14:00:33",1742400
27950,-350,3000,"bu","14:00:51",1745400
28000,-300,1800,"sd","14:00:56",1747200
28000,-300,29200,"sd","14:00:57",1776400
28000,-300,200,"sd","14:01:03",1776600
28000,-300,1000,"bu","14:01:08",1777600
28000,-300,200,"sd","14:01:30",1777800
28000,-300,300,"bu","14:01:32",1778100
28000,-300,600,"sd","14:01:47",1778700
28000,-300,100,"bu","14:02:03",1778800
28000,-300,500,"bu","14:02:04",1779300
28000,-300,1000,"bu","14:02:22",1780300
28000,-300,300,"bu","14:02:23",1780600
28000,-300,1200,"bu","14:02:34",1781800
28000,-300,400,"sd","14:02:43",1782200
28000,-300,500,"sd","14:02:46",1782700
27950,-350,4600,"sd","14:03:00",1787300
27950,-350,200,"bu","14:03:36",1787500
28000,-300,500,"bu","14:03:39",1788000
28000,-300,100,"sd","14:03:43",1788100
28000,-300,200,"bu","14:04:01",1788300
28000,-300,300,"bu","14:04:23",1788600
28000,-300,200,"bu","14:04:26",1788800
28000,-300,800,"bu","14:05:31",1789600
27950,-350,200,"sd","14:05:40",1789800
28000,-300,300,"sd","14:05:45",1790100
27950,-350,11200,"bu","14:06:10",1801300
28000,-300,1000,"bu","14:06:26",1802300
28000,-300,400,"bu","14:06:43",1802700
28000,-300,4000,"sd","14:07:04",1806700
28000,-300,800,"sd","14:07:23",1807500
28000,-300,10000,"bu","14:07:30",1817500
28000,-300,200,"sd","14:07:37",1817700
27950,-350,4000,"bu","14:07:39",1821700
27950,-350,200,"bu","14:07:46",1821900
27950,-350,400,"sd","14:08:19",1822300
28000,-300,200,"sd","14:08:45",1822500
28000,-300,500,"bu","14:08:51",1823000
28000,-300,100,"bu","14:09:03",1823100
28000,-300,200,"sd","14:09:10",1823300
28000,-300,100,"sd","14:09:22",1823400
28000,-300,3000,"bu","14:09:24",1826400
28000,-300,100,"bu","14:09:33",1826500
28000,-300,600,"sd","14:09:39",1827100
28000,-300,700,"sd","14:09:44",1827800
27950,-350,200,"bu","14:09:51",1828000
28000,-300,900,"bu","14:10:23",1828900
28000,-300,10000,"bu","14:10:29",1838900
28000,-300,8600,"sd","14:10:31",1847500
28000,-300,5000,"sd","14:10:34",1852500
28000,-300,2100,"bu","14:10:39",1854600
27950,-350,5700,"sd","14:10:53",1860300
28000,-300,700,"sd","14:11:02",1861000
28000,-300,1800,"bu","14:11:07",1862800
28000,-300,400,"sd","14:11:12",1863200
28000,-300,100,"sd","14:11:18",1863300
28000,-300,500,"sd","14:11:23",1863800
28000,-300,5000,"sd","14:11:26",1868800
28050,-250,500,"sd","14:11:28",1869300
28000,-300,100,"sd","14:11:33",1869400
28050,-250,200,"bu","14:11:36",1869600
28050,-250,1200,"sd","14:11:43",1870800
28050,-250,200,"bu","14:11:45",1871000
28050,-250,11800,"sd","14:12:04",1882800
28050,-250,200,"sd","14:12:09",1883000
28050,-250,2000,"sd","14:12:12",1885000
28050,-250,2000,"sd","14:12:13",1887000
28100,-200,200,"bu","14:12:17",1887200
28050,-250,2500,"bu","14:12:25",1889700
28100,-200,100,"bu","14:12:26",1889800
28100,-200,1800,"sd","14:12:28",1891600
28100,-200,800,"sd","14:12:43",1892400
28100,-200,1000,"bu","14:12:45",1893400
28100,-200,300,"sd","14:12:56",1893700
28050,-250,3300,"sd","14:13:07",1897000
28050,-250,100,"bu","14:13:16",1897100
28000,-300,10100,"sd","14:13:20",1907200
28000,-300,1000,"sd","14:13:38",1908200
28000,-300,2000,"sd","14:14:17",1910200
28000,-300,200,"sd","14:15:01",1910400
28000,-300,10200,"sd","14:15:14",1920600
28050,-250,100,"bu","14:15:52",1920700
28000,-300,200,"sd","14:16:06",1920900
28050,-250,21000,"sd","14:16:21",1941900
28050,-250,4200,"bu","14:16:23",1946100
28000,-300,10000,"sd","14:16:42",1956100
28000,-300,500,"sd","14:16:51",1956600
28000,-300,5000,"sd","14:16:59",1961600
28000,-300,200,"bu","14:17:07",1961800
28000,-300,3200,"bu","14:17:14",1965000
28000,-300,600,"bu","14:17:24",1965600
27950,-350,2100,"sd","14:17:54",1967700
28000,-300,1000,"bu","14:17:58",1968700
28000,-300,2600,"bu","14:18:04",1971300
28000,-300,500,"bu","14:18:23",1971800
28000,-300,1000,"sd","14:18:28",1972800
28000,-300,1000,"sd","14:18:32",1973800
28000,-300,500,"sd","14:18:43",1974300
28000,-300,1000,"sd","14:18:47",1975300
28000,-300,300,"sd","14:19:03",1975600
28000,-300,12500,"sd","14:19:22",1988100
28000,-300,1000,"bu","14:19:26",1989100
28000,-300,2700,"bu","14:19:43",1991800
28000,-300,500,"bu","14:20:03",1992300
28000,-300,10000,"bu","14:20:15",2002300
28000,-300,2100,"sd","14:20:23",2004400
28000,-300,400,"sd","14:20:29",2004800
27950,-350,49900,"bu","14:20:54",2054700
27950,-350,1100,"bu","14:21:03",2055800
27950,-350,500,"sd","14:21:12",2056300
27950,-350,800,"sd","14:21:20",2057100
27950,-350,5000,"sd","14:21:30",2062100
27950,-350,500,"bu","14:21:53",2062600
27950,-350,4500,"sd","14:22:00",2067100
27950,-350,1300,"sd","14:22:04",2068400
28000,-300,100,"sd","14:22:12",2068500
28000,-300,200,"bu","14:22:24",2068700
27950,-350,12900,"bu","14:22:48",2081600
27950,-350,1700,"sd","14:23:03",2083300
27950,-350,100,"bu","14:23:05",2083400
27950,-350,3000,"bu","14:23:07",2086400
27950,-350,1200,"sd","14:23:17",2087600
27950,-350,2500,"bu","14:23:28",2090100
27950,-350,600,"bu","14:23:30",2090700
27950,-350,2100,"sd","14:23:45",2092800
27950,-350,300,"bu","14:23:50",2093100
27950,-350,1000,"bu","14:23:54",2094100
27950,-350,400,"bu","14:24:05",2094500
27900,-400,69500,"bu","14:24:18",2164000
27900,-400,68000,"sd","14:24:36",2232000
27950,-350,2000,"bu","14:24:38",2234000
27900,-400,100,"sd","14:24:42",2234100
27900,-400,1200,"sd","14:24:44",2235300
27900,-400,9500,"bu","14:24:45",2244800
27900,-400,1500,"bu","14:24:52",2246300
27900,-400,1600,"sd","14:24:56",2247900
27900,-400,100,"sd","14:24:58",2248000
27850,-450,52700,"sd","14:25:03",2300700
27850,-450,100,"sd","14:25:10",2300800
27850,-450,400,"sd","14:25:15",2301200
27900,-400,20000,"bu","14:25:20",2321200
27800,-500,50000,"bu","14:25:24",2371200
27850,-450,500,"bu","14:25:25",2371700
27850,-450,400,"sd","14:25:27",2372100
27850,-450,6000,"bu","14:25:31",2378100
27850,-450,3100,"bu","14:25:35",2381200
27900,-400,20000,"sd","14:25:41",2401200
27850,-450,100,"bu","14:25:43",2401300
27800,-500,5600,"bu","14:25:49",2406900
27850,-450,1500,"sd","14:25:53",2408400
27900,-400,2000,"bu","14:26:00",2410400
27850,-450,200,"bu","14:26:05",2410600
27900,-400,700,"sd","14:26:25",2411300
27900,-400,1000,"sd","14:26:29",2412300
27900,-400,300,"sd","14:26:33",2412600
27900,-400,500,"sd","14:26:43",2413100
27850,-450,100,"bu","14:26:47",2413200
27850,-450,200,"sd","14:26:49",2413400
27900,-400,3000,"bu","14:26:53",2416400
27950,-350,20300,"sd","14:27:03",2436700
27850,-450,5600,"sd","14:27:07",2442300
28000,-300,30000,"sd","14:27:10",2472300
28000,-300,2000,"bu","14:27:16",2474300
27850,-450,1500,"bu","14:27:18",2475800
28050,-250,48500,"sd","14:27:20",2524300
28100,-200,25000,"sd","14:27:23",2549300
28100,-200,4000,"sd","14:27:27",2553300
28000,-300,2000,"bu","14:27:33",2555300
28000,-300,1500,"sd","14:27:42",2556800
28100,-200,5000,"bu","14:28:06",2561800
28100,-200,100,"bu","14:28:07",2561900
28100,-200,3000,"sd","14:28:09",2564900
28100,-200,4900,"sd","14:28:11",2569800
28150,-150,2000,"bu","14:28:15",2571800
28150,-150,2000,"sd","14:28:19",2573800
28100,-200,2000,"sd","14:28:37",2575800
28000,-300,1000,"bu","14:28:50",2576800
28000,-300,27000,"bu","14:29:22",2603800
27900,-400,30000,"sd","14:29:24",2633800
27900,-400,900,"sd","14:29:37",2634700
27900,-400,2500,"bu","14:29:40",2637200
28000,-300,300200,"sd","14:45:13",2937400
