"Stockcode","Package","TradingDate","Price","Vol","TotalVol","TotalVal","Change","IsBuy","PerChange"
"MSN",144413,"/Date(1703058300000)/",63900,90100,1625900,103300000000,1700,true,2.73
"MSN",142906,"/Date(1703057395000)/",63900,500,1535800,97543000000,1700,false,2.73
"MSN",142903,"/Date(1703057389000)/",63900,300,1535300,97511000000,1700,false,2.73
"MSN",142900,"/Date(1703057388000)/",63900,500,1535000,97492000000,1700,false,2.73
"MSN",142856,"/Date(1703057384000)/",63900,700,1534500,97460000000,1700,false,2.73
"MSN",142847,"/Date(1703057374000)/",63900,1600,1533800,97415000000,1700,false,2.73
"MSN",142844,"/Date(1703057371000)/",63800,1000,1532200,97313000000,1600,true,2.57
"MSN",142844,"/Date(1703057371000)/",63900,100,1531200,97249000000,1700,false,2.73
"MSN",142840,"/Date(1703057369000)/",63900,100,1531100,97243000000,1700,false,2.73
"MSN",142840,"/Date(1703057366000)/",63800,1000,1531000,97236000000,1600,true,2.57
"MSN",142815,"/Date(1703057342000)/",63800,100,1530000,97173000000,1600,true,2.57
"MSN",142812,"/Date(1703057339000)/",63900,3600,1529900,97166000000,1700,false,2.73
"MSN",142812,"/Date(1703057339000)/",63900,100,1526300,96936000000,1700,false,2.73
"MSN",142812,"/Date(1703057339000)/",63900,5300,1526200,96930000000,1700,false,2.73
"MSN",142808,"/Date(1703057337000)/",63900,200,1520900,96591000000,1700,false,2.73
"MSN",142805,"/Date(1703057333000)/",63900,100,1520700,96578000000,1700,false,2.73
"MSN",142805,"/Date(1703057332000)/",63800,400,1520600,96572000000,1600,true,2.57
"MSN",142743,"/Date(1703057309000)/",63700,200,1520200,96546000000,1500,true,2.41
"MSN",142743,"/Date(1703057309000)/",63900,100,1520000,96534000000,1700,false,2.73
"MSN",142736,"/Date(1703057305000)/",63700,800,1519900,96527000000,1500,true,2.41
"MSN",142736,"/Date(1703057305000)/",63700,200,1519100,96476000000,1500,true,2.41
"MSN",142727,"/Date(1703057293000)/",63800,100,1518900,96464000000,1600,false,2.57
"MSN",142727,"/Date(1703057293000)/",63800,900,1518800,96457000000,1600,false,2.57
"MSN",142727,"/Date(1703057293000)/",63800,100,1517900,96400000000,1600,false,2.57
"MSN",142724,"/Date(1703057292000)/",63700,100,1517800,96393000000,1500,true,2.41
"MSN",142724,"/Date(1703057292000)/",63700,600,1517700,96387000000,1500,true,2.41
"MSN",142724,"/Date(1703057289000)/",63800,400,1517100,96349000000,1600,false,2.57
"MSN",142720,"/Date(1703057287000)/",63800,200,1516700,96323000000,1600,false,2.57
"MSN",142714,"/Date(1703057282000)/",63800,900,1516500,96311000000,1600,true,2.57
"MSN",142714,"/Date(1703057282000)/",63800,3800,1515600,96253000000,1600,true,2.57
"MSN",142714,"/Date(1703057282000)/",63800,100,1511800,96011000000,1600,true,2.57
"MSN",142714,"/Date(1703057282000)/",63800,1000,1511700,96004000000,1600,true,2.57
"MSN",142714,"/Date(1703057282000)/",63800,2100,1510700,95941000000,1600,true,2.57
"MSN",142711,"/Date(1703057279000)/",63800,6000,1508600,95807000000,1600,true,2.57
"MSN",142708,"/Date(1703057274000)/",63800,500,1502600,95424000000,1600,true,2.57
"MSN",142658,"/Date(1703057266000)/",63800,800,1502100,95392000000,1600,true,2.57
"MSN",142642,"/Date(1703057250000)/",63800,200,1501300,95341000000,1600,true,2.57
"MSN",142639,"/Date(1703057246000)/",63800,100,1501100,95328000000,1600,true,2.57
"MSN",142639,"/Date(1703057245000)/",63800,300,1501000,95322000000,1600,true,2.57
"MSN",142639,"/Date(1703057245000)/",63800,500,1500700,95303000000,1600,true,2.57
"MSN",142639,"/Date(1703057245000)/",63800,1000,1500200,95271000000,1600,true,2.57
"MSN",142639,"/Date(1703057245000)/",63800,100,1499200,95207000000,1600,true,2.57
"MSN",142639,"/Date(1703057245000)/",63800,600,1499100,95200000000,1600,true,2.57
"MSN",142632,"/Date(1703057240000)/",63800,700,1498500,95162000000,1600,true,2.57
"MSN",142632,"/Date(1703057240000)/",63800,300,1497800,95118000000,1600,true,2.57
"MSN",142557,"/Date(1703057205000)/",63800,200,1497500,95098000000,1600,true,2.57
"MSN",142545,"/Date(1703057191000)/",63800,800,1497300,95086000000,1600,true,2.57
"MSN",142545,"/Date(1703057191000)/",63800,300,1496500,95035000000,1600,true,2.57
"MSN",142545,"/Date(1703057191000)/",63800,2200,1496200,95015000000,1600,true,2.57
"MSN",142532,"/Date(1703057178000)/",63800,500,1494000,94875000000,1600,true,2.57
"MSN",142532,"/Date(1703057177000)/",63900,2300,1493500,94843000000,1700,false,2.73
"MSN",142532,"/Date(1703057177000)/",63900,100,1491200,94696000000,1700,false,2.73
"MSN",142532,"/Date(1703057177000)/",63900,2400,1491100,94690000000,1700,false,2.73
"MSN",142525,"/Date(1703057174000)/",63800,1000,1488700,94536000000,1600,true,2.57
"MSN",142519,"/Date(1703057166000)/",63800,3300,1487700,94473000000,1600,true,2.57
"MSN",142513,"/Date(1703057159000)/",63800,800,1484400,94262000000,1600,true,2.57
"MSN",142513,"/Date(1703057158000)/",63900,600,1483600,94211000000,1700,false,2.73
"MSN",142500,"/Date(1703057148000)/",63800,3300,1483000,94173000000,1600,false,2.57
"MSN",142500,"/Date(1703057146000)/",63800,2300,1479700,93962000000,1600,false,2.57
"MSN",142447,"/Date(1703057135000)/",63800,500,1477400,93815000000,1600,true,2.57
"MSN",142447,"/Date(1703057135000)/",63800,500,1476900,93784000000,1600,true,2.57
"MSN",142434,"/Date(1703057122000)/",63900,200,1476400,93752000000,1700,false,2.73
"MSN",142434,"/Date(1703057120000)/",63900,100,1476200,93739000000,1700,false,2.73
"MSN",142431,"/Date(1703057118000)/",63900,400,1476100,93732000000,1700,true,2.73
"MSN",142431,"/Date(1703057118000)/",63900,200,1475700,93707000000,1700,true,2.73
"MSN",142428,"/Date(1703057114000)/",63900,1000,1475500,93694000000,1700,true,2.73
"MSN",142428,"/Date(1703057114000)/",64000,1000,1474500,93630000000,1800,false,2.89
"MSN",142428,"/Date(1703057114000)/",63900,200,1473500,93566000000,1700,true,2.73
"MSN",142425,"/Date(1703057111000)/",63900,200,1473300,93553000000,1700,true,2.73
"MSN",142425,"/Date(1703057111000)/",64000,400,1473100,93541000000,1800,false,2.89
"MSN",142425,"/Date(1703057111000)/",64000,200,1472700,93515000000,1800,false,2.89
"MSN",142425,"/Date(1703057111000)/",64000,100,1472500,93502000000,1800,false,2.89
"MSN",142425,"/Date(1703057111000)/",64000,100,1472400,93496000000,1800,false,2.89
"MSN",142425,"/Date(1703057111000)/",64000,1000,1472300,93489000000,1800,false,2.89
"MSN",142425,"/Date(1703057111000)/",64000,1000,1471300,93425000000,1800,false,2.89
"MSN",142425,"/Date(1703057111000)/",64000,100,1470300,93361000000,1800,false,2.89
"MSN",142425,"/Date(1703057111000)/",64000,2100,1470200,93355000000,1800,false,2.89
"MSN",142421,"/Date(1703057109000)/",63900,1000,1468100,93221000000,1700,true,2.73
"MSN",142418,"/Date(1703057104000)/",63900,1800,1467100,93157000000,1700,true,2.73
"MSN",142418,"/Date(1703057104000)/",63900,1500,1465300,93042000000,1700,true,2.73
"MSN",142359,"/Date(1703057087000)/",64000,2900,1463800,92946000000,1800,false,2.89
"MSN",142359,"/Date(1703057087000)/",64000,1000,1460900,92760000000,1800,false,2.89
"MSN",142359,"/Date(1703057087000)/",64000,300,1459900,92696000000,1800,false,2.89
"MSN",142359,"/Date(1703057087000)/",64000,1700,1459600,92677000000,1800,false,2.89
"MSN",142356,"/Date(1703057083000)/",63900,500,1457900,92568000000,1700,true,2.73
"MSN",142356,"/Date(1703057083000)/",63900,500,1457400,92536000000,1700,true,2.73
"MSN",142346,"/Date(1703057073000)/",64000,1300,1456900,92504000000,1800,false,2.89
"MSN",142346,"/Date(1703057073000)/",64000,100,1455600,92421000000,1800,false,2.89
"MSN",142346,"/Date(1703057073000)/",64000,100,1455500,92415000000,1800,false,2.89
"MSN",142346,"/Date(1703057073000)/",64000,200,1455400,92408000000,1800,false,2.89
"MSN",142346,"/Date(1703057073000)/",64000,200,1455200,92396000000,1800,false,2.89
"MSN",142346,"/Date(1703057073000)/",64000,200,1455000,92383000000,1800,false,2.89
"MSN",142346,"/Date(1703057073000)/",64000,100,1454800,92370000000,1800,false,2.89
"MSN",142346,"/Date(1703057073000)/",64000,1000,1454700,92364000000,1800,false,2.89
"MSN",142346,"/Date(1703057073000)/",64000,100,1453700,92300000000,1800,false,2.89
"MSN",142346,"/Date(1703057073000)/",64000,1000,1453600,92293000000,1800,false,2.89
"MSN",142346,"/Date(1703057073000)/",64000,100,1452600,92229000000,1800,false,2.89
"MSN",142346,"/Date(1703057073000)/",64000,1000,1452500,92223000000,1800,false,2.89
"MSN",142346,"/Date(1703057073000)/",64000,200,1451500,92159000000,1800,false,2.89
"MSN",142343,"/Date(1703057069000)/",64000,300,1451300,92146000000,1800,false,2.89
"MSN",142343,"/Date(1703057069000)/",64000,100,1451000,92127000000,1800,false,2.89
"MSN",142343,"/Date(1703057069000)/",64000,200,1450900,92120000000,1800,false,2.89
"MSN",142343,"/Date(1703057069000)/",64000,100,1450700,92108000000,1800,false,2.89
"MSN",142343,"/Date(1703057069000)/",64000,100,1450600,92101000000,1800,false,2.89
"MSN",142343,"/Date(1703057069000)/",64000,100,1450500,92095000000,1800,false,2.89
"MSN",142343,"/Date(1703057069000)/",64000,100,1450400,92088000000,1800,false,2.89
"MSN",142337,"/Date(1703057065000)/",63900,500,1450300,92082000000,1700,false,2.73
"MSN",142337,"/Date(1703057065000)/",63900,1100,1449800,92050000000,1700,false,2.73
"MSN",142337,"/Date(1703057065000)/",63900,200,1448700,91980000000,1700,false,2.73
"MSN",142337,"/Date(1703057062000)/",63900,200,1448500,91967000000,1700,false,2.73
"MSN",142333,"/Date(1703057059000)/",63900,200,1448300,91954000000,1700,false,2.73
"MSN",142324,"/Date(1703057051000)/",63900,1000,1448100,91941000000,1700,false,2.73
"MSN",142321,"/Date(1703057046000)/",63900,4000,1447100,91878000000,1700,false,2.73
"MSN",142317,"/Date(1703057044000)/",63800,1000,1443100,91622000000,1600,true,2.57
"MSN",142317,"/Date(1703057043000)/",63900,400,1442100,91558000000,1700,false,2.73
"MSN",142317,"/Date(1703057043000)/",63900,200,1441700,91533000000,1700,false,2.73
"MSN",142317,"/Date(1703057043000)/",63900,500,1441500,91520000000,1700,false,2.73
"MSN",142317,"/Date(1703057043000)/",63900,100,1441000,91488000000,1700,false,2.73
"MSN",142317,"/Date(1703057043000)/",63900,100,1440900,91481000000,1700,false,2.73
"MSN",142317,"/Date(1703057043000)/",63900,1100,1440800,91475000000,1700,false,2.73
"MSN",142317,"/Date(1703057043000)/",63900,400,1439700,91405000000,1700,false,2.73
"MSN",142317,"/Date(1703057043000)/",63900,100,1439300,91379000000,1700,false,2.73
"MSN",142317,"/Date(1703057043000)/",63900,500,1439200,91373000000,1700,false,2.73
"MSN",142317,"/Date(1703057043000)/",63900,100,1438700,91341000000,1700,false,2.73
"MSN",142317,"/Date(1703057043000)/",63900,200,1438600,91334000000,1700,false,2.73
"MSN",142317,"/Date(1703057043000)/",63900,2200,1438400,91322000000,1700,false,2.73
"MSN",142314,"/Date(1703057040000)/",63800,200,1436200,91181000000,1600,true,2.57
"MSN",142311,"/Date(1703057037000)/",63800,200,1436000,91168000000,1600,true,2.57
"MSN",142308,"/Date(1703057036000)/",63800,300,1435800,91156000000,1600,true,2.57
"MSN",142308,"/Date(1703057035000)/",63800,300,1435500,91136000000,1600,true,2.57
"MSN",142305,"/Date(1703057033000)/",63800,200,1435200,91117000000,1600,true,2.57
"MSN",142305,"/Date(1703057032000)/",63800,500,1435000,91105000000,1600,true,2.57
"MSN",142305,"/Date(1703057032000)/",63800,100,1434500,91073000000,1600,true,2.57
"MSN",142305,"/Date(1703057032000)/",63800,2700,1434400,91066000000,1600,true,2.57
"MSN",142305,"/Date(1703057032000)/",63800,100,1431700,90894000000,1600,true,2.57
"MSN",142305,"/Date(1703057032000)/",63800,1000,1431600,90888000000,1600,true,2.57
"MSN",142305,"/Date(1703057032000)/",63800,400,1430600,90824000000,1600,true,2.57
"MSN",142255,"/Date(1703057023000)/",63900,900,1430200,90798000000,1700,false,2.73
"MSN",142255,"/Date(1703057023000)/",63900,500,1429300,90741000000,1700,false,2.73
"MSN",142255,"/Date(1703057023000)/",63900,500,1428800,90709000000,1700,false,2.73
"MSN",142255,"/Date(1703057023000)/",63900,1000,1428300,90677000000,1700,false,2.73
"MSN",142255,"/Date(1703057023000)/",63900,500,1427300,90613000000,1700,false,2.73
"MSN",142255,"/Date(1703057023000)/",63900,1000,1426800,90581000000,1700,false,2.73
"MSN",142255,"/Date(1703057023000)/",63900,1500,1425800,90517000000,1700,false,2.73
"MSN",142252,"/Date(1703057019000)/",63800,100,1424300,90421000000,1600,true,2.57
"MSN",142252,"/Date(1703057019000)/",63800,600,1424200,90415000000,1600,true,2.57
"MSN",142252,"/Date(1703057019000)/",63800,100,1423600,90377000000,1600,true,2.57
"MSN",142252,"/Date(1703057019000)/",63800,200,1423500,90370000000,1600,true,2.57
"MSN",142242,"/Date(1703057011000)/",63900,100,1423300,90358000000,1700,false,2.73
"MSN",142242,"/Date(1703057010000)/",63800,300,1423200,90351000000,1600,true,2.57
"MSN",142242,"/Date(1703057010000)/",63800,700,1422900,90332000000,1600,true,2.57
"MSN",142236,"/Date(1703057001000)/",63900,1000,1422200,90287000000,1700,false,2.73
"MSN",142217,"/Date(1703056985000)/",63900,300,1421200,90223000000,1700,false,2.73
"MSN",142214,"/Date(1703056979000)/",63800,1000,1420900,90204000000,1600,true,2.57
"MSN",142201,"/Date(1703056967000)/",63900,1200,1419900,90140000000,1700,false,2.73
"MSN",142135,"/Date(1703056941000)/",63900,900,1418700,90064000000,1700,false,2.73
"MSN",142135,"/Date(1703056941000)/",63900,100,1417800,90006000000,1700,false,2.73
"MSN",142135,"/Date(1703056941000)/",63900,400,1417700,90000000000,1700,false,2.73
"MSN",142135,"/Date(1703056941000)/",63900,100,1417300,89974000000,1700,false,2.73
"MSN",142135,"/Date(1703056941000)/",63900,3500,1417200,89968000000,1700,false,2.73
"MSN",142123,"/Date(1703056929000)/",63900,500,1413700,89744000000,1700,false,2.73
"MSN",142110,"/Date(1703056917000)/",63900,1000,1413200,89712000000,1700,false,2.73
"MSN",142110,"/Date(1703056917000)/",63900,300,1412200,89648000000,1700,false,2.73
"MSN",142110,"/Date(1703056917000)/",63900,1000,1411900,89629000000,1700,false,2.73
"MSN",142110,"/Date(1703056917000)/",63900,1900,1410900,89565000000,1700,false,2.73
"MSN",142110,"/Date(1703056917000)/",63900,1700,1409000,89444000000,1700,false,2.73
"MSN",142107,"/Date(1703056913000)/",63800,800,1407300,89335000000,1600,true,2.57
"MSN",142107,"/Date(1703056913000)/",63800,100,1406500,89284000000,1600,true,2.57
"MSN",142107,"/Date(1703056913000)/",63800,100,1406400,89278000000,1600,true,2.57
"MSN",142044,"/Date(1703056890000)/",63900,200,1406300,89272000000,1700,false,2.73
"MSN",142038,"/Date(1703056886000)/",63800,400,1406100,89259000000,1600,true,2.57
"MSN",142038,"/Date(1703056886000)/",63800,800,1405700,89233000000,1600,true,2.57
"MSN",142028,"/Date(1703056875000)/",63900,100,1404900,89182000000,1700,false,2.73
"MSN",142025,"/Date(1703056872000)/",63800,100,1404800,89176000000,1600,true,2.57
"MSN",142009,"/Date(1703056855000)/",63900,100,1404700,89169000000,1700,false,2.73
"MSN",142009,"/Date(1703056855000)/",63900,500,1404600,89163000000,1700,false,2.73
"MSN",142003,"/Date(1703056848000)/",63800,1000,1404100,89131000000,1600,true,2.57
"MSN",141953,"/Date(1703056839000)/",63900,100,1403100,89067000000,1700,false,2.73
"MSN",141953,"/Date(1703056839000)/",63900,100,1403000,89061000000,1700,false,2.73
"MSN",141953,"/Date(1703056839000)/",63800,4400,1402900,89054000000,1600,true,2.57
"MSN",141953,"/Date(1703056839000)/",63800,500,1398500,88774000000,1600,true,2.57
"MSN",141953,"/Date(1703056839000)/",63800,100,1398000,88742000000,1600,true,2.57
"MSN",141940,"/Date(1703056826000)/",63900,100,1397900,88735000000,1700,false,2.73
"MSN",141921,"/Date(1703056809000)/",63700,1400,1397800,88729000000,1500,true,2.41
"MSN",141921,"/Date(1703056809000)/",63700,100,1396400,88640000000,1500,true,2.41
"MSN",141915,"/Date(1703056802000)/",63900,500,1396300,88634000000,1700,false,2.73
"MSN",141915,"/Date(1703056801000)/",63900,1100,1395800,88602000000,1700,false,2.73
"MSN",141912,"/Date(1703056797000)/",63900,200,1394700,88531000000,1700,false,2.73
"MSN",141856,"/Date(1703056783000)/",63700,100,1394500,88519000000,1500,true,2.41
"MSN",141856,"/Date(1703056783000)/",63700,100,1394400,88512000000,1500,true,2.41
"MSN",141856,"/Date(1703056783000)/",63700,100,1394300,88506000000,1500,true,2.41
"MSN",141856,"/Date(1703056783000)/",63700,200,1394200,88499000000,1500,true,2.41
"MSN",141856,"/Date(1703056783000)/",63700,100,1394000,88487000000,1500,true,2.41
"MSN",141856,"/Date(1703056783000)/",63700,200,1393900,88480000000,1500,true,2.41
"MSN",141856,"/Date(1703056783000)/",63800,200,1393700,88468000000,1600,true,2.57
"MSN",141856,"/Date(1703056781000)/",63900,300,1393500,88455000000,1700,false,2.73
"MSN",141856,"/Date(1703056781000)/",63900,1200,1393200,88436000000,1700,false,2.73
"MSN",141852,"/Date(1703056780000)/",63900,200,1392000,88359000000,1700,false,2.73
"MSN",141846,"/Date(1703056773000)/",63900,5000,1391800,88346000000,1700,false,2.73
"MSN",141843,"/Date(1703056769000)/",63900,2600,1386800,88027000000,1700,false,2.73
"MSN",141843,"/Date(1703056769000)/",63900,100,1384200,87861000000,1700,false,2.73
"MSN",141843,"/Date(1703056769000)/",63900,500,1384100,87854000000,1700,false,2.73
"MSN",141843,"/Date(1703056769000)/",63900,100,1383600,87822000000,1700,false,2.73
"MSN",141843,"/Date(1703056769000)/",63900,1000,1383500,87816000000,1700,false,2.73
"MSN",141843,"/Date(1703056769000)/",63900,100,1382500,87752000000,1700,false,2.73
"MSN",141843,"/Date(1703056769000)/",63900,1500,1382400,87746000000,1700,false,2.73
"MSN",141833,"/Date(1703056760000)/",63900,500,1380900,87650000000,1700,false,2.73
"MSN",141833,"/Date(1703056760000)/",63900,100,1380400,87618000000,1700,false,2.73
"MSN",141830,"/Date(1703056758000)/",63900,800,1380300,87611000000,1700,false,2.73
"MSN",141830,"/Date(1703056758000)/",63900,100,1379500,87560000000,1700,false,2.73
"MSN",141830,"/Date(1703056758000)/",63900,4000,1379400,87554000000,1700,false,2.73
"MSN",141830,"/Date(1703056758000)/",63900,100,1375400,87298000000,1700,false,2.73
"MSN",141808,"/Date(1703056735000)/",63900,100,1375300,87292000000,1700,false,2.73
"MSN",141804,"/Date(1703056731000)/",63900,800,1375200,87285000000,1700,false,2.73
"MSN",141804,"/Date(1703056731000)/",63900,1200,1374400,87234000000,1700,false,2.73
"MSN",141804,"/Date(1703056731000)/",63900,300,1373200,87158000000,1700,false,2.73
"MSN",141804,"/Date(1703056731000)/",63900,100,1372900,87138000000,1700,false,2.73
"MSN",141804,"/Date(1703056731000)/",63900,100,1372800,87132000000,1700,false,2.73
"MSN",141804,"/Date(1703056731000)/",63900,400,1372700,87126000000,1700,false,2.73
"MSN",141801,"/Date(1703056729000)/",63900,100,1372300,87100000000,1700,false,2.73
"MSN",141752,"/Date(1703056718000)/",63700,1000,1372200,87094000000,1500,true,2.41
"MSN",141752,"/Date(1703056716000)/",63900,200,1371200,87030000000,1700,false,2.73
"MSN",141752,"/Date(1703056716000)/",63800,100,1371000,87017000000,1600,false,2.57
"MSN",141752,"/Date(1703056716000)/",63800,100,1370900,87011000000,1600,false,2.57
"MSN",141736,"/Date(1703056701000)/",63800,1000,1370800,87004000000,1600,false,2.57
"MSN",141726,"/Date(1703056691000)/",63900,300,1369800,86941000000,1700,false,2.73
"MSN",141726,"/Date(1703056691000)/",63900,2300,1369500,86922000000,1700,false,2.73
"MSN",141710,"/Date(1703056676000)/",63900,600,1367200,86775000000,1700,false,2.73
"MSN",141657,"/Date(1703056665000)/",63900,100,1366600,86736000000,1700,false,2.73
"MSN",141657,"/Date(1703056665000)/",63900,100,1366500,86730000000,1700,false,2.73
"MSN",141657,"/Date(1703056665000)/",63900,300,1366400,86723000000,1700,false,2.73
"MSN",141657,"/Date(1703056665000)/",63800,100,1366100,86704000000,1600,false,2.57
"MSN",141657,"/Date(1703056665000)/",63800,400,1366000,86698000000,1600,false,2.57
"MSN",141648,"/Date(1703056654000)/",63800,100,1365600,86672000000,1600,false,2.57
"MSN",141648,"/Date(1703056654000)/",63800,500,1365500,86666000000,1600,false,2.57
"MSN",141644,"/Date(1703056652000)/",63800,1000,1365000,86634000000,1600,true,2.57
"MSN",141644,"/Date(1703056651000)/",63800,1000,1364000,86570000000,1600,true,2.57
"MSN",141644,"/Date(1703056650000)/",63800,100,1363000,86506000000,1600,true,2.57
"MSN",141635,"/Date(1703056642000)/",63800,200,1362900,86500000000,1600,true,2.57
"MSN",141628,"/Date(1703056634000)/",63900,100,1362700,86487000000,1700,false,2.73
"MSN",141625,"/Date(1703056633000)/",63900,100,1362600,86481000000,1700,false,2.73
"MSN",141625,"/Date(1703056633000)/",63900,200,1362500,86475000000,1700,false,2.73
"MSN",141625,"/Date(1703056633000)/",63900,200,1362300,86462000000,1700,false,2.73
"MSN",141625,"/Date(1703056632000)/",63800,100,1362100,86449000000,1600,false,2.57
"MSN",141612,"/Date(1703056619000)/",63800,100,1362000,86443000000,1600,false,2.57
"MSN",141609,"/Date(1703056615000)/",63800,400,1361900,86436000000,1600,true,2.57
"MSN",141609,"/Date(1703056614000)/",63800,1000,1361500,86411000000,1600,true,2.57
"MSN",141603,"/Date(1703056609000)/",63800,1000,1360500,86347000000,1600,false,2.57
"MSN",141603,"/Date(1703056609000)/",63800,200,1359500,86283000000,1600,false,2.57
"MSN",141547,"/Date(1703056591000)/",63800,300,1359300,86270000000,1600,false,2.57
"MSN",141547,"/Date(1703056591000)/",63800,100,1359000,86251000000,1600,false,2.57
"MSN",141543,"/Date(1703056589000)/",63700,3300,1358900,86245000000,1500,true,2.41
"MSN",141540,"/Date(1703056587000)/",63700,1000,1355600,86035000000,1500,true,2.41
"MSN",141537,"/Date(1703056582000)/",63800,400,1354600,85971000000,1600,false,2.57
"MSN",141534,"/Date(1703056580000)/",63700,2100,1354200,85945000000,1500,true,2.41
"MSN",141531,"/Date(1703056578000)/",63800,600,1352100,85812000000,1600,true,2.57
"MSN",141531,"/Date(1703056578000)/",63800,200,1351500,85773000000,1600,true,2.57
"MSN",141531,"/Date(1703056578000)/",63800,1900,1351300,85761000000,1600,true,2.57
"MSN",141531,"/Date(1703056578000)/",63800,100,1349400,85639000000,1600,true,2.57
"MSN",141531,"/Date(1703056576000)/",63800,3300,1349300,85633000000,1600,true,2.57
"MSN",141524,"/Date(1703056569000)/",63800,2500,1346000,85422000000,1600,true,2.57
"MSN",141521,"/Date(1703056567000)/",63800,1000,1343500,85263000000,1600,true,2.57
"MSN",141521,"/Date(1703056567000)/",63900,300,1342500,85199000000,1700,false,2.73
"MSN",141521,"/Date(1703056567000)/",63900,1000,1342200,85180000000,1700,false,2.73
"MSN",141521,"/Date(1703056567000)/",63900,100,1341200,85116000000,1700,false,2.73
"MSN",141521,"/Date(1703056567000)/",63900,100,1341100,85110000000,1700,false,2.73
"MSN",141521,"/Date(1703056567000)/",63900,1000,1341000,85103000000,1700,false,2.73
"MSN",141521,"/Date(1703056567000)/",63900,2000,1340000,85039000000,1700,false,2.73
"MSN",141521,"/Date(1703056567000)/",63900,200,1338000,84912000000,1700,false,2.73
"MSN",141521,"/Date(1703056567000)/",63900,100,1337800,84899000000,1700,false,2.73
"MSN",141521,"/Date(1703056567000)/",63900,1000,1337700,84892000000,1700,false,2.73
"MSN",141521,"/Date(1703056567000)/",63900,100,1336700,84829000000,1700,false,2.73
"MSN",141518,"/Date(1703056565000)/",63800,2000,1336600,84822000000,1600,false,2.57
"MSN",141518,"/Date(1703056565000)/",63800,100,1334600,84695000000,1600,false,2.57
"MSN",141518,"/Date(1703056565000)/",63800,700,1334500,84688000000,1600,false,2.57
"MSN",141518,"/Date(1703056565000)/",63800,100,1333800,84644000000,1600,false,2.57
"MSN",141518,"/Date(1703056565000)/",63800,3800,1333700,84637000000,1600,false,2.57
"MSN",141518,"/Date(1703056565000)/",63800,1300,1329900,84395000000,1600,false,2.57
"MSN",141518,"/Date(1703056565000)/",63800,100,1328600,84312000000,1600,false,2.57
"MSN",141518,"/Date(1703056564000)/",63800,100,1328500,84305000000,1600,false,2.57
"MSN",141505,"/Date(1703056550000)/",63800,600,1328400,84299000000,1600,false,2.57
"MSN",141456,"/Date(1703056543000)/",63700,1100,1327800,84261000000,1500,true,2.41
"MSN",141452,"/Date(1703056540000)/",63800,200,1326700,84191000000,1600,false,2.57
"MSN",141443,"/Date(1703056528000)/",63800,100,1326500,84178000000,1600,false,2.57
"MSN",141443,"/Date(1703056528000)/",63800,100,1326400,84171000000,1600,false,2.57
"MSN",141443,"/Date(1703056528000)/",63800,100,1326300,84165000000,1600,false,2.57
"MSN",141443,"/Date(1703056528000)/",63800,100,1326200,84159000000,1600,false,2.57
"MSN",141443,"/Date(1703056528000)/",63800,200,1326100,84152000000,1600,false,2.57
"MSN",141443,"/Date(1703056528000)/",63800,2000,1325900,84140000000,1600,false,2.57
"MSN",141443,"/Date(1703056528000)/",63800,100,1323900,84012000000,1600,false,2.57
"MSN",141443,"/Date(1703056528000)/",63800,200,1323800,84006000000,1600,false,2.57
"MSN",141440,"/Date(1703056526000)/",63800,800,1323600,83993000000,1600,false,2.57
"MSN",141440,"/Date(1703056526000)/",63800,300,1322800,83942000000,1600,false,2.57
"MSN",141440,"/Date(1703056526000)/",63800,300,1322500,83923000000,1600,false,2.57
"MSN",141440,"/Date(1703056526000)/",63800,100,1322200,83904000000,1600,false,2.57
"MSN",141440,"/Date(1703056526000)/",63800,200,1322100,83897000000,1600,false,2.57
"MSN",141440,"/Date(1703056526000)/",63800,300,1321900,83884000000,1600,false,2.57
"MSN",141440,"/Date(1703056526000)/",63800,100,1321600,83865000000,1600,false,2.57
"MSN",141440,"/Date(1703056526000)/",63800,400,1321500,83859000000,1600,false,2.57
"MSN",141440,"/Date(1703056526000)/",63800,100,1321100,83833000000,1600,false,2.57
"MSN",141440,"/Date(1703056526000)/",63800,100,1321000,83827000000,1600,false,2.57
"MSN",141440,"/Date(1703056526000)/",63800,100,1320900,83821000000,1600,false,2.57
"MSN",141440,"/Date(1703056526000)/",63800,200,1320800,83814000000,1600,false,2.57
"MSN",141440,"/Date(1703056526000)/",63800,100,1320600,83801000000,1600,false,2.57
"MSN",141440,"/Date(1703056526000)/",63800,100,1320500,83795000000,1600,false,2.57
"MSN",141440,"/Date(1703056526000)/",63800,100,1320400,83789000000,1600,false,2.57
"MSN",141440,"/Date(1703056526000)/",63800,1000,1320300,83782000000,1600,false,2.57
"MSN",141440,"/Date(1703056526000)/",63800,10000,1319300,83719000000,1600,false,2.57
"MSN",141440,"/Date(1703056526000)/",63800,100,1309300,83081000000,1600,false,2.57
"MSN",141440,"/Date(1703056526000)/",63800,200,1309200,83074000000,1600,false,2.57
"MSN",141440,"/Date(1703056526000)/",63800,100,1309000,83061000000,1600,false,2.57
"MSN",141440,"/Date(1703056526000)/",63800,100,1308900,83055000000,1600,false,2.57
"MSN",141440,"/Date(1703056526000)/",63800,200,1308800,83049000000,1600,false,2.57
"MSN",141436,"/Date(1703056523000)/",63700,1000,1308600,83036000000,1500,true,2.41
"MSN",141436,"/Date(1703056521000)/",63800,100,1307600,82972000000,1600,false,2.57
"MSN",141424,"/Date(1703056508000)/",63700,300,1307500,82966000000,1500,true,2.41
"MSN",141424,"/Date(1703056508000)/",63700,800,1307200,82947000000,1500,true,2.41
"MSN",141420,"/Date(1703056508000)/",63700,1100,1306400,82896000000,1500,true,2.41
"MSN",141420,"/Date(1703056505000)/",63800,500,1305300,82826000000,1600,false,2.57
"MSN",141408,"/Date(1703056493000)/",63800,100,1304800,82794000000,1600,false,2.57
"MSN",141408,"/Date(1703056492000)/",63700,1000,1304700,82787000000,1500,true,2.41
"MSN",141401,"/Date(1703056487000)/",63800,100,1303700,82724000000,1600,false,2.57
"MSN",141401,"/Date(1703056487000)/",63800,1000,1303600,82717000000,1600,false,2.57
"MSN",141401,"/Date(1703056487000)/",63800,200,1302600,82653000000,1600,false,2.57
"MSN",141401,"/Date(1703056487000)/",63800,100,1302400,82641000000,1600,false,2.57
"MSN",141401,"/Date(1703056487000)/",63800,100,1302300,82634000000,1600,false,2.57
"MSN",141401,"/Date(1703056487000)/",63800,1000,1302200,82628000000,1600,false,2.57
"MSN",141401,"/Date(1703056487000)/",63800,100,1301200,82564000000,1600,false,2.57
"MSN",141401,"/Date(1703056487000)/",63800,400,1301100,82558000000,1600,false,2.57
"MSN",141339,"/Date(1703056464000)/",63800,500,1300700,82532000000,1600,false,2.57
"MSN",141332,"/Date(1703056459000)/",63700,200,1300200,82500000000,1500,true,2.41
"MSN",141332,"/Date(1703056457000)/",63700,1000,1300000,82488000000,1500,true,2.41
"MSN",141320,"/Date(1703056446000)/",63800,1100,1299000,82424000000,1600,false,2.57
"MSN",141320,"/Date(1703056446000)/",63800,200,1297900,82354000000,1600,false,2.57
"MSN",141320,"/Date(1703056446000)/",63800,100,1297700,82341000000,1600,false,2.57
"MSN",141320,"/Date(1703056446000)/",63800,200,1297600,82335000000,1600,false,2.57
"MSN",141320,"/Date(1703056446000)/",63800,100,1297400,82322000000,1600,false,2.57
"MSN",141320,"/Date(1703056446000)/",63800,200,1297300,82315000000,1600,false,2.57
"MSN",141320,"/Date(1703056446000)/",63800,200,1297100,82303000000,1600,false,2.57
"MSN",141320,"/Date(1703056446000)/",63800,100,1296900,82290000000,1600,false,2.57
"MSN",141320,"/Date(1703056446000)/",63800,800,1296800,82284000000,1600,false,2.57
"MSN",141313,"/Date(1703056439000)/",63800,1700,1296000,82233000000,1600,false,2.57
"MSN",141313,"/Date(1703056439000)/",63800,300,1294300,82124000000,1600,false,2.57
"MSN",141257,"/Date(1703056423000)/",63800,500,1294000,82105000000,1600,false,2.57
"MSN",141225,"/Date(1703056392000)/",63700,1000,1293500,82073000000,1500,true,2.41
"MSN",141213,"/Date(1703056380000)/",63800,200,1292500,82009000000,1600,false,2.57
"MSN",141213,"/Date(1703056380000)/",63700,300,1292300,81997000000,1500,false,2.41
"MSN",141209,"/Date(1703056376000)/",63700,700,1292000,81977000000,1500,false,2.41
"MSN",141209,"/Date(1703056376000)/",63700,2200,1291300,81933000000,1500,false,2.41
"MSN",141209,"/Date(1703056376000)/",63700,100,1289100,81793000000,1500,false,2.41
"MSN",141203,"/Date(1703056367000)/",63700,900,1289000,81786000000,1500,false,2.41
"MSN",141200,"/Date(1703056365000)/",63700,100,1288100,81729000000,1500,false,2.41
"MSN",141200,"/Date(1703056365000)/",63700,2900,1288000,81723000000,1500,false,2.41
"MSN",141157,"/Date(1703056363000)/",63700,1800,1285100,81538000000,1500,false,2.41
"MSN",141153,"/Date(1703056358000)/",63700,3000,1283300,81423000000,1500,false,2.41
"MSN",141144,"/Date(1703056349000)/",63700,100,1280300,81232000000,1500,false,2.41
"MSN",141144,"/Date(1703056347000)/",63700,100,1280200,81226000000,1500,false,2.41
"MSN",141131,"/Date(1703056337000)/",63700,100,1280100,81219000000,1500,false,2.41
"MSN",141128,"/Date(1703056334000)/",63700,200,1280000,81213000000,1500,false,2.41
"MSN",141128,"/Date(1703056334000)/",63700,600,1279800,81200000000,1500,false,2.41
"MSN",141128,"/Date(1703056332000)/",63700,1800,1279200,81162000000,1500,false,2.41
"MSN",141125,"/Date(1703056330000)/",63700,2800,1277400,81047000000,1500,false,2.41
"MSN",141122,"/Date(1703056326000)/",63700,200,1274600,80869000000,1500,true,2.41
"MSN",141122,"/Date(1703056326000)/",63700,500,1274400,80856000000,1500,true,2.41
"MSN",141122,"/Date(1703056326000)/",63700,300,1273900,80824000000,1500,true,2.41
"MSN",141118,"/Date(1703056323000)/",63700,100,1273600,80805000000,1500,true,2.41
"MSN",141115,"/Date(1703056321000)/",63800,400,1273500,80799000000,1600,false,2.57
"MSN",141102,"/Date(1703056308000)/",63700,100,1273100,80773000000,1500,true,2.41
"MSN",141059,"/Date(1703056303000)/",63700,4000,1273000,80767000000,1500,false,2.41
"MSN",141046,"/Date(1703056293000)/",63800,200,1269000,80512000000,1600,false,2.57
"MSN",141046,"/Date(1703056293000)/",63700,100,1268800,80500000000,1500,false,2.41
"MSN",141046,"/Date(1703056293000)/",63700,100,1268700,80493000000,1500,false,2.41
"MSN",141043,"/Date(1703056288000)/",63700,4900,1268600,80487000000,1500,false,2.41
"MSN",141043,"/Date(1703056288000)/",63700,400,1263700,80175000000,1500,false,2.41
"MSN",141043,"/Date(1703056288000)/",63700,300,1263300,80149000000,1500,false,2.41
"MSN",141043,"/Date(1703056288000)/",63700,1000,1263000,80130000000,1500,false,2.41
"MSN",141043,"/Date(1703056288000)/",63700,100,1262000,80066000000,1500,false,2.41
"MSN",141043,"/Date(1703056288000)/",63700,3300,1261900,80060000000,1500,false,2.41
"MSN",141037,"/Date(1703056283000)/",63700,700,1258600,79850000000,1500,false,2.41
"MSN",141037,"/Date(1703056283000)/",63700,2200,1257900,79805000000,1500,false,2.41
"MSN",141024,"/Date(1703056271000)/",63700,1700,1255700,79665000000,1500,false,2.41
"MSN",141018,"/Date(1703056264000)/",63700,300,1254000,79557000000,1500,false,2.41
"MSN",141014,"/Date(1703056261000)/",63600,1000,1253700,79538000000,1400,true,2.25
"MSN",141005,"/Date(1703056250000)/",63700,500,1252700,79474000000,1500,false,2.41
"MSN",140958,"/Date(1703056243000)/",63700,3000,1252200,79442000000,1500,false,2.41
"MSN",140955,"/Date(1703056240000)/",63700,1700,1249200,79251000000,1500,false,2.41
"MSN",140923,"/Date(1703056209000)/",63700,1700,1247500,79143000000,1500,false,2.41
"MSN",140923,"/Date(1703056208000)/",63700,500,1245800,79035000000,1500,false,2.41
"MSN",140914,"/Date(1703056199000)/",63600,200,1245300,79003000000,1400,true,2.25
"MSN",140910,"/Date(1703056196000)/",63600,800,1245100,78990000000,1400,true,2.25
"MSN",140910,"/Date(1703056196000)/",63600,200,1244300,78939000000,1400,true,2.25
"MSN",140854,"/Date(1703056180000)/",63600,300,1244100,78926000000,1400,true,2.25
"MSN",140854,"/Date(1703056180000)/",63600,800,1243800,78907000000,1400,true,2.25
"MSN",140851,"/Date(1703056178000)/",63700,1700,1243000,78856000000,1500,false,2.41
"MSN",140845,"/Date(1703056169000)/",63600,1100,1241300,78748000000,1400,true,2.25
"MSN",140842,"/Date(1703056168000)/",63700,500,1240200,78678000000,1500,false,2.41
"MSN",140835,"/Date(1703056161000)/",63700,1200,1239700,78646000000,1500,false,2.41
"MSN",140835,"/Date(1703056161000)/",63700,100,1238500,78570000000,1500,false,2.41
"MSN",140835,"/Date(1703056161000)/",63700,100,1238400,78564000000,1500,false,2.41
"MSN",140835,"/Date(1703056161000)/",63700,500,1238300,78557000000,1500,false,2.41
"MSN",140835,"/Date(1703056161000)/",63700,1000,1237800,78525000000,1500,false,2.41
"MSN",140835,"/Date(1703056161000)/",63700,100,1236800,78462000000,1500,false,2.41
"MSN",140826,"/Date(1703056152000)/",63700,500,1236700,78455000000,1500,false,2.41
"MSN",140826,"/Date(1703056152000)/",63700,100,1236200,78423000000,1500,false,2.41
"MSN",140822,"/Date(1703056147000)/",63700,900,1236100,78417000000,1500,false,2.41
"MSN",140822,"/Date(1703056147000)/",63700,100,1235200,78360000000,1500,false,2.41
"MSN",140822,"/Date(1703056147000)/",63700,700,1235100,78353000000,1500,false,2.41
"MSN",140806,"/Date(1703056131000)/",63600,1000,1234400,78309000000,1400,true,2.25
"MSN",140806,"/Date(1703056131000)/",63600,100,1233400,78245000000,1400,true,2.25
"MSN",140806,"/Date(1703056131000)/",63600,1000,1233300,78239000000,1400,true,2.25
"MSN",140800,"/Date(1703056125000)/",63700,600,1232300,78175000000,1500,false,2.41
"MSN",140757,"/Date(1703056121000)/",63700,700,1231700,78137000000,1500,false,2.41
"MSN",140757,"/Date(1703056121000)/",63700,500,1231000,78092000000,1500,false,2.41
"MSN",140757,"/Date(1703056121000)/",63700,100,1230500,78060000000,1500,false,2.41
"MSN",140757,"/Date(1703056121000)/",63700,1700,1230400,78054000000,1500,false,2.41
"MSN",140751,"/Date(1703056117000)/",63700,1700,1228700,77946000000,1500,false,2.41
"MSN",140744,"/Date(1703056108000)/",63600,1100,1227000,77838000000,1400,true,2.25
"MSN",140728,"/Date(1703056093000)/",63600,900,1225900,77768000000,1400,true,2.25
"MSN",140728,"/Date(1703056093000)/",63600,200,1225000,77710000000,1400,true,2.25
"MSN",140722,"/Date(1703056086000)/",63700,1600,1224800,77698000000,1500,false,2.41
"MSN",140722,"/Date(1703056086000)/",63700,200,1223200,77596000000,1500,false,2.41
"MSN",140715,"/Date(1703056081000)/",63700,500,1223000,77583000000,1500,false,2.41
"MSN",140659,"/Date(1703056065000)/",63600,1000,1222500,77551000000,1400,true,2.25
"MSN",140634,"/Date(1703056040000)/",63700,300,1221500,77488000000,1500,false,2.41
"MSN",140634,"/Date(1703056040000)/",63700,200,1221200,77468000000,1500,false,2.41
"MSN",140634,"/Date(1703056038000)/",63600,1000,1221000,77456000000,1400,true,2.25
"MSN",140618,"/Date(1703056023000)/",63600,100,1220000,77392000000,1400,true,2.25
"MSN",140556,"/Date(1703056000000)/",63600,600,1219900,77386000000,1400,true,2.25
"MSN",140556,"/Date(1703056000000)/",63600,400,1219300,77348000000,1400,true,2.25
"MSN",140552,"/Date(1703055998000)/",63700,100,1218900,77322000000,1500,false,2.41
"MSN",140552,"/Date(1703055998000)/",63700,400,1218800,77316000000,1500,false,2.41
"MSN",140552,"/Date(1703055997000)/",63600,600,1218400,77290000000,1400,false,2.25
"MSN",140549,"/Date(1703055996000)/",63500,3300,1217800,77252000000,1300,true,2.09
"MSN",140546,"/Date(1703055992000)/",63600,100,1214500,77043000000,1400,false,2.25
"MSN",140546,"/Date(1703055991000)/",63600,100,1214400,77036000000,1400,false,2.25
"MSN",140546,"/Date(1703055991000)/",63600,100,1214300,77030000000,1400,false,2.25
"MSN",140536,"/Date(1703055981000)/",63600,500,1214200,77023000000,1400,false,2.25
"MSN",140517,"/Date(1703055963000)/",63600,400,1213700,76992000000,1400,false,2.25
"MSN",140517,"/Date(1703055963000)/",63600,100,1213300,76966000000,1400,false,2.25
"MSN",140514,"/Date(1703055958000)/",63600,3000,1213200,76960000000,1400,false,2.25
"MSN",140511,"/Date(1703055957000)/",63600,300,1210200,76769000000,1400,false,2.25
"MSN",140511,"/Date(1703055957000)/",63600,100,1209900,76750000000,1400,false,2.25
"MSN",140511,"/Date(1703055957000)/",63600,100,1209800,76744000000,1400,false,2.25
"MSN",140448,"/Date(1703055935000)/",63500,700,1209700,76737000000,1300,true,2.09
"MSN",140448,"/Date(1703055935000)/",63600,300,1209000,76693000000,1400,true,2.25
"MSN",140448,"/Date(1703055935000)/",63600,1000,1208700,76674000000,1400,true,2.25
"MSN",140432,"/Date(1703055917000)/",63600,2000,1207700,76610000000,1400,false,2.25
"MSN",140429,"/Date(1703055916000)/",63600,500,1205700,76483000000,1400,false,2.25
"MSN",140354,"/Date(1703055879000)/",63600,400,1205200,76451000000,1400,true,2.25
"MSN",140354,"/Date(1703055879000)/",63600,100,1204800,76426000000,1400,true,2.25
"MSN",140350,"/Date(1703055876000)/",63700,300,1204700,76419000000,1500,false,2.41
"MSN",140350,"/Date(1703055876000)/",63700,1000,1204400,76400000000,1500,false,2.41
"MSN",140350,"/Date(1703055876000)/",63700,100,1203400,76337000000,1500,false,2.41
"MSN",140350,"/Date(1703055876000)/",63700,1500,1203300,76330000000,1500,false,2.41
"MSN",140347,"/Date(1703055873000)/",63700,500,1201800,76235000000,1500,false,2.41
"MSN",140344,"/Date(1703055870000)/",63400,300,1201300,76203000000,1200,true,1.93
"MSN",140344,"/Date(1703055870000)/",63600,700,1201000,76184000000,1400,true,2.25
"MSN",140344,"/Date(1703055869000)/",63600,100,1200300,76139000000,1400,true,2.25
"MSN",140344,"/Date(1703055868000)/",63600,500,1200200,76133000000,1400,true,2.25
"MSN",140331,"/Date(1703055857000)/",63600,1700,1199700,76101000000,1400,false,2.25
"MSN",140312,"/Date(1703055836000)/",63600,300,1198000,75993000000,1400,false,2.25
"MSN",140312,"/Date(1703055836000)/",63600,500,1197700,75974000000,1400,false,2.25
"MSN",140312,"/Date(1703055836000)/",63600,2200,1197200,75942000000,1400,false,2.25
"MSN",140306,"/Date(1703055830000)/",63600,500,1195000,75802000000,1400,false,2.25
"MSN",140303,"/Date(1703055827000)/",63400,100,1194500,75770000000,1200,true,1.93
"MSN",140253,"/Date(1703055816000)/",63400,100,1194400,75764000000,1200,true,1.93
"MSN",140240,"/Date(1703055804000)/",63400,500,1194300,75758000000,1200,true,1.93
"MSN",140240,"/Date(1703055804000)/",63400,500,1193800,75726000000,1200,true,1.93
"MSN",140231,"/Date(1703055795000)/",63600,2300,1193300,75694000000,1400,false,2.25
"MSN",140231,"/Date(1703055795000)/",63600,600,1191000,75548000000,1400,false,2.25
"MSN",140221,"/Date(1703055786000)/",63600,500,1190400,75510000000,1400,false,2.25
"MSN",140156,"/Date(1703055760000)/",63600,100,1189900,75478000000,1400,false,2.25
"MSN",140149,"/Date(1703055754000)/",63600,300,1189800,75472000000,1400,false,2.25
"MSN",140149,"/Date(1703055754000)/",63600,500,1189500,75453000000,1400,false,2.25
"MSN",140149,"/Date(1703055754000)/",63600,2200,1189000,75421000000,1400,false,2.25
"MSN",140140,"/Date(1703055745000)/",63600,500,1186800,75281000000,1400,false,2.25
"MSN",140133,"/Date(1703055739000)/",63400,100,1186300,75249000000,1200,true,1.93
"MSN",140133,"/Date(1703055739000)/",63400,500,1186200,75243000000,1200,true,1.93
"MSN",140133,"/Date(1703055739000)/",63400,400,1185700,75211000000,1200,true,1.93
"MSN",140108,"/Date(1703055713000)/",63600,2300,1185300,75186000000,1400,false,2.25
"MSN",140108,"/Date(1703055713000)/",63600,500,1183000,75039000000,1400,false,2.25
"MSN",140108,"/Date(1703055713000)/",63600,200,1182500,75008000000,1400,false,2.25
"MSN",140058,"/Date(1703055702000)/",63600,500,1182300,74995000000,1400,false,2.25
"MSN",140029,"/Date(1703055674000)/",63400,100,1181800,74963000000,1200,true,1.93
"MSN",140029,"/Date(1703055674000)/",63400,100,1181700,74957000000,1200,true,1.93
"MSN",140029,"/Date(1703055674000)/",63400,100,1181600,74950000000,1200,true,1.93
"MSN",140029,"/Date(1703055674000)/",63400,300,1181500,74944000000,1200,true,1.93
"MSN",140029,"/Date(1703055674000)/",63400,100,1181200,74925000000,1200,true,1.93
"MSN",140029,"/Date(1703055674000)/",63400,300,1181100,74919000000,1200,true,1.93
"MSN",140029,"/Date(1703055673000)/",63600,500,1180800,74900000000,1400,false,2.25
"MSN",140029,"/Date(1703055673000)/",63600,500,1180300,74868000000,1400,false,2.25
"MSN",140029,"/Date(1703055673000)/",63600,1500,1179800,74836000000,1400,false,2.25
"MSN",140029,"/Date(1703055673000)/",63600,200,1178300,74741000000,1400,false,2.25
"MSN",140029,"/Date(1703055673000)/",63600,100,1178100,74728000000,1400,false,2.25
"MSN",140029,"/Date(1703055673000)/",63600,100,1178000,74722000000,1400,false,2.25
"MSN",140016,"/Date(1703055660000)/",63600,200,1177900,74715000000,1400,false,2.25
"MSN",140016,"/Date(1703055660000)/",63600,300,1177700,74702000000,1400,false,2.25
"MSN",140000,"/Date(1703055645000)/",63400,500,1177400,74683000000,1200,true,1.93
"MSN",140000,"/Date(1703055645000)/",63400,100,1176900,74652000000,1200,true,1.93
"MSN",140000,"/Date(1703055645000)/",63400,100,1176800,74645000000,1200,true,1.93
"MSN",140000,"/Date(1703055645000)/",63400,1000,1176700,74639000000,1200,true,1.93
"MSN",140000,"/Date(1703055645000)/",63500,300,1175700,74576000000,1300,true,2.09
"MSN",135948,"/Date(1703055632000)/",63600,700,1175400,74557000000,1400,false,2.25
"MSN",135948,"/Date(1703055632000)/",63600,2300,1174700,74512000000,1400,false,2.25
"MSN",135932,"/Date(1703055617000)/",63600,500,1172400,74366000000,1400,false,2.25
"MSN",135925,"/Date(1703055609000)/",63500,800,1171900,74334000000,1300,true,2.09
"MSN",135925,"/Date(1703055609000)/",63500,200,1171100,74283000000,1300,true,2.09
"MSN",135916,"/Date(1703055601000)/",63500,300,1170900,74270000000,1300,false,2.09
"MSN",135853,"/Date(1703055578000)/",63600,1400,1170600,74251000000,1400,false,2.25
"MSN",135853,"/Date(1703055578000)/",63500,100,1169200,74162000000,1300,false,2.09
"MSN",135853,"/Date(1703055578000)/",63500,500,1169100,74156000000,1300,false,2.09
"MSN",135853,"/Date(1703055576000)/",63500,500,1168600,74124000000,1300,false,2.09
"MSN",135841,"/Date(1703055565000)/",63500,800,1168100,74093000000,1300,true,2.09
"MSN",135834,"/Date(1703055558000)/",63500,100,1167300,74042000000,1300,true,2.09
"MSN",135831,"/Date(1703055556000)/",63500,200,1167200,74035000000,1300,true,2.09
"MSN",135825,"/Date(1703055549000)/",63500,1100,1167000,74023000000,1300,true,2.09
"MSN",135825,"/Date(1703055549000)/",63500,500,1165900,73953000000,1300,true,2.09
"MSN",135825,"/Date(1703055549000)/",63500,1100,1165400,73921000000,1300,true,2.09
"MSN",135825,"/Date(1703055549000)/",63500,200,1164300,73851000000,1300,true,2.09
"MSN",135825,"/Date(1703055549000)/",63500,1100,1164100,73839000000,1300,true,2.09
"MSN",135818,"/Date(1703055544000)/",63500,100,1163000,73769000000,1300,true,2.09
"MSN",135818,"/Date(1703055544000)/",63500,200,1162900,73762000000,1300,true,2.09
"MSN",135818,"/Date(1703055544000)/",63500,100,1162700,73750000000,1300,true,2.09
"MSN",135818,"/Date(1703055544000)/",63500,100,1162600,73743000000,1300,true,2.09
"MSN",135818,"/Date(1703055544000)/",63500,500,1162500,73737000000,1300,true,2.09
"MSN",135812,"/Date(1703055535000)/",63600,500,1162000,73705000000,1400,false,2.25
"MSN",135746,"/Date(1703055511000)/",63500,300,1161500,73673000000,1300,true,2.09
"MSN",135727,"/Date(1703055492000)/",63600,300,1161200,73654000000,1400,false,2.25
"MSN",135727,"/Date(1703055492000)/",63600,200,1160900,73635000000,1400,false,2.25
"MSN",135714,"/Date(1703055478000)/",63500,1000,1160700,73623000000,1300,true,2.09
"MSN",135702,"/Date(1703055465000)/",63500,200,1159700,73559000000,1300,true,2.09
"MSN",135646,"/Date(1703055450000)/",63600,100,1159500,73546000000,1400,false,2.25
"MSN",135646,"/Date(1703055450000)/",63600,400,1159400,73540000000,1400,false,2.25
"MSN",135620,"/Date(1703055425000)/",63500,100,1159000,73515000000,1300,true,2.09
"MSN",135617,"/Date(1703055420000)/",63500,300,1158900,73508000000,1300,true,2.09
"MSN",135607,"/Date(1703055413000)/",63500,400,1158600,73489000000,1300,true,2.09
"MSN",135607,"/Date(1703055413000)/",63500,500,1158200,73464000000,1300,true,2.09
"MSN",135607,"/Date(1703055413000)/",63500,100,1157700,73432000000,1300,true,2.09
"MSN",135604,"/Date(1703055408000)/",63600,600,1157600,73426000000,1400,false,2.25
"MSN",135532,"/Date(1703055375000)/",63500,300,1157000,73387000000,1300,true,2.09
"MSN",135523,"/Date(1703055365000)/",63600,500,1156700,73368000000,1400,false,2.25
"MSN",135503,"/Date(1703055348000)/",63500,200,1156200,73337000000,1300,true,2.09
"MSN",135503,"/Date(1703055348000)/",63500,800,1156000,73324000000,1300,true,2.09
"MSN",135447,"/Date(1703055330000)/",63500,200,1155200,73273000000,1300,true,2.09
"MSN",135447,"/Date(1703055330000)/",63500,100,1155000,73260000000,1300,true,2.09
"MSN",135441,"/Date(1703055324000)/",63600,400,1154900,73254000000,1400,false,2.25
"MSN",135400,"/Date(1703055285000)/",63500,300,1154500,73229000000,1300,true,2.09
"MSN",135400,"/Date(1703055283000)/",63500,1000,1154200,73210000000,1300,true,2.09
"MSN",135400,"/Date(1703055283000)/",63600,100,1153200,73146000000,1400,true,2.25
"MSN",135400,"/Date(1703055283000)/",63700,500,1153100,73140000000,1500,false,2.41
"MSN",135357,"/Date(1703055279000)/",63600,100,1152600,73108000000,1400,true,2.25
"MSN",135341,"/Date(1703055265000)/",63500,9200,1152500,73102000000,1300,true,2.09
"MSN",135341,"/Date(1703055265000)/",63600,200,1143300,72517000000,1400,true,2.25
"MSN",135341,"/Date(1703055265000)/",63600,1000,1143100,72505000000,1400,true,2.25
"MSN",135341,"/Date(1703055265000)/",63600,100,1142100,72441000000,1400,true,2.25
"MSN",135341,"/Date(1703055265000)/",63600,100,1142000,72435000000,1400,true,2.25
"MSN",135341,"/Date(1703055265000)/",63600,100,1141900,72428000000,1400,true,2.25
"MSN",135341,"/Date(1703055265000)/",63600,100,1141800,72422000000,1400,true,2.25
"MSN",135341,"/Date(1703055265000)/",63600,200,1141700,72416000000,1400,true,2.25
"MSN",135318,"/Date(1703055241000)/",63700,600,1141500,72403000000,1500,false,2.41
"MSN",135315,"/Date(1703055239000)/",63600,200,1140900,72365000000,1400,true,2.25
"MSN",135253,"/Date(1703055217000)/",63600,100,1140700,72352000000,1400,true,2.25
"MSN",135253,"/Date(1703055217000)/",63600,900,1140600,72346000000,1400,true,2.25
"MSN",135240,"/Date(1703055203000)/",63600,5000,1139700,72288000000,1400,true,2.25
"MSN",135234,"/Date(1703055199000)/",63700,500,1134700,71970000000,1500,false,2.41
"MSN",135231,"/Date(1703055194000)/",63600,300,1134200,71938000000,1400,true,2.25
"MSN",135218,"/Date(1703055182000)/",63600,3000,1133900,71919000000,1400,true,2.25
"MSN",135202,"/Date(1703055165000)/",63600,800,1130900,71729000000,1400,true,2.25
"MSN",135202,"/Date(1703055165000)/",63600,300,1130100,71678000000,1400,true,2.25
"MSN",135149,"/Date(1703055152000)/",63600,1000,1129800,71659000000,1400,true,2.25
"MSN",135149,"/Date(1703055152000)/",63700,500,1128800,71595000000,1500,false,2.41
"MSN",135146,"/Date(1703055149000)/",63600,300,1128300,71563000000,1400,true,2.25
"MSN",135117,"/Date(1703055122000)/",63600,100,1128000,71544000000,1400,true,2.25
"MSN",135108,"/Date(1703055110000)/",63700,500,1127900,71538000000,1500,false,2.41
"MSN",135101,"/Date(1703055104000)/",63600,300,1127400,71506000000,1400,true,2.25
"MSN",135052,"/Date(1703055094000)/",63700,2000,1127100,71487000000,1500,false,2.41
"MSN",135045,"/Date(1703055089000)/",63700,2000,1125100,71359000000,1500,false,2.41
"MSN",135042,"/Date(1703055087000)/",63600,1000,1123100,71232000000,1400,true,2.25
"MSN",135026,"/Date(1703055068000)/",63700,500,1122100,71168000000,1500,false,2.41
"MSN",135026,"/Date(1703055063000)/",63700,400,1121600,71137000000,1500,false,2.41
"MSN",135026,"/Date(1703055059000)/",63600,300,1121200,71111000000,1400,true,2.25
"MSN",135004,"/Date(1703055047000)/",63700,500,1120900,71092000000,1500,false,2.41
"MSN",135004,"/Date(1703055047000)/",63700,1000,1120400,71060000000,1500,false,2.41
"MSN",135004,"/Date(1703055047000)/",63700,1000,1119400,70996000000,1500,false,2.41
"MSN",135004,"/Date(1703055047000)/",63700,100,1118400,70933000000,1500,false,2.41
"MSN",135004,"/Date(1703055047000)/",63700,200,1118300,70926000000,1500,false,2.41
"MSN",135004,"/Date(1703055047000)/",63700,2000,1118100,70914000000,1500,false,2.41
"MSN",135004,"/Date(1703055047000)/",63700,200,1116100,70786000000,1500,false,2.41
"MSN",134954,"/Date(1703055038000)/",63600,500,1115900,70773000000,1400,true,2.25
"MSN",134954,"/Date(1703055037000)/",63600,700,1115400,70742000000,1400,true,2.25
"MSN",134941,"/Date(1703055026000)/",63600,1500,1114700,70697000000,1400,true,2.25
"MSN",134941,"/Date(1703055026000)/",63700,500,1113200,70602000000,1500,false,2.41
"MSN",134938,"/Date(1703055022000)/",63600,1000,1112700,70570000000,1400,true,2.25
"MSN",134935,"/Date(1703055019000)/",63600,1000,1111700,70506000000,1400,true,2.25
"MSN",134932,"/Date(1703055014000)/",63600,300,1110700,70443000000,1400,true,2.25
"MSN",134932,"/Date(1703055014000)/",63600,200,1110400,70424000000,1400,true,2.25
"MSN",134903,"/Date(1703054988000)/",63600,1500,1110200,70411000000,1400,false,2.25
"MSN",134900,"/Date(1703054984000)/",63600,500,1108700,70316000000,1400,false,2.25
"MSN",134853,"/Date(1703054977000)/",63500,100,1108200,70284000000,1300,true,2.09
"MSN",134844,"/Date(1703054968000)/",63500,100,1108100,70277000000,1300,true,2.09
"MSN",134844,"/Date(1703054968000)/",63600,100,1108000,70271000000,1400,false,2.25
"MSN",134844,"/Date(1703054968000)/",63600,100,1107900,70265000000,1400,false,2.25
"MSN",134834,"/Date(1703054956000)/",63600,100,1107800,70258000000,1400,true,2.25
"MSN",134834,"/Date(1703054956000)/",63600,100,1107700,70252000000,1400,true,2.25
"MSN",134834,"/Date(1703054956000)/",63600,100,1107600,70246000000,1400,true,2.25
"MSN",134834,"/Date(1703054956000)/",63600,100,1107500,70239000000,1400,true,2.25
"MSN",134834,"/Date(1703054956000)/",63600,600,1107400,70233000000,1400,true,2.25
"MSN",134818,"/Date(1703054941000)/",63700,600,1106800,70195000000,1500,false,2.41
"MSN",134815,"/Date(1703054938000)/",63600,100,1106200,70156000000,1400,true,2.25
"MSN",134809,"/Date(1703054933000)/",63700,1000,1106100,70150000000,1500,false,2.41
"MSN",134759,"/Date(1703054923000)/",63600,300,1105100,70086000000,1400,true,2.25
"MSN",134737,"/Date(1703054899000)/",63700,500,1104800,70067000000,1500,false,2.41
"MSN",134727,"/Date(1703054891000)/",63600,1000,1104300,70035000000,1400,true,2.25
"MSN",134714,"/Date(1703054878000)/",63600,300,1103300,69972000000,1400,true,2.25
"MSN",134711,"/Date(1703054873000)/",63600,100,1103000,69953000000,1400,true,2.25
"MSN",134705,"/Date(1703054868000)/",63600,600,1102900,69946000000,1400,true,2.25
"MSN",134705,"/Date(1703054868000)/",63600,100,1102300,69908000000,1400,true,2.25
"MSN",134705,"/Date(1703054868000)/",63600,200,1102200,69902000000,1400,true,2.25
"MSN",134649,"/Date(1703054852000)/",63700,200,1102000,69889000000,1500,false,2.41
"MSN",134649,"/Date(1703054852000)/",63700,300,1101800,69876000000,1500,false,2.41
"MSN",134630,"/Date(1703054833000)/",63600,300,1101500,69857000000,1400,true,2.25
"MSN",134623,"/Date(1703054826000)/",63600,500,1101200,69838000000,1400,true,2.25
"MSN",134623,"/Date(1703054826000)/",63600,200,1100700,69806000000,1400,true,2.25
"MSN",134623,"/Date(1703054826000)/",63600,100,1100500,69794000000,1400,true,2.25
"MSN",134623,"/Date(1703054826000)/",63600,100,1100400,69787000000,1400,true,2.25
"MSN",134623,"/Date(1703054826000)/",63600,100,1100300,69781000000,1400,true,2.25
"MSN",134607,"/Date(1703054809000)/",63700,500,1100200,69775000000,1500,false,2.41
"MSN",134548,"/Date(1703054793000)/",63600,100,1099700,69743000000,1400,true,2.25
"MSN",134545,"/Date(1703054788000)/",63600,200,1099600,69736000000,1400,true,2.25
"MSN",134532,"/Date(1703054774000)/",63700,200,1099400,69724000000,1500,false,2.41
"MSN",134523,"/Date(1703054767000)/",63700,500,1099200,69711000000,1500,false,2.41
"MSN",134520,"/Date(1703054761000)/",63600,300,1098700,69679000000,1400,true,2.25
"MSN",134520,"/Date(1703054761000)/",63600,100,1098400,69660000000,1400,true,2.25
"MSN",134520,"/Date(1703054761000)/",63600,600,1098300,69654000000,1400,true,2.25
"MSN",134500,"/Date(1703054742000)/",63600,300,1097700,69616000000,1400,true,2.25
"MSN",134444,"/Date(1703054727000)/",63600,200,1097400,69596000000,1400,true,2.25
"MSN",134444,"/Date(1703054727000)/",63600,300,1097200,69584000000,1400,true,2.25
"MSN",134444,"/Date(1703054727000)/",63600,1700,1096900,69565000000,1400,true,2.25
"MSN",134441,"/Date(1703054725000)/",63700,500,1095200,69457000000,1500,false,2.41
"MSN",134413,"/Date(1703054697000)/",63600,300,1094700,69425000000,1400,true,2.25
"MSN",134413,"/Date(1703054696000)/",63600,1000,1094400,69406000000,1400,true,2.25
"MSN",134400,"/Date(1703054683000)/",63700,500,1093400,69342000000,1500,false,2.41
"MSN",134353,"/Date(1703054676000)/",63600,1000,1092900,69310000000,1400,false,2.25
"MSN",134350,"/Date(1703054674000)/",63500,500,1091900,69247000000,1300,true,2.09
"MSN",134350,"/Date(1703054674000)/",63500,400,1091400,69215000000,1300,true,2.09
"MSN",134350,"/Date(1703054674000)/",63500,100,1091000,69189000000,1300,true,2.09
"MSN",134350,"/Date(1703054674000)/",63500,1000,1090900,69183000000,1300,true,2.09
"MSN",134344,"/Date(1703054668000)/",63600,300,1089900,69120000000,1400,true,2.25
"MSN",134344,"/Date(1703054668000)/",63600,300,1089600,69100000000,1400,true,2.25
"MSN",134344,"/Date(1703054668000)/",63600,600,1089300,69081000000,1400,true,2.25
"MSN",134344,"/Date(1703054668000)/",63600,3900,1088700,69043000000,1400,true,2.25
"MSN",134344,"/Date(1703054668000)/",63600,500,1084800,68795000000,1400,true,2.25
"MSN",134344,"/Date(1703054668000)/",63600,200,1084300,68763000000,1400,true,2.25
"MSN",134344,"/Date(1703054668000)/",63600,200,1084100,68751000000,1400,true,2.25
"MSN",134328,"/Date(1703054652000)/",63600,300,1083900,68738000000,1400,true,2.25
"MSN",134318,"/Date(1703054641000)/",63700,500,1083600,68719000000,1500,false,2.41
"MSN",134309,"/Date(1703054630000)/",63600,1000,1083100,68687000000,1400,true,2.25
"MSN",134243,"/Date(1703054607000)/",63600,100,1082100,68623000000,1400,true,2.25
"MSN",134243,"/Date(1703054607000)/",63600,200,1082000,68617000000,1400,true,2.25
"MSN",134237,"/Date(1703054599000)/",63700,600,1081800,68604000000,1500,false,2.41
"MSN",134224,"/Date(1703054587000)/",63600,100,1081200,68566000000,1400,true,2.25
"MSN",134205,"/Date(1703054566000)/",63700,500,1081100,68560000000,1500,false,2.41
"MSN",134202,"/Date(1703054565000)/",63600,700,1080600,68528000000,1400,true,2.25
"MSN",134202,"/Date(1703054565000)/",63600,300,1079900,68483000000,1400,true,2.25
"MSN",134158,"/Date(1703054562000)/",63600,200,1079600,68464000000,1400,true,2.25
"MSN",134155,"/Date(1703054557000)/",63600,100,1079400,68452000000,1400,true,2.25
"MSN",134155,"/Date(1703054556000)/",63700,500,1079300,68445000000,1500,false,2.41
"MSN",134149,"/Date(1703054552000)/",63700,100,1078800,68413000000,1500,false,2.41
"MSN",134139,"/Date(1703054541000)/",63700,100,1078700,68407000000,1500,false,2.41
"MSN",134139,"/Date(1703054541000)/",63700,2200,1078600,68401000000,1500,false,2.41
"MSN",134123,"/Date(1703054525000)/",63700,1700,1076400,68261000000,1500,true,2.41
"MSN",134123,"/Date(1703054525000)/",63700,1000,1074700,68152000000,1500,true,2.41
"MSN",134123,"/Date(1703054525000)/",63700,300,1073700,68089000000,1500,true,2.41
"MSN",134114,"/Date(1703054516000)/",63700,300,1073400,68069000000,1500,true,2.41
"MSN",134114,"/Date(1703054515000)/",63800,500,1073100,68050000000,1600,false,2.57
"MSN",134058,"/Date(1703054500000)/",63700,1000,1072600,68018000000,1500,true,2.41
"MSN",134035,"/Date(1703054479000)/",63700,200,1071600,67955000000,1500,false,2.41
"MSN",134035,"/Date(1703054479000)/",63700,500,1071400,67942000000,1500,false,2.41
"MSN",134035,"/Date(1703054479000)/",63700,600,1070900,67910000000,1500,false,2.41
"MSN",134035,"/Date(1703054478000)/",63700,1200,1070300,67872000000,1500,false,2.41
"MSN",134029,"/Date(1703054473000)/",63700,200,1069100,67795000000,1500,false,2.41
"MSN",134029,"/Date(1703054473000)/",63700,300,1068900,67783000000,1500,false,2.41
"MSN",134029,"/Date(1703054471000)/",63600,300,1068600,67764000000,1400,true,2.25
"MSN",133954,"/Date(1703054435000)/",63600,600,1068300,67745000000,1400,true,2.25
"MSN",133954,"/Date(1703054435000)/",63600,400,1067700,67706000000,1400,true,2.25
"MSN",133947,"/Date(1703054431000)/",63800,500,1067300,67681000000,1600,false,2.57
"MSN",133944,"/Date(1703054426000)/",63600,300,1066800,67649000000,1400,true,2.25
"MSN",133932,"/Date(1703054414000)/",63700,100,1066500,67630000000,1500,false,2.41
"MSN",133932,"/Date(1703054414000)/",63700,1000,1066400,67624000000,1500,false,2.41
"MSN",133932,"/Date(1703054414000)/",63700,100,1065400,67560000000,1500,false,2.41
"MSN",133932,"/Date(1703054414000)/",63700,100,1065300,67554000000,1500,false,2.41
"MSN",133932,"/Date(1703054414000)/",63700,100,1065200,67547000000,1500,false,2.41
"MSN",133932,"/Date(1703054414000)/",63700,100,1065100,67541000000,1500,false,2.41
"MSN",133932,"/Date(1703054414000)/",63700,1000,1065000,67534000000,1500,false,2.41
"MSN",133932,"/Date(1703054414000)/",63700,300,1064000,67471000000,1500,false,2.41
"MSN",133932,"/Date(1703054412000)/",63700,100,1063700,67452000000,1500,false,2.41
"MSN",133932,"/Date(1703054412000)/",63700,500,1063600,67445000000,1500,false,2.41
"MSN",133932,"/Date(1703054412000)/",63700,100,1063100,67413000000,1500,false,2.41
"MSN",133932,"/Date(1703054412000)/",63700,100,1063000,67407000000,1500,false,2.41
"MSN",133932,"/Date(1703054412000)/",63700,500,1062900,67401000000,1500,false,2.41
"MSN",133932,"/Date(1703054412000)/",63700,500,1062400,67369000000,1500,false,2.41
"MSN",133932,"/Date(1703054412000)/",63700,200,1061900,67337000000,1500,false,2.41
"MSN",133916,"/Date(1703054398000)/",63700,200,1061700,67324000000,1500,false,2.41
"MSN",133909,"/Date(1703054390000)/",63700,400,1061500,67311000000,1500,false,2.41
"MSN",133900,"/Date(1703054381000)/",63600,300,1061100,67286000000,1400,true,2.25
"MSN",133847,"/Date(1703054369000)/",63600,1000,1060800,67267000000,1400,true,2.25
"MSN",133828,"/Date(1703054351000)/",63600,2200,1059800,67203000000,1400,false,2.25
"MSN",133828,"/Date(1703054351000)/",63600,2200,1057600,67063000000,1400,false,2.25
"MSN",133828,"/Date(1703054351000)/",63600,2200,1055400,66923000000,1400,false,2.25
"MSN",133828,"/Date(1703054351000)/",63600,1300,1053200,66784000000,1400,false,2.25
"MSN",133828,"/Date(1703054349000)/",63600,500,1051900,66701000000,1400,false,2.25
"MSN",133815,"/Date(1703054336000)/",63500,200,1051400,66669000000,1300,true,2.09
"MSN",133746,"/Date(1703054307000)/",63600,400,1051200,66656000000,1400,false,2.25
"MSN",133746,"/Date(1703054307000)/",63600,100,1050800,66631000000,1400,false,2.25
"MSN",133746,"/Date(1703054307000)/",63600,100,1050700,66625000000,1400,false,2.25
"MSN",133743,"/Date(1703054304000)/",63500,1000,1050600,66618000000,1300,true,2.09
"MSN",133737,"/Date(1703054297000)/",63500,200,1049600,66555000000,1300,true,2.09
"MSN",133734,"/Date(1703054296000)/",63600,900,1049400,66542000000,1400,false,2.25
"MSN",133734,"/Date(1703054296000)/",63600,100,1048500,66485000000,1400,false,2.25
"MSN",133734,"/Date(1703054296000)/",63600,400,1048400,66478000000,1400,false,2.25
"MSN",133734,"/Date(1703054296000)/",63600,100,1048000,66453000000,1400,false,2.25
"MSN",133734,"/Date(1703054296000)/",63600,200,1047900,66447000000,1400,false,2.25
"MSN",133734,"/Date(1703054296000)/",63600,700,1047700,66434000000,1400,false,2.25
"MSN",133727,"/Date(1703054290000)/",63500,300,1047000,66389000000,1300,true,2.09
"MSN",133702,"/Date(1703054264000)/",63600,1300,1046700,66370000000,1400,false,2.25
"MSN",133702,"/Date(1703054264000)/",63600,100,1045400,66288000000,1400,false,2.25
"MSN",133702,"/Date(1703054264000)/",63600,500,1045300,66281000000,1400,false,2.25
"MSN",133702,"/Date(1703054264000)/",63600,500,1044800,66249000000,1400,false,2.25
"MSN",133655,"/Date(1703054256000)/",63600,100,1044300,66218000000,1400,false,2.25
"MSN",133643,"/Date(1703054245000)/",63500,300,1044200,66211000000,1300,true,2.09
"MSN",133636,"/Date(1703054239000)/",63500,1000,1043900,66192000000,1300,true,2.09
"MSN",133630,"/Date(1703054230000)/",63600,500,1042900,66129000000,1400,false,2.25
"MSN",133620,"/Date(1703054221000)/",63600,400,1042400,66097000000,1400,false,2.25
"MSN",133620,"/Date(1703054221000)/",63600,100,1042000,66072000000,1400,false,2.25
"MSN",133620,"/Date(1703054221000)/",63500,100,1041900,66065000000,1300,true,2.09
"MSN",133617,"/Date(1703054218000)/",63600,500,1041800,66059000000,1400,false,2.25
"MSN",133601,"/Date(1703054203000)/",63600,1000,1041300,66027000000,1400,false,2.25
"MSN",133558,"/Date(1703054200000)/",63500,300,1040300,65963000000,1300,true,2.09
"MSN",133538,"/Date(1703054180000)/",63600,500,1040000,65944000000,1400,false,2.25
"MSN",133535,"/Date(1703054176000)/",63500,100,1039500,65913000000,1300,true,2.09
"MSN",133532,"/Date(1703054174000)/",63400,200,1039400,65906000000,1200,true,1.93
"MSN",133532,"/Date(1703054174000)/",63500,800,1039200,65894000000,1300,true,2.09
"MSN",133522,"/Date(1703054165000)/",63500,300,1038400,65843000000,1300,false,2.09
"MSN",133522,"/Date(1703054165000)/",63500,200,1038100,65824000000,1300,false,2.09
"MSN",133522,"/Date(1703054165000)/",63500,3800,1037900,65811000000,1300,false,2.09
"MSN",133513,"/Date(1703054155000)/",63400,300,1034100,65570000000,1200,true,1.93
"MSN",133457,"/Date(1703054139000)/",63500,500,1033800,65551000000,1300,false,2.09
"MSN",133428,"/Date(1703054110000)/",63400,200,1033300,65519000000,1200,true,1.93
"MSN",133425,"/Date(1703054108000)/",63400,300,1033100,65506000000,1200,true,1.93
"MSN",133425,"/Date(1703054108000)/",63400,100,1032800,65487000000,1200,true,1.93
"MSN",133425,"/Date(1703054108000)/",63400,100,1032700,65481000000,1200,true,1.93
"MSN",133425,"/Date(1703054108000)/",63400,500,1032600,65475000000,1200,true,1.93
"MSN",133418,"/Date(1703054101000)/",63500,100,1032100,65443000000,1300,true,2.09
"MSN",133418,"/Date(1703054101000)/",63500,500,1032000,65436000000,1300,true,2.09
"MSN",133418,"/Date(1703054101000)/",63500,100,1031500,65405000000,1300,true,2.09
"MSN",133418,"/Date(1703054100000)/",63500,100,1031400,65398000000,1300,true,2.09
"MSN",133418,"/Date(1703054100000)/",63500,500,1031300,65392000000,1300,true,2.09
"MSN",133415,"/Date(1703054098000)/",63600,500,1030800,65360000000,1400,false,2.25
"MSN",133353,"/Date(1703054074000)/",63500,500,1030300,65328000000,1300,true,2.09
"MSN",133353,"/Date(1703054074000)/",63500,100,1029800,65297000000,1300,true,2.09
"MSN",133353,"/Date(1703054074000)/",63500,200,1029700,65290000000,1300,true,2.09
"MSN",133353,"/Date(1703054074000)/",63500,200,1029500,65278000000,1300,true,2.09
"MSN",133350,"/Date(1703054071000)/",63600,100,1029300,65265000000,1400,false,2.25
"MSN",133350,"/Date(1703054071000)/",63500,300,1029200,65259000000,1300,true,2.09
"MSN",133343,"/Date(1703054066000)/",63500,5000,1028900,65240000000,1300,true,2.09
"MSN",133343,"/Date(1703054065000)/",63500,300,1023900,64922000000,1300,true,2.09
"MSN",133334,"/Date(1703054055000)/",63600,500,1023600,64903000000,1400,false,2.25
"MSN",133321,"/Date(1703054043000)/",63500,1000,1023100,64871000000,1300,true,2.09
"MSN",133259,"/Date(1703054019000)/",63500,300,1022100,64808000000,1300,true,2.09
"MSN",133249,"/Date(1703054012000)/",63600,500,1021800,64789000000,1400,false,2.25
"MSN",133217,"/Date(1703053978000)/",63500,1000,1021300,64757000000,1300,true,2.09
"MSN",133214,"/Date(1703053976000)/",63500,100,1020300,64693000000,1300,true,2.09
"MSN",133211,"/Date(1703053974000)/",63500,100,1020200,64687000000,1300,true,2.09
"MSN",133211,"/Date(1703053974000)/",63500,200,1020100,64681000000,1300,true,2.09
"MSN",133208,"/Date(1703053969000)/",63600,500,1019900,64668000000,1400,false,2.25
"MSN",133133,"/Date(1703053933000)/",63600,1000,1019400,64636000000,1400,false,2.25
"MSN",133126,"/Date(1703053929000)/",63400,300,1018400,64573000000,1200,true,1.93
"MSN",133123,"/Date(1703053924000)/",63600,500,1018100,64554000000,1400,false,2.25
"MSN",133110,"/Date(1703053913000)/",63400,1000,1017600,64522000000,1200,true,1.93
"MSN",133051,"/Date(1703053893000)/",63600,200,1016600,64458000000,1400,false,2.25
"MSN",133042,"/Date(1703053884000)/",63400,200,1016400,64446000000,1200,true,1.93
"MSN",133042,"/Date(1703053882000)/",63600,600,1016200,64433000000,1400,false,2.25
"MSN",133006,"/Date(1703053848000)/",63400,100,1015600,64395000000,1200,true,1.93
"MSN",133006,"/Date(1703053848000)/",63400,100,1015500,64388000000,1200,true,1.93
"MSN",133006,"/Date(1703053848000)/",63400,500,1015400,64382000000,1200,true,1.93
"MSN",133006,"/Date(1703053848000)/",63400,300,1014900,64350000000,1200,true,1.93
"MSN",133003,"/Date(1703053846000)/",63500,100,1014600,64331000000,1300,false,2.09
"MSN",133003,"/Date(1703053843000)/",63500,300,1014500,64325000000,1300,false,2.09
"MSN",133003,"/Date(1703053843000)/",63500,100,1014200,64306000000,1300,false,2.09
"MSN",133003,"/Date(1703053843000)/",63500,100,1014100,64300000000,1300,false,2.09
"MSN",133003,"/Date(1703053843000)/",63500,100,1014000,64293000000,1300,false,2.09
"MSN",133003,"/Date(1703053843000)/",63500,200,1013900,64287000000,1300,false,2.09
"MSN",133003,"/Date(1703053843000)/",63500,1100,1013700,64274000000,1300,false,2.09
"MSN",132957,"/Date(1703053839000)/",63600,500,1012600,64204000000,1400,false,2.25
"MSN",132957,"/Date(1703053839000)/",63500,300,1012100,64173000000,1300,true,2.09
"MSN",132953,"/Date(1703053835000)/",63600,100,1011800,64154000000,1400,false,2.25
"MSN",132947,"/Date(1703053828000)/",63600,1100,1011700,64147000000,1400,true,2.25
"MSN",132944,"/Date(1703053824000)/",63600,100,1010600,64077000000,1400,true,2.25
"MSN",132944,"/Date(1703053824000)/",63600,300,1010500,64071000000,1400,true,2.25
"MSN",132944,"/Date(1703053824000)/",63600,200,1010200,64052000000,1400,true,2.25
"MSN",132944,"/Date(1703053824000)/",63600,500,1010000,64039000000,1400,true,2.25
"MSN",132944,"/Date(1703053824000)/",63600,100,1009500,64007000000,1400,true,2.25
"MSN",132944,"/Date(1703053824000)/",63600,2800,1009400,64001000000,1400,true,2.25
"MSN",132937,"/Date(1703053818000)/",63600,2200,1006600,63823000000,1400,true,2.25
"MSN",132924,"/Date(1703053806000)/",63600,2200,1004400,63683000000,1400,true,2.25
"MSN",132915,"/Date(1703053795000)/",63700,200,1002200,63543000000,1500,false,2.41
"MSN",132915,"/Date(1703053795000)/",63700,300,1002000,63530000000,1500,false,2.41
"MSN",132912,"/Date(1703053793000)/",63600,300,1001700,63511000000,1400,true,2.25
"MSN",132902,"/Date(1703053782000)/",63600,1000,1001400,63492000000,1400,true,2.25
"MSN",132843,"/Date(1703053764000)/",63700,300,1000400,63428000000,1500,false,2.41
"MSN",132830,"/Date(1703053752000)/",63700,500,1000100,63409000000,1500,false,2.41
"MSN",132827,"/Date(1703053748000)/",63600,300,999600,63377000000,1400,true,2.25
"MSN",132811,"/Date(1703053732000)/",63700,100,999300,63358000000,1500,false,2.41
"MSN",132811,"/Date(1703053732000)/",63700,200,999200,63352000000,1500,false,2.41
"MSN",132758,"/Date(1703053717000)/",63600,300,999000,63339000000,1400,true,2.25
"MSN",132758,"/Date(1703053717000)/",63700,100,998700,63320000000,1500,true,2.41
"MSN",132758,"/Date(1703053717000)/",63700,600,998600,63314000000,1500,true,2.41
"MSN",132748,"/Date(1703053710000)/",63800,500,998000,63276000000,1600,false,2.57
"MSN",132742,"/Date(1703053703000)/",63700,200,997500,63244000000,1500,true,2.41
"MSN",132732,"/Date(1703053693000)/",63800,4000,997300,63231000000,1600,false,2.57
"MSN",132723,"/Date(1703053684000)/",63700,100,993300,62976000000,1500,true,2.41
"MSN",132707,"/Date(1703053669000)/",63800,500,993200,62969000000,1600,false,2.57
"MSN",132707,"/Date(1703053667000)/",63700,100,992700,62938000000,1500,false,2.41
"MSN",132657,"/Date(1703053658000)/",63600,300,992600,62931000000,1400,true,2.25
"MSN",132651,"/Date(1703053652000)/",63600,1000,992300,62912000000,1400,true,2.25
"MSN",132648,"/Date(1703053650000)/",63700,100,991300,62848000000,1500,false,2.41
"MSN",132648,"/Date(1703053650000)/",63700,1000,991200,62842000000,1500,false,2.41
"MSN",132648,"/Date(1703053650000)/",63700,1000,990200,62778000000,1500,false,2.41
"MSN",132648,"/Date(1703053650000)/",63700,100,989200,62715000000,1500,false,2.41
"MSN",132648,"/Date(1703053650000)/",63700,100,989100,62708000000,1500,false,2.41
"MSN",132648,"/Date(1703053650000)/",63700,700,989000,62702000000,1500,false,2.41
"MSN",132648,"/Date(1703053650000)/",63700,200,988300,62657000000,1500,false,2.41
"MSN",132648,"/Date(1703053650000)/",63700,200,988100,62645000000,1500,false,2.41
"MSN",132648,"/Date(1703053650000)/",63700,200,987900,62632000000,1500,false,2.41
"MSN",132648,"/Date(1703053650000)/",63700,400,987700,62619000000,1500,false,2.41
"MSN",132648,"/Date(1703053650000)/",63700,1000,987300,62594000000,1500,false,2.41
"MSN",132645,"/Date(1703053646000)/",63700,1000,986300,62530000000,1500,false,2.41
"MSN",132645,"/Date(1703053646000)/",63700,500,985300,62466000000,1500,false,2.41
"MSN",132626,"/Date(1703053625000)/",63700,500,984800,62434000000,1500,false,2.41
"MSN",132613,"/Date(1703053613000)/",63600,300,984300,62403000000,1400,true,2.25
"MSN",132606,"/Date(1703053608000)/",63700,200,984000,62383000000,1500,false,2.41
"MSN",132547,"/Date(1703053587000)/",63700,200,983800,62371000000,1500,false,2.41
"MSN",132547,"/Date(1703053587000)/",63700,500,983600,62358000000,1500,false,2.41
"MSN",132547,"/Date(1703053587000)/",63700,200,983100,62326000000,1500,false,2.41
"MSN",132547,"/Date(1703053587000)/",63700,100,982900,62313000000,1500,false,2.41
"MSN",132547,"/Date(1703053587000)/",63700,200,982800,62307000000,1500,false,2.41
"MSN",132547,"/Date(1703053587000)/",63700,3800,982600,62294000000,1500,false,2.41
"MSN",132547,"/Date(1703053587000)/",63600,1000,978800,62052000000,1400,true,2.25
"MSN",132544,"/Date(1703053585000)/",63600,3300,977800,61989000000,1400,true,2.25
"MSN",132541,"/Date(1703053583000)/",63700,600,974500,61779000000,1500,false,2.41
"MSN",132525,"/Date(1703053567000)/",63500,300,973900,61741000000,1300,true,2.09
"MSN",132518,"/Date(1703053560000)/",63600,500,973600,61721000000,1400,false,2.25
"MSN",132509,"/Date(1703053550000)/",63700,5600,973100,61690000000,1500,false,2.41
"MSN",132509,"/Date(1703053550000)/",63700,1000,967500,61333000000,1500,false,2.41
"MSN",132509,"/Date(1703053550000)/",63700,200,966500,61269000000,1500,false,2.41
"MSN",132509,"/Date(1703053550000)/",63700,200,966300,61257000000,1500,false,2.41
"MSN",132509,"/Date(1703053550000)/",63700,1000,966100,61244000000,1500,false,2.41
"MSN",132509,"/Date(1703053550000)/",63700,2400,965100,61180000000,1500,false,2.41
"MSN",132459,"/Date(1703053539000)/",63700,500,962700,61027000000,1500,false,2.41
"MSN",132440,"/Date(1703053522000)/",63500,300,962200,60995000000,1300,true,2.09
"MSN",132440,"/Date(1703053521000)/",63500,1000,961900,60976000000,1300,true,2.09
"MSN",132421,"/Date(1703053502000)/",63600,900,960900,60913000000,1400,false,2.25
"MSN",132414,"/Date(1703053496000)/",63600,500,960000,60856000000,1400,false,2.25
"MSN",132408,"/Date(1703053489000)/",63600,100,959500,60824000000,1400,true,2.25
"MSN",132408,"/Date(1703053489000)/",63600,100,959400,60817000000,1400,true,2.25
"MSN",132408,"/Date(1703053489000)/",63600,400,959300,60811000000,1400,true,2.25
"MSN",132355,"/Date(1703053477000)/",63600,500,958900,60786000000,1400,true,2.25
"MSN",132355,"/Date(1703053477000)/",63600,200,958400,60754000000,1400,true,2.25
"MSN",132352,"/Date(1703053472000)/",63600,700,958200,60741000000,1400,true,2.25
"MSN",132346,"/Date(1703053467000)/",63600,200,957500,60697000000,1400,true,2.25
"MSN",132336,"/Date(1703053456000)/",63600,1000,957300,60684000000,1400,true,2.25
"MSN",132333,"/Date(1703053453000)/",63700,500,956300,60620000000,1500,false,2.41
"MSN",132326,"/Date(1703053448000)/",63600,400,955800,60588000000,1400,true,2.25
"MSN",132310,"/Date(1703053432000)/",63600,200,955400,60563000000,1400,true,2.25
"MSN",132310,"/Date(1703053432000)/",63600,100,955200,60550000000,1400,true,2.25
"MSN",132251,"/Date(1703053412000)/",63700,500,955100,60544000000,1500,false,2.41
"MSN",132251,"/Date(1703053411000)/",63600,200,954600,60512000000,1400,true,2.25
"MSN",132251,"/Date(1703053411000)/",63600,700,954400,60499000000,1400,true,2.25
"MSN",132251,"/Date(1703053411000)/",63600,1400,953700,60455000000,1400,true,2.25
"MSN",132251,"/Date(1703053411000)/",63600,1700,952300,60366000000,1400,true,2.25
"MSN",132229,"/Date(1703053391000)/",63600,1000,950600,60258000000,1400,true,2.25
"MSN",132229,"/Date(1703053390000)/",63700,1200,949600,60194000000,1500,false,2.41
"MSN",132226,"/Date(1703053387000)/",63600,300,948400,60118000000,1400,true,2.25
"MSN",132210,"/Date(1703053369000)/",63700,500,948100,60099000000,1500,false,2.41
"MSN",132207,"/Date(1703053368000)/",63600,100,947600,60067000000,1400,true,2.25
"MSN",132200,"/Date(1703053362000)/",63600,2000,947500,60060000000,1400,false,2.25
"MSN",132200,"/Date(1703053362000)/",63600,1900,945500,59933000000,1400,false,2.25
"MSN",132200,"/Date(1703053362000)/",63600,100,943600,59812000000,1400,false,2.25
"MSN",132200,"/Date(1703053362000)/",63600,3000,943500,59806000000,1400,false,2.25
"MSN",132200,"/Date(1703053362000)/",63600,500,940500,59615000000,1400,false,2.25
"MSN",132200,"/Date(1703053362000)/",63600,200,940000,59583000000,1400,false,2.25
"MSN",132200,"/Date(1703053362000)/",63600,200,939800,59571000000,1400,false,2.25
"MSN",132200,"/Date(1703053362000)/",63600,500,939600,59558000000,1400,false,2.25
"MSN",132200,"/Date(1703053362000)/",63600,3000,939100,59526000000,1400,false,2.25
"MSN",132200,"/Date(1703053362000)/",63600,500,936100,59335000000,1400,false,2.25
"MSN",132200,"/Date(1703053361000)/",63600,100,935600,59303000000,1400,false,2.25
"MSN",132200,"/Date(1703053361000)/",63600,100,935500,59297000000,1400,false,2.25
"MSN",132141,"/Date(1703053342000)/",63500,300,935400,59291000000,1300,true,2.09
"MSN",132128,"/Date(1703053328000)/",63600,100,935100,59272000000,1400,false,2.25
"MSN",132128,"/Date(1703053328000)/",63600,400,935000,59265000000,1400,false,2.25
"MSN",132125,"/Date(1703053326000)/",63500,1000,934600,59240000000,1300,true,2.09
"MSN",132109,"/Date(1703053308000)/",63600,300,933600,59176000000,1400,false,2.25
"MSN",132056,"/Date(1703053296000)/",63500,300,933300,59157000000,1300,true,2.09
"MSN",132047,"/Date(1703053286000)/",63600,300,933000,59138000000,1400,false,2.25
"MSN",132047,"/Date(1703053286000)/",63600,100,932700,59119000000,1400,false,2.25
"MSN",132047,"/Date(1703053286000)/",63600,100,932600,59113000000,1400,false,2.25
"MSN",132021,"/Date(1703053260000)/",63500,600,932500,59106000000,1300,true,2.09
"MSN",132021,"/Date(1703053260000)/",63500,200,931900,59068000000,1300,true,2.09
"MSN",132021,"/Date(1703053260000)/",63500,200,931700,59056000000,1300,true,2.09
"MSN",132012,"/Date(1703053251000)/",63300,200,931500,59043000000,1100,true,1.77
"MSN",132008,"/Date(1703053249000)/",63500,100,931300,59030000000,1300,false,2.09
"MSN",132008,"/Date(1703053249000)/",63500,700,931200,59024000000,1300,false,2.09
"MSN",132005,"/Date(1703053244000)/",63500,500,930500,58979000000,1300,false,2.09
"MSN",132002,"/Date(1703053242000)/",63500,1000,930000,58948000000,1300,false,2.09
"MSN",132002,"/Date(1703053242000)/",63500,300,929000,58884000000,1300,false,2.09
"MSN",132002,"/Date(1703053242000)/",63500,1800,928700,58865000000,1300,false,2.09
"MSN",131949,"/Date(1703053229000)/",63500,400,926900,58751000000,1300,false,2.09
"MSN",131949,"/Date(1703053229000)/",63500,500,926500,58725000000,1300,false,2.09
"MSN",131949,"/Date(1703053229000)/",63500,2000,926000,58694000000,1300,false,2.09
"MSN",131949,"/Date(1703053229000)/",63500,200,924000,58567000000,1300,false,2.09
"MSN",131949,"/Date(1703053229000)/",63500,700,923800,58554000000,1300,false,2.09
"MSN",131949,"/Date(1703053229000)/",63500,8200,923100,58510000000,1300,false,2.09
"MSN",131949,"/Date(1703053229000)/",63500,500,914900,57989000000,1300,false,2.09
"MSN",131949,"/Date(1703053229000)/",63500,300,914400,57957000000,1300,false,2.09
"MSN",131927,"/Date(1703053206000)/",63300,300,914100,57938000000,1100,true,1.77
"MSN",131924,"/Date(1703053202000)/",63500,200,913800,57919000000,1300,false,2.09
"MSN",131924,"/Date(1703053202000)/",63500,100,913600,57906000000,1300,false,2.09
"MSN",131924,"/Date(1703053202000)/",63500,200,913500,57900000000,1300,false,2.09
"MSN",131914,"/Date(1703053195000)/",63300,1000,913300,57887000000,1100,true,1.77
"MSN",131858,"/Date(1703053179000)/",63300,100,912300,57824000000,1100,true,1.77
"MSN",131842,"/Date(1703053161000)/",63500,500,912200,57818000000,1300,false,2.09
"MSN",131842,"/Date(1703053161000)/",63300,300,911700,57786000000,1100,true,1.77
"MSN",131810,"/Date(1703053130000)/",63300,200,911400,57767000000,1100,true,1.77
"MSN",131810,"/Date(1703053130000)/",63300,800,911200,57754000000,1100,true,1.77
"MSN",131804,"/Date(1703053123000)/",63500,100,910400,57704000000,1300,false,2.09
"MSN",131757,"/Date(1703053118000)/",63500,500,910300,57697000000,1300,false,2.09
"MSN",131754,"/Date(1703053116000)/",63300,300,909800,57666000000,1100,true,1.77
"MSN",131719,"/Date(1703053078000)/",63500,1900,909500,57647000000,1300,false,2.09
"MSN",131719,"/Date(1703053078000)/",63500,1400,907600,57526000000,1300,false,2.09
"MSN",131716,"/Date(1703053076000)/",63500,500,906200,57437000000,1300,false,2.09
"MSN",131710,"/Date(1703053070000)/",63300,300,905700,57405000000,1100,true,1.77
"MSN",131706,"/Date(1703053065000)/",63300,700,905400,57386000000,1100,true,1.77
"MSN",131706,"/Date(1703053065000)/",63300,100,904700,57342000000,1100,true,1.77
"MSN",131706,"/Date(1703053065000)/",63300,200,904600,57336000000,1100,true,1.77
"MSN",131634,"/Date(1703053035000)/",63500,500,904400,57323000000,1300,false,2.09
"MSN",131625,"/Date(1703053025000)/",63300,200,903900,57291000000,1100,true,1.77
"MSN",131559,"/Date(1703053000000)/",63300,300,903700,57279000000,1100,true,1.77
"MSN",131559,"/Date(1703053000000)/",63400,700,903400,57260000000,1200,true,1.93
"MSN",131553,"/Date(1703052992000)/",63500,500,902700,57215000000,1300,false,2.09
"MSN",131540,"/Date(1703052980000)/",63300,100,902200,57183000000,1100,true,1.77
"MSN",131540,"/Date(1703052980000)/",63300,100,902100,57177000000,1100,true,1.77
"MSN",131540,"/Date(1703052980000)/",63300,100,902000,57171000000,1100,true,1.77
"MSN",131511,"/Date(1703052951000)/",63500,300,901900,57164000000,1300,false,2.09
"MSN",131511,"/Date(1703052951000)/",63500,200,901600,57145000000,1300,false,2.09
"MSN",131459,"/Date(1703052937000)/",63300,100,901400,57133000000,1100,true,1.77
"MSN",131459,"/Date(1703052937000)/",63300,100,901300,57126000000,1100,true,1.77
"MSN",131459,"/Date(1703052937000)/",63300,1000,901200,57120000000,1100,true,1.77
"MSN",131459,"/Date(1703052937000)/",63300,100,900200,57057000000,1100,true,1.77
"MSN",131459,"/Date(1703052937000)/",63300,300,900100,57050000000,1100,true,1.77
"MSN",131459,"/Date(1703052937000)/",63300,100,899800,57031000000,1100,true,1.77
"MSN",131459,"/Date(1703052937000)/",63300,100,899700,57025000000,1100,true,1.77
"MSN",131459,"/Date(1703052937000)/",63300,400,899600,57019000000,1100,true,1.77
"MSN",131455,"/Date(1703052935000)/",63300,100,899200,56993000000,1100,true,1.77
"MSN",131455,"/Date(1703052935000)/",63300,200,899100,56987000000,1100,true,1.77
"MSN",131455,"/Date(1703052934000)/",63300,200,898900,56974000000,1100,true,1.77
"MSN",131455,"/Date(1703052934000)/",63300,800,898700,56962000000,1100,true,1.77
"MSN",131433,"/Date(1703052913000)/",63300,800,897900,56911000000,1100,true,1.77
"MSN",131430,"/Date(1703052909000)/",63400,500,897100,56861000000,1200,false,1.93
"MSN",131424,"/Date(1703052903000)/",63400,100,896600,56829000000,1200,false,1.93
"MSN",131417,"/Date(1703052898000)/",63400,100,896500,56823000000,1200,false,1.93
"MSN",131417,"/Date(1703052896000)/",63400,100,896400,56816000000,1200,false,1.93
"MSN",131411,"/Date(1703052892000)/",63400,100,896300,56810000000,1200,true,1.93
"MSN",131411,"/Date(1703052892000)/",63400,800,896200,56803000000,1200,true,1.93
"MSN",131411,"/Date(1703052890000)/",63400,100,895400,56753000000,1200,true,1.93
"MSN",131411,"/Date(1703052890000)/",63400,200,895300,56746000000,1200,true,1.93
"MSN",131349,"/Date(1703052869000)/",63400,1000,895100,56734000000,1200,true,1.93
"MSN",131349,"/Date(1703052867000)/",63500,500,894100,56670000000,1300,false,2.09
"MSN",131349,"/Date(1703052867000)/",63400,1000,893600,56639000000,1200,true,1.93
"MSN",131339,"/Date(1703052858000)/",63400,300,892600,56575000000,1200,true,1.93
"MSN",131323,"/Date(1703052844000)/",63400,300,892300,56556000000,1200,true,1.93
"MSN",131307,"/Date(1703052826000)/",63500,300,892000,56537000000,1300,false,2.09
"MSN",131307,"/Date(1703052826000)/",63500,200,891700,56518000000,1300,false,2.09
"MSN",131245,"/Date(1703052804000)/",63400,1000,891500,56505000000,1200,true,1.93
"MSN",131238,"/Date(1703052799000)/",63400,200,890500,56442000000,1200,true,1.93
"MSN",131225,"/Date(1703052785000)/",63500,300,890300,56429000000,1300,false,2.09
"MSN",131225,"/Date(1703052785000)/",63500,100,890000,56410000000,1300,false,2.09
"MSN",131225,"/Date(1703052785000)/",63500,100,889900,56404000000,1300,false,2.09
"MSN",131213,"/Date(1703052773000)/",63400,200,889800,56398000000,1200,true,1.93
"MSN",131213,"/Date(1703052772000)/",63400,200,889600,56385000000,1200,true,1.93
"MSN",131203,"/Date(1703052762000)/",63400,100,889400,56372000000,1200,false,1.93
"MSN",131157,"/Date(1703052756000)/",63300,1700,889300,56366000000,1100,true,1.77
"MSN",131157,"/Date(1703052756000)/",63300,100,887600,56258000000,1100,true,1.77
"MSN",131157,"/Date(1703052756000)/",63300,100,887500,56252000000,1100,true,1.77
"MSN",131157,"/Date(1703052756000)/",63300,300,887400,56246000000,1100,true,1.77
"MSN",131154,"/Date(1703052754000)/",63300,100,887100,56227000000,1100,true,1.77
"MSN",131154,"/Date(1703052754000)/",63300,200,887000,56220000000,1100,true,1.77
"MSN",131150,"/Date(1703052751000)/",63300,500,886800,56208000000,1100,true,1.77
"MSN",131144,"/Date(1703052743000)/",63500,500,886300,56176000000,1300,false,2.09
"MSN",131141,"/Date(1703052739000)/",63300,1000,885800,56144000000,1100,true,1.77
"MSN",131109,"/Date(1703052709000)/",63300,300,884800,56081000000,1100,true,1.77
"MSN",131059,"/Date(1703052700000)/",63500,500,884500,56062000000,1300,false,2.09
"MSN",131059,"/Date(1703052698000)/",63500,100,884000,56030000000,1300,false,2.09
"MSN",131059,"/Date(1703052698000)/",63400,400,883900,56024000000,1200,false,1.93
"MSN",131059,"/Date(1703052697000)/",63400,100,883500,55998000000,1200,false,1.93
"MSN",131053,"/Date(1703052692000)/",63300,1000,883400,55992000000,1100,true,1.77
"MSN",131053,"/Date(1703052692000)/",63300,1200,882400,55929000000,1100,true,1.77
"MSN",131050,"/Date(1703052690000)/",63400,500,881200,55853000000,1200,false,1.93
"MSN",131034,"/Date(1703052673000)/",63300,1000,880700,55821000000,1100,true,1.77
"MSN",131024,"/Date(1703052664000)/",63300,300,879700,55758000000,1100,true,1.77
"MSN",131021,"/Date(1703052659000)/",63300,800,879400,55739000000,1100,true,1.77
"MSN",131021,"/Date(1703052659000)/",63300,1400,878600,55688000000,1100,true,1.77
"MSN",131018,"/Date(1703052659000)/",63500,500,877200,55600000000,1300,false,2.09
"MSN",131018,"/Date(1703052659000)/",63400,100,876700,55568000000,1200,false,1.93
"MSN",131008,"/Date(1703052647000)/",63400,100,876600,55562000000,1200,false,1.93
"MSN",130949,"/Date(1703052629000)/",63300,2200,876500,55555000000,1100,true,1.77
"MSN",130940,"/Date(1703052618000)/",63300,300,874300,55416000000,1100,true,1.77
"MSN",130933,"/Date(1703052613000)/",63500,500,874000,55397000000,1300,false,2.09
"MSN",130930,"/Date(1703052608000)/",63300,1000,873500,55365000000,1100,true,1.77
"MSN",130855,"/Date(1703052573000)/",63300,100,872500,55302000000,1100,true,1.77
"MSN",130855,"/Date(1703052573000)/",63300,100,872400,55296000000,1100,true,1.77
"MSN",130852,"/Date(1703052572000)/",63400,500,872300,55289000000,1200,false,1.93
"MSN",130852,"/Date(1703052571000)/",63400,100,871800,55258000000,1200,false,1.93
"MSN",130852,"/Date(1703052571000)/",63400,500,871700,55251000000,1200,false,1.93
"MSN",130852,"/Date(1703052571000)/",63400,300,871200,55219000000,1200,false,1.93
"MSN",130852,"/Date(1703052571000)/",63400,100,870900,55200000000,1200,false,1.93
"MSN",130852,"/Date(1703052571000)/",63400,200,870800,55194000000,1200,false,1.93
"MSN",130845,"/Date(1703052564000)/",63400,500,870600,55181000000,1200,true,1.93
"MSN",130836,"/Date(1703052555000)/",63500,1000,870100,55150000000,1300,false,2.09
"MSN",130823,"/Date(1703052543000)/",63400,1000,869100,55086000000,1200,true,1.93
"MSN",130816,"/Date(1703052535000)/",63500,200,868100,55023000000,1300,false,2.09
"MSN",130810,"/Date(1703052530000)/",63500,500,867900,55010000000,1300,false,2.09
"MSN",130810,"/Date(1703052528000)/",63400,300,867400,54978000000,1200,true,1.93
"MSN",130807,"/Date(1703052527000)/",63400,1500,867100,54959000000,1200,true,1.93
"MSN",130807,"/Date(1703052527000)/",63400,100,865600,54864000000,1200,true,1.93
"MSN",130807,"/Date(1703052527000)/",63400,600,865500,54858000000,1200,true,1.93
"MSN",130757,"/Date(1703052516000)/",63400,1000,864900,54820000000,1200,true,1.93
"MSN",130728,"/Date(1703052489000)/",63500,400,863900,54757000000,1300,false,2.09
"MSN",130725,"/Date(1703052483000)/",63400,300,863500,54731000000,1200,true,1.93
"MSN",130719,"/Date(1703052478000)/",63400,1000,863200,54712000000,1200,true,1.93
"MSN",130657,"/Date(1703052454000)/",63400,400,862200,54649000000,1200,true,1.93
"MSN",130650,"/Date(1703052448000)/",63500,500,861800,54623000000,1300,false,2.09
"MSN",130637,"/Date(1703052438000)/",63400,300,861300,54592000000,1200,true,1.93
"MSN",130618,"/Date(1703052417000)/",63400,2000,861000,54573000000,1200,false,1.93
"MSN",130618,"/Date(1703052417000)/",63400,2800,859000,54446000000,1200,false,1.93
"MSN",130612,"/Date(1703052412000)/",63300,1000,856200,54268000000,1100,true,1.77
"MSN",130612,"/Date(1703052410000)/",63400,1000,855200,54205000000,1200,true,1.93
"MSN",130612,"/Date(1703052410000)/",63400,1200,854200,54142000000,1200,true,1.93
"MSN",130609,"/Date(1703052407000)/",63500,500,853000,54065000000,1300,false,2.09
"MSN",130553,"/Date(1703052393000)/",63400,300,852500,54034000000,1200,true,1.93
"MSN",130527,"/Date(1703052365000)/",63500,500,852200,54015000000,1300,false,2.09
"MSN",130508,"/Date(1703052347000)/",63300,200,851700,53983000000,1100,true,1.77
"MSN",130508,"/Date(1703052347000)/",63300,400,851500,53970000000,1100,true,1.77
"MSN",130508,"/Date(1703052347000)/",63400,100,851100,53945000000,1200,false,1.93
"MSN",130508,"/Date(1703052347000)/",63400,500,851000,53939000000,1200,false,1.93
"MSN",130446,"/Date(1703052325000)/",63400,200,850500,53907000000,1200,true,1.93
"MSN",130446,"/Date(1703052324000)/",63500,500,850300,53894000000,1300,false,2.09
"MSN",130443,"/Date(1703052322000)/",63400,5000,849800,53862000000,1200,true,1.93
"MSN",130439,"/Date(1703052319000)/",63400,1000,844800,53545000000,1200,true,1.93
"MSN",130423,"/Date(1703052302000)/",63400,300,843800,53482000000,1200,true,1.93
"MSN",130414,"/Date(1703052294000)/",63400,1000,843500,53463000000,1200,true,1.93
"MSN",130411,"/Date(1703052290000)/",63400,2500,842500,53400000000,1200,false,1.93
"MSN",130404,"/Date(1703052283000)/",63400,500,840000,53241000000,1200,false,1.93
"MSN",130404,"/Date(1703052282000)/",63300,1000,839500,53209000000,1100,true,1.77
"MSN",130358,"/Date(1703052277000)/",63400,100,838500,53146000000,1200,false,1.93
"MSN",130358,"/Date(1703052277000)/",63400,1000,838400,53140000000,1200,false,1.93
"MSN",130358,"/Date(1703052277000)/",63400,1700,837400,53076000000,1200,false,1.93
"MSN",130352,"/Date(1703052270000)/",63400,100,835700,52969000000,1200,true,1.93
"MSN",130342,"/Date(1703052261000)/",63400,1000,835600,52962000000,1200,true,1.93
"MSN",130339,"/Date(1703052257000)/",63400,300,834600,52899000000,1200,true,1.93
"MSN",130323,"/Date(1703052241000)/",63500,500,834300,52880000000,1300,false,2.09
"MSN",130310,"/Date(1703052229000)/",63400,200,833800,52848000000,1200,false,1.93
"MSN",130257,"/Date(1703052217000)/",63300,600,833600,52835000000,1100,true,1.77
"MSN",130257,"/Date(1703052217000)/",63300,400,833000,52797000000,1100,true,1.77
"MSN",130257,"/Date(1703052216000)/",63400,300,832600,52772000000,1200,true,1.93
"MSN",130254,"/Date(1703052212000)/",63400,200,832300,52753000000,1200,true,1.93
"MSN",130254,"/Date(1703052212000)/",63400,100,832100,52740000000,1200,true,1.93
"MSN",130238,"/Date(1703052197000)/",63400,200,832000,52734000000,1200,true,1.93
"MSN",130238,"/Date(1703052197000)/",63500,500,831800,52721000000,1300,false,2.09
"MSN",130226,"/Date(1703052183000)/",63400,200,831300,52690000000,1200,false,1.93
"MSN",130226,"/Date(1703052183000)/",63400,2000,831100,52677000000,1200,false,1.93
"MSN",130226,"/Date(1703052183000)/",63400,2500,829100,52550000000,1200,false,1.93
"MSN",130210,"/Date(1703052167000)/",63300,300,826600,52392000000,1100,true,1.77
"MSN",130157,"/Date(1703052156000)/",63400,500,826300,52373000000,1200,false,1.93
"MSN",130154,"/Date(1703052152000)/",63300,1000,825800,52341000000,1100,true,1.77
"MSN",130135,"/Date(1703052132000)/",63300,200,824800,52278000000,1100,true,1.77
"MSN",130122,"/Date(1703052121000)/",63300,100,824600,52265000000,1100,true,1.77
"MSN",130122,"/Date(1703052121000)/",63300,100,824500,52259000000,1100,true,1.77
"MSN",130115,"/Date(1703052115000)/",63400,500,824400,52252000000,1200,false,1.93
"MSN",130053,"/Date(1703052092000)/",63300,300,823900,52221000000,1100,true,1.77
"MSN",130050,"/Date(1703052089000)/",63300,200,823600,52202000000,1100,false,1.77
"MSN",130050,"/Date(1703052089000)/",63300,100,823400,52189000000,1100,false,1.77
"MSN",130050,"/Date(1703052089000)/",63300,200,823300,52183000000,1100,false,1.77
"MSN",130050,"/Date(1703052089000)/",63300,100,823100,52170000000,1100,false,1.77
"MSN",130050,"/Date(1703052089000)/",63300,1400,823000,52164000000,1100,false,1.77
"MSN",130050,"/Date(1703052089000)/",63300,500,821600,52075000000,1100,false,1.77
"MSN",130050,"/Date(1703052089000)/",63300,400,821100,52043000000,1100,false,1.77
"MSN",130047,"/Date(1703052086000)/",63200,1000,820700,52018000000,1000,true,1.61
"MSN",130047,"/Date(1703052084000)/",63200,200,819700,51955000000,1000,true,1.61
"MSN",130040,"/Date(1703052077000)/",63200,2200,819500,51942000000,1000,true,1.61
"MSN",130037,"/Date(1703052076000)/",63200,300,817300,51803000000,1000,true,1.61
"MSN",130034,"/Date(1703052073000)/",63300,500,817000,51784000000,1100,false,1.77
"MSN",125952,"/Date(1703052031000)/",63200,300,816500,51753000000,1000,true,1.61
"MSN",125952,"/Date(1703052031000)/",63300,1000,816200,51734000000,1100,false,1.77
"MSN",125949,"/Date(1703052021000)/",63200,600,815200,51670000000,1000,true,1.61
"MSN",125949,"/Date(1703052021000)/",63200,200,814600,51632000000,1000,true,1.61
"MSN",125949,"/Date(1703052021000)/",63200,200,814400,51620000000,1000,true,1.61
"MSN",125949,"/Date(1703052017000)/",63200,200,814200,51607000000,1000,true,1.61
"MSN",125946,"/Date(1703052011000)/",63200,200,814000,51595000000,1000,true,1.61
"MSN",125943,"/Date(1703052005000)/",63300,100,813800,51582000000,1100,false,1.77
"MSN",125943,"/Date(1703052004000)/",63300,100,813700,51576000000,1100,false,1.77
"MSN",125943,"/Date(1703052004000)/",63200,300,813600,51569000000,1000,true,1.61
"MSN",125936,"/Date(1703052001000)/",63200,400,813300,51550000000,1000,true,1.61
"MSN",125936,"/Date(1703052001000)/",63200,100,812900,51525000000,1000,true,1.61
"MSN",125936,"/Date(1703052001000)/",63200,500,812800,51519000000,1000,true,1.61
"MSN",125936,"/Date(1703052001000)/",63200,1000,812300,51487000000,1000,true,1.61
"MSN",125936,"/Date(1703052001000)/",63200,500,811300,51424000000,1000,true,1.61
"MSN",125936,"/Date(1703052001000)/",63200,500,810800,51392000000,1000,true,1.61
"MSN",112916,"/Date(1703046585000)/",63200,200,810300,51361000000,1000,true,1.61
"MSN",112847,"/Date(1703046556000)/",63200,400,810100,51348000000,1000,true,1.61
"MSN",112847,"/Date(1703046556000)/",63300,600,809700,51323000000,1100,false,1.77
"MSN",112844,"/Date(1703046552000)/",63400,500,809100,51285000000,1200,false,1.93
"MSN",112759,"/Date(1703046509000)/",63400,500,808600,51253000000,1200,false,1.93
"MSN",112743,"/Date(1703046491000)/",63200,900,808100,51221000000,1000,true,1.61
"MSN",112743,"/Date(1703046491000)/",63200,100,807200,51165000000,1000,true,1.61
"MSN",112734,"/Date(1703046481000)/",63300,200,807100,51158000000,1100,false,1.77
"MSN",112718,"/Date(1703046465000)/",63400,500,806900,51146000000,1200,false,1.93
"MSN",112643,"/Date(1703046430000)/",63300,1000,806400,51114000000,1100,false,1.77
"MSN",112643,"/Date(1703046430000)/",63300,3000,805400,51051000000,1100,false,1.77
"MSN",112643,"/Date(1703046430000)/",63300,1500,802400,50861000000,1100,false,1.77
"MSN",112636,"/Date(1703046425000)/",63200,1000,800900,50766000000,1000,true,1.61
"MSN",112636,"/Date(1703046423000)/",63300,600,799900,50702000000,1100,false,1.77
"MSN",112633,"/Date(1703046421000)/",63200,200,799300,50664000000,1000,true,1.61
"MSN",112549,"/Date(1703046379000)/",63300,500,799100,50652000000,1100,false,1.77
"MSN",112533,"/Date(1703046360000)/",63200,1000,798600,50620000000,1000,true,1.61
"MSN",112533,"/Date(1703046360000)/",63200,200,797600,50557000000,1000,true,1.61
"MSN",112530,"/Date(1703046359000)/",63300,100,797400,50544000000,1100,false,1.77
"MSN",112523,"/Date(1703046351000)/",63300,3500,797300,50538000000,1100,false,1.77
"MSN",112514,"/Date(1703046343000)/",63200,200,793800,50316000000,1000,true,1.61
"MSN",112510,"/Date(1703046337000)/",63300,500,793600,50304000000,1100,false,1.77
"MSN",112442,"/Date(1703046309000)/",63200,500,793100,50272000000,1000,true,1.61
"MSN",112432,"/Date(1703046300000)/",63200,200,792600,50241000000,1000,true,1.61
"MSN",112426,"/Date(1703046295000)/",63200,700,792400,50228000000,1000,true,1.61
"MSN",112426,"/Date(1703046295000)/",63200,100,791700,50184000000,1000,true,1.61
"MSN",112426,"/Date(1703046295000)/",63200,100,791600,50177000000,1000,true,1.61
"MSN",112426,"/Date(1703046295000)/",63200,100,791500,50171000000,1000,true,1.61
"MSN",112423,"/Date(1703046292000)/",63300,500,791400,50165000000,1100,false,1.77
"MSN",112338,"/Date(1703046247000)/",63300,600,790900,50133000000,1100,false,1.77
"MSN",112332,"/Date(1703046240000)/",63200,200,790300,50095000000,1000,true,1.61
"MSN",112322,"/Date(1703046230000)/",63200,100,790100,50082000000,1000,true,1.61
"MSN",112322,"/Date(1703046230000)/",63200,900,790000,50076000000,1000,true,1.61
"MSN",112257,"/Date(1703046206000)/",63300,500,789100,50019000000,1100,false,1.77
"MSN",112253,"/Date(1703046202000)/",63200,100,788600,49988000000,1000,true,1.61
"MSN",112253,"/Date(1703046202000)/",63200,100,788500,49981000000,1000,true,1.61
"MSN",112253,"/Date(1703046202000)/",63200,100,788400,49975000000,1000,true,1.61
"MSN",112244,"/Date(1703046193000)/",63300,100,788300,49969000000,1100,false,1.77
"MSN",112231,"/Date(1703046180000)/",63200,200,788200,49962000000,1000,true,1.61
"MSN",112215,"/Date(1703046164000)/",63200,700,788000,49950000000,1000,true,1.61
"MSN",112215,"/Date(1703046164000)/",63200,100,787300,49905000000,1000,true,1.61
"MSN",112215,"/Date(1703046164000)/",63200,200,787200,49899000000,1000,true,1.61
"MSN",112215,"/Date(1703046162000)/",63300,500,787000,49887000000,1100,false,1.77
"MSN",112159,"/Date(1703046148000)/",63200,100,786500,49855000000,1000,true,1.61
"MSN",112159,"/Date(1703046148000)/",63200,100,786400,49849000000,1000,true,1.61
"MSN",112159,"/Date(1703046148000)/",63200,100,786300,49842000000,1000,true,1.61
"MSN",112159,"/Date(1703046148000)/",63200,1600,786200,49836000000,1000,true,1.61
"MSN",112159,"/Date(1703046148000)/",63200,2000,784600,49735000000,1000,true,1.61
"MSN",112159,"/Date(1703046148000)/",63200,700,782600,49608000000,1000,true,1.61
"MSN",112159,"/Date(1703046148000)/",63200,400,781900,49564000000,1000,true,1.61
"MSN",112147,"/Date(1703046136000)/",63300,100,781500,49539000000,1100,false,1.77
"MSN",112131,"/Date(1703046120000)/",63300,500,781400,49533000000,1100,false,1.77
"MSN",112131,"/Date(1703046119000)/",63200,200,780900,49501000000,1000,true,1.61
"MSN",112112,"/Date(1703046099000)/",63200,800,780700,49488000000,1000,true,1.61
"MSN",112112,"/Date(1703046099000)/",63200,100,779900,49438000000,1000,true,1.61
"MSN",112112,"/Date(1703046099000)/",63200,100,779800,49431000000,1000,true,1.61
"MSN",112102,"/Date(1703046089000)/",63300,500,779700,49425000000,1100,false,1.77
"MSN",112049,"/Date(1703046075000)/",63400,500,779200,49393000000,1200,false,1.93
"MSN",112030,"/Date(1703046059000)/",63200,100,778700,49362000000,1000,true,1.61
"MSN",112030,"/Date(1703046059000)/",63300,100,778600,49355000000,1100,true,1.77
"MSN",112008,"/Date(1703046034000)/",63300,100,778500,49349000000,1100,true,1.77
"MSN",112008,"/Date(1703046034000)/",63300,900,778400,49343000000,1100,true,1.77
"MSN",112005,"/Date(1703046034000)/",63400,500,777500,49286000000,1200,false,1.93
"MSN",111930,"/Date(1703045999000)/",63300,100,777000,49254000000,1100,true,1.77
"MSN",111930,"/Date(1703045999000)/",63300,100,776900,49248000000,1100,true,1.77
"MSN",111926,"/Date(1703045993000)/",63300,200,776800,49241000000,1100,true,1.77
"MSN",111926,"/Date(1703045992000)/",63400,500,776600,49229000000,1200,false,1.93
"MSN",111917,"/Date(1703045984000)/",63300,1700,776100,49197000000,1100,true,1.77
"MSN",111901,"/Date(1703045969000)/",63300,1000,774400,49089000000,1100,true,1.77
"MSN",111901,"/Date(1703045968000)/",63300,1900,773400,49026000000,1100,true,1.77
"MSN",111842,"/Date(1703045951000)/",63300,200,771500,48906000000,1100,true,1.77
"MSN",111842,"/Date(1703045951000)/",63300,1800,771300,48893000000,1100,true,1.77
"MSN",111842,"/Date(1703045951000)/",63300,100,769500,48779000000,1100,true,1.77
"MSN",111842,"/Date(1703045951000)/",63300,100,769400,48773000000,1100,true,1.77
"MSN",111842,"/Date(1703045951000)/",63300,300,769300,48767000000,1100,true,1.77
"MSN",111842,"/Date(1703045951000)/",63300,200,769000,48748000000,1100,true,1.77
"MSN",111842,"/Date(1703045951000)/",63300,300,768800,48735000000,1100,true,1.77
"MSN",111839,"/Date(1703045948000)/",63400,500,768500,48716000000,1200,false,1.93
"MSN",111829,"/Date(1703045938000)/",63300,200,768000,48684000000,1100,true,1.77
"MSN",111757,"/Date(1703045906000)/",63400,500,767800,48672000000,1200,false,1.93
"MSN",111757,"/Date(1703045904000)/",63300,500,767300,48640000000,1100,true,1.77
"MSN",111757,"/Date(1703045904000)/",63300,100,766800,48608000000,1100,true,1.77
"MSN",111757,"/Date(1703045904000)/",63300,100,766700,48602000000,1100,true,1.77
"MSN",111757,"/Date(1703045904000)/",63300,100,766600,48596000000,1100,true,1.77
"MSN",111757,"/Date(1703045904000)/",63300,200,766500,48589000000,1100,true,1.77
"MSN",111741,"/Date(1703045887000)/",63300,800,766300,48577000000,1100,true,1.77
"MSN",111741,"/Date(1703045887000)/",63300,100,765500,48526000000,1100,true,1.77
"MSN",111741,"/Date(1703045887000)/",63300,200,765400,48520000000,1100,true,1.77
"MSN",111741,"/Date(1703045887000)/",63300,100,765200,48507000000,1100,true,1.77
"MSN",111731,"/Date(1703045878000)/",63300,200,765100,48501000000,1100,true,1.77
"MSN",111728,"/Date(1703045876000)/",63400,200,764900,48488000000,1200,false,1.93
"MSN",111722,"/Date(1703045869000)/",63300,100,764700,48475000000,1100,true,1.77
"MSN",111722,"/Date(1703045869000)/",63300,1100,764600,48469000000,1100,true,1.77
"MSN",111719,"/Date(1703045865000)/",63400,300,763500,48399000000,1200,false,1.93
