"Stockcode","Package","TradingDate","Price","Vol","TotalVol","TotalVal","Change","IsBuy","PerChange"
"MWG",144413,"/Date(1703058300000)/",42400,950200,12451800,521899000000,1750,false,4.31
"MWG",142909,"/Date(1703057397000)/",42250,100,11501600,481611000000,1600,true,3.94
"MWG",142909,"/Date(1703057396000)/",42250,1000,11501500,481606000000,1600,true,3.94
"MWG",142906,"/Date(1703057394000)/",42250,200,11500500,481564000000,1600,true,3.94
"MWG",142903,"/Date(1703057392000)/",42250,300,11500300,481556000000,1600,true,3.94
"MWG",142903,"/Date(1703057392000)/",42250,1100,11500000,481543000000,1600,true,3.94
"MWG",142900,"/Date(1703057387000)/",42250,4000,11498900,481497000000,1600,true,3.94
"MWG",142856,"/Date(1703057384000)/",42250,200,11494900,481328000000,1600,true,3.94
"MWG",142853,"/Date(1703057381000)/",42300,1600,11494700,481319000000,1650,false,4.06
"MWG",142853,"/Date(1703057380000)/",42250,400,11493100,481251000000,1600,true,3.94
"MWG",142850,"/Date(1703057376000)/",42250,2000,11492700,481234000000,1600,true,3.94
"MWG",142844,"/Date(1703057372000)/",42250,1000,11490700,481150000000,1600,true,3.94
"MWG",142844,"/Date(1703057371000)/",42250,500,11489700,481108000000,1600,true,3.94
"MWG",142837,"/Date(1703057364000)/",42250,200,11489200,481087000000,1600,true,3.94
"MWG",142831,"/Date(1703057359000)/",42250,500,11489000,481078000000,1600,true,3.94
"MWG",142824,"/Date(1703057353000)/",42250,1900,11488500,481057000000,1600,true,3.94
"MWG",142824,"/Date(1703057352000)/",42250,600,11486600,480977000000,1600,true,3.94
"MWG",142824,"/Date(1703057351000)/",42250,1000,11486000,480951000000,1600,true,3.94
"MWG",142818,"/Date(1703057347000)/",42250,400,11485000,480909000000,1600,true,3.94
"MWG",142818,"/Date(1703057345000)/",42250,2600,11484600,480892000000,1600,true,3.94
"MWG",142802,"/Date(1703057330000)/",42250,5000,11482000,480782000000,1600,true,3.94
"MWG",142756,"/Date(1703057324000)/",42300,400,11477000,480571000000,1650,false,4.06
"MWG",142756,"/Date(1703057324000)/",42300,100,11476600,480554000000,1650,false,4.06
"MWG",142756,"/Date(1703057324000)/",42300,200,11476500,480550000000,1650,false,4.06
"MWG",142756,"/Date(1703057324000)/",42300,2200,11476300,480542000000,1650,false,4.06
"MWG",142756,"/Date(1703057324000)/",42250,500,11474100,480448000000,1600,false,3.94
"MWG",142756,"/Date(1703057324000)/",42250,300,11473600,480427000000,1600,false,3.94
"MWG",142746,"/Date(1703057314000)/",42250,200,11473300,480415000000,1600,false,3.94
"MWG",142746,"/Date(1703057314000)/",42250,100,11473100,480406000000,1600,false,3.94
"MWG",142743,"/Date(1703057311000)/",42250,200,11473000,480402000000,1600,false,3.94
"MWG",142743,"/Date(1703057311000)/",42250,200,11472800,480394000000,1600,false,3.94
"MWG",142743,"/Date(1703057311000)/",42250,1000,11472600,480385000000,1600,false,3.94
"MWG",142743,"/Date(1703057311000)/",42250,800,11471600,480343000000,1600,false,3.94
"MWG",142743,"/Date(1703057309000)/",42200,200,11470800,480309000000,1550,true,3.81
"MWG",142740,"/Date(1703057307000)/",42250,1000,11470600,480301000000,1600,false,3.94
"MWG",142736,"/Date(1703057305000)/",42200,500,11469600,480258000000,1550,true,3.81
"MWG",142733,"/Date(1703057301000)/",42250,200,11469100,480237000000,1600,false,3.94
"MWG",142730,"/Date(1703057297000)/",42300,5700,11468900,480229000000,1650,false,4.06
"MWG",142730,"/Date(1703057297000)/",42300,500,11463200,479988000000,1650,false,4.06
"MWG",142730,"/Date(1703057297000)/",42300,100,11462700,479967000000,1650,false,4.06
"MWG",142730,"/Date(1703057297000)/",42300,1000,11462600,479962000000,1650,false,4.06
"MWG",142730,"/Date(1703057297000)/",42300,500,11461600,479920000000,1650,false,4.06
"MWG",142730,"/Date(1703057297000)/",42300,5000,11461100,479899000000,1650,false,4.06
"MWG",142730,"/Date(1703057297000)/",42300,200,11456100,479687000000,1650,false,4.06
"MWG",142730,"/Date(1703057297000)/",42250,1000,11455900,479679000000,1600,false,3.94
"MWG",142730,"/Date(1703057297000)/",42250,1000,11454900,479637000000,1600,false,3.94
"MWG",142714,"/Date(1703057280000)/",42300,300,11453900,479594000000,1650,false,4.06
"MWG",142708,"/Date(1703057274000)/",42300,1400,11453600,479582000000,1650,false,4.06
"MWG",142708,"/Date(1703057274000)/",42300,400,11452200,479523000000,1650,false,4.06
"MWG",142708,"/Date(1703057274000)/",42300,500,11451800,479506000000,1650,false,4.06
"MWG",142708,"/Date(1703057274000)/",42300,1000,11451300,479484000000,1650,false,4.06
"MWG",142708,"/Date(1703057274000)/",42300,100,11450300,479442000000,1650,false,4.06
"MWG",142708,"/Date(1703057274000)/",42300,2000,11450200,479438000000,1650,false,4.06
"MWG",142708,"/Date(1703057274000)/",42300,100,11448200,479353000000,1650,false,4.06
"MWG",142708,"/Date(1703057274000)/",42300,1000,11448100,479349000000,1650,false,4.06
"MWG",142708,"/Date(1703057274000)/",42300,500,11447100,479307000000,1650,false,4.06
"MWG",142708,"/Date(1703057274000)/",42300,500,11446600,479286000000,1650,false,4.06
"MWG",142708,"/Date(1703057274000)/",42300,5000,11446100,479264000000,1650,false,4.06
"MWG",142708,"/Date(1703057274000)/",42300,900,11441100,479053000000,1650,false,4.06
"MWG",142708,"/Date(1703057274000)/",42300,700,11440200,479015000000,1650,false,4.06
"MWG",142708,"/Date(1703057274000)/",42300,7900,11439500,478985000000,1650,false,4.06
"MWG",142708,"/Date(1703057274000)/",42300,1000,11431600,478651000000,1650,false,4.06
"MWG",142708,"/Date(1703057274000)/",42300,100,11430600,478609000000,1650,false,4.06
"MWG",142708,"/Date(1703057274000)/",42300,300,11430500,478605000000,1650,false,4.06
"MWG",142708,"/Date(1703057274000)/",42300,400,11430200,478592000000,1650,false,4.06
"MWG",142708,"/Date(1703057274000)/",42300,2000,11429800,478575000000,1650,false,4.06
"MWG",142708,"/Date(1703057274000)/",42300,1400,11427800,478490000000,1650,false,4.06
"MWG",142708,"/Date(1703057274000)/",42300,300,11426400,478431000000,1650,false,4.06
"MWG",142708,"/Date(1703057274000)/",42300,500,11426100,478418000000,1650,false,4.06
"MWG",142708,"/Date(1703057274000)/",42300,100,11425600,478397000000,1650,false,4.06
"MWG",142708,"/Date(1703057274000)/",42300,500,11425500,478393000000,1650,false,4.06
"MWG",142708,"/Date(1703057274000)/",42300,100,11425000,478372000000,1650,false,4.06
"MWG",142708,"/Date(1703057274000)/",42300,1000,11424900,478368000000,1650,false,4.06
"MWG",142708,"/Date(1703057274000)/",42300,100,11423900,478325000000,1650,false,4.06
"MWG",142708,"/Date(1703057274000)/",42300,300,11423800,478321000000,1650,false,4.06
"MWG",142708,"/Date(1703057274000)/",42300,20000,11423500,478309000000,1650,false,4.06
"MWG",142708,"/Date(1703057274000)/",42300,2500,11403500,477463000000,1650,false,4.06
"MWG",142708,"/Date(1703057274000)/",42300,500,11401000,477357000000,1650,false,4.06
"MWG",142708,"/Date(1703057274000)/",42300,1500,11400500,477336000000,1650,false,4.06
"MWG",142708,"/Date(1703057274000)/",42300,500,11399000,477272000000,1650,false,4.06
"MWG",142708,"/Date(1703057274000)/",42300,1000,11398500,477251000000,1650,false,4.06
"MWG",142708,"/Date(1703057274000)/",42300,1000,11397500,477209000000,1650,false,4.06
"MWG",142708,"/Date(1703057274000)/",42300,100,11396500,477166000000,1650,false,4.06
"MWG",142708,"/Date(1703057274000)/",42300,100,11396400,477162000000,1650,false,4.06
"MWG",142708,"/Date(1703057274000)/",42300,400,11396300,477158000000,1650,false,4.06
"MWG",142708,"/Date(1703057274000)/",42300,100,11395900,477141000000,1650,false,4.06
"MWG",142708,"/Date(1703057274000)/",42300,5700,11395800,477137000000,1650,false,4.06
"MWG",142708,"/Date(1703057274000)/",42300,1000,11390100,476896000000,1650,false,4.06
"MWG",142708,"/Date(1703057274000)/",42300,2000,11389100,476853000000,1650,false,4.06
"MWG",142708,"/Date(1703057274000)/",42300,900,11387100,476769000000,1650,false,4.06
"MWG",142708,"/Date(1703057274000)/",42250,100,11386200,476731000000,1600,false,3.94
"MWG",142708,"/Date(1703057274000)/",42250,1100,11386100,476726000000,1600,false,3.94
"MWG",142708,"/Date(1703057274000)/",42250,500,11385000,476680000000,1600,false,3.94
"MWG",142708,"/Date(1703057274000)/",42250,300,11384500,476659000000,1600,false,3.94
"MWG",142708,"/Date(1703057274000)/",42250,2000,11384200,476646000000,1600,false,3.94
"MWG",142708,"/Date(1703057274000)/",42250,500,11382200,476562000000,1600,false,3.94
"MWG",142708,"/Date(1703057274000)/",42250,600,11381700,476541000000,1600,false,3.94
"MWG",142704,"/Date(1703057272000)/",42250,2200,11381100,476515000000,1600,false,3.94
"MWG",142704,"/Date(1703057272000)/",42250,200,11378900,476422000000,1600,false,3.94
"MWG",142704,"/Date(1703057272000)/",42250,600,11378700,476414000000,1600,false,3.94
"MWG",142655,"/Date(1703057261000)/",42250,5000,11378100,476388000000,1600,true,3.94
"MWG",142655,"/Date(1703057261000)/",42250,500,11373100,476177000000,1600,true,3.94
"MWG",142655,"/Date(1703057261000)/",42250,2200,11372600,476156000000,1600,true,3.94
"MWG",142655,"/Date(1703057261000)/",42250,500,11370400,476063000000,1600,true,3.94
"MWG",142655,"/Date(1703057261000)/",42250,800,11369900,476042000000,1600,true,3.94
"MWG",142652,"/Date(1703057260000)/",42250,200,11369100,476008000000,1600,true,3.94
"MWG",142652,"/Date(1703057260000)/",42250,700,11368900,476000000000,1600,true,3.94
"MWG",142652,"/Date(1703057260000)/",42250,500,11368200,475970000000,1600,true,3.94
"MWG",142652,"/Date(1703057260000)/",42250,100,11367700,475949000000,1600,true,3.94
"MWG",142652,"/Date(1703057260000)/",42250,500,11367600,475945000000,1600,true,3.94
"MWG",142645,"/Date(1703057251000)/",42300,200,11367100,475924000000,1650,false,4.06
"MWG",142636,"/Date(1703057244000)/",42250,500,11366900,475915000000,1600,true,3.94
"MWG",142636,"/Date(1703057244000)/",42250,300,11366400,475894000000,1600,true,3.94
"MWG",142636,"/Date(1703057244000)/",42250,200,11366100,475881000000,1600,true,3.94
"MWG",142636,"/Date(1703057244000)/",42250,900,11365900,475873000000,1600,true,3.94
"MWG",142636,"/Date(1703057244000)/",42250,400,11365000,475835000000,1600,true,3.94
"MWG",142636,"/Date(1703057244000)/",42250,500,11364600,475818000000,1600,true,3.94
"MWG",142636,"/Date(1703057244000)/",42250,400,11364100,475797000000,1600,true,3.94
"MWG",142636,"/Date(1703057244000)/",42250,1800,11363700,475780000000,1600,true,3.94
"MWG",142632,"/Date(1703057241000)/",42300,5000,11361900,475704000000,1650,false,4.06
"MWG",142632,"/Date(1703057240000)/",42250,500,11356900,475493000000,1600,true,3.94
"MWG",142629,"/Date(1703057235000)/",42300,100,11356400,475471000000,1650,false,4.06
"MWG",142610,"/Date(1703057217000)/",42300,1000,11356300,475467000000,1650,false,4.06
"MWG",142610,"/Date(1703057216000)/",42300,300,11355300,475425000000,1650,false,4.06
"MWG",142607,"/Date(1703057213000)/",42300,3000,11355000,475412000000,1650,false,4.06
"MWG",142604,"/Date(1703057211000)/",42250,1000,11352000,475285000000,1600,true,3.94
"MWG",142600,"/Date(1703057209000)/",42300,300,11351000,475243000000,1650,false,4.06
"MWG",142600,"/Date(1703057207000)/",42300,100,11350700,475230000000,1650,false,4.06
"MWG",142554,"/Date(1703057202000)/",42250,1000,11350600,475226000000,1600,true,3.94
"MWG",142551,"/Date(1703057199000)/",42300,200,11349600,475184000000,1650,false,4.06
"MWG",142551,"/Date(1703057199000)/",42300,100,11349400,475175000000,1650,false,4.06
"MWG",142551,"/Date(1703057198000)/",42250,700,11349300,475171000000,1600,true,3.94
"MWG",142551,"/Date(1703057198000)/",42250,500,11348600,475142000000,1600,true,3.94
"MWG",142551,"/Date(1703057198000)/",42250,8800,11348100,475120000000,1600,true,3.94
"MWG",142545,"/Date(1703057191000)/",42250,5700,11339300,474749000000,1600,true,3.94
"MWG",142545,"/Date(1703057191000)/",42300,400,11333600,474508000000,1650,false,4.06
"MWG",142538,"/Date(1703057184000)/",42300,100,11333200,474491000000,1650,false,4.06
"MWG",142535,"/Date(1703057182000)/",42300,1000,11333100,474487000000,1650,false,4.06
"MWG",142535,"/Date(1703057181000)/",42300,400,11332100,474444000000,1650,false,4.06
"MWG",142532,"/Date(1703057178000)/",42250,1000,11331700,474427000000,1600,true,3.94
"MWG",142529,"/Date(1703057175000)/",42300,3400,11330700,474385000000,1650,false,4.06
"MWG",142525,"/Date(1703057174000)/",42250,500,11327300,474241000000,1600,true,3.94
"MWG",142525,"/Date(1703057173000)/",42300,300,11326800,474220000000,1650,false,4.06
"MWG",142525,"/Date(1703057172000)/",42300,100,11326500,474208000000,1650,false,4.06
"MWG",142525,"/Date(1703057172000)/",42300,100,11326400,474203000000,1650,false,4.06
"MWG",142525,"/Date(1703057172000)/",42300,200,11326300,474199000000,1650,false,4.06
"MWG",142522,"/Date(1703057170000)/",42300,2000,11326100,474191000000,1650,false,4.06
"MWG",142522,"/Date(1703057170000)/",42300,10000,11324100,474106000000,1650,false,4.06
"MWG",142522,"/Date(1703057170000)/",42300,600,11314100,473683000000,1650,false,4.06
"MWG",142522,"/Date(1703057170000)/",42300,3500,11313500,473658000000,1650,false,4.06
"MWG",142522,"/Date(1703057170000)/",42300,3900,11310000,473510000000,1650,false,4.06
"MWG",142519,"/Date(1703057165000)/",42250,5700,11306100,473345000000,1600,true,3.94
"MWG",142519,"/Date(1703057165000)/",42300,5000,11300400,473104000000,1650,false,4.06
"MWG",142516,"/Date(1703057164000)/",42300,400,11295400,472892000000,1650,false,4.06
"MWG",142513,"/Date(1703057161000)/",42300,1500,11295000,472875000000,1650,false,4.06
"MWG",142513,"/Date(1703057159000)/",42300,800,11293500,472812000000,1650,false,4.06
"MWG",142509,"/Date(1703057156000)/",42300,400,11292700,472778000000,1650,false,4.06
"MWG",142506,"/Date(1703057154000)/",42250,1000,11292300,472761000000,1600,true,3.94
"MWG",142506,"/Date(1703057154000)/",42250,200,11291300,472719000000,1600,true,3.94
"MWG",142500,"/Date(1703057146000)/",42300,400,11291100,472711000000,1650,false,4.06
"MWG",142450,"/Date(1703057137000)/",42300,400,11290700,472694000000,1650,false,4.06
"MWG",142447,"/Date(1703057135000)/",42250,5700,11290300,472677000000,1600,true,3.94
"MWG",142444,"/Date(1703057130000)/",42250,1000,11284600,472436000000,1600,true,3.94
"MWG",142441,"/Date(1703057128000)/",42300,6000,11283600,472394000000,1650,false,4.06
"MWG",142441,"/Date(1703057128000)/",42300,400,11277600,472140000000,1650,false,4.06
"MWG",142437,"/Date(1703057125000)/",42300,1500,11277200,472123000000,1650,false,4.06
"MWG",142437,"/Date(1703057125000)/",42300,5000,11275700,472059000000,1650,false,4.06
"MWG",142434,"/Date(1703057122000)/",42250,1000,11270700,471848000000,1600,true,3.94
"MWG",142431,"/Date(1703057119000)/",42300,400,11269700,471806000000,1650,false,4.06
"MWG",142431,"/Date(1703057118000)/",42300,300,11269300,471789000000,1650,false,4.06
"MWG",142425,"/Date(1703057113000)/",42300,3600,11269000,471776000000,1650,false,4.06
"MWG",142425,"/Date(1703057113000)/",42300,1400,11265400,471624000000,1650,false,4.06
"MWG",142425,"/Date(1703057110000)/",42300,400,11264000,471565000000,1650,false,4.06
"MWG",142421,"/Date(1703057109000)/",42300,5000,11263600,471548000000,1650,false,4.06
"MWG",142421,"/Date(1703057109000)/",42250,500,11258600,471336000000,1600,true,3.94
"MWG",142418,"/Date(1703057104000)/",42250,5700,11258100,471315000000,1600,true,3.94
"MWG",142418,"/Date(1703057104000)/",42300,3200,11252400,471074000000,1650,false,4.06
"MWG",142418,"/Date(1703057104000)/",42300,800,11249200,470939000000,1650,false,4.06
"MWG",142409,"/Date(1703057096000)/",42300,2300,11248400,470905000000,1650,false,4.06
"MWG",142409,"/Date(1703057094000)/",42300,400,11246100,470808000000,1650,false,4.06
"MWG",142409,"/Date(1703057094000)/",42300,14500,11245700,470791000000,1650,false,4.06
"MWG",142405,"/Date(1703057092000)/",42350,500,11231200,470177000000,1700,false,4.18
"MWG",142405,"/Date(1703057091000)/",42350,400,11230700,470156000000,1700,false,4.18
"MWG",142356,"/Date(1703057084000)/",42300,5500,11230300,470139000000,1650,true,4.06
"MWG",142356,"/Date(1703057084000)/",42300,4200,11224800,469907000000,1650,true,4.06
"MWG",142356,"/Date(1703057084000)/",42300,300,11220600,469729000000,1650,true,4.06
"MWG",142356,"/Date(1703057083000)/",42300,1000,11220300,469716000000,1650,true,4.06
"MWG",142356,"/Date(1703057082000)/",42350,1600,11219300,469674000000,1700,false,4.18
"MWG",142356,"/Date(1703057082000)/",42350,100,11217700,469606000000,1700,false,4.18
"MWG",142356,"/Date(1703057082000)/",42350,100,11217600,469602000000,1700,false,4.18
"MWG",142356,"/Date(1703057082000)/",42350,600,11217500,469598000000,1700,false,4.18
"MWG",142356,"/Date(1703057082000)/",42350,3500,11216900,469572000000,1700,false,4.18
"MWG",142356,"/Date(1703057082000)/",42350,100,11213400,469424000000,1700,false,4.18
"MWG",142356,"/Date(1703057082000)/",42350,100,11213300,469420000000,1700,false,4.18
"MWG",142356,"/Date(1703057082000)/",42350,300,11213200,469416000000,1700,false,4.18
"MWG",142353,"/Date(1703057081000)/",42300,2000,11212900,469403000000,1650,true,4.06
"MWG",142353,"/Date(1703057078000)/",42350,200,11210900,469318000000,1700,false,4.18
"MWG",142353,"/Date(1703057078000)/",42350,500,11210700,469310000000,1700,false,4.18
"MWG",142353,"/Date(1703057078000)/",42350,200,11210200,469289000000,1700,false,4.18
"MWG",142353,"/Date(1703057078000)/",42350,2600,11210000,469280000000,1700,false,4.18
"MWG",142349,"/Date(1703057078000)/",42350,5000,11207400,469170000000,1700,false,4.18
"MWG",142346,"/Date(1703057073000)/",42350,300,11202400,468958000000,1700,false,4.18
"MWG",142346,"/Date(1703057073000)/",42350,100,11202100,468946000000,1700,false,4.18
"MWG",142343,"/Date(1703057069000)/",42300,6000,11202000,468941000000,1650,true,4.06
"MWG",142340,"/Date(1703057068000)/",42300,1500,11196000,468688000000,1650,true,4.06
"MWG",142340,"/Date(1703057067000)/",42300,700,11194500,468624000000,1650,true,4.06
"MWG",142340,"/Date(1703057067000)/",42300,1000,11193800,468595000000,1650,true,4.06
"MWG",142340,"/Date(1703057067000)/",42300,3500,11192800,468552000000,1650,true,4.06
"MWG",142340,"/Date(1703057066000)/",42350,300,11189300,468404000000,1700,false,4.18
"MWG",142337,"/Date(1703057063000)/",42350,400,11189000,468392000000,1700,false,4.18
"MWG",142333,"/Date(1703057060000)/",42300,2400,11188600,468375000000,1650,true,4.06
"MWG",142333,"/Date(1703057060000)/",42300,200,11186200,468273000000,1650,true,4.06
"MWG",142333,"/Date(1703057060000)/",42300,200,11186000,468265000000,1650,true,4.06
"MWG",142333,"/Date(1703057060000)/",42300,100,11185800,468256000000,1650,true,4.06
"MWG",142333,"/Date(1703057060000)/",42300,1000,11185700,468252000000,1650,true,4.06
"MWG",142333,"/Date(1703057060000)/",42300,200,11184700,468210000000,1650,true,4.06
"MWG",142333,"/Date(1703057060000)/",42300,500,11184500,468201000000,1650,true,4.06
"MWG",142333,"/Date(1703057060000)/",42300,9400,11184000,468180000000,1650,true,4.06
"MWG",142327,"/Date(1703057054000)/",42250,500,11174600,467782000000,1600,true,3.94
"MWG",142324,"/Date(1703057050000)/",42300,200,11174100,467761000000,1650,true,4.06
"MWG",142324,"/Date(1703057050000)/",42300,400,11173900,467753000000,1650,true,4.06
"MWG",142321,"/Date(1703057048000)/",42300,600,11173500,467736000000,1650,true,4.06
"MWG",142321,"/Date(1703057048000)/",42300,3500,11172900,467711000000,1650,true,4.06
"MWG",142317,"/Date(1703057044000)/",42300,900,11169400,467562000000,1650,true,4.06
"MWG",142317,"/Date(1703057044000)/",42300,300,11168500,467524000000,1650,true,4.06
"MWG",142317,"/Date(1703057044000)/",42350,400,11168200,467512000000,1700,false,4.18
"MWG",142317,"/Date(1703057044000)/",42300,500,11167800,467495000000,1650,true,4.06
"MWG",142314,"/Date(1703057042000)/",42300,100,11167300,467474000000,1650,true,4.06
"MWG",142311,"/Date(1703057039000)/",42300,5000,11167200,467469000000,1650,false,4.06
"MWG",142311,"/Date(1703057039000)/",42300,100,11162200,467258000000,1650,false,4.06
"MWG",142311,"/Date(1703057039000)/",42300,3500,11162100,467254000000,1650,false,4.06
"MWG",142311,"/Date(1703057039000)/",42300,100,11158600,467106000000,1650,false,4.06
"MWG",142311,"/Date(1703057039000)/",42300,100,11158500,467101000000,1650,false,4.06
"MWG",142311,"/Date(1703057039000)/",42300,10000,11158400,467097000000,1650,false,4.06
"MWG",142311,"/Date(1703057039000)/",42300,300,11148400,466674000000,1650,false,4.06
"MWG",142311,"/Date(1703057037000)/",42300,100,11148100,466661000000,1650,false,4.06
"MWG",142311,"/Date(1703057037000)/",42300,100,11148000,466657000000,1650,false,4.06
"MWG",142311,"/Date(1703057037000)/",42300,400,11147900,466653000000,1650,false,4.06
"MWG",142308,"/Date(1703057036000)/",42300,200,11147500,466636000000,1650,false,4.06
"MWG",142308,"/Date(1703057036000)/",42300,200,11147300,466628000000,1650,false,4.06
"MWG",142308,"/Date(1703057036000)/",42300,100,11147100,466619000000,1650,false,4.06
"MWG",142308,"/Date(1703057034000)/",42300,1100,11147000,466615000000,1650,false,4.06
"MWG",142308,"/Date(1703057034000)/",42300,1000,11145900,466568000000,1650,false,4.06
"MWG",142308,"/Date(1703057034000)/",42300,200,11144900,466526000000,1650,false,4.06
"MWG",142308,"/Date(1703057034000)/",42300,800,11144700,466518000000,1650,false,4.06
"MWG",142308,"/Date(1703057034000)/",42300,200,11143900,466484000000,1650,false,4.06
"MWG",142308,"/Date(1703057034000)/",42300,200,11143700,466475000000,1650,false,4.06
"MWG",142308,"/Date(1703057034000)/",42300,200,11143500,466467000000,1650,false,4.06
"MWG",142308,"/Date(1703057034000)/",42300,5000,11143300,466458000000,1650,false,4.06
"MWG",142308,"/Date(1703057034000)/",42300,600,11138300,466247000000,1650,false,4.06
"MWG",142308,"/Date(1703057034000)/",42300,3500,11137700,466222000000,1650,false,4.06
"MWG",142308,"/Date(1703057034000)/",42300,2000,11134200,466074000000,1650,false,4.06
"MWG",142308,"/Date(1703057034000)/",42300,500,11132200,465989000000,1650,false,4.06
"MWG",142308,"/Date(1703057034000)/",42300,4600,11131700,465968000000,1650,false,4.06
"MWG",142308,"/Date(1703057034000)/",42300,100,11127100,465773000000,1650,false,4.06
"MWG",142305,"/Date(1703057030000)/",42300,700,11127000,465769000000,1650,false,4.06
"MWG",142258,"/Date(1703057026000)/",42300,500,11126300,465739000000,1650,false,4.06
"MWG",142258,"/Date(1703057026000)/",42300,400,11125800,465718000000,1650,false,4.06
"MWG",142258,"/Date(1703057026000)/",42300,6000,11125400,465701000000,1650,false,4.06
"MWG",142258,"/Date(1703057024000)/",42300,2300,11119400,465447000000,1650,false,4.06
"MWG",142258,"/Date(1703057024000)/",42300,200,11117100,465350000000,1650,false,4.06
"MWG",142258,"/Date(1703057024000)/",42300,2000,11116900,465342000000,1650,false,4.06
"MWG",142258,"/Date(1703057024000)/",42300,500,11114900,465257000000,1650,false,4.06
"MWG",142255,"/Date(1703057023000)/",42300,1000,11114400,465236000000,1650,false,4.06
"MWG",142255,"/Date(1703057023000)/",42300,200,11113400,465194000000,1650,false,4.06
"MWG",142255,"/Date(1703057023000)/",42300,100,11113200,465185000000,1650,false,4.06
"MWG",142255,"/Date(1703057021000)/",42300,100,11113100,465181000000,1650,false,4.06
"MWG",142252,"/Date(1703057020000)/",42300,1000,11113000,465177000000,1650,false,4.06
"MWG",142252,"/Date(1703057017000)/",42300,5000,11112000,465134000000,1650,false,4.06
"MWG",142249,"/Date(1703057017000)/",42300,500,11107000,464923000000,1650,false,4.06
"MWG",142246,"/Date(1703057014000)/",42300,1200,11106500,464902000000,1650,false,4.06
"MWG",142246,"/Date(1703057014000)/",42300,3800,11105300,464851000000,1650,false,4.06
"MWG",142246,"/Date(1703057014000)/",42300,1100,11101500,464690000000,1650,false,4.06
"MWG",142246,"/Date(1703057014000)/",42300,7900,11100400,464644000000,1650,false,4.06
"MWG",142246,"/Date(1703057014000)/",42300,2000,11092500,464310000000,1650,false,4.06
"MWG",142246,"/Date(1703057014000)/",42300,1000,11090500,464225000000,1650,false,4.06
"MWG",142246,"/Date(1703057014000)/",42300,900,11089500,464183000000,1650,false,4.06
"MWG",142246,"/Date(1703057014000)/",42300,300,11088600,464145000000,1650,false,4.06
"MWG",142246,"/Date(1703057014000)/",42300,200,11088300,464132000000,1650,false,4.06
"MWG",142246,"/Date(1703057014000)/",42300,2000,11088100,464123000000,1650,false,4.06
"MWG",142246,"/Date(1703057014000)/",42300,1000,11086100,464039000000,1650,false,4.06
"MWG",142246,"/Date(1703057014000)/",42300,400,11085100,463997000000,1650,false,4.06
"MWG",142246,"/Date(1703057014000)/",42300,600,11084700,463980000000,1650,false,4.06
"MWG",142246,"/Date(1703057014000)/",42300,2600,11084100,463954000000,1650,false,4.06
"MWG",142242,"/Date(1703057008000)/",42300,500,11081500,463844000000,1650,false,4.06
"MWG",142236,"/Date(1703057001000)/",42250,200,11081000,463823000000,1600,true,3.94
"MWG",142233,"/Date(1703056999000)/",42300,400,11080800,463815000000,1650,false,4.06
"MWG",142223,"/Date(1703056989000)/",42300,400,11080400,463798000000,1650,false,4.06
"MWG",142220,"/Date(1703056987000)/",42250,2000,11080000,463781000000,1600,true,3.94
"MWG",142214,"/Date(1703056982000)/",42250,7900,11078000,463696000000,1600,true,3.94
"MWG",142214,"/Date(1703056981000)/",42300,600,11070100,463363000000,1650,false,4.06
"MWG",142214,"/Date(1703056981000)/",42300,1100,11069500,463337000000,1650,false,4.06
"MWG",142214,"/Date(1703056981000)/",42250,1500,11068400,463291000000,1600,true,3.94
"MWG",142214,"/Date(1703056980000)/",42300,500,11066900,463227000000,1650,false,4.06
"MWG",142214,"/Date(1703056979000)/",42250,500,11066400,463206000000,1600,true,3.94
"MWG",142214,"/Date(1703056979000)/",42300,400,11065900,463185000000,1650,false,4.06
"MWG",142214,"/Date(1703056979000)/",42300,500,11065500,463168000000,1650,false,4.06
"MWG",142214,"/Date(1703056979000)/",42300,1600,11065000,463147000000,1650,false,4.06
"MWG",142214,"/Date(1703056979000)/",42300,1900,11063400,463079000000,1650,false,4.06
"MWG",142214,"/Date(1703056979000)/",42300,500,11061500,462999000000,1650,false,4.06
"MWG",142214,"/Date(1703056979000)/",42300,100,11061000,462978000000,1650,false,4.06
"MWG",142210,"/Date(1703056977000)/",42300,100,11060900,462974000000,1650,false,4.06
"MWG",142207,"/Date(1703056974000)/",42300,1800,11060800,462969000000,1650,false,4.06
"MWG",142207,"/Date(1703056974000)/",42300,700,11059000,462893000000,1650,false,4.06
"MWG",142204,"/Date(1703056972000)/",42300,300,11058300,462864000000,1650,false,4.06
"MWG",142204,"/Date(1703056972000)/",42300,200,11058000,462851000000,1650,false,4.06
"MWG",142158,"/Date(1703056965000)/",42300,400,11057800,462842000000,1650,false,4.06
"MWG",142158,"/Date(1703056963000)/",42300,500,11057400,462825000000,1650,false,4.06
"MWG",142151,"/Date(1703056959000)/",42300,300,11056900,462804000000,1650,false,4.06
"MWG",142148,"/Date(1703056955000)/",42250,600,11056600,462792000000,1600,true,3.94
"MWG",142148,"/Date(1703056955000)/",42250,500,11056000,462766000000,1600,true,3.94
"MWG",142148,"/Date(1703056955000)/",42250,200,11055500,462745000000,1600,true,3.94
"MWG",142148,"/Date(1703056955000)/",42250,500,11055300,462737000000,1600,true,3.94
"MWG",142148,"/Date(1703056955000)/",42250,900,11054800,462716000000,1600,true,3.94
"MWG",142148,"/Date(1703056955000)/",42250,300,11053900,462678000000,1600,true,3.94
"MWG",142148,"/Date(1703056954000)/",42300,100,11053600,462665000000,1650,false,4.06
"MWG",142145,"/Date(1703056953000)/",42300,500,11053500,462661000000,1650,false,4.06
"MWG",142145,"/Date(1703056952000)/",42300,5000,11053000,462640000000,1650,false,4.06
"MWG",142145,"/Date(1703056951000)/",42300,10000,11048000,462428000000,1650,false,4.06
"MWG",142142,"/Date(1703056947000)/",42300,200,11038000,462005000000,1650,false,4.06
"MWG",142139,"/Date(1703056947000)/",42300,800,11037800,461997000000,1650,false,4.06
"MWG",142139,"/Date(1703056947000)/",42300,100,11037000,461963000000,1650,false,4.06
"MWG",142139,"/Date(1703056947000)/",42300,400,11036900,461958000000,1650,false,4.06
"MWG",142139,"/Date(1703056947000)/",42300,3700,11036500,461942000000,1650,false,4.06
"MWG",142139,"/Date(1703056945000)/",42250,100,11032800,461785000000,1600,true,3.94
"MWG",142139,"/Date(1703056944000)/",42300,500,11032700,461781000000,1650,false,4.06
"MWG",142132,"/Date(1703056940000)/",42300,100,11032200,461760000000,1650,false,4.06
"MWG",142129,"/Date(1703056936000)/",42300,500,11032100,461755000000,1650,false,4.06
"MWG",142126,"/Date(1703056933000)/",42250,2300,11031600,461734000000,1600,true,3.94
"MWG",142119,"/Date(1703056926000)/",42300,500,11029300,461637000000,1650,false,4.06
"MWG",142116,"/Date(1703056923000)/",42300,9700,11028800,461616000000,1650,false,4.06
"MWG",142116,"/Date(1703056923000)/",42300,300,11019100,461206000000,1650,false,4.06
"MWG",142110,"/Date(1703056917000)/",42300,300,11018800,461193000000,1650,false,4.06
"MWG",142110,"/Date(1703056917000)/",42300,200,11018500,461180000000,1650,false,4.06
"MWG",142110,"/Date(1703056917000)/",42300,200,11018300,461172000000,1650,false,4.06
"MWG",142107,"/Date(1703056913000)/",42250,500,11018100,461163000000,1600,true,3.94
"MWG",142103,"/Date(1703056909000)/",42300,3100,11017600,461142000000,1650,false,4.06
"MWG",142103,"/Date(1703056909000)/",42300,100,11014500,461011000000,1650,false,4.06
"MWG",142103,"/Date(1703056909000)/",42300,100,11014400,461007000000,1650,false,4.06
"MWG",142103,"/Date(1703056909000)/",42300,1700,11014300,461003000000,1650,false,4.06
"MWG",142103,"/Date(1703056909000)/",42300,3000,11012600,460931000000,1650,false,4.06
"MWG",142103,"/Date(1703056909000)/",42300,300,11009600,460804000000,1650,false,4.06
"MWG",142103,"/Date(1703056909000)/",42300,100,11009300,460791000000,1650,false,4.06
"MWG",142103,"/Date(1703056909000)/",42300,100,11009200,460787000000,1650,false,4.06
"MWG",142054,"/Date(1703056902000)/",42300,700,11009100,460783000000,1650,false,4.06
"MWG",142054,"/Date(1703056900000)/",42300,100,11008400,460753000000,1650,false,4.06
"MWG",142054,"/Date(1703056899000)/",42300,500,11008300,460749000000,1650,false,4.06
"MWG",142051,"/Date(1703056896000)/",42300,400,11007800,460728000000,1650,false,4.06
"MWG",142051,"/Date(1703056896000)/",42300,200,11007400,460711000000,1650,false,4.06
"MWG",142051,"/Date(1703056896000)/",42300,500,11007200,460702000000,1650,false,4.06
"MWG",142051,"/Date(1703056896000)/",42300,100,11006700,460681000000,1650,false,4.06
"MWG",142051,"/Date(1703056896000)/",42300,100,11006600,460677000000,1650,false,4.06
"MWG",142051,"/Date(1703056896000)/",42300,100,11006500,460673000000,1650,false,4.06
"MWG",142051,"/Date(1703056896000)/",42300,600,11006400,460668000000,1650,false,4.06
"MWG",142051,"/Date(1703056896000)/",42300,3400,11005800,460643000000,1650,false,4.06
"MWG",142047,"/Date(1703056895000)/",42300,100,11002400,460499000000,1650,false,4.06
"MWG",142047,"/Date(1703056895000)/",42300,2300,11002300,460495000000,1650,false,4.06
"MWG",142044,"/Date(1703056890000)/",42300,500,11000000,460398000000,1650,false,4.06
"MWG",142041,"/Date(1703056886000)/",42300,100,10999500,460377000000,1650,false,4.06
"MWG",142035,"/Date(1703056881000)/",42300,500,10999400,460372000000,1650,false,4.06
"MWG",142031,"/Date(1703056878000)/",42300,5800,10998900,460351000000,1650,false,4.06
"MWG",142028,"/Date(1703056875000)/",42300,5000,10993100,460106000000,1650,false,4.06
"MWG",142025,"/Date(1703056872000)/",42300,500,10988100,459894000000,1650,false,4.06
"MWG",142015,"/Date(1703056863000)/",42300,500,10987600,459873000000,1650,false,4.06
"MWG",142009,"/Date(1703056854000)/",42300,500,10987100,459852000000,1650,false,4.06
"MWG",142006,"/Date(1703056851000)/",42300,300,10986600,459831000000,1650,false,4.06
"MWG",142003,"/Date(1703056848000)/",42250,500,10986300,459818000000,1600,true,3.94
"MWG",142000,"/Date(1703056846000)/",42300,1000,10985800,459797000000,1650,false,4.06
"MWG",142000,"/Date(1703056845000)/",42300,500,10984800,459755000000,1650,false,4.06
"MWG",141956,"/Date(1703056843000)/",42300,2500,10984300,459734000000,1650,false,4.06
"MWG",141956,"/Date(1703056843000)/",42300,1000,10981800,459628000000,1650,false,4.06
"MWG",141950,"/Date(1703056836000)/",42300,100,10980800,459586000000,1650,false,4.06
"MWG",141950,"/Date(1703056836000)/",42300,400,10980700,459581000000,1650,false,4.06
"MWG",141947,"/Date(1703056834000)/",42300,600,10980300,459564000000,1650,false,4.06
"MWG",141947,"/Date(1703056834000)/",42300,1500,10979700,459539000000,1650,false,4.06
"MWG",141947,"/Date(1703056834000)/",42300,500,10978200,459476000000,1650,false,4.06
"MWG",141947,"/Date(1703056834000)/",42300,100,10977700,459454000000,1650,false,4.06
"MWG",141947,"/Date(1703056834000)/",42300,4000,10977600,459450000000,1650,false,4.06
"MWG",141947,"/Date(1703056834000)/",42300,200,10973600,459281000000,1650,false,4.06
"MWG",141947,"/Date(1703056834000)/",42300,100,10973400,459273000000,1650,false,4.06
"MWG",141947,"/Date(1703056834000)/",42300,100,10973300,459268000000,1650,false,4.06
"MWG",141947,"/Date(1703056834000)/",42300,3000,10973200,459264000000,1650,false,4.06
"MWG",141947,"/Date(1703056834000)/",42300,500,10970200,459137000000,1650,false,4.06
"MWG",141947,"/Date(1703056834000)/",42300,2000,10969700,459116000000,1650,false,4.06
"MWG",141947,"/Date(1703056834000)/",42300,1000,10967700,459031000000,1650,false,4.06
"MWG",141947,"/Date(1703056834000)/",42300,500,10966700,458989000000,1650,false,4.06
"MWG",141947,"/Date(1703056834000)/",42300,100,10966200,458968000000,1650,false,4.06
"MWG",141947,"/Date(1703056834000)/",42300,1000,10966100,458964000000,1650,false,4.06
"MWG",141947,"/Date(1703056834000)/",42300,2000,10965100,458922000000,1650,false,4.06
"MWG",141947,"/Date(1703056834000)/",42300,600,10963100,458837000000,1650,false,4.06
"MWG",141947,"/Date(1703056834000)/",42300,2200,10962500,458812000000,1650,false,4.06
"MWG",141947,"/Date(1703056834000)/",42300,5000,10960300,458718000000,1650,false,4.06
"MWG",141947,"/Date(1703056834000)/",42300,1000,10955300,458507000000,1650,false,4.06
"MWG",141947,"/Date(1703056834000)/",42300,100,10954300,458465000000,1650,false,4.06
"MWG",141947,"/Date(1703056834000)/",42300,600,10954200,458460000000,1650,false,4.06
"MWG",141947,"/Date(1703056834000)/",42300,3500,10953600,458435000000,1650,false,4.06
"MWG",141947,"/Date(1703056834000)/",42300,500,10950100,458287000000,1650,false,4.06
"MWG",141947,"/Date(1703056834000)/",42300,100,10949600,458266000000,1650,false,4.06
"MWG",141947,"/Date(1703056834000)/",42300,2000,10949500,458262000000,1650,false,4.06
"MWG",141947,"/Date(1703056834000)/",42300,100,10947500,458177000000,1650,false,4.06
"MWG",141947,"/Date(1703056834000)/",42300,1000,10947400,458173000000,1650,false,4.06
"MWG",141947,"/Date(1703056834000)/",42300,1500,10946400,458130000000,1650,false,4.06
"MWG",141947,"/Date(1703056834000)/",42300,10000,10944900,458067000000,1650,false,4.06
"MWG",141947,"/Date(1703056834000)/",42300,300,10934900,457644000000,1650,false,4.06
"MWG",141947,"/Date(1703056834000)/",42300,200,10934600,457631000000,1650,false,4.06
"MWG",141947,"/Date(1703056834000)/",42300,500,10934400,457623000000,1650,false,4.06
"MWG",141947,"/Date(1703056834000)/",42300,100,10933900,457602000000,1650,false,4.06
"MWG",141947,"/Date(1703056834000)/",42300,100,10933800,457598000000,1650,false,4.06
"MWG",141947,"/Date(1703056834000)/",42300,500,10933700,457593000000,1650,false,4.06
"MWG",141947,"/Date(1703056834000)/",42300,1000,10933200,457572000000,1650,false,4.06
"MWG",141947,"/Date(1703056834000)/",42300,600,10932200,457530000000,1650,false,4.06
"MWG",141947,"/Date(1703056834000)/",42300,1300,10931600,457504000000,1650,false,4.06
"MWG",141947,"/Date(1703056834000)/",42250,1000,10930300,457449000000,1600,true,3.94
"MWG",141940,"/Date(1703056827000)/",42300,500,10929300,457407000000,1650,false,4.06
"MWG",141931,"/Date(1703056818000)/",42300,500,10928800,457386000000,1650,false,4.06
"MWG",141924,"/Date(1703056810000)/",42250,400,10928300,457365000000,1600,true,3.94
"MWG",141924,"/Date(1703056809000)/",42300,500,10927900,457348000000,1650,false,4.06
"MWG",141915,"/Date(1703056802000)/",42250,800,10927400,457327000000,1600,true,3.94
"MWG",141915,"/Date(1703056800000)/",42300,500,10926600,457293000000,1650,false,4.06
"MWG",141908,"/Date(1703056794000)/",42300,200,10926100,457272000000,1650,false,4.06
"MWG",141908,"/Date(1703056794000)/",42300,300,10925900,457263000000,1650,false,4.06
"MWG",141905,"/Date(1703056791000)/",42300,200,10925600,457251000000,1650,false,4.06
"MWG",141905,"/Date(1703056791000)/",42300,100,10925400,457242000000,1650,false,4.06
"MWG",141905,"/Date(1703056791000)/",42300,200,10925300,457238000000,1650,false,4.06
"MWG",141902,"/Date(1703056789000)/",42250,600,10925100,457230000000,1600,true,3.94
"MWG",141902,"/Date(1703056789000)/",42250,900,10924500,457204000000,1600,true,3.94
"MWG",141902,"/Date(1703056789000)/",42250,1000,10923600,457166000000,1600,true,3.94
"MWG",141902,"/Date(1703056789000)/",42250,1600,10922600,457124000000,1600,true,3.94
"MWG",141856,"/Date(1703056783000)/",42250,500,10921000,457056000000,1600,true,3.94
"MWG",141856,"/Date(1703056782000)/",42300,100,10920500,457035000000,1650,false,4.06
"MWG",141856,"/Date(1703056782000)/",42300,400,10920400,457031000000,1650,false,4.06
"MWG",141846,"/Date(1703056773000)/",42300,500,10920000,457014000000,1650,false,4.06
"MWG",141836,"/Date(1703056764000)/",42300,100,10919500,456993000000,1650,false,4.06
"MWG",141836,"/Date(1703056764000)/",42300,400,10919400,456989000000,1650,false,4.06
"MWG",141830,"/Date(1703056758000)/",42300,600,10919000,456972000000,1650,false,4.06
"MWG",141830,"/Date(1703056758000)/",42300,200,10918400,456946000000,1650,false,4.06
"MWG",141830,"/Date(1703056756000)/",42300,200,10918200,456938000000,1650,false,4.06
"MWG",141827,"/Date(1703056755000)/",42300,500,10918000,456930000000,1650,false,4.06
"MWG",141827,"/Date(1703056753000)/",42250,500,10917500,456908000000,1600,true,3.94
"MWG",141820,"/Date(1703056747000)/",42250,2400,10917000,456887000000,1600,true,3.94
"MWG",141820,"/Date(1703056747000)/",42250,500,10914600,456786000000,1600,true,3.94
"MWG",141820,"/Date(1703056746000)/",42300,300,10914100,456765000000,1650,false,4.06
"MWG",141820,"/Date(1703056746000)/",42300,200,10913800,456752000000,1650,false,4.06
"MWG",141817,"/Date(1703056745000)/",42300,800,10913600,456744000000,1650,false,4.06
"MWG",141817,"/Date(1703056745000)/",42300,1500,10912800,456710000000,1650,false,4.06
"MWG",141817,"/Date(1703056744000)/",42300,300,10911300,456646000000,1650,false,4.06
"MWG",141811,"/Date(1703056738000)/",42250,300,10911000,456634000000,1600,true,3.94
"MWG",141811,"/Date(1703056737000)/",42300,500,10910700,456621000000,1650,false,4.06
"MWG",141804,"/Date(1703056731000)/",42300,900,10910200,456600000000,1650,false,4.06
"MWG",141801,"/Date(1703056728000)/",42300,500,10909300,456562000000,1650,false,4.06
"MWG",141758,"/Date(1703056725000)/",42250,100,10908800,456541000000,1600,true,3.94
"MWG",141758,"/Date(1703056724000)/",42250,100,10908700,456536000000,1600,true,3.94
"MWG",141752,"/Date(1703056719000)/",42300,4500,10908600,456532000000,1650,false,4.06
"MWG",141752,"/Date(1703056719000)/",42300,500,10904100,456342000000,1650,false,4.06
"MWG",141752,"/Date(1703056718000)/",42250,500,10903600,456321000000,1600,true,3.94
"MWG",141749,"/Date(1703056715000)/",42300,200,10903100,456299000000,1650,false,4.06
"MWG",141749,"/Date(1703056715000)/",42300,1400,10902900,456291000000,1650,false,4.06
"MWG",141749,"/Date(1703056715000)/",42250,500,10901500,456232000000,1600,false,3.94
"MWG",141749,"/Date(1703056715000)/",42250,1000,10901000,456211000000,1600,false,3.94
"MWG",141749,"/Date(1703056715000)/",42250,2100,10900000,456168000000,1600,false,3.94
"MWG",141749,"/Date(1703056714000)/",42250,500,10897900,456080000000,1600,false,3.94
"MWG",141745,"/Date(1703056711000)/",42250,400,10897400,456059000000,1600,true,3.94
"MWG",141745,"/Date(1703056711000)/",42250,1100,10897000,456042000000,1600,true,3.94
"MWG",141745,"/Date(1703056710000)/",42250,500,10895900,455995000000,1600,true,3.94
"MWG",141745,"/Date(1703056710000)/",42250,200,10895400,455974000000,1600,true,3.94
"MWG",141745,"/Date(1703056710000)/",42250,200,10895200,455966000000,1600,true,3.94
"MWG",141742,"/Date(1703056709000)/",42250,300,10895000,455957000000,1600,true,3.94
"MWG",141742,"/Date(1703056708000)/",42300,400,10894700,455944000000,1650,false,4.06
"MWG",141742,"/Date(1703056708000)/",42300,100,10894300,455928000000,1650,false,4.06
"MWG",141742,"/Date(1703056707000)/",42250,1400,10894200,455923000000,1600,true,3.94
"MWG",141742,"/Date(1703056707000)/",42250,3600,10892800,455864000000,1600,true,3.94
"MWG",141739,"/Date(1703056704000)/",42300,700,10889200,455712000000,1650,false,4.06
"MWG",141736,"/Date(1703056703000)/",42250,1400,10888500,455682000000,1600,true,3.94
"MWG",141736,"/Date(1703056703000)/",42250,100,10887100,455623000000,1600,true,3.94
"MWG",141736,"/Date(1703056703000)/",42250,3100,10887000,455619000000,1600,true,3.94
"MWG",141736,"/Date(1703056702000)/",42250,5000,10883900,455488000000,1600,true,3.94
"MWG",141732,"/Date(1703056699000)/",42300,400,10878900,455277000000,1650,false,4.06
"MWG",141732,"/Date(1703056699000)/",42300,100,10878500,455260000000,1650,false,4.06
"MWG",141732,"/Date(1703056699000)/",42300,100,10878400,455256000000,1650,false,4.06
"MWG",141732,"/Date(1703056699000)/",42300,200,10878300,455251000000,1650,false,4.06
"MWG",141732,"/Date(1703056699000)/",42300,100,10878100,455243000000,1650,false,4.06
"MWG",141732,"/Date(1703056699000)/",42300,500,10878000,455239000000,1650,false,4.06
"MWG",141732,"/Date(1703056699000)/",42300,400,10877500,455218000000,1650,false,4.06
"MWG",141732,"/Date(1703056699000)/",42300,300,10877100,455201000000,1650,false,4.06
"MWG",141732,"/Date(1703056699000)/",42300,500,10876800,455188000000,1650,false,4.06
"MWG",141732,"/Date(1703056699000)/",42300,1000,10876300,455167000000,1650,false,4.06
"MWG",141732,"/Date(1703056699000)/",42300,600,10875300,455125000000,1650,false,4.06
"MWG",141732,"/Date(1703056699000)/",42300,3500,10874700,455099000000,1650,false,4.06
"MWG",141732,"/Date(1703056699000)/",42300,2800,10871200,454951000000,1650,false,4.06
"MWG",141726,"/Date(1703056692000)/",42300,200,10868400,454833000000,1650,false,4.06
"MWG",141726,"/Date(1703056692000)/",42300,200,10868200,454824000000,1650,false,4.06
"MWG",141723,"/Date(1703056690000)/",42300,500,10868000,454816000000,1650,false,4.06
"MWG",141720,"/Date(1703056687000)/",42300,1000,10867500,454795000000,1650,false,4.06
"MWG",141716,"/Date(1703056682000)/",42300,500,10866500,454752000000,1650,false,4.06
"MWG",141710,"/Date(1703056676000)/",42300,200,10866000,454731000000,1650,false,4.06
"MWG",141707,"/Date(1703056672000)/",42300,500,10865800,454723000000,1650,false,4.06
"MWG",141700,"/Date(1703056665000)/",42250,1000,10865300,454702000000,1600,true,3.94
"MWG",141657,"/Date(1703056663000)/",42300,500,10864300,454659000000,1650,false,4.06
"MWG",141657,"/Date(1703056663000)/",42300,600,10863800,454638000000,1650,false,4.06
"MWG",141657,"/Date(1703056663000)/",42300,1000,10863200,454613000000,1650,false,4.06
"MWG",141657,"/Date(1703056663000)/",42300,600,10862200,454571000000,1650,false,4.06
"MWG",141648,"/Date(1703056655000)/",42300,200,10861600,454545000000,1650,false,4.06
"MWG",141648,"/Date(1703056655000)/",42300,300,10861400,454537000000,1650,false,4.06
"MWG",141644,"/Date(1703056652000)/",42250,500,10861100,454524000000,1600,true,3.94
"MWG",141641,"/Date(1703056647000)/",42300,3000,10860600,454503000000,1650,false,4.06
"MWG",141641,"/Date(1703056647000)/",42300,1700,10857600,454376000000,1650,false,4.06
"MWG",141641,"/Date(1703056647000)/",42300,1700,10855900,454304000000,1650,false,4.06
"MWG",141641,"/Date(1703056647000)/",42300,1100,10854200,454232000000,1650,false,4.06
"MWG",141641,"/Date(1703056647000)/",42300,1000,10853100,454186000000,1650,false,4.06
"MWG",141641,"/Date(1703056647000)/",42300,1000,10852100,454143000000,1650,false,4.06
"MWG",141641,"/Date(1703056647000)/",42300,100,10851100,454101000000,1650,false,4.06
"MWG",141641,"/Date(1703056647000)/",42300,1000,10851000,454097000000,1650,false,4.06
"MWG",141641,"/Date(1703056647000)/",42300,1000,10850000,454054000000,1650,false,4.06
"MWG",141641,"/Date(1703056647000)/",42300,300,10849000,454012000000,1650,false,4.06
"MWG",141641,"/Date(1703056647000)/",42300,300,10848700,453999000000,1650,false,4.06
"MWG",141641,"/Date(1703056647000)/",42300,200,10848400,453987000000,1650,false,4.06
"MWG",141641,"/Date(1703056647000)/",42300,600,10848200,453978000000,1650,false,4.06
"MWG",141638,"/Date(1703056645000)/",42300,400,10847600,453953000000,1650,false,4.06
"MWG",141638,"/Date(1703056645000)/",42300,100,10847200,453936000000,1650,false,4.06
"MWG",141635,"/Date(1703056642000)/",42300,1000,10847100,453932000000,1650,false,4.06
"MWG",141635,"/Date(1703056642000)/",42300,200,10846100,453890000000,1650,false,4.06
"MWG",141635,"/Date(1703056642000)/",42300,7000,10845900,453881000000,1650,false,4.06
"MWG",141635,"/Date(1703056642000)/",42300,100,10838900,453585000000,1650,false,4.06
"MWG",141635,"/Date(1703056642000)/",42300,1000,10838800,453581000000,1650,false,4.06
"MWG",141635,"/Date(1703056642000)/",42300,700,10837800,453538000000,1650,false,4.06
"MWG",141635,"/Date(1703056641000)/",42250,400,10837100,453509000000,1600,true,3.94
"MWG",141635,"/Date(1703056641000)/",42250,200,10836700,453492000000,1600,true,3.94
"MWG",141635,"/Date(1703056641000)/",42250,2000,10836500,453483000000,1600,true,3.94
"MWG",141635,"/Date(1703056641000)/",42250,2400,10834500,453399000000,1600,true,3.94
"MWG",141632,"/Date(1703056638000)/",42300,100,10832100,453298000000,1650,false,4.06
"MWG",141632,"/Date(1703056638000)/",42250,1500,10832000,453293000000,1600,true,3.94
"MWG",141632,"/Date(1703056637000)/",42300,300,10830500,453230000000,1650,false,4.06
"MWG",141632,"/Date(1703056636000)/",42300,500,10830200,453217000000,1650,false,4.06
"MWG",141622,"/Date(1703056627000)/",42300,600,10829700,453196000000,1650,false,4.06
"MWG",141616,"/Date(1703056620000)/",42250,200,10829100,453171000000,1600,true,3.94
"MWG",141612,"/Date(1703056620000)/",42250,100,10828900,453162000000,1600,true,3.94
"MWG",141612,"/Date(1703056618000)/",42300,500,10828800,453158000000,1650,false,4.06
"MWG",141609,"/Date(1703056616000)/",42250,5000,10828300,453137000000,1600,true,3.94
"MWG",141606,"/Date(1703056612000)/",42250,800,10823300,452926000000,1600,true,3.94
"MWG",141603,"/Date(1703056609000)/",42300,500,10822500,452892000000,1650,false,4.06
"MWG",141559,"/Date(1703056605000)/",42300,400,10822000,452871000000,1650,false,4.06
"MWG",141553,"/Date(1703056600000)/",42300,500,10821600,452854000000,1650,false,4.06
"MWG",141553,"/Date(1703056599000)/",42300,3500,10821100,452833000000,1650,false,4.06
"MWG",141543,"/Date(1703056590000)/",42300,500,10817600,452685000000,1650,true,4.06
"MWG",141543,"/Date(1703056590000)/",42300,500,10817100,452663000000,1650,true,4.06
"MWG",141543,"/Date(1703056590000)/",42300,1400,10816600,452642000000,1650,true,4.06
"MWG",141543,"/Date(1703056589000)/",42300,3600,10815200,452583000000,1650,true,4.06
"MWG",141543,"/Date(1703056589000)/",42300,100,10811600,452431000000,1650,true,4.06
"MWG",141543,"/Date(1703056589000)/",42300,300,10811500,452427000000,1650,true,4.06
"MWG",141543,"/Date(1703056589000)/",42300,1700,10811200,452414000000,1650,true,4.06
"MWG",141543,"/Date(1703056589000)/",42300,200,10809500,452342000000,1650,true,4.06
"MWG",141540,"/Date(1703056587000)/",42300,500,10809300,452333000000,1650,true,4.06
"MWG",141537,"/Date(1703056583000)/",42350,500,10808800,452312000000,1700,false,4.18
"MWG",141534,"/Date(1703056581000)/",42300,600,10808300,452291000000,1650,true,4.06
"MWG",141534,"/Date(1703056581000)/",42300,3500,10807700,452266000000,1650,true,4.06
"MWG",141534,"/Date(1703056580000)/",42300,1000,10804200,452118000000,1650,true,4.06
"MWG",141534,"/Date(1703056579000)/",42300,2500,10803200,452075000000,1650,true,4.06
"MWG",141534,"/Date(1703056579000)/",42300,100,10800700,451970000000,1650,true,4.06
"MWG",141534,"/Date(1703056579000)/",42300,1000,10800600,451965000000,1650,true,4.06
"MWG",141531,"/Date(1703056578000)/",42300,1900,10799600,451923000000,1650,true,4.06
"MWG",141531,"/Date(1703056576000)/",42350,5000,10797700,451843000000,1700,false,4.18
"MWG",141531,"/Date(1703056576000)/",42300,2100,10792700,451631000000,1650,true,4.06
"MWG",141531,"/Date(1703056576000)/",42300,3600,10790600,451542000000,1650,true,4.06
"MWG",141527,"/Date(1703056574000)/",42350,500,10787000,451390000000,1700,false,4.18
"MWG",141524,"/Date(1703056569000)/",42300,1400,10786500,451369000000,1650,true,4.06
"MWG",141524,"/Date(1703056569000)/",42300,1000,10785100,451310000000,1650,true,4.06
"MWG",141524,"/Date(1703056569000)/",42300,1800,10784100,451267000000,1650,true,4.06
"MWG",141524,"/Date(1703056569000)/",42300,5000,10782300,451191000000,1650,true,4.06
"MWG",141518,"/Date(1703056564000)/",42350,100,10777300,450980000000,1700,false,4.18
"MWG",141518,"/Date(1703056564000)/",42350,500,10777200,450975000000,1700,false,4.18
"MWG",141515,"/Date(1703056560000)/",42350,200,10776700,450954000000,1700,false,4.18
"MWG",141515,"/Date(1703056560000)/",42350,100,10776500,450946000000,1700,false,4.18
"MWG",141508,"/Date(1703056555000)/",42350,500,10776400,450941000000,1700,false,4.18
"MWG",141459,"/Date(1703056546000)/",42350,500,10775900,450920000000,1700,false,4.18
"MWG",141456,"/Date(1703056543000)/",42300,1900,10775400,450899000000,1650,true,4.06
"MWG",141456,"/Date(1703056542000)/",42350,5000,10773500,450819000000,1700,false,4.18
"MWG",141452,"/Date(1703056538000)/",42350,3900,10768500,450607000000,1700,false,4.18
"MWG",141452,"/Date(1703056538000)/",42350,1000,10764600,450442000000,1700,false,4.18
"MWG",141452,"/Date(1703056538000)/",42350,100,10763600,450399000000,1700,false,4.18
"MWG",141452,"/Date(1703056537000)/",42350,500,10763500,450395000000,1700,false,4.18
"MWG",141452,"/Date(1703056537000)/",42350,100,10763000,450374000000,1700,false,4.18
"MWG",141443,"/Date(1703056530000)/",42350,300,10762900,450370000000,1700,false,4.18
"MWG",141443,"/Date(1703056528000)/",42350,500,10762600,450357000000,1700,false,4.18
"MWG",141440,"/Date(1703056526000)/",42350,2600,10762100,450336000000,1700,false,4.18
"MWG",141440,"/Date(1703056526000)/",42350,7900,10759500,450226000000,1700,false,4.18
"MWG",141440,"/Date(1703056526000)/",42350,3000,10751600,449891000000,1700,false,4.18
"MWG",141440,"/Date(1703056526000)/",42350,1400,10748600,449764000000,1700,false,4.18
"MWG",141440,"/Date(1703056526000)/",42350,5100,10747200,449705000000,1700,false,4.18
"MWG",141436,"/Date(1703056523000)/",42300,500,10742100,449489000000,1650,true,4.06
"MWG",141436,"/Date(1703056523000)/",42300,800,10741600,449468000000,1650,true,4.06
"MWG",141436,"/Date(1703056523000)/",42300,300,10740800,449434000000,1650,true,4.06
"MWG",141436,"/Date(1703056523000)/",42300,900,10740500,449421000000,1650,true,4.06
"MWG",141436,"/Date(1703056522000)/",42300,1000,10739600,449383000000,1650,true,4.06
"MWG",141436,"/Date(1703056521000)/",42300,300,10738600,449341000000,1650,true,4.06
"MWG",141433,"/Date(1703056521000)/",42350,2800,10738300,449328000000,1700,false,4.18
"MWG",141433,"/Date(1703056521000)/",42350,500,10735500,449210000000,1700,false,4.18
"MWG",141433,"/Date(1703056521000)/",42350,2000,10735000,449188000000,1700,false,4.18
"MWG",141433,"/Date(1703056521000)/",42350,100,10733000,449104000000,1700,false,4.18
"MWG",141433,"/Date(1703056521000)/",42350,200,10732900,449100000000,1700,false,4.18
"MWG",141433,"/Date(1703056521000)/",42350,7900,10732700,449091000000,1700,false,4.18
"MWG",141433,"/Date(1703056521000)/",42350,6500,10724800,448757000000,1700,false,4.18
"MWG",141433,"/Date(1703056519000)/",42350,500,10718300,448481000000,1700,false,4.18
"MWG",141433,"/Date(1703056519000)/",42300,1000,10717800,448460000000,1650,true,4.06
"MWG",141433,"/Date(1703056518000)/",42350,3000,10716800,448418000000,1700,false,4.18
"MWG",141433,"/Date(1703056518000)/",42350,5000,10713800,448291000000,1700,false,4.18
"MWG",141433,"/Date(1703056518000)/",42350,300,10708800,448079000000,1700,false,4.18
"MWG",141433,"/Date(1703056518000)/",42350,100,10708500,448066000000,1700,false,4.18
"MWG",141433,"/Date(1703056518000)/",42350,400,10708400,448062000000,1700,false,4.18
"MWG",141433,"/Date(1703056518000)/",42350,600,10708000,448045000000,1700,false,4.18
"MWG",141433,"/Date(1703056518000)/",42350,3500,10707400,448020000000,1700,false,4.18
"MWG",141433,"/Date(1703056518000)/",42350,7100,10703900,447871000000,1700,false,4.18
"MWG",141430,"/Date(1703056517000)/",42300,1000,10696800,447571000000,1650,true,4.06
"MWG",141430,"/Date(1703056514000)/",42300,100,10695800,447528000000,1650,true,4.06
"MWG",141424,"/Date(1703056509000)/",42300,500,10695700,447524000000,1650,true,4.06
"MWG",141424,"/Date(1703056508000)/",42300,1900,10695200,447503000000,1650,true,4.06
"MWG",141420,"/Date(1703056508000)/",42300,1900,10693300,447423000000,1650,true,4.06
"MWG",141417,"/Date(1703056505000)/",42300,11500,10691400,447342000000,1650,true,4.06
"MWG",141417,"/Date(1703056505000)/",42300,2000,10679900,446856000000,1650,true,4.06
"MWG",141417,"/Date(1703056505000)/",42300,500,10677900,446771000000,1650,true,4.06
"MWG",141417,"/Date(1703056503000)/",42300,100,10677400,446750000000,1650,true,4.06
"MWG",141414,"/Date(1703056499000)/",42300,100,10677300,446746000000,1650,true,4.06
"MWG",141414,"/Date(1703056499000)/",42350,500,10677200,446742000000,1700,false,4.18
"MWG",141411,"/Date(1703056498000)/",42300,400,10676700,446721000000,1650,true,4.06
"MWG",141411,"/Date(1703056496000)/",42300,300,10676300,446704000000,1650,true,4.06
"MWG",141411,"/Date(1703056495000)/",42300,600,10676000,446691000000,1650,true,4.06
"MWG",141411,"/Date(1703056495000)/",42300,100,10675400,446666000000,1650,true,4.06
"MWG",141411,"/Date(1703056495000)/",42300,900,10675300,446661000000,1650,true,4.06
"MWG",141411,"/Date(1703056495000)/",42300,100,10674400,446623000000,1650,true,4.06
"MWG",141411,"/Date(1703056495000)/",42300,200,10674300,446619000000,1650,true,4.06
"MWG",141411,"/Date(1703056495000)/",42300,1000,10674100,446611000000,1650,true,4.06
"MWG",141411,"/Date(1703056495000)/",42300,100,10673100,446568000000,1650,true,4.06
"MWG",141411,"/Date(1703056495000)/",42300,3700,10673000,446564000000,1650,true,4.06
"MWG",141408,"/Date(1703056494000)/",42300,6300,10669300,446407000000,1650,true,4.06
"MWG",141408,"/Date(1703056494000)/",42300,1600,10663000,446141000000,1650,true,4.06
"MWG",141408,"/Date(1703056493000)/",42300,500,10661400,446073000000,1650,true,4.06
"MWG",141408,"/Date(1703056492000)/",42300,100,10660900,446052000000,1650,true,4.06
"MWG",141404,"/Date(1703056490000)/",42350,400,10660800,446048000000,1700,false,4.18
"MWG",141355,"/Date(1703056482000)/",42350,500,10660400,446031000000,1700,false,4.18
"MWG",141355,"/Date(1703056482000)/",42350,100,10659900,446010000000,1700,false,4.18
"MWG",141355,"/Date(1703056481000)/",42300,1000,10659800,446006000000,1650,true,4.06
"MWG",141349,"/Date(1703056473000)/",42350,500,10658800,445963000000,1700,false,4.18
"MWG",141339,"/Date(1703056463000)/",42350,500,10658300,445942000000,1700,false,4.18
"MWG",141336,"/Date(1703056461000)/",42300,100,10657800,445921000000,1650,true,4.06
"MWG",141332,"/Date(1703056460000)/",42350,200,10657700,445917000000,1700,false,4.18
"MWG",141332,"/Date(1703056457000)/",42300,500,10657500,445908000000,1650,true,4.06
"MWG",141329,"/Date(1703056457000)/",42350,2000,10657000,445887000000,1700,false,4.18
"MWG",141329,"/Date(1703056455000)/",42350,500,10655000,445802000000,1700,false,4.18
"MWG",141326,"/Date(1703056453000)/",42300,1000,10654500,445781000000,1650,true,4.06
"MWG",141320,"/Date(1703056446000)/",42350,500,10653500,445739000000,1700,false,4.18
"MWG",141320,"/Date(1703056446000)/",42300,200,10653000,445718000000,1650,true,4.06
"MWG",141317,"/Date(1703056443000)/",42300,5000,10652800,445709000000,1650,true,4.06
"MWG",141317,"/Date(1703056443000)/",42300,500,10647800,445498000000,1650,true,4.06
"MWG",141317,"/Date(1703056443000)/",42300,4500,10647300,445477000000,1650,true,4.06
"MWG",141317,"/Date(1703056441000)/",42350,700,10642800,445286000000,1700,false,4.18
"MWG",141317,"/Date(1703056441000)/",42350,3000,10642100,445257000000,1700,false,4.18
"MWG",141317,"/Date(1703056441000)/",42350,100,10639100,445130000000,1700,false,4.18
"MWG",141317,"/Date(1703056441000)/",42350,1000,10639000,445125000000,1700,false,4.18
"MWG",141317,"/Date(1703056441000)/",42350,200,10638000,445083000000,1700,false,4.18
"MWG",141310,"/Date(1703056437000)/",42350,100,10637800,445075000000,1700,false,4.18
"MWG",141310,"/Date(1703056437000)/",42350,1000,10637700,445070000000,1700,false,4.18
"MWG",141310,"/Date(1703056437000)/",42350,100,10636700,445028000000,1700,false,4.18
"MWG",141310,"/Date(1703056437000)/",42350,100,10636600,445024000000,1700,false,4.18
"MWG",141310,"/Date(1703056437000)/",42350,100,10636500,445019000000,1700,false,4.18
"MWG",141310,"/Date(1703056437000)/",42350,100,10636400,445015000000,1700,false,4.18
"MWG",141310,"/Date(1703056437000)/",42350,200,10636300,445011000000,1700,false,4.18
"MWG",141310,"/Date(1703056437000)/",42350,600,10636100,445003000000,1700,false,4.18
"MWG",141310,"/Date(1703056437000)/",42350,100,10635500,444977000000,1700,false,4.18
"MWG",141310,"/Date(1703056437000)/",42350,100,10635400,444973000000,1700,false,4.18
"MWG",141310,"/Date(1703056437000)/",42350,100,10635300,444969000000,1700,false,4.18
"MWG",141310,"/Date(1703056437000)/",42350,300,10635200,444964000000,1700,false,4.18
"MWG",141310,"/Date(1703056437000)/",42350,1100,10634900,444952000000,1700,false,4.18
"MWG",141310,"/Date(1703056437000)/",42350,200,10633800,444905000000,1700,false,4.18
"MWG",141310,"/Date(1703056437000)/",42350,1000,10633600,444897000000,1700,false,4.18
"MWG",141310,"/Date(1703056437000)/",42350,100,10632600,444854000000,1700,false,4.18
"MWG",141310,"/Date(1703056437000)/",42350,200,10632500,444850000000,1700,false,4.18
"MWG",141310,"/Date(1703056437000)/",42350,100,10632300,444842000000,1700,false,4.18
"MWG",141310,"/Date(1703056437000)/",42350,100,10632200,444837000000,1700,false,4.18
"MWG",141310,"/Date(1703056437000)/",42350,1000,10632100,444833000000,1700,false,4.18
"MWG",141310,"/Date(1703056437000)/",42350,100,10631100,444791000000,1700,false,4.18
"MWG",141310,"/Date(1703056437000)/",42350,1000,10631000,444787000000,1700,false,4.18
"MWG",141310,"/Date(1703056437000)/",42350,800,10630000,444744000000,1700,false,4.18
"MWG",141310,"/Date(1703056436000)/",42350,500,10629200,444710000000,1700,false,4.18
"MWG",141301,"/Date(1703056427000)/",42350,600,10628700,444689000000,1700,false,4.18
"MWG",141257,"/Date(1703056423000)/",42350,100,10628100,444664000000,1700,false,4.18
"MWG",141257,"/Date(1703056423000)/",42350,200,10628000,444659000000,1700,false,4.18
"MWG",141257,"/Date(1703056422000)/",42300,800,10627800,444651000000,1650,true,4.06
"MWG",141254,"/Date(1703056420000)/",42350,400,10627000,444617000000,1700,false,4.18
"MWG",141254,"/Date(1703056418000)/",42350,500,10626600,444600000000,1700,false,4.18
"MWG",141245,"/Date(1703056409000)/",42350,200,10626100,444579000000,1700,false,4.18
"MWG",141245,"/Date(1703056409000)/",42350,100,10625900,444571000000,1700,false,4.18
"MWG",141245,"/Date(1703056409000)/",42350,300,10625800,444566000000,1700,false,4.18
"MWG",141241,"/Date(1703056407000)/",42350,600,10625500,444554000000,1700,false,4.18
"MWG",141241,"/Date(1703056407000)/",42350,800,10624900,444528000000,1700,false,4.18
"MWG",141241,"/Date(1703056407000)/",42350,100,10624100,444494000000,1700,false,4.18
"MWG",141241,"/Date(1703056407000)/",42350,300,10624000,444490000000,1700,false,4.18
"MWG",141241,"/Date(1703056407000)/",42350,1500,10623700,444477000000,1700,false,4.18
"MWG",141241,"/Date(1703056407000)/",42350,100,10622200,444414000000,1700,false,4.18
"MWG",141241,"/Date(1703056407000)/",42350,500,10622100,444410000000,1700,false,4.18
"MWG",141241,"/Date(1703056407000)/",42350,3000,10621600,444388000000,1700,false,4.18
"MWG",141241,"/Date(1703056407000)/",42350,1000,10618600,444261000000,1700,false,4.18
"MWG",141241,"/Date(1703056407000)/",42350,500,10617600,444219000000,1700,false,4.18
"MWG",141241,"/Date(1703056407000)/",42350,100,10617100,444198000000,1700,false,4.18
"MWG",141241,"/Date(1703056407000)/",42350,100,10617000,444194000000,1700,false,4.18
"MWG",141241,"/Date(1703056407000)/",42350,100,10616900,444189000000,1700,false,4.18
"MWG",141241,"/Date(1703056407000)/",42350,400,10616800,444185000000,1700,false,4.18
"MWG",141241,"/Date(1703056407000)/",42350,500,10616400,444168000000,1700,false,4.18
"MWG",141241,"/Date(1703056407000)/",42350,100,10615900,444147000000,1700,false,4.18
"MWG",141241,"/Date(1703056407000)/",42350,300,10615800,444143000000,1700,false,4.18
"MWG",141241,"/Date(1703056407000)/",42350,200,10615500,444130000000,1700,false,4.18
"MWG",141241,"/Date(1703056407000)/",42350,2000,10615300,444122000000,1700,false,4.18
"MWG",141241,"/Date(1703056407000)/",42350,100,10613300,444037000000,1700,false,4.18
"MWG",141241,"/Date(1703056407000)/",42350,100,10613200,444033000000,1700,false,4.18
"MWG",141241,"/Date(1703056407000)/",42350,1500,10613100,444029000000,1700,false,4.18
"MWG",141241,"/Date(1703056407000)/",42350,100,10611600,443965000000,1700,false,4.18
"MWG",141241,"/Date(1703056407000)/",42350,500,10611500,443961000000,1700,false,4.18
"MWG",141241,"/Date(1703056407000)/",42350,100,10611000,443940000000,1700,false,4.18
"MWG",141241,"/Date(1703056407000)/",42350,100,10610900,443935000000,1700,false,4.18
"MWG",141241,"/Date(1703056407000)/",42350,2000,10610800,443931000000,1700,false,4.18
"MWG",141241,"/Date(1703056407000)/",42350,100,10608800,443846000000,1700,false,4.18
"MWG",141241,"/Date(1703056407000)/",42350,3200,10608700,443842000000,1700,false,4.18
"MWG",141238,"/Date(1703056403000)/",42300,100,10605500,443707000000,1650,true,4.06
"MWG",141235,"/Date(1703056402000)/",42350,500,10605400,443702000000,1700,false,4.18
"MWG",141225,"/Date(1703056392000)/",42300,500,10604900,443681000000,1650,true,4.06
"MWG",141225,"/Date(1703056392000)/",42350,200,10604400,443660000000,1700,false,4.18
"MWG",141225,"/Date(1703056392000)/",42350,100,10604200,443652000000,1700,false,4.18
"MWG",141225,"/Date(1703056392000)/",42350,100,10604100,443647000000,1700,false,4.18
"MWG",141225,"/Date(1703056392000)/",42350,500,10604000,443643000000,1700,false,4.18
"MWG",141225,"/Date(1703056392000)/",42350,5000,10603500,443622000000,1700,false,4.18
"MWG",141225,"/Date(1703056392000)/",42350,100,10598500,443410000000,1700,false,4.18
"MWG",141225,"/Date(1703056392000)/",42350,100,10598400,443406000000,1700,false,4.18
"MWG",141225,"/Date(1703056392000)/",42350,3000,10598300,443402000000,1700,false,4.18
"MWG",141225,"/Date(1703056392000)/",42350,100,10595300,443275000000,1700,false,4.18
"MWG",141225,"/Date(1703056392000)/",42350,200,10595200,443270000000,1700,false,4.18
"MWG",141225,"/Date(1703056392000)/",42350,200,10595000,443262000000,1700,false,4.18
"MWG",141225,"/Date(1703056392000)/",42350,4000,10594800,443254000000,1700,false,4.18
"MWG",141225,"/Date(1703056392000)/",42350,6400,10590800,443084000000,1700,false,4.18
"MWG",141225,"/Date(1703056392000)/",42350,500,10584400,442813000000,1700,false,4.18
"MWG",141219,"/Date(1703056384000)/",42300,300,10583900,442792000000,1650,true,4.06
"MWG",141216,"/Date(1703056382000)/",42300,100,10583600,442779000000,1650,true,4.06
"MWG",141216,"/Date(1703056382000)/",42300,100,10583500,442775000000,1650,true,4.06
"MWG",141216,"/Date(1703056382000)/",42300,1000,10583400,442771000000,1650,true,4.06
"MWG",141216,"/Date(1703056382000)/",42300,200,10582400,442728000000,1650,true,4.06
"MWG",141216,"/Date(1703056382000)/",42300,100,10582200,442720000000,1650,true,4.06
"MWG",141216,"/Date(1703056382000)/",42300,100,10582100,442716000000,1650,true,4.06
"MWG",141216,"/Date(1703056382000)/",42300,100,10582000,442712000000,1650,true,4.06
"MWG",141216,"/Date(1703056382000)/",42300,500,10581900,442707000000,1650,true,4.06
"MWG",141216,"/Date(1703056382000)/",42300,100,10581400,442686000000,1650,true,4.06
"MWG",141216,"/Date(1703056382000)/",42300,100,10581300,442682000000,1650,true,4.06
"MWG",141216,"/Date(1703056382000)/",42300,300,10581200,442678000000,1650,true,4.06
"MWG",141216,"/Date(1703056382000)/",42300,100,10580900,442665000000,1650,true,4.06
"MWG",141216,"/Date(1703056382000)/",42300,1000,10580800,442661000000,1650,true,4.06
"MWG",141216,"/Date(1703056382000)/",42300,100,10579800,442618000000,1650,true,4.06
"MWG",141216,"/Date(1703056382000)/",42300,100,10579700,442614000000,1650,true,4.06
"MWG",141216,"/Date(1703056382000)/",42300,300,10579600,442610000000,1650,true,4.06
"MWG",141216,"/Date(1703056382000)/",42300,500,10579300,442597000000,1650,true,4.06
"MWG",141209,"/Date(1703056376000)/",42300,200,10578800,442576000000,1650,false,4.06
"MWG",141209,"/Date(1703056376000)/",42300,100,10578600,442568000000,1650,false,4.06
"MWG",141209,"/Date(1703056376000)/",42300,300,10578500,442564000000,1650,false,4.06
"MWG",141209,"/Date(1703056376000)/",42300,200,10578200,442551000000,1650,false,4.06
"MWG",141209,"/Date(1703056376000)/",42300,500,10578000,442542000000,1650,false,4.06
"MWG",141209,"/Date(1703056376000)/",42300,500,10577500,442521000000,1650,false,4.06
"MWG",141209,"/Date(1703056376000)/",42300,100,10577000,442500000000,1650,false,4.06
"MWG",141209,"/Date(1703056376000)/",42300,1500,10576900,442496000000,1650,false,4.06
"MWG",141209,"/Date(1703056376000)/",42300,100,10575400,442432000000,1650,false,4.06
"MWG",141209,"/Date(1703056376000)/",42300,1000,10575300,442428000000,1650,false,4.06
"MWG",141209,"/Date(1703056376000)/",42300,200,10574300,442386000000,1650,false,4.06
"MWG",141209,"/Date(1703056376000)/",42300,100,10574100,442377000000,1650,false,4.06
"MWG",141209,"/Date(1703056376000)/",42300,100,10574000,442373000000,1650,false,4.06
"MWG",141209,"/Date(1703056376000)/",42300,100,10573900,442369000000,1650,false,4.06
"MWG",141209,"/Date(1703056376000)/",42300,100,10573800,442365000000,1650,false,4.06
"MWG",141209,"/Date(1703056376000)/",42300,100,10573700,442360000000,1650,false,4.06
"MWG",141209,"/Date(1703056376000)/",42300,2000,10573600,442356000000,1650,false,4.06
"MWG",141209,"/Date(1703056376000)/",42300,500,10571600,442272000000,1650,false,4.06
"MWG",141209,"/Date(1703056376000)/",42300,100,10571100,442250000000,1650,false,4.06
"MWG",141209,"/Date(1703056376000)/",42300,4000,10571000,442246000000,1650,false,4.06
"MWG",141209,"/Date(1703056376000)/",42300,100,10567000,442077000000,1650,false,4.06
"MWG",141209,"/Date(1703056376000)/",42300,300,10566900,442073000000,1650,false,4.06
"MWG",141209,"/Date(1703056376000)/",42300,200,10566600,442060000000,1650,false,4.06
"MWG",141209,"/Date(1703056376000)/",42300,200,10566400,442052000000,1650,false,4.06
"MWG",141209,"/Date(1703056376000)/",42300,1100,10566200,442043000000,1650,false,4.06
"MWG",141209,"/Date(1703056376000)/",42300,200,10565100,441997000000,1650,false,4.06
"MWG",141209,"/Date(1703056376000)/",42300,200,10564900,441988000000,1650,false,4.06
"MWG",141209,"/Date(1703056376000)/",42300,100,10564700,441980000000,1650,false,4.06
"MWG",141209,"/Date(1703056376000)/",42300,500,10564600,441976000000,1650,false,4.06
"MWG",141209,"/Date(1703056376000)/",42300,500,10564100,441954000000,1650,false,4.06
"MWG",141209,"/Date(1703056376000)/",42300,100,10563600,441933000000,1650,false,4.06
"MWG",141209,"/Date(1703056376000)/",42300,7000,10563500,441929000000,1650,false,4.06
"MWG",141209,"/Date(1703056376000)/",42300,600,10556500,441633000000,1650,false,4.06
"MWG",141209,"/Date(1703056376000)/",42300,30600,10555900,441608000000,1650,false,4.06
"MWG",141209,"/Date(1703056376000)/",42300,300,10525300,440313000000,1650,false,4.06
"MWG",141209,"/Date(1703056376000)/",42300,200,10525000,440300000000,1650,false,4.06
"MWG",141209,"/Date(1703056376000)/",42300,300,10524800,440292000000,1650,false,4.06
"MWG",141209,"/Date(1703056376000)/",42300,100,10524500,440279000000,1650,false,4.06
"MWG",141209,"/Date(1703056376000)/",42300,300,10524400,440275000000,1650,false,4.06
"MWG",141209,"/Date(1703056376000)/",42300,500,10524100,440262000000,1650,false,4.06
"MWG",141209,"/Date(1703056376000)/",42300,100,10523600,440241000000,1650,false,4.06
"MWG",141209,"/Date(1703056376000)/",42300,100,10523500,440237000000,1650,false,4.06
"MWG",141209,"/Date(1703056376000)/",42300,100,10523400,440233000000,1650,false,4.06
"MWG",141209,"/Date(1703056376000)/",42300,300,10523300,440229000000,1650,false,4.06
"MWG",141209,"/Date(1703056376000)/",42300,7900,10523000,440216000000,1650,false,4.06
"MWG",141209,"/Date(1703056376000)/",42300,100,10515100,439882000000,1650,false,4.06
"MWG",141209,"/Date(1703056376000)/",42300,5000,10515000,439877000000,1650,false,4.06
"MWG",141209,"/Date(1703056376000)/",42300,100,10510000,439666000000,1650,false,4.06
"MWG",141209,"/Date(1703056376000)/",42300,4000,10509900,439662000000,1650,false,4.06
"MWG",141209,"/Date(1703056376000)/",42300,200,10505900,439493000000,1650,false,4.06
"MWG",141209,"/Date(1703056376000)/",42300,100,10505700,439484000000,1650,false,4.06
"MWG",141209,"/Date(1703056376000)/",42300,3000,10505600,439480000000,1650,false,4.06
"MWG",141209,"/Date(1703056376000)/",42300,100,10502600,439353000000,1650,false,4.06
"MWG",141209,"/Date(1703056376000)/",42300,3500,10502500,439349000000,1650,false,4.06
"MWG",141209,"/Date(1703056376000)/",42300,600,10499000,439201000000,1650,false,4.06
"MWG",141209,"/Date(1703056376000)/",42300,7900,10498400,439175000000,1650,false,4.06
"MWG",141209,"/Date(1703056376000)/",42300,1000,10490500,438841000000,1650,false,4.06
"MWG",141209,"/Date(1703056376000)/",42300,100,10489500,438799000000,1650,false,4.06
"MWG",141209,"/Date(1703056376000)/",42300,100,10489400,438795000000,1650,false,4.06
"MWG",141209,"/Date(1703056376000)/",42300,39500,10489300,438790000000,1650,false,4.06
"MWG",141209,"/Date(1703056376000)/",42300,300,10449800,437119000000,1650,false,4.06
"MWG",141209,"/Date(1703056376000)/",42300,100,10449500,437107000000,1650,false,4.06
"MWG",141209,"/Date(1703056376000)/",42300,100,10449400,437103000000,1650,false,4.06
"MWG",141209,"/Date(1703056376000)/",42300,200,10449300,437098000000,1650,false,4.06
"MWG",141209,"/Date(1703056376000)/",42300,500,10449100,437090000000,1650,false,4.06
"MWG",141209,"/Date(1703056376000)/",42300,1000,10448600,437069000000,1650,false,4.06
"MWG",141209,"/Date(1703056376000)/",42300,1500,10447600,437026000000,1650,false,4.06
"MWG",141209,"/Date(1703056376000)/",42300,20000,10446100,436963000000,1650,false,4.06
"MWG",141209,"/Date(1703056376000)/",42300,200,10426100,436117000000,1650,false,4.06
"MWG",141209,"/Date(1703056376000)/",42300,3000,10425900,436109000000,1650,false,4.06
"MWG",141209,"/Date(1703056376000)/",42300,1500,10422900,435982000000,1650,false,4.06
"MWG",141209,"/Date(1703056376000)/",42300,100,10421400,435918000000,1650,false,4.06
"MWG",141209,"/Date(1703056376000)/",42300,2000,10421300,435914000000,1650,false,4.06
"MWG",141209,"/Date(1703056376000)/",42300,300,10419300,435829000000,1650,false,4.06
"MWG",141209,"/Date(1703056376000)/",42300,500,10419000,435817000000,1650,false,4.06
"MWG",141209,"/Date(1703056376000)/",42300,5000,10418500,435796000000,1650,false,4.06
"MWG",141209,"/Date(1703056376000)/",42300,100,10413500,435584000000,1650,false,4.06
"MWG",141209,"/Date(1703056376000)/",42300,1000,10413400,435580000000,1650,false,4.06
"MWG",141209,"/Date(1703056376000)/",42300,1000,10412400,435537000000,1650,false,4.06
"MWG",141209,"/Date(1703056376000)/",42300,100,10411400,435495000000,1650,false,4.06
"MWG",141209,"/Date(1703056376000)/",42300,100,10411300,435491000000,1650,false,4.06
"MWG",141209,"/Date(1703056376000)/",42300,1500,10411200,435487000000,1650,false,4.06
"MWG",141209,"/Date(1703056376000)/",42300,200,10409700,435423000000,1650,false,4.06
"MWG",141209,"/Date(1703056376000)/",42300,200,10409500,435415000000,1650,false,4.06
"MWG",141209,"/Date(1703056376000)/",42300,300,10409300,435406000000,1650,false,4.06
"MWG",141209,"/Date(1703056376000)/",42300,100,10409000,435394000000,1650,false,4.06
"MWG",141209,"/Date(1703056376000)/",42300,100,10408900,435389000000,1650,false,4.06
"MWG",141209,"/Date(1703056376000)/",42300,500,10408800,435385000000,1650,false,4.06
"MWG",141209,"/Date(1703056376000)/",42300,2000,10408300,435364000000,1650,false,4.06
"MWG",141209,"/Date(1703056376000)/",42300,2000,10406300,435279000000,1650,false,4.06
"MWG",141209,"/Date(1703056376000)/",42300,5000,10404300,435195000000,1650,false,4.06
"MWG",141209,"/Date(1703056376000)/",42300,100,10399300,434983000000,1650,false,4.06
"MWG",141209,"/Date(1703056376000)/",42300,10400,10399200,434979000000,1650,false,4.06
"MWG",141209,"/Date(1703056375000)/",42300,2200,10388800,434539000000,1650,false,4.06
"MWG",141206,"/Date(1703056373000)/",42300,600,10386600,434446000000,1650,false,4.06
"MWG",141206,"/Date(1703056373000)/",42250,600,10386000,434421000000,1600,true,3.94
"MWG",141206,"/Date(1703056373000)/",42250,3500,10385400,434395000000,1600,true,3.94
"MWG",141203,"/Date(1703056370000)/",42250,1000,10381900,434248000000,1600,true,3.94
"MWG",141203,"/Date(1703056368000)/",42300,1000,10380900,434205000000,1650,false,4.06
"MWG",141203,"/Date(1703056368000)/",42300,100,10379900,434163000000,1650,false,4.06
"MWG",141200,"/Date(1703056366000)/",42300,3000,10379800,434159000000,1650,false,4.06
"MWG",141200,"/Date(1703056364000)/",42300,600,10376800,434032000000,1650,false,4.06
"MWG",141157,"/Date(1703056362000)/",42300,900,10376200,434006000000,1650,false,4.06
"MWG",141153,"/Date(1703056360000)/",42300,1200,10375300,433968000000,1650,false,4.06
"MWG",141153,"/Date(1703056360000)/",42300,2000,10374100,433918000000,1650,false,4.06
"MWG",141153,"/Date(1703056360000)/",42300,100,10372100,433833000000,1650,false,4.06
"MWG",141153,"/Date(1703056360000)/",42300,200,10372000,433829000000,1650,false,4.06
"MWG",141153,"/Date(1703056360000)/",42300,1000,10371800,433820000000,1650,false,4.06
"MWG",141153,"/Date(1703056358000)/",42250,100,10370800,433778000000,1600,true,3.94
"MWG",141153,"/Date(1703056358000)/",42300,1500,10370700,433774000000,1650,false,4.06
"MWG",141150,"/Date(1703056355000)/",42250,200,10369200,433710000000,1600,false,3.94
"MWG",141150,"/Date(1703056355000)/",42250,3800,10369000,433702000000,1600,false,3.94
"MWG",141150,"/Date(1703056355000)/",42250,1000,10365200,433541000000,1600,false,3.94
"MWG",141150,"/Date(1703056355000)/",42250,1200,10364200,433499000000,1600,false,3.94
"MWG",141150,"/Date(1703056355000)/",42250,600,10363000,433448000000,1600,false,3.94
"MWG",141147,"/Date(1703056352000)/",42250,100,10362400,433423000000,1600,false,3.94
"MWG",141147,"/Date(1703056352000)/",42250,500,10362300,433419000000,1600,false,3.94
"MWG",141147,"/Date(1703056352000)/",42250,900,10361800,433398000000,1600,false,3.94
"MWG",141144,"/Date(1703056350000)/",42250,100,10360900,433360000000,1600,false,3.94
"MWG",141144,"/Date(1703056350000)/",42250,600,10360800,433355000000,1600,false,3.94
"MWG",141144,"/Date(1703056350000)/",42250,3500,10360200,433330000000,1600,false,3.94
"MWG",141144,"/Date(1703056350000)/",42250,100,10356700,433182000000,1600,false,3.94
"MWG",141144,"/Date(1703056350000)/",42250,600,10356600,433178000000,1600,false,3.94
"MWG",141144,"/Date(1703056350000)/",42250,3500,10356000,433153000000,1600,false,3.94
"MWG",141144,"/Date(1703056350000)/",42250,500,10352500,433005000000,1600,false,3.94
"MWG",141144,"/Date(1703056350000)/",42250,1000,10352000,432984000000,1600,false,3.94
"MWG",141144,"/Date(1703056350000)/",42250,400,10351000,432941000000,1600,false,3.94
"MWG",141144,"/Date(1703056350000)/",42250,400,10350600,432925000000,1600,false,3.94
"MWG",141144,"/Date(1703056350000)/",42250,1000,10350200,432908000000,1600,false,3.94
"MWG",141144,"/Date(1703056350000)/",42250,500,10349200,432865000000,1600,false,3.94
"MWG",141144,"/Date(1703056350000)/",42250,2000,10348700,432844000000,1600,false,3.94
"MWG",141144,"/Date(1703056350000)/",42250,300,10346700,432760000000,1600,false,3.94
"MWG",141144,"/Date(1703056350000)/",42250,500,10346400,432747000000,1600,false,3.94
"MWG",141144,"/Date(1703056350000)/",42250,5000,10345900,432726000000,1600,false,3.94
"MWG",141144,"/Date(1703056350000)/",42250,100,10340900,432515000000,1600,false,3.94
"MWG",141144,"/Date(1703056350000)/",42250,100,10340800,432510000000,1600,false,3.94
"MWG",141144,"/Date(1703056350000)/",42250,100,10340700,432506000000,1600,false,3.94
"MWG",141144,"/Date(1703056350000)/",42250,3000,10340600,432502000000,1600,false,3.94
"MWG",141144,"/Date(1703056350000)/",42250,500,10337600,432375000000,1600,false,3.94
"MWG",141144,"/Date(1703056350000)/",42250,1000,10337100,432354000000,1600,false,3.94
"MWG",141144,"/Date(1703056350000)/",42250,1000,10336100,432312000000,1600,false,3.94
"MWG",141144,"/Date(1703056350000)/",42250,500,10335100,432270000000,1600,false,3.94
"MWG",141144,"/Date(1703056349000)/",42250,600,10334600,432249000000,1600,false,3.94
"MWG",141144,"/Date(1703056348000)/",42250,900,10334000,432223000000,1600,false,3.94
"MWG",141144,"/Date(1703056348000)/",42250,5000,10333100,432185000000,1600,false,3.94
"MWG",141144,"/Date(1703056348000)/",42250,100,10328100,431974000000,1600,false,3.94
"MWG",141144,"/Date(1703056348000)/",42250,100,10328000,431970000000,1600,false,3.94
"MWG",141144,"/Date(1703056348000)/",42250,500,10327900,431965000000,1600,false,3.94
"MWG",141144,"/Date(1703056348000)/",42250,2000,10327400,431944000000,1600,false,3.94
"MWG",141144,"/Date(1703056348000)/",42250,200,10325400,431860000000,1600,false,3.94
"MWG",141144,"/Date(1703056348000)/",42250,100,10325200,431851000000,1600,false,3.94
"MWG",141144,"/Date(1703056348000)/",42250,200,10325100,431847000000,1600,false,3.94
"MWG",141144,"/Date(1703056348000)/",42250,100,10324900,431839000000,1600,false,3.94
"MWG",141144,"/Date(1703056348000)/",42250,1000,10324800,431834000000,1600,false,3.94
"MWG",141144,"/Date(1703056348000)/",42250,100,10323800,431792000000,1600,false,3.94
"MWG",141144,"/Date(1703056348000)/",42250,200,10323700,431788000000,1600,false,3.94
"MWG",141144,"/Date(1703056348000)/",42250,500,10323500,431780000000,1600,false,3.94
"MWG",141144,"/Date(1703056348000)/",42250,300,10323000,431758000000,1600,false,3.94
"MWG",141144,"/Date(1703056348000)/",42250,500,10322700,431746000000,1600,false,3.94
"MWG",141144,"/Date(1703056348000)/",42250,3200,10322200,431725000000,1600,false,3.94
"MWG",141144,"/Date(1703056346000)/",42250,600,10319000,431589000000,1600,false,3.94
"MWG",141134,"/Date(1703056339000)/",42250,1200,10318400,431564000000,1600,false,3.94
"MWG",141134,"/Date(1703056339000)/",42250,5000,10317200,431513000000,1600,false,3.94
"MWG",141134,"/Date(1703056339000)/",42250,2000,10312200,431302000000,1600,false,3.94
"MWG",141134,"/Date(1703056339000)/",42250,200,10310200,431218000000,1600,false,3.94
"MWG",141134,"/Date(1703056339000)/",42250,5000,10310000,431209000000,1600,false,3.94
"MWG",141134,"/Date(1703056339000)/",42250,200,10305000,430998000000,1600,false,3.94
"MWG",141134,"/Date(1703056339000)/",42250,6400,10304800,430989000000,1600,false,3.94
"MWG",141131,"/Date(1703056337000)/",42250,500,10298400,430719000000,1600,false,3.94
"MWG",141122,"/Date(1703056328000)/",42250,500,10297900,430698000000,1600,false,3.94
"MWG",141122,"/Date(1703056326000)/",42200,500,10297400,430677000000,1550,true,3.81
"MWG",141118,"/Date(1703056323000)/",42250,400,10296900,430656000000,1600,false,3.94
"MWG",141115,"/Date(1703056321000)/",42250,100,10296500,430639000000,1600,false,3.94
"MWG",141115,"/Date(1703056321000)/",42250,100,10296400,430635000000,1600,false,3.94
"MWG",141115,"/Date(1703056321000)/",42250,1300,10296300,430630000000,1600,false,3.94
"MWG",141115,"/Date(1703056320000)/",42250,2000,10295000,430575000000,1600,false,3.94
"MWG",141115,"/Date(1703056319000)/",42250,500,10293000,430491000000,1600,false,3.94
"MWG",141109,"/Date(1703056316000)/",42250,300,10292500,430470000000,1600,false,3.94
"MWG",141106,"/Date(1703056310000)/",42250,500,10292200,430457000000,1600,false,3.94
"MWG",141056,"/Date(1703056301000)/",42250,400,10291700,430436000000,1600,false,3.94
"MWG",141056,"/Date(1703056301000)/",42250,100,10291300,430419000000,1600,false,3.94
"MWG",141056,"/Date(1703056301000)/",42250,100,10291200,430415000000,1600,false,3.94
"MWG",141053,"/Date(1703056300000)/",42250,300,10291100,430411000000,1600,false,3.94
"MWG",141053,"/Date(1703056298000)/",42250,200,10290800,430398000000,1600,false,3.94
"MWG",141053,"/Date(1703056298000)/",42250,300,10290600,430390000000,1600,false,3.94
"MWG",141046,"/Date(1703056293000)/",42250,600,10290300,430377000000,1600,false,3.94
"MWG",141040,"/Date(1703056285000)/",42250,500,10289700,430352000000,1600,false,3.94
"MWG",141037,"/Date(1703056283000)/",42250,600,10289200,430330000000,1600,false,3.94
"MWG",141030,"/Date(1703056274000)/",42250,600,10288600,430305000000,1600,false,3.94
"MWG",141024,"/Date(1703056270000)/",42250,300,10288000,430280000000,1600,false,3.94
"MWG",141021,"/Date(1703056265000)/",42250,600,10287700,430267000000,1600,false,3.94
"MWG",141014,"/Date(1703056261000)/",42200,500,10287100,430242000000,1550,true,3.81
"MWG",141011,"/Date(1703056256000)/",42250,600,10286600,430221000000,1600,false,3.94
"MWG",141008,"/Date(1703056252000)/",42250,2000,10286000,430195000000,1600,false,3.94
"MWG",141002,"/Date(1703056248000)/",42250,600,10284000,430111000000,1600,false,3.94
"MWG",140955,"/Date(1703056242000)/",42250,3000,10283400,430085000000,1600,false,3.94
"MWG",140955,"/Date(1703056241000)/",42200,2100,10280400,429959000000,1550,true,3.81
"MWG",140955,"/Date(1703056239000)/",42200,200,10278300,429870000000,1550,true,3.81
"MWG",140955,"/Date(1703056239000)/",42200,300,10278100,429862000000,1550,true,3.81
"MWG",140955,"/Date(1703056239000)/",42200,500,10277800,429849000000,1550,true,3.81
"MWG",140955,"/Date(1703056239000)/",42200,100,10277300,429828000000,1550,true,3.81
"MWG",140955,"/Date(1703056239000)/",42200,300,10277200,429824000000,1550,true,3.81
"MWG",140955,"/Date(1703056239000)/",42200,600,10276900,429811000000,1550,true,3.81
"MWG",140955,"/Date(1703056239000)/",42200,3500,10276300,429786000000,1550,true,3.81
"MWG",140955,"/Date(1703056239000)/",42200,7500,10272800,429638000000,1550,true,3.81
"MWG",140952,"/Date(1703056238000)/",42200,600,10265300,429321000000,1550,false,3.81
"MWG",140946,"/Date(1703056232000)/",42150,800,10264700,429296000000,1500,true,3.69
"MWG",140942,"/Date(1703056229000)/",42200,600,10263900,429262000000,1550,false,3.81
"MWG",140939,"/Date(1703056223000)/",42200,1300,10263300,429237000000,1550,false,3.81
"MWG",140939,"/Date(1703056223000)/",42200,200,10262000,429182000000,1550,false,3.81
"MWG",140939,"/Date(1703056223000)/",42200,500,10261800,429174000000,1550,false,3.81
"MWG",140936,"/Date(1703056220000)/",42200,100,10261300,429153000000,1550,false,3.81
"MWG",140936,"/Date(1703056220000)/",42200,500,10261200,429148000000,1550,false,3.81
"MWG",140926,"/Date(1703056211000)/",42200,600,10260700,429127000000,1550,false,3.81
"MWG",140923,"/Date(1703056209000)/",42200,300,10260100,429102000000,1550,false,3.81
"MWG",140917,"/Date(1703056202000)/",42200,600,10259800,429089000000,1550,false,3.81
"MWG",140910,"/Date(1703056196000)/",42150,500,10259200,429064000000,1500,true,3.69
"MWG",140907,"/Date(1703056194000)/",42150,1000,10258700,429043000000,1500,true,3.69
"MWG",140907,"/Date(1703056193000)/",42200,600,10257700,429001000000,1550,false,3.81
"MWG",140907,"/Date(1703056192000)/",42200,900,10257100,428975000000,1550,false,3.81
"MWG",140907,"/Date(1703056192000)/",42200,500,10256200,428938000000,1550,false,3.81
"MWG",140907,"/Date(1703056192000)/",42200,500,10255700,428916000000,1550,false,3.81
"MWG",140907,"/Date(1703056192000)/",42200,100,10255200,428895000000,1550,false,3.81
"MWG",140907,"/Date(1703056192000)/",42200,100,10255100,428891000000,1550,false,3.81
"MWG",140907,"/Date(1703056192000)/",42200,100,10255000,428887000000,1550,false,3.81
"MWG",140907,"/Date(1703056192000)/",42200,200,10254900,428883000000,1550,false,3.81
"MWG",140907,"/Date(1703056192000)/",42200,600,10254700,428874000000,1550,false,3.81
"MWG",140907,"/Date(1703056192000)/",42200,100,10254100,428849000000,1550,false,3.81
"MWG",140907,"/Date(1703056192000)/",42200,600,10254000,428845000000,1550,false,3.81
"MWG",140907,"/Date(1703056192000)/",42200,3500,10253400,428819000000,1550,false,3.81
"MWG",140907,"/Date(1703056192000)/",42200,200,10249900,428672000000,1550,false,3.81
"MWG",140907,"/Date(1703056192000)/",42200,500,10249700,428663000000,1550,false,3.81
"MWG",140907,"/Date(1703056192000)/",42200,300,10249200,428642000000,1550,false,3.81
"MWG",140907,"/Date(1703056192000)/",42200,500,10248900,428629000000,1550,false,3.81
"MWG",140907,"/Date(1703056192000)/",42200,200,10248400,428608000000,1550,false,3.81
"MWG",140907,"/Date(1703056192000)/",42200,1000,10248200,428600000000,1550,false,3.81
"MWG",140907,"/Date(1703056192000)/",42200,800,10247200,428558000000,1550,false,3.81
"MWG",140907,"/Date(1703056192000)/",42200,100,10246400,428524000000,1550,false,3.81
"MWG",140907,"/Date(1703056192000)/",42200,1000,10246300,428520000000,1550,false,3.81
"MWG",140907,"/Date(1703056192000)/",42200,100,10245300,428478000000,1550,false,3.81
"MWG",140907,"/Date(1703056192000)/",42200,100,10245200,428473000000,1550,false,3.81
"MWG",140907,"/Date(1703056192000)/",42200,100,10245100,428469000000,1550,false,3.81
"MWG",140907,"/Date(1703056192000)/",42200,100,10245000,428465000000,1550,false,3.81
"MWG",140907,"/Date(1703056192000)/",42200,2000,10244900,428461000000,1550,false,3.81
"MWG",140907,"/Date(1703056192000)/",42200,100,10242900,428376000000,1550,false,3.81
"MWG",140907,"/Date(1703056192000)/",42200,100,10242800,428372000000,1550,false,3.81
"MWG",140907,"/Date(1703056192000)/",42200,2500,10242700,428368000000,1550,false,3.81
"MWG",140907,"/Date(1703056192000)/",42200,100,10240200,428262000000,1550,false,3.81
"MWG",140907,"/Date(1703056192000)/",42200,100,10240100,428258000000,1550,false,3.81
"MWG",140907,"/Date(1703056192000)/",42200,500,10240000,428254000000,1550,false,3.81
"MWG",140907,"/Date(1703056192000)/",42200,100,10239500,428233000000,1550,false,3.81
"MWG",140907,"/Date(1703056192000)/",42200,100,10239400,428229000000,1550,false,3.81
"MWG",140907,"/Date(1703056192000)/",42200,2000,10239300,428224000000,1550,false,3.81
"MWG",140907,"/Date(1703056192000)/",42200,500,10237300,428140000000,1550,false,3.81
"MWG",140907,"/Date(1703056192000)/",42200,2100,10236800,428119000000,1550,false,3.81
"MWG",140907,"/Date(1703056192000)/",42200,100,10234700,428030000000,1550,false,3.81
"MWG",140907,"/Date(1703056192000)/",42200,200,10234600,428026000000,1550,false,3.81
"MWG",140907,"/Date(1703056192000)/",42200,100,10234400,428018000000,1550,false,3.81
"MWG",140907,"/Date(1703056192000)/",42200,400,10234300,428013000000,1550,false,3.81
"MWG",140907,"/Date(1703056192000)/",42200,100,10233900,427996000000,1550,false,3.81
"MWG",140907,"/Date(1703056192000)/",42200,100,10233800,427992000000,1550,false,3.81
"MWG",140907,"/Date(1703056192000)/",42200,300,10233700,427988000000,1550,false,3.81
"MWG",140907,"/Date(1703056192000)/",42200,1000,10233400,427975000000,1550,false,3.81
"MWG",140907,"/Date(1703056192000)/",42200,200,10232400,427933000000,1550,false,3.81
"MWG",140907,"/Date(1703056192000)/",42200,500,10232200,427925000000,1550,false,3.81
"MWG",140907,"/Date(1703056192000)/",42200,100,10231700,427904000000,1550,false,3.81
"MWG",140907,"/Date(1703056192000)/",42200,200,10231600,427899000000,1550,false,3.81
"MWG",140907,"/Date(1703056192000)/",42200,100,10231400,427891000000,1550,false,3.81
"MWG",140907,"/Date(1703056192000)/",42200,100,10231300,427887000000,1550,false,3.81
"MWG",140907,"/Date(1703056192000)/",42200,100,10231200,427883000000,1550,false,3.81
"MWG",140907,"/Date(1703056192000)/",42200,500,10231100,427878000000,1550,false,3.81
"MWG",140907,"/Date(1703056192000)/",42200,600,10230600,427857000000,1550,false,3.81
"MWG",140907,"/Date(1703056192000)/",42200,3500,10230000,427832000000,1550,false,3.81
"MWG",140907,"/Date(1703056192000)/",42200,700,10226500,427684000000,1550,false,3.81
"MWG",140907,"/Date(1703056192000)/",42200,800,10225800,427655000000,1550,false,3.81
"MWG",140907,"/Date(1703056192000)/",42200,1000,10225000,427621000000,1550,false,3.81
"MWG",140907,"/Date(1703056192000)/",42200,5000,10224000,427579000000,1550,false,3.81
"MWG",140907,"/Date(1703056192000)/",42200,100,10219000,427368000000,1550,false,3.81
"MWG",140907,"/Date(1703056192000)/",42200,5000,10218900,427363000000,1550,false,3.81
"MWG",140907,"/Date(1703056192000)/",42200,100,10213900,427152000000,1550,false,3.81
"MWG",140907,"/Date(1703056192000)/",42200,5000,10213800,427148000000,1550,false,3.81
"MWG",140907,"/Date(1703056192000)/",42200,200,10208800,426937000000,1550,false,3.81
"MWG",140907,"/Date(1703056192000)/",42200,1000,10208600,426929000000,1550,false,3.81
"MWG",140907,"/Date(1703056192000)/",42200,100,10207600,426887000000,1550,false,3.81
"MWG",140907,"/Date(1703056192000)/",42200,1900,10207500,426882000000,1550,false,3.81
"MWG",140907,"/Date(1703056192000)/",42200,100,10205600,426802000000,1550,false,3.81
"MWG",140907,"/Date(1703056192000)/",42200,200,10205500,426798000000,1550,false,3.81
"MWG",140907,"/Date(1703056192000)/",42200,600,10205300,426790000000,1550,false,3.81
"MWG",140907,"/Date(1703056192000)/",42200,3500,10204700,426764000000,1550,false,3.81
"MWG",140907,"/Date(1703056192000)/",42200,500,10201200,426617000000,1550,false,3.81
"MWG",140907,"/Date(1703056192000)/",42200,100,10200700,426595000000,1550,false,3.81
"MWG",140907,"/Date(1703056192000)/",42200,400,10200600,426591000000,1550,false,3.81
"MWG",140907,"/Date(1703056192000)/",42200,900,10200200,426574000000,1550,false,3.81
"MWG",140907,"/Date(1703056192000)/",42200,100,10199300,426536000000,1550,false,3.81
"MWG",140907,"/Date(1703056192000)/",42200,100,10199200,426532000000,1550,false,3.81
"MWG",140907,"/Date(1703056192000)/",42200,900,10199100,426528000000,1550,false,3.81
"MWG",140907,"/Date(1703056192000)/",42200,500,10198200,426490000000,1550,false,3.81
"MWG",140907,"/Date(1703056192000)/",42200,2000,10197700,426469000000,1550,false,3.81
"MWG",140907,"/Date(1703056192000)/",42200,300,10195700,426384000000,1550,false,3.81
"MWG",140907,"/Date(1703056192000)/",42200,100,10195400,426372000000,1550,false,3.81
"MWG",140907,"/Date(1703056192000)/",42200,200,10195300,426368000000,1550,false,3.81
"MWG",140907,"/Date(1703056192000)/",42200,100,10195100,426359000000,1550,false,3.81
"MWG",140907,"/Date(1703056192000)/",42200,7000,10195000,426355000000,1550,false,3.81
"MWG",140907,"/Date(1703056192000)/",42200,500,10188000,426059000000,1550,false,3.81
"MWG",140907,"/Date(1703056192000)/",42200,3000,10187500,426038000000,1550,false,3.81
"MWG",140907,"/Date(1703056192000)/",42200,7900,10184500,425912000000,1550,false,3.81
"MWG",140907,"/Date(1703056192000)/",42200,400,10176600,425578000000,1550,false,3.81
"MWG",140907,"/Date(1703056192000)/",42200,2000,10176200,425562000000,1550,false,3.81
"MWG",140907,"/Date(1703056192000)/",42200,17100,10174200,425477000000,1550,false,3.81
"MWG",140907,"/Date(1703056192000)/",42150,100,10157100,424755000000,1500,true,3.69
"MWG",140904,"/Date(1703056191000)/",42200,100,10157000,424751000000,1550,false,3.81
"MWG",140904,"/Date(1703056191000)/",42150,300,10156900,424747000000,1500,true,3.69
"MWG",140858,"/Date(1703056184000)/",42200,600,10156600,424734000000,1550,false,3.81
"MWG",140854,"/Date(1703056180000)/",42150,100,10156000,424709000000,1500,true,3.69
"MWG",140854,"/Date(1703056180000)/",42150,1800,10155900,424705000000,1500,true,3.69
"MWG",140851,"/Date(1703056175000)/",42200,500,10154100,424629000000,1550,false,3.81
"MWG",140845,"/Date(1703056169000)/",42150,1900,10153600,424608000000,1500,true,3.69
"MWG",140842,"/Date(1703056166000)/",42200,600,10151700,424528000000,1550,false,3.81
"MWG",140832,"/Date(1703056157000)/",42200,600,10151100,424502000000,1550,false,3.81
"MWG",140822,"/Date(1703056148000)/",42200,600,10150500,424477000000,1550,false,3.81
"MWG",140813,"/Date(1703056139000)/",42200,600,10149900,424452000000,1550,false,3.81
"MWG",140806,"/Date(1703056131000)/",42150,500,10149300,424427000000,1500,true,3.69
"MWG",140806,"/Date(1703056131000)/",42150,800,10148800,424405000000,1500,true,3.69
"MWG",140806,"/Date(1703056131000)/",42150,900,10148000,424372000000,1500,true,3.69
"MWG",140806,"/Date(1703056131000)/",42150,100,10147100,424334000000,1500,true,3.69
"MWG",140806,"/Date(1703056131000)/",42150,100,10147000,424330000000,1500,true,3.69
"MWG",140803,"/Date(1703056130000)/",42200,600,10146900,424325000000,1550,false,3.81
"MWG",140757,"/Date(1703056123000)/",42150,200,10146300,424300000000,1500,false,3.69
"MWG",140757,"/Date(1703056121000)/",42200,600,10146100,424292000000,1550,false,3.81
"MWG",140754,"/Date(1703056118000)/",42100,500,10145500,424266000000,1450,true,3.57
"MWG",140747,"/Date(1703056112000)/",42200,600,10145000,424245000000,1550,false,3.81
"MWG",140747,"/Date(1703056112000)/",42200,3500,10144400,424220000000,1550,false,3.81
"MWG",140744,"/Date(1703056110000)/",42150,100,10140900,424072000000,1500,false,3.69
"MWG",140744,"/Date(1703056110000)/",42150,100,10140800,424068000000,1500,false,3.69
"MWG",140744,"/Date(1703056110000)/",42150,100,10140700,424064000000,1500,false,3.69
"MWG",140744,"/Date(1703056110000)/",42150,600,10140600,424060000000,1500,false,3.69
"MWG",140744,"/Date(1703056110000)/",42150,1400,10140000,424034000000,1500,false,3.69
"MWG",140744,"/Date(1703056108000)/",42100,1900,10138600,423975000000,1450,true,3.57
"MWG",140738,"/Date(1703056103000)/",42150,600,10136700,423895000000,1500,false,3.69
"MWG",140735,"/Date(1703056101000)/",42150,300,10136100,423870000000,1500,false,3.69
"MWG",140731,"/Date(1703056097000)/",42150,100,10135800,423857000000,1500,false,3.69
"MWG",140728,"/Date(1703056094000)/",42150,300,10135700,423853000000,1500,false,3.69
"MWG",140728,"/Date(1703056094000)/",42150,600,10135400,423841000000,1500,false,3.69
"MWG",140728,"/Date(1703056093000)/",42100,700,10134800,423815000000,1450,true,3.57
"MWG",140728,"/Date(1703056093000)/",42100,1200,10134100,423786000000,1450,true,3.57
"MWG",140725,"/Date(1703056091000)/",42150,200,10132900,423735000000,1500,false,3.69
"MWG",140725,"/Date(1703056091000)/",42150,100,10132700,423727000000,1500,false,3.69
"MWG",140719,"/Date(1703056085000)/",42150,400,10132600,423723000000,1500,false,3.69
"MWG",140719,"/Date(1703056085000)/",42150,200,10132200,423706000000,1500,false,3.69
"MWG",140715,"/Date(1703056082000)/",42150,800,10132000,423697000000,1500,false,3.69
"MWG",140715,"/Date(1703056082000)/",42150,200,10131200,423664000000,1500,false,3.69
"MWG",140715,"/Date(1703056082000)/",42150,200,10131000,423655000000,1500,false,3.69
"MWG",140715,"/Date(1703056082000)/",42150,600,10130800,423647000000,1500,false,3.69
"MWG",140715,"/Date(1703056082000)/",42150,3500,10130200,423621000000,1500,false,3.69
"MWG",140715,"/Date(1703056082000)/",42150,7000,10126700,423474000000,1500,false,3.69
"MWG",140715,"/Date(1703056082000)/",42150,1000,10119700,423179000000,1500,false,3.69
"MWG",140715,"/Date(1703056082000)/",42150,600,10118700,423137000000,1500,false,3.69
"MWG",140715,"/Date(1703056082000)/",42150,3100,10118100,423111000000,1500,false,3.69
"MWG",140715,"/Date(1703056082000)/",42150,400,10115000,422981000000,1500,false,3.69
"MWG",140715,"/Date(1703056082000)/",42150,1700,10114600,422964000000,1500,false,3.69
"MWG",140715,"/Date(1703056082000)/",42150,200,10112900,422892000000,1500,false,3.69
"MWG",140715,"/Date(1703056082000)/",42150,600,10112700,422884000000,1500,false,3.69
"MWG",140715,"/Date(1703056082000)/",42150,100,10112100,422859000000,1500,false,3.69
"MWG",140715,"/Date(1703056079000)/",42150,500,10112000,422854000000,1500,false,3.69
"MWG",140709,"/Date(1703056076000)/",42150,600,10111500,422833000000,1500,false,3.69
"MWG",140709,"/Date(1703056074000)/",42150,2300,10110900,422808000000,1500,false,3.69
"MWG",140709,"/Date(1703056074000)/",42150,1000,10108600,422711000000,1500,false,3.69
"MWG",140709,"/Date(1703056074000)/",42150,700,10107600,422669000000,1500,false,3.69
"MWG",140709,"/Date(1703056074000)/",42150,500,10106900,422639000000,1500,false,3.69
"MWG",140703,"/Date(1703056067000)/",42150,600,10106400,422618000000,1500,false,3.69
"MWG",140703,"/Date(1703056066000)/",42100,100,10105800,422593000000,1450,true,3.57
"MWG",140659,"/Date(1703056065000)/",42100,500,10105700,422589000000,1450,true,3.57
"MWG",140653,"/Date(1703056058000)/",42150,600,10105200,422568000000,1500,false,3.69
"MWG",140647,"/Date(1703056051000)/",42150,5600,10104600,422542000000,1500,false,3.69
"MWG",140647,"/Date(1703056051000)/",42150,2000,10099000,422306000000,1500,false,3.69
"MWG",140647,"/Date(1703056051000)/",42150,100,10097000,422222000000,1500,false,3.69
"MWG",140647,"/Date(1703056051000)/",42150,500,10096900,422218000000,1500,false,3.69
"MWG",140647,"/Date(1703056051000)/",42150,100,10096400,422197000000,1500,false,3.69
"MWG",140647,"/Date(1703056051000)/",42150,100,10096300,422193000000,1500,false,3.69
"MWG",140647,"/Date(1703056051000)/",42150,100,10096200,422188000000,1500,false,3.69
"MWG",140647,"/Date(1703056051000)/",42150,1500,10096100,422184000000,1500,false,3.69
"MWG",140643,"/Date(1703056049000)/",42150,400,10094600,422121000000,1500,false,3.69
"MWG",140643,"/Date(1703056049000)/",42150,200,10094200,422104000000,1500,false,3.69
"MWG",140640,"/Date(1703056047000)/",42150,1000,10094000,422096000000,1500,false,3.69
"MWG",140637,"/Date(1703056042000)/",42100,800,10093000,422053000000,1450,true,3.57
"MWG",140634,"/Date(1703056040000)/",42150,1000,10092200,422020000000,1500,false,3.69
"MWG",140634,"/Date(1703056040000)/",42150,600,10091200,421978000000,1500,false,3.69
"MWG",140624,"/Date(1703056031000)/",42150,200,10090600,421952000000,1500,false,3.69
"MWG",140624,"/Date(1703056031000)/",42150,400,10090400,421944000000,1500,false,3.69
"MWG",140615,"/Date(1703056022000)/",42150,600,10090000,421927000000,1500,false,3.69
"MWG",140615,"/Date(1703056021000)/",42100,100,10089400,421902000000,1450,true,3.57
"MWG",140608,"/Date(1703056013000)/",42150,600,10089300,421898000000,1500,false,3.69
"MWG",140559,"/Date(1703056003000)/",42150,600,10088700,421872000000,1500,false,3.69
"MWG",140556,"/Date(1703056000000)/",42100,300,10088100,421847000000,1450,true,3.57
"MWG",140556,"/Date(1703056000000)/",42100,200,10087800,421834000000,1450,true,3.57
"MWG",140552,"/Date(1703055996000)/",42150,1000,10087600,421826000000,1500,false,3.69
"MWG",140549,"/Date(1703055995000)/",42100,1800,10086600,421784000000,1450,true,3.57
"MWG",140549,"/Date(1703055995000)/",42100,2000,10084800,421708000000,1450,true,3.57
"MWG",140549,"/Date(1703055995000)/",42100,1000,10082800,421624000000,1450,true,3.57
"MWG",140549,"/Date(1703055995000)/",42100,500,10081800,421582000000,1450,true,3.57
"MWG",140549,"/Date(1703055995000)/",42100,400,10081300,421561000000,1450,true,3.57
"MWG",140549,"/Date(1703055995000)/",42150,1900,10080900,421544000000,1500,false,3.69
"MWG",140549,"/Date(1703055995000)/",42150,500,10079000,421464000000,1500,false,3.69
"MWG",140549,"/Date(1703055995000)/",42150,200,10078500,421443000000,1500,false,3.69
"MWG",140549,"/Date(1703055995000)/",42150,300,10078300,421434000000,1500,false,3.69
"MWG",140549,"/Date(1703055995000)/",42150,7100,10078000,421422000000,1500,false,3.69
"MWG",140549,"/Date(1703055995000)/",42150,300,10070900,421122000000,1500,false,3.69
"MWG",140549,"/Date(1703055995000)/",42150,300,10070600,421110000000,1500,false,3.69
"MWG",140549,"/Date(1703055994000)/",42150,200,10070300,421097000000,1500,false,3.69
"MWG",140549,"/Date(1703055994000)/",42150,100,10070100,421089000000,1500,false,3.69
"MWG",140543,"/Date(1703055989000)/",42150,600,10070000,421084000000,1500,false,3.69
"MWG",140543,"/Date(1703055989000)/",42150,3500,10069400,421059000000,1500,false,3.69
"MWG",140543,"/Date(1703055989000)/",42150,100,10065900,420912000000,1500,false,3.69
"MWG",140543,"/Date(1703055989000)/",42150,5800,10065800,420907000000,1500,false,3.69
"MWG",140540,"/Date(1703055986000)/",42150,600,10060000,420663000000,1500,false,3.69
"MWG",140533,"/Date(1703055977000)/",42150,600,10059400,420638000000,1500,false,3.69
"MWG",140530,"/Date(1703055975000)/",42100,600,10058800,420612000000,1450,true,3.57
"MWG",140524,"/Date(1703055968000)/",42150,600,10058200,420587000000,1500,false,3.69
