"Stockcode","Package","TradingDate","Price","Vol","TotalVol","TotalVal","Change","IsBuy","PerChange"
"NVL",144416,"/Date(1703058300000)/",16750,623600,7071100,118169000000,-50,true,-0.3
"NVL",142906,"/Date(1703057395000)/",16750,600,6447500,107723000000,-50,true,-0.3
"NVL",142906,"/Date(1703057395000)/",16750,800,6446900,107713000000,-50,true,-0.3
"NVL",142906,"/Date(1703057395000)/",16750,500,6446100,107700000000,-50,true,-0.3
"NVL",142906,"/Date(1703057395000)/",16750,200,6445600,107691000000,-50,true,-0.3
"NVL",142906,"/Date(1703057395000)/",16750,10000,6445400,107688000000,-50,true,-0.3
"NVL",142906,"/Date(1703057395000)/",16750,200,6435400,107520000000,-50,true,-0.3
"NVL",142906,"/Date(1703057395000)/",16750,200,6435200,107517000000,-50,true,-0.3
"NVL",142906,"/Date(1703057395000)/",16750,100,6435000,107514000000,-50,true,-0.3
"NVL",142906,"/Date(1703057395000)/",16750,400,6434900,107512000000,-50,true,-0.3
"NVL",142906,"/Date(1703057395000)/",16750,200,6434500,107505000000,-50,true,-0.3
"NVL",142906,"/Date(1703057395000)/",16750,200,6434300,107502000000,-50,true,-0.3
"NVL",142906,"/Date(1703057395000)/",16750,100,6434100,107499000000,-50,true,-0.3
"NVL",142906,"/Date(1703057395000)/",16750,500,6434000,107497000000,-50,true,-0.3
"NVL",142906,"/Date(1703057394000)/",16800,200,6433500,107489000000,0,false,0
"NVL",142906,"/Date(1703057394000)/",16800,2400,6433300,107485000000,0,false,0
"NVL",142906,"/Date(1703057394000)/",16800,200,6430900,107445000000,0,false,0
"NVL",142906,"/Date(1703057394000)/",16800,2000,6430700,107441000000,0,false,0
"NVL",142906,"/Date(1703057394000)/",16800,3000,6428700,107408000000,0,false,0
"NVL",142906,"/Date(1703057394000)/",16800,100,6425700,107357000000,0,false,0
"NVL",142906,"/Date(1703057394000)/",16800,500,6425600,107356000000,0,false,0
"NVL",142906,"/Date(1703057394000)/",16800,300,6425100,107347000000,0,false,0
"NVL",142906,"/Date(1703057394000)/",16800,300,6424800,107342000000,0,false,0
"NVL",142906,"/Date(1703057394000)/",16800,1000,6424500,107337000000,0,false,0
"NVL",142906,"/Date(1703057394000)/",16800,1000,6423500,107321000000,0,false,0
"NVL",142906,"/Date(1703057394000)/",16800,4200,6422500,107304000000,0,false,0
"NVL",142906,"/Date(1703057393000)/",16800,800,6418300,107233000000,0,false,0
"NVL",142906,"/Date(1703057393000)/",16800,300,6417500,107220000000,0,false,0
"NVL",142903,"/Date(1703057391000)/",16800,5000,6417200,107215000000,0,false,0
"NVL",142856,"/Date(1703057385000)/",16800,18000,6412200,107131000000,0,false,0
"NVL",142856,"/Date(1703057384000)/",16750,500,6394200,106828000000,-50,true,-0.3
"NVL",142856,"/Date(1703057384000)/",16750,500,6393700,106820000000,-50,true,-0.3
"NVL",142853,"/Date(1703057380000)/",16800,500,6393200,106812000000,0,false,0
"NVL",142853,"/Date(1703057379000)/",16800,3000,6392700,106803000000,0,false,0
"NVL",142850,"/Date(1703057378000)/",16750,1000,6389700,106753000000,-50,true,-0.3
"NVL",142847,"/Date(1703057374000)/",16750,500,6388700,106736000000,-50,true,-0.3
"NVL",142847,"/Date(1703057374000)/",16750,1000,6388200,106728000000,-50,true,-0.3
"NVL",142847,"/Date(1703057374000)/",16750,500,6387200,106711000000,-50,true,-0.3
"NVL",142847,"/Date(1703057373000)/",16750,600,6386700,106702000000,-50,true,-0.3
"NVL",142844,"/Date(1703057372000)/",16800,200,6386100,106692000000,0,false,0
"NVL",142844,"/Date(1703057372000)/",16800,1000,6385900,106689000000,0,false,0
"NVL",142844,"/Date(1703057371000)/",16750,1200,6384900,106672000000,-50,true,-0.3
"NVL",142844,"/Date(1703057371000)/",16800,400,6383700,106652000000,0,false,0
"NVL",142840,"/Date(1703057368000)/",16750,100,6383300,106645000000,-50,true,-0.3
"NVL",142840,"/Date(1703057368000)/",16750,100,6383200,106644000000,-50,true,-0.3
"NVL",142840,"/Date(1703057368000)/",16750,400,6383100,106642000000,-50,true,-0.3
"NVL",142834,"/Date(1703057362000)/",16750,300,6382700,106635000000,-50,true,-0.3
"NVL",142831,"/Date(1703057359000)/",16750,200,6382400,106630000000,-50,true,-0.3
"NVL",142831,"/Date(1703057358000)/",16750,100,6382200,106627000000,-50,true,-0.3
"NVL",142831,"/Date(1703057358000)/",16750,100,6382100,106625000000,-50,true,-0.3
"NVL",142824,"/Date(1703057353000)/",16750,100,6382000,106624000000,-50,true,-0.3
"NVL",142815,"/Date(1703057343000)/",16750,800,6381900,106622000000,-50,true,-0.3
"NVL",142815,"/Date(1703057343000)/",16750,300,6381100,106609000000,-50,true,-0.3
"NVL",142815,"/Date(1703057343000)/",16750,400,6380800,106604000000,-50,true,-0.3
"NVL",142815,"/Date(1703057343000)/",16750,500,6380400,106597000000,-50,true,-0.3
"NVL",142815,"/Date(1703057343000)/",16750,1300,6379900,106589000000,-50,true,-0.3
"NVL",142815,"/Date(1703057341000)/",16800,5000,6378600,106567000000,0,false,0
"NVL",142812,"/Date(1703057340000)/",16800,1000,6373600,106483000000,0,false,0
"NVL",142808,"/Date(1703057335000)/",16750,3800,6372600,106466000000,-50,true,-0.3
"NVL",142808,"/Date(1703057334000)/",16800,1800,6368800,106402000000,0,false,0
"NVL",142805,"/Date(1703057333000)/",16750,300,6367000,106372000000,-50,true,-0.3
"NVL",142802,"/Date(1703057329000)/",16750,1000,6366700,106367000000,-50,true,-0.3
"NVL",142802,"/Date(1703057328000)/",16750,400,6365700,106350000000,-50,true,-0.3
"NVL",142756,"/Date(1703057324000)/",16750,100,6365300,106344000000,-50,true,-0.3
"NVL",142746,"/Date(1703057313000)/",16750,1600,6365200,106342000000,-50,true,-0.3
"NVL",142743,"/Date(1703057309000)/",16800,200,6363600,106315000000,0,false,0
"NVL",142740,"/Date(1703057306000)/",16800,2100,6363400,106312000000,0,false,0
"NVL",142740,"/Date(1703057306000)/",16800,400,6361300,106276000000,0,false,0
"NVL",142740,"/Date(1703057306000)/",16800,100,6360900,106270000000,0,false,0
"NVL",142740,"/Date(1703057306000)/",16800,400,6360800,106268000000,0,false,0
"NVL",142730,"/Date(1703057299000)/",16800,5000,6360400,106261000000,0,false,0
"NVL",142727,"/Date(1703057293000)/",16800,100,6355400,106177000000,0,false,0
"NVL",142717,"/Date(1703057283000)/",16750,3000,6355300,106176000000,-50,true,-0.3
"NVL",142714,"/Date(1703057283000)/",16800,200,6352300,106125000000,0,false,0
"NVL",142711,"/Date(1703057278000)/",16750,1700,6352100,106122000000,-50,true,-0.3
"NVL",142701,"/Date(1703057270000)/",16800,300,6350400,106094000000,0,false,0
"NVL",142701,"/Date(1703057269000)/",16800,2000,6350100,106089000000,0,false,0
"NVL",142701,"/Date(1703057269000)/",16800,500,6348100,106055000000,0,false,0
"NVL",142701,"/Date(1703057269000)/",16800,1700,6347600,106047000000,0,false,0
"NVL",142701,"/Date(1703057269000)/",16800,2500,6345900,106018000000,0,false,0
"NVL",142701,"/Date(1703057269000)/",16800,13300,6343400,105976000000,0,false,0
"NVL",142701,"/Date(1703057269000)/",16800,100,6330100,105753000000,0,false,0
"NVL",142701,"/Date(1703057269000)/",16800,1200,6330000,105751000000,0,false,0
"NVL",142701,"/Date(1703057268000)/",16800,5400,6328800,105731000000,0,false,0
"NVL",142701,"/Date(1703057268000)/",16800,4600,6323400,105640000000,0,false,0
"NVL",142701,"/Date(1703057267000)/",16800,500,6318800,105563000000,0,false,0
"NVL",142655,"/Date(1703057264000)/",16750,400,6318300,105554000000,-50,true,-0.3
"NVL",142655,"/Date(1703057262000)/",16800,100,6317900,105548000000,0,true,0
"NVL",142655,"/Date(1703057262000)/",16800,500,6317800,105546000000,0,true,0
"NVL",142655,"/Date(1703057262000)/",16800,100,6317300,105538000000,0,true,0
"NVL",142655,"/Date(1703057262000)/",16800,400,6317200,105536000000,0,true,0
"NVL",142655,"/Date(1703057262000)/",16800,100,6316800,105529000000,0,true,0
"NVL",142655,"/Date(1703057262000)/",16800,200,6316700,105527000000,0,true,0
"NVL",142655,"/Date(1703057262000)/",16800,500,6316500,105524000000,0,true,0
"NVL",142655,"/Date(1703057262000)/",16800,100,6316000,105516000000,0,true,0
"NVL",142655,"/Date(1703057262000)/",16800,800,6315900,105514000000,0,true,0
"NVL",142655,"/Date(1703057262000)/",16800,1000,6315100,105501000000,0,true,0
"NVL",142655,"/Date(1703057262000)/",16800,10000,6314100,105484000000,0,true,0
"NVL",142655,"/Date(1703057262000)/",16800,100,6304100,105316000000,0,true,0
"NVL",142655,"/Date(1703057262000)/",16800,1400,6304000,105314000000,0,true,0
"NVL",142655,"/Date(1703057262000)/",16800,2900,6302600,105291000000,0,true,0
"NVL",142655,"/Date(1703057262000)/",16800,2000,6299700,105242000000,0,true,0
"NVL",142655,"/Date(1703057262000)/",16800,500,6297700,105208000000,0,true,0
"NVL",142655,"/Date(1703057262000)/",16800,1000,6297200,105200000000,0,true,0
"NVL",142652,"/Date(1703057260000)/",16800,2600,6296200,105183000000,0,true,0
"NVL",142652,"/Date(1703057260000)/",16800,3000,6293600,105139000000,0,true,0
"NVL",142652,"/Date(1703057260000)/",16800,300,6290600,105089000000,0,true,0
"NVL",142652,"/Date(1703057260000)/",16800,500,6290300,105084000000,0,true,0
"NVL",142652,"/Date(1703057260000)/",16800,200,6289800,105076000000,0,true,0
"NVL",142652,"/Date(1703057260000)/",16800,7400,6289600,105072000000,0,true,0
"NVL",142652,"/Date(1703057260000)/",16800,300,6282200,104948000000,0,true,0
"NVL",142652,"/Date(1703057259000)/",16800,100,6281900,104943000000,0,true,0
"NVL",142652,"/Date(1703057259000)/",16800,400,6281800,104941000000,0,true,0
"NVL",142652,"/Date(1703057259000)/",16800,100,6281400,104934000000,0,true,0
"NVL",142652,"/Date(1703057258000)/",16800,3500,6281300,104933000000,0,true,0
"NVL",142648,"/Date(1703057257000)/",16800,500,6277800,104874000000,0,true,0
"NVL",142648,"/Date(1703057257000)/",16800,800,6277300,104866000000,0,true,0
"NVL",142648,"/Date(1703057257000)/",16800,500,6276500,104852000000,0,true,0
"NVL",142648,"/Date(1703057256000)/",16800,2700,6276000,104844000000,0,true,0
"NVL",142648,"/Date(1703057256000)/",16800,5000,6273300,104798000000,0,true,0
"NVL",142648,"/Date(1703057256000)/",16800,600,6268300,104714000000,0,true,0
"NVL",142648,"/Date(1703057255000)/",16800,8100,6267700,104704000000,0,true,0
"NVL",142648,"/Date(1703057255000)/",16800,500,6259600,104568000000,0,true,0
"NVL",142648,"/Date(1703057255000)/",16800,500,6259100,104560000000,0,true,0
"NVL",142648,"/Date(1703057255000)/",16800,800,6258600,104551000000,0,true,0
"NVL",142648,"/Date(1703057255000)/",16800,2500,6257800,104538000000,0,true,0
"NVL",142648,"/Date(1703057255000)/",16800,200,6255300,104496000000,0,true,0
"NVL",142648,"/Date(1703057255000)/",16800,10000,6255100,104493000000,0,true,0
"NVL",142648,"/Date(1703057255000)/",16800,700,6245100,104325000000,0,true,0
"NVL",142648,"/Date(1703057255000)/",16800,300,6244400,104313000000,0,true,0
"NVL",142648,"/Date(1703057255000)/",16800,1000,6244100,104308000000,0,true,0
"NVL",142648,"/Date(1703057255000)/",16800,100,6243100,104291000000,0,true,0
"NVL",142648,"/Date(1703057255000)/",16800,200,6243000,104289000000,0,true,0
"NVL",142648,"/Date(1703057255000)/",16800,200,6242800,104286000000,0,true,0
"NVL",142648,"/Date(1703057255000)/",16800,100,6242600,104283000000,0,true,0
"NVL",142648,"/Date(1703057255000)/",16800,500,6242500,104281000000,0,true,0
"NVL",142648,"/Date(1703057255000)/",16800,13200,6242000,104272000000,0,true,0
"NVL",142648,"/Date(1703057254000)/",16800,200,6228800,104051000000,0,true,0
"NVL",142645,"/Date(1703057252000)/",16800,1000,6228600,104047000000,0,true,0
"NVL",142645,"/Date(1703057252000)/",16800,3000,6227600,104031000000,0,true,0
"NVL",142645,"/Date(1703057251000)/",16850,9200,6224600,103980000000,50,false,0.3
"NVL",142645,"/Date(1703057251000)/",16850,100,6215400,103825000000,50,false,0.3
"NVL",142645,"/Date(1703057251000)/",16850,200,6215300,103823000000,50,false,0.3
"NVL",142645,"/Date(1703057251000)/",16850,500,6215100,103820000000,50,false,0.3
"NVL",142642,"/Date(1703057251000)/",16800,2600,6214600,103812000000,0,true,0
"NVL",142642,"/Date(1703057251000)/",16800,7400,6212000,103768000000,0,true,0
"NVL",142642,"/Date(1703057251000)/",16800,5700,6204600,103644000000,0,true,0
"NVL",142642,"/Date(1703057248000)/",16800,500,6198900,103548000000,0,true,0
"NVL",142639,"/Date(1703057247000)/",16800,1700,6198400,103539000000,0,true,0
"NVL",142639,"/Date(1703057246000)/",16800,5000,6196700,103511000000,0,true,0
"NVL",142639,"/Date(1703057246000)/",16800,500,6191700,103427000000,0,true,0
"NVL",142639,"/Date(1703057246000)/",16800,500,6191200,103419000000,0,true,0
"NVL",142639,"/Date(1703057245000)/",16800,10000,6190700,103410000000,0,true,0
"NVL",142636,"/Date(1703057242000)/",16800,2000,6180700,103242000000,0,true,0
"NVL",142632,"/Date(1703057240000)/",16800,1000,6178700,103209000000,0,true,0
"NVL",142632,"/Date(1703057240000)/",16800,5700,6177700,103192000000,0,true,0
"NVL",142632,"/Date(1703057240000)/",16800,4300,6172000,103096000000,0,true,0
"NVL",142632,"/Date(1703057238000)/",16800,100,6167700,103024000000,0,true,0
"NVL",142629,"/Date(1703057238000)/",16800,600,6167600,103022000000,0,true,0
"NVL",142629,"/Date(1703057238000)/",16800,400,6167000,103012000000,0,true,0
"NVL",142629,"/Date(1703057235000)/",16800,2000,6166600,103005000000,0,true,0
"NVL",142623,"/Date(1703057231000)/",16800,1200,6164600,102972000000,0,true,0
"NVL",142623,"/Date(1703057231000)/",16800,100,6163400,102951000000,0,true,0
"NVL",142623,"/Date(1703057230000)/",16800,2000,6163300,102950000000,0,true,0
"NVL",142620,"/Date(1703057227000)/",16800,4300,6161300,102916000000,0,true,0
"NVL",142620,"/Date(1703057227000)/",16800,700,6157000,102844000000,0,true,0
"NVL",142610,"/Date(1703057219000)/",16800,3300,6156300,102832000000,0,true,0
"NVL",142610,"/Date(1703057219000)/",16800,5500,6153000,102777000000,0,true,0
"NVL",142610,"/Date(1703057217000)/",16800,2000,6147500,102684000000,0,true,0
"NVL",142610,"/Date(1703057216000)/",16800,1700,6145500,102651000000,0,true,0
"NVL",142607,"/Date(1703057215000)/",16800,4500,6143800,102622000000,0,true,0
"NVL",142604,"/Date(1703057209000)/",16800,4000,6139300,102547000000,0,true,0
"NVL",142557,"/Date(1703057205000)/",16800,1700,6135300,102479000000,0,true,0
"NVL",142554,"/Date(1703057200000)/",16850,500,6133600,102451000000,50,false,0.3
"NVL",142554,"/Date(1703057200000)/",16850,100,6133100,102442000000,50,false,0.3
"NVL",142554,"/Date(1703057200000)/",16850,200,6133000,102441000000,50,false,0.3
"NVL",142554,"/Date(1703057200000)/",16850,100,6132800,102437000000,50,false,0.3
"NVL",142554,"/Date(1703057200000)/",16850,1000,6132700,102436000000,50,false,0.3
"NVL",142554,"/Date(1703057200000)/",16850,100,6131700,102419000000,50,false,0.3
"NVL",142551,"/Date(1703057198000)/",16800,9100,6131600,102417000000,0,true,0
"NVL",142548,"/Date(1703057194000)/",16800,200,6122500,102264000000,0,false,0
"NVL",142548,"/Date(1703057194000)/",16800,200,6122300,102261000000,0,false,0
"NVL",142548,"/Date(1703057194000)/",16800,6000,6122100,102258000000,0,false,0
"NVL",142548,"/Date(1703057194000)/",16800,500,6116100,102157000000,0,false,0
"NVL",142548,"/Date(1703057194000)/",16800,1000,6115600,102148000000,0,false,0
"NVL",142548,"/Date(1703057194000)/",16800,10000,6114600,102132000000,0,false,0
"NVL",142548,"/Date(1703057194000)/",16800,3500,6104600,101964000000,0,false,0
"NVL",142548,"/Date(1703057194000)/",16800,100,6101100,101905000000,0,false,0
"NVL",142548,"/Date(1703057194000)/",16800,1000,6101000,101903000000,0,false,0
"NVL",142548,"/Date(1703057194000)/",16800,4000,6100000,101886000000,0,false,0
"NVL",142548,"/Date(1703057194000)/",16800,1000,6096000,101819000000,0,false,0
"NVL",142548,"/Date(1703057194000)/",16800,12000,6095000,101802000000,0,false,0
"NVL",142548,"/Date(1703057194000)/",16800,2000,6083000,101601000000,0,false,0
"NVL",142548,"/Date(1703057194000)/",16800,1200,6081000,101567000000,0,false,0
"NVL",142548,"/Date(1703057194000)/",16800,100,6079800,101547000000,0,false,0
"NVL",142548,"/Date(1703057194000)/",16800,100,6079700,101545000000,0,false,0
"NVL",142548,"/Date(1703057194000)/",16800,100,6079600,101544000000,0,false,0
"NVL",142548,"/Date(1703057194000)/",16800,500,6079500,101542000000,0,false,0
"NVL",142548,"/Date(1703057194000)/",16800,4500,6079000,101533000000,0,false,0
"NVL",142548,"/Date(1703057194000)/",16800,200,6074500,101458000000,0,false,0
"NVL",142548,"/Date(1703057194000)/",16800,300,6074300,101455000000,0,false,0
"NVL",142548,"/Date(1703057193000)/",16800,1000,6074000,101449000000,0,false,0
"NVL",142545,"/Date(1703057193000)/",16800,200,6073000,101433000000,0,false,0
"NVL",142545,"/Date(1703057192000)/",16800,2000,6072800,101429000000,0,false,0
"NVL",142545,"/Date(1703057192000)/",16800,100,6070800,101396000000,0,false,0
"NVL",142541,"/Date(1703057190000)/",16800,3900,6070700,101394000000,0,false,0
"NVL",142541,"/Date(1703057190000)/",16800,8200,6066800,101329000000,0,false,0
"NVL",142541,"/Date(1703057190000)/",16800,2600,6058600,101191000000,0,false,0
"NVL",142541,"/Date(1703057190000)/",16800,1600,6056000,101147000000,0,false,0
"NVL",142541,"/Date(1703057190000)/",16800,5000,6054400,101120000000,0,false,0
"NVL",142541,"/Date(1703057190000)/",16800,1000,6049400,101036000000,0,false,0
"NVL",142541,"/Date(1703057190000)/",16800,300,6048400,101019000000,0,false,0
"NVL",142541,"/Date(1703057190000)/",16800,700,6048100,101014000000,0,false,0
"NVL",142541,"/Date(1703057190000)/",16800,500,6047400,101003000000,0,false,0
"NVL",142541,"/Date(1703057190000)/",16800,1000,6046900,100994000000,0,false,0
"NVL",142541,"/Date(1703057190000)/",16800,400,6045900,100977000000,0,false,0
"NVL",142541,"/Date(1703057190000)/",16800,1000,6045500,100971000000,0,false,0
"NVL",142541,"/Date(1703057190000)/",16800,200,6044500,100954000000,0,false,0
"NVL",142541,"/Date(1703057190000)/",16800,500,6044300,100951000000,0,false,0
"NVL",142541,"/Date(1703057190000)/",16800,2600,6043800,100942000000,0,false,0
"NVL",142541,"/Date(1703057190000)/",16800,2500,6041200,100898000000,0,false,0
"NVL",142541,"/Date(1703057190000)/",16800,2800,6038700,100856000000,0,false,0
"NVL",142541,"/Date(1703057190000)/",16800,1000,6035900,100809000000,0,false,0
"NVL",142541,"/Date(1703057190000)/",16800,100,6034900,100793000000,0,false,0
"NVL",142541,"/Date(1703057190000)/",16800,5000,6034800,100791000000,0,false,0
"NVL",142541,"/Date(1703057190000)/",16800,3500,6029800,100707000000,0,false,0
"NVL",142541,"/Date(1703057190000)/",16800,1000,6026300,100648000000,0,false,0
"NVL",142541,"/Date(1703057190000)/",16800,2500,6025300,100631000000,0,false,0
"NVL",142541,"/Date(1703057190000)/",16800,100,6022800,100589000000,0,false,0
"NVL",142541,"/Date(1703057190000)/",16800,100,6022700,100588000000,0,false,0
"NVL",142541,"/Date(1703057190000)/",16800,300,6022600,100586000000,0,false,0
"NVL",142541,"/Date(1703057190000)/",16800,100,6022300,100581000000,0,false,0
"NVL",142541,"/Date(1703057190000)/",16800,2000,6022200,100579000000,0,false,0
"NVL",142541,"/Date(1703057190000)/",16800,100,6020200,100546000000,0,false,0
"NVL",142541,"/Date(1703057190000)/",16800,100,6020100,100544000000,0,false,0
"NVL",142541,"/Date(1703057190000)/",16800,2600,6020000,100542000000,0,false,0
"NVL",142541,"/Date(1703057190000)/",16800,100,6017400,100499000000,0,false,0
"NVL",142541,"/Date(1703057190000)/",16800,20000,6017300,100497000000,0,false,0
"NVL",142541,"/Date(1703057190000)/",16800,2000,5997300,100161000000,0,false,0
"NVL",142541,"/Date(1703057190000)/",16800,2800,5995300,100127000000,0,false,0
"NVL",142541,"/Date(1703057190000)/",16800,100,5992500,100080000000,0,false,0
"NVL",142541,"/Date(1703057190000)/",16800,2600,5992400,100079000000,0,false,0
"NVL",142541,"/Date(1703057190000)/",16800,100,5989800,100035000000,0,false,0
"NVL",142541,"/Date(1703057190000)/",16800,1000,5989700,100033000000,0,false,0
"NVL",142541,"/Date(1703057190000)/",16800,1000,5988700,100016000000,0,false,0
"NVL",142541,"/Date(1703057190000)/",16800,300,5987700,100000000000,0,false,0
"NVL",142541,"/Date(1703057190000)/",16800,300,5987400,99995000000,0,false,0
"NVL",142541,"/Date(1703057190000)/",16800,16400,5987100,99990000000,0,false,0
"NVL",142538,"/Date(1703057187000)/",16800,1500,5970700,99714000000,0,false,0
"NVL",142538,"/Date(1703057185000)/",16750,3200,5969200,99689000000,-50,true,-0.3
"NVL",142535,"/Date(1703057183000)/",16800,2100,5966000,99635000000,0,false,0
"NVL",142535,"/Date(1703057183000)/",16800,800,5963900,99600000000,0,false,0
"NVL",142535,"/Date(1703057183000)/",16800,500,5963100,99587000000,0,false,0
"NVL",142535,"/Date(1703057183000)/",16800,600,5962600,99578000000,0,false,0
"NVL",142535,"/Date(1703057183000)/",16800,1900,5962000,99568000000,0,false,0
"NVL",142535,"/Date(1703057183000)/",16800,1000,5960100,99536000000,0,false,0
"NVL",142535,"/Date(1703057183000)/",16800,1000,5959100,99519000000,0,false,0
"NVL",142535,"/Date(1703057183000)/",16800,100,5958100,99503000000,0,false,0
"NVL",142535,"/Date(1703057183000)/",16800,1000,5958000,99501000000,0,false,0
"NVL",142535,"/Date(1703057181000)/",16800,200,5957000,99484000000,0,false,0
"NVL",142535,"/Date(1703057180000)/",16800,100,5956800,99481000000,0,false,0
"NVL",142532,"/Date(1703057178000)/",16800,7000,5956700,99479000000,0,false,0
"NVL",142529,"/Date(1703057177000)/",16800,2700,5949700,99361000000,0,false,0
"NVL",142529,"/Date(1703057177000)/",16800,500,5947000,99316000000,0,false,0
"NVL",142529,"/Date(1703057177000)/",16800,500,5946500,99308000000,0,false,0
"NVL",142529,"/Date(1703057177000)/",16800,1300,5946000,99299000000,0,false,0
"NVL",142529,"/Date(1703057176000)/",16800,1000,5944700,99277000000,0,false,0
"NVL",142529,"/Date(1703057175000)/",16800,200,5943700,99261000000,0,false,0
"NVL",142525,"/Date(1703057174000)/",16800,100,5943500,99257000000,0,false,0
"NVL",142525,"/Date(1703057174000)/",16800,200,5943400,99256000000,0,false,0
"NVL",142525,"/Date(1703057174000)/",16800,200,5943200,99252000000,0,false,0
"NVL",142525,"/Date(1703057171000)/",16800,100,5943000,99249000000,0,false,0
"NVL",142519,"/Date(1703057165000)/",16800,100,5942900,99247000000,0,false,0
"NVL",142516,"/Date(1703057164000)/",16800,100,5942800,99245000000,0,false,0
"NVL",142516,"/Date(1703057163000)/",16800,500,5942700,99244000000,0,false,0
"NVL",142516,"/Date(1703057163000)/",16800,100,5942200,99235000000,0,false,0
"NVL",142516,"/Date(1703057163000)/",16800,200,5942100,99234000000,0,false,0
"NVL",142516,"/Date(1703057163000)/",16800,300,5941900,99230000000,0,false,0
"NVL",142516,"/Date(1703057162000)/",16800,200,5941600,99225000000,0,false,0
"NVL",142516,"/Date(1703057162000)/",16800,800,5941400,99222000000,0,false,0
"NVL",142516,"/Date(1703057162000)/",16800,200,5940600,99209000000,0,false,0
"NVL",142516,"/Date(1703057162000)/",16800,300,5940400,99205000000,0,false,0
"NVL",142516,"/Date(1703057161000)/",16800,500,5940100,99200000000,0,false,0
"NVL",142513,"/Date(1703057159000)/",16800,100,5939600,99192000000,0,false,0
"NVL",142513,"/Date(1703057159000)/",16800,200,5939500,99190000000,0,false,0
"NVL",142513,"/Date(1703057159000)/",16800,100,5939300,99187000000,0,false,0
"NVL",142513,"/Date(1703057159000)/",16800,600,5939200,99185000000,0,false,0
"NVL",142509,"/Date(1703057157000)/",16800,100,5938600,99175000000,0,false,0
"NVL",142509,"/Date(1703057157000)/",16800,400,5938500,99173000000,0,false,0
"NVL",142506,"/Date(1703057153000)/",16800,100,5938100,99167000000,0,false,0
"NVL",142506,"/Date(1703057153000)/",16800,300,5938000,99165000000,0,false,0
"NVL",142506,"/Date(1703057153000)/",16800,300,5937700,99160000000,0,false,0
"NVL",142506,"/Date(1703057153000)/",16800,500,5937400,99155000000,0,false,0
"NVL",142506,"/Date(1703057153000)/",16800,5000,5936900,99146000000,0,false,0
"NVL",142506,"/Date(1703057153000)/",16800,200,5931900,99062000000,0,false,0
"NVL",142506,"/Date(1703057153000)/",16800,300,5931700,99059000000,0,false,0
"NVL",142506,"/Date(1703057153000)/",16800,500,5931400,99054000000,0,false,0
"NVL",142506,"/Date(1703057153000)/",16800,1000,5930900,99046000000,0,false,0
"NVL",142506,"/Date(1703057153000)/",16800,200,5929900,99029000000,0,false,0
"NVL",142506,"/Date(1703057153000)/",16800,900,5929700,99025000000,0,false,0
"NVL",142506,"/Date(1703057153000)/",16800,3100,5928800,99010000000,0,false,0
"NVL",142506,"/Date(1703057153000)/",16800,1700,5925700,98958000000,0,false,0
"NVL",142506,"/Date(1703057153000)/",16800,200,5924000,98930000000,0,false,0
"NVL",142506,"/Date(1703057153000)/",16800,700,5923800,98926000000,0,false,0
"NVL",142503,"/Date(1703057150000)/",16800,400,5923100,98915000000,0,false,0
"NVL",142503,"/Date(1703057150000)/",16800,100,5922700,98908000000,0,false,0
"NVL",142503,"/Date(1703057149000)/",16750,100,5922600,98906000000,-50,true,-0.3
"NVL",142500,"/Date(1703057148000)/",16800,700,5922500,98904000000,0,false,0
"NVL",142500,"/Date(1703057148000)/",16800,700,5921800,98893000000,0,false,0
"NVL",142500,"/Date(1703057148000)/",16800,700,5921100,98881000000,0,false,0
"NVL",142500,"/Date(1703057146000)/",16800,300,5920400,98869000000,0,false,0
"NVL",142500,"/Date(1703057146000)/",16800,500,5920100,98864000000,0,false,0
"NVL",142500,"/Date(1703057146000)/",16800,2500,5919600,98856000000,0,false,0
"NVL",142500,"/Date(1703057146000)/",16800,100,5917100,98814000000,0,false,0
"NVL",142500,"/Date(1703057146000)/",16800,1600,5917000,98812000000,0,false,0
"NVL",142500,"/Date(1703057146000)/",16800,1000,5915400,98785000000,0,false,0
"NVL",142500,"/Date(1703057145000)/",16800,200,5914400,98768000000,0,false,0
"NVL",142457,"/Date(1703057143000)/",16800,100,5914200,98765000000,0,false,0
"NVL",142457,"/Date(1703057142000)/",16750,1500,5914100,98763000000,-50,true,-0.3
"NVL",142453,"/Date(1703057141000)/",16750,300,5912600,98738000000,-50,true,-0.3
"NVL",142453,"/Date(1703057140000)/",16800,1100,5912300,98733000000,0,false,0
"NVL",142453,"/Date(1703057140000)/",16800,100,5911200,98715000000,0,false,0
"NVL",142453,"/Date(1703057140000)/",16800,1000,5911100,98713000000,0,false,0
"NVL",142453,"/Date(1703057140000)/",16800,2800,5910100,98696000000,0,false,0
"NVL",142453,"/Date(1703057139000)/",16750,1000,5907300,98649000000,-50,true,-0.3
"NVL",142450,"/Date(1703057139000)/",16800,1100,5906300,98632000000,0,false,0
"NVL",142450,"/Date(1703057137000)/",16750,500,5905200,98614000000,-50,true,-0.3
"NVL",142450,"/Date(1703057136000)/",16750,10000,5904700,98606000000,-50,true,-0.3
"NVL",142447,"/Date(1703057133000)/",16800,100,5894700,98438000000,0,false,0
"NVL",142447,"/Date(1703057133000)/",16800,64600,5894600,98436000000,0,false,0
"NVL",142447,"/Date(1703057133000)/",16800,900,5830000,97351000000,0,false,0
"NVL",142447,"/Date(1703057133000)/",16800,5000,5829100,97336000000,0,false,0
"NVL",142447,"/Date(1703057133000)/",16800,2500,5824100,97252000000,0,false,0
"NVL",142447,"/Date(1703057133000)/",16800,2600,5821600,97210000000,0,false,0
"NVL",142447,"/Date(1703057133000)/",16800,400,5819000,97166000000,0,false,0
"NVL",142447,"/Date(1703057133000)/",16800,200,5818600,97160000000,0,false,0
"NVL",142447,"/Date(1703057133000)/",16800,1000,5818400,97156000000,0,false,0
"NVL",142447,"/Date(1703057133000)/",16800,2600,5817400,97139000000,0,false,0
"NVL",142447,"/Date(1703057133000)/",16800,1000,5814800,97096000000,0,false,0
"NVL",142447,"/Date(1703057133000)/",16800,500,5813800,97079000000,0,false,0
"NVL",142447,"/Date(1703057133000)/",16800,2600,5813300,97071000000,0,false,0
"NVL",142447,"/Date(1703057133000)/",16800,700,5810700,97027000000,0,false,0
"NVL",142447,"/Date(1703057133000)/",16800,1000,5810000,97015000000,0,false,0
"NVL",142447,"/Date(1703057133000)/",16800,2500,5809000,96998000000,0,false,0
"NVL",142447,"/Date(1703057133000)/",16800,2500,5806500,96956000000,0,false,0
"NVL",142447,"/Date(1703057133000)/",16800,100,5804000,96914000000,0,false,0
"NVL",142447,"/Date(1703057133000)/",16800,2600,5803900,96913000000,0,false,0
"NVL",142447,"/Date(1703057133000)/",16800,200,5801300,96869000000,0,false,0
"NVL",142447,"/Date(1703057133000)/",16800,2600,5801100,96866000000,0,false,0
"NVL",142447,"/Date(1703057133000)/",16800,100,5798500,96822000000,0,false,0
"NVL",142447,"/Date(1703057133000)/",16800,2000,5798400,96820000000,0,false,0
"NVL",142447,"/Date(1703057133000)/",16800,1000,5796400,96787000000,0,false,0
"NVL",142447,"/Date(1703057133000)/",16800,700,5795400,96770000000,0,false,0
"NVL",142447,"/Date(1703057133000)/",16750,3000,5794700,96758000000,-50,true,-0.3
"NVL",142444,"/Date(1703057132000)/",16800,100,5791700,96708000000,0,false,0
"NVL",142441,"/Date(1703057127000)/",16800,100,5791600,96706000000,0,false,0
"NVL",142437,"/Date(1703057124000)/",16800,100,5791500,96704000000,0,false,0
"NVL",142428,"/Date(1703057113000)/",16800,100,5791400,96703000000,0,false,0
"NVL",142415,"/Date(1703057102000)/",16750,2600,5791300,96701000000,-50,true,-0.3
"NVL",142415,"/Date(1703057101000)/",16750,1000,5788700,96658000000,-50,true,-0.3
"NVL",142409,"/Date(1703057096000)/",16750,500,5787700,96641000000,-50,true,-0.3
"NVL",142349,"/Date(1703057076000)/",16750,1400,5787200,96632000000,-50,true,-0.3
"NVL",142346,"/Date(1703057072000)/",16800,1000,5785800,96609000000,0,false,0
"NVL",142337,"/Date(1703057064000)/",16800,2000,5784800,96592000000,0,false,0
"NVL",142324,"/Date(1703057051000)/",16800,600,5782800,96559000000,0,false,0
"NVL",142324,"/Date(1703057050000)/",16750,4200,5782200,96548000000,-50,true,-0.3
"NVL",142317,"/Date(1703057043000)/",16800,1000,5778000,96478000000,0,false,0
"NVL",142311,"/Date(1703057039000)/",16800,400,5777000,96461000000,0,false,0
"NVL",142311,"/Date(1703057039000)/",16800,900,5776600,96455000000,0,false,0
"NVL",142311,"/Date(1703057039000)/",16800,100,5775700,96439000000,0,false,0
"NVL",142258,"/Date(1703057025000)/",16750,3000,5775600,96438000000,-50,true,-0.3
"NVL",142252,"/Date(1703057018000)/",16750,100,5772600,96388000000,-50,true,-0.3
"NVL",142252,"/Date(1703057018000)/",16800,100,5772500,96386000000,0,false,0
"NVL",142246,"/Date(1703057012000)/",16750,2600,5772400,96384000000,-50,true,-0.3
"NVL",142242,"/Date(1703057010000)/",16750,500,5769800,96341000000,-50,true,-0.3
"NVL",142239,"/Date(1703057007000)/",16800,300,5769300,96332000000,0,false,0
"NVL",142239,"/Date(1703057007000)/",16800,200,5769000,96327000000,0,false,0
"NVL",142239,"/Date(1703057007000)/",16800,800,5768800,96324000000,0,false,0
"NVL",142233,"/Date(1703056999000)/",16750,900,5768000,96310000000,-50,true,-0.3
"NVL",142233,"/Date(1703056999000)/",16750,500,5767100,96295000000,-50,true,-0.3
"NVL",142233,"/Date(1703056999000)/",16800,1000,5766600,96287000000,0,false,0
"NVL",142233,"/Date(1703056999000)/",16800,1000,5765600,96270000000,0,false,0
"NVL",142233,"/Date(1703056999000)/",16800,100,5764600,96253000000,0,false,0
"NVL",142233,"/Date(1703056999000)/",16800,100,5764500,96252000000,0,false,0
"NVL",142220,"/Date(1703056987000)/",16750,1000,5764400,96250000000,-50,true,-0.3
"NVL",142220,"/Date(1703056987000)/",16800,500,5763400,96233000000,0,false,0
"NVL",142220,"/Date(1703056987000)/",16800,200,5762900,96225000000,0,false,0
"NVL",142220,"/Date(1703056987000)/",16800,100,5762700,96222000000,0,false,0
"NVL",142220,"/Date(1703056987000)/",16800,200,5762600,96220000000,0,false,0
"NVL",142220,"/Date(1703056986000)/",16800,1000,5762400,96216000000,0,false,0
"NVL",142217,"/Date(1703056984000)/",16800,200,5761400,96200000000,0,false,0
"NVL",142217,"/Date(1703056983000)/",16800,600,5761200,96196000000,0,false,0
"NVL",142217,"/Date(1703056983000)/",16800,100,5760600,96186000000,0,false,0
"NVL",142217,"/Date(1703056983000)/",16800,300,5760500,96185000000,0,false,0
"NVL",142214,"/Date(1703056979000)/",16800,200,5760200,96180000000,0,false,0
"NVL",142214,"/Date(1703056979000)/",16800,100,5760000,96176000000,0,false,0
"NVL",142214,"/Date(1703056979000)/",16800,1700,5759900,96174000000,0,false,0
"NVL",142214,"/Date(1703056979000)/",16800,500,5758200,96146000000,0,false,0
"NVL",142158,"/Date(1703056964000)/",16800,200,5757700,96138000000,0,false,0
"NVL",142158,"/Date(1703056964000)/",16800,2600,5757500,96134000000,0,false,0
"NVL",142158,"/Date(1703056964000)/",16800,300,5754900,96090000000,0,false,0
"NVL",142158,"/Date(1703056964000)/",16800,3100,5754600,96085000000,0,false,0
"NVL",142158,"/Date(1703056963000)/",16800,2500,5751500,96033000000,0,false,0
"NVL",142154,"/Date(1703056963000)/",16800,1000,5749000,95991000000,0,false,0
"NVL",142154,"/Date(1703056962000)/",16800,2200,5748000,95975000000,0,false,0
"NVL",142154,"/Date(1703056960000)/",16800,2000,5745800,95938000000,0,false,0
"NVL",142151,"/Date(1703056959000)/",16800,10000,5743800,95904000000,0,false,0
"NVL",142151,"/Date(1703056958000)/",16800,100,5733800,95736000000,0,false,0
"NVL",142142,"/Date(1703056948000)/",16800,2000,5733700,95734000000,0,false,0
"NVL",142135,"/Date(1703056942000)/",16800,5000,5731700,95701000000,0,false,0
"NVL",142129,"/Date(1703056937000)/",16800,2100,5726700,95617000000,0,false,0
"NVL",142129,"/Date(1703056937000)/",16800,6600,5724600,95581000000,0,false,0
"NVL",142129,"/Date(1703056937000)/",16800,1000,5718000,95471000000,0,false,0
"NVL",142129,"/Date(1703056937000)/",16800,500,5717000,95454000000,0,false,0
"NVL",142129,"/Date(1703056937000)/",16800,500,5716500,95445000000,0,false,0
"NVL",142129,"/Date(1703056937000)/",16800,100,5716000,95437000000,0,false,0
"NVL",142129,"/Date(1703056937000)/",16800,7700,5715900,95435000000,0,false,0
"NVL",142129,"/Date(1703056937000)/",16800,6000,5708200,95306000000,0,false,0
"NVL",142129,"/Date(1703056937000)/",16800,3500,5702200,95205000000,0,false,0
"NVL",142129,"/Date(1703056937000)/",16800,5000,5698700,95146000000,0,false,0
"NVL",142129,"/Date(1703056937000)/",16800,200,5693700,95062000000,0,false,0
"NVL",142129,"/Date(1703056937000)/",16800,200,5693500,95059000000,0,false,0
"NVL",142129,"/Date(1703056937000)/",16800,1000,5693300,95056000000,0,false,0
"NVL",142129,"/Date(1703056937000)/",16800,200,5692300,95039000000,0,false,0
"NVL",142129,"/Date(1703056937000)/",16800,100,5692100,95035000000,0,false,0
"NVL",142129,"/Date(1703056937000)/",16800,1000,5692000,95034000000,0,false,0
"NVL",142129,"/Date(1703056937000)/",16800,100,5691000,95017000000,0,false,0
"NVL",142129,"/Date(1703056937000)/",16800,300,5690900,95015000000,0,false,0
"NVL",142129,"/Date(1703056937000)/",16800,200,5690600,95010000000,0,false,0
"NVL",142129,"/Date(1703056937000)/",16800,100,5690400,95007000000,0,false,0
"NVL",142129,"/Date(1703056937000)/",16800,1700,5690300,95005000000,0,false,0
"NVL",142129,"/Date(1703056937000)/",16800,500,5688600,94977000000,0,false,0
"NVL",142129,"/Date(1703056937000)/",16800,200,5688100,94968000000,0,false,0
"NVL",142129,"/Date(1703056937000)/",16800,500,5687900,94965000000,0,false,0
"NVL",142129,"/Date(1703056937000)/",16800,2000,5687400,94956000000,0,false,0
"NVL",142129,"/Date(1703056937000)/",16800,5000,5685400,94923000000,0,false,0
"NVL",142129,"/Date(1703056937000)/",16800,800,5680400,94839000000,0,false,0
"NVL",142129,"/Date(1703056937000)/",16800,200,5679600,94825000000,0,false,0
"NVL",142129,"/Date(1703056937000)/",16800,100,5679400,94822000000,0,false,0
"NVL",142129,"/Date(1703056937000)/",16800,800,5679300,94820000000,0,false,0
"NVL",142129,"/Date(1703056937000)/",16800,500,5678500,94807000000,0,false,0
"NVL",142129,"/Date(1703056937000)/",16800,5000,5678000,94799000000,0,false,0
"NVL",142129,"/Date(1703056937000)/",16800,900,5673000,94715000000,0,false,0
"NVL",142129,"/Date(1703056937000)/",16800,200,5672100,94699000000,0,false,0
"NVL",142129,"/Date(1703056937000)/",16800,100,5671900,94696000000,0,false,0
"NVL",142129,"/Date(1703056937000)/",16800,1000,5671800,94694000000,0,false,0
"NVL",142129,"/Date(1703056937000)/",16800,600,5670800,94678000000,0,false,0
"NVL",142129,"/Date(1703056937000)/",16800,2000,5670200,94668000000,0,false,0
"NVL",142129,"/Date(1703056937000)/",16800,500,5668200,94634000000,0,false,0
"NVL",142129,"/Date(1703056937000)/",16800,2000,5667700,94626000000,0,false,0
"NVL",142129,"/Date(1703056937000)/",16800,100,5665700,94592000000,0,false,0
"NVL",142129,"/Date(1703056937000)/",16800,100,5665600,94590000000,0,false,0
"NVL",142129,"/Date(1703056937000)/",16800,3000,5665500,94589000000,0,false,0
"NVL",142129,"/Date(1703056937000)/",16800,2000,5662500,94538000000,0,false,0
"NVL",142129,"/Date(1703056937000)/",16800,200,5660500,94505000000,0,false,0
"NVL",142129,"/Date(1703056937000)/",16800,1000,5660300,94501000000,0,false,0
"NVL",142129,"/Date(1703056937000)/",16800,1000,5659300,94484000000,0,false,0
"NVL",142129,"/Date(1703056937000)/",16800,1000,5658300,94468000000,0,false,0
"NVL",142129,"/Date(1703056937000)/",16800,100,5657300,94451000000,0,false,0
"NVL",142129,"/Date(1703056937000)/",16800,7600,5657200,94449000000,0,false,0
"NVL",142129,"/Date(1703056937000)/",16800,500,5649600,94321000000,0,false,0
"NVL",142129,"/Date(1703056937000)/",16800,100,5649100,94313000000,0,false,0
"NVL",142129,"/Date(1703056937000)/",16800,300,5649000,94311000000,0,false,0
"NVL",142129,"/Date(1703056937000)/",16800,200,5648700,94306000000,0,false,0
"NVL",142129,"/Date(1703056937000)/",16800,100,5648500,94303000000,0,false,0
"NVL",142129,"/Date(1703056937000)/",16800,100,5648400,94301000000,0,false,0
"NVL",142129,"/Date(1703056937000)/",16800,500,5648300,94300000000,0,false,0
"NVL",142129,"/Date(1703056937000)/",16800,100,5647800,94291000000,0,false,0
"NVL",142129,"/Date(1703056937000)/",16800,300,5647700,94290000000,0,false,0
"NVL",142129,"/Date(1703056937000)/",16800,100,5647400,94284000000,0,false,0
"NVL",142129,"/Date(1703056937000)/",16800,2000,5647300,94283000000,0,false,0
"NVL",142129,"/Date(1703056937000)/",16800,15000,5645300,94249000000,0,false,0
"NVL",142129,"/Date(1703056937000)/",16800,1000,5630300,93997000000,0,false,0
"NVL",142129,"/Date(1703056937000)/",16800,800,5629300,93980000000,0,false,0
"NVL",142129,"/Date(1703056937000)/",16800,500,5628500,93967000000,0,false,0
"NVL",142129,"/Date(1703056937000)/",16800,100,5628000,93959000000,0,false,0
"NVL",142129,"/Date(1703056937000)/",16800,100,5627900,93957000000,0,false,0
"NVL",142129,"/Date(1703056937000)/",16800,100,5627800,93955000000,0,false,0
"NVL",142129,"/Date(1703056937000)/",16800,1000,5627700,93954000000,0,false,0
"NVL",142129,"/Date(1703056936000)/",16800,500,5626700,93937000000,0,false,0
"NVL",142126,"/Date(1703056932000)/",16800,500,5626200,93928000000,0,false,0
"NVL",142126,"/Date(1703056932000)/",16800,100,5625700,93920000000,0,false,0
"NVL",142126,"/Date(1703056932000)/",16800,1200,5625600,93918000000,0,false,0
"NVL",142119,"/Date(1703056927000)/",16800,100,5624400,93898000000,0,false,0
"NVL",142119,"/Date(1703056926000)/",16800,5000,5624300,93896000000,0,false,0
"NVL",142113,"/Date(1703056920000)/",16800,100,5619300,93812000000,0,false,0
"NVL",142110,"/Date(1703056917000)/",16750,200,5619200,93811000000,-50,true,-0.3
"NVL",142107,"/Date(1703056912000)/",16800,4500,5619000,93807000000,0,false,0
"NVL",142100,"/Date(1703056908000)/",16800,3000,5614500,93732000000,0,false,0
"NVL",142054,"/Date(1703056902000)/",16750,1000,5611500,93681000000,-50,true,-0.3
"NVL",142047,"/Date(1703056895000)/",16800,10000,5610500,93665000000,0,false,0
"NVL",142028,"/Date(1703056876000)/",16800,3000,5600500,93497000000,0,false,0
"NVL",142015,"/Date(1703056863000)/",16750,2600,5597500,93446000000,-50,true,-0.3
"NVL",142012,"/Date(1703056860000)/",16750,1000,5594900,93403000000,-50,true,-0.3
"NVL",142006,"/Date(1703056853000)/",16800,100,5593900,93386000000,0,false,0
"NVL",142006,"/Date(1703056851000)/",16750,200,5593800,93384000000,-50,true,-0.3
"NVL",142003,"/Date(1703056850000)/",16800,2000,5593600,93381000000,0,false,0
"NVL",142003,"/Date(1703056849000)/",16750,2000,5591600,93347000000,-50,true,-0.3
"NVL",142000,"/Date(1703056847000)/",16800,1000,5589600,93314000000,0,false,0
"NVL",141956,"/Date(1703056843000)/",16750,1000,5588600,93297000000,-50,true,-0.3
"NVL",141956,"/Date(1703056843000)/",16800,2000,5587600,93280000000,0,false,0
"NVL",141956,"/Date(1703056842000)/",16800,400,5585600,93247000000,0,false,0
"NVL",141950,"/Date(1703056838000)/",16750,1000,5585200,93240000000,-50,true,-0.3
"NVL",141950,"/Date(1703056836000)/",16750,100,5584200,93223000000,-50,true,-0.3
"NVL",141947,"/Date(1703056834000)/",16750,2600,5584100,93222000000,-50,true,-0.3
"NVL",141937,"/Date(1703056823000)/",16750,200,5581500,93178000000,-50,true,-0.3
"NVL",141937,"/Date(1703056822000)/",16750,1000,5581300,93175000000,-50,true,-0.3
"NVL",141937,"/Date(1703056822000)/",16750,1000,5580300,93158000000,-50,true,-0.3
"NVL",141928,"/Date(1703056814000)/",16750,20000,5579300,93141000000,-50,true,-0.3
"NVL",141928,"/Date(1703056813000)/",16750,2100,5559300,92806000000,-50,true,-0.3
"NVL",141924,"/Date(1703056811000)/",16750,200,5557200,92771000000,-50,false,-0.3
"NVL",141924,"/Date(1703056811000)/",16750,500,5557000,92768000000,-50,false,-0.3
"NVL",141924,"/Date(1703056810000)/",16750,200,5556500,92759000000,-50,false,-0.3
"NVL",141924,"/Date(1703056810000)/",16750,2600,5556300,92756000000,-50,false,-0.3
"NVL",141924,"/Date(1703056810000)/",16750,1000,5553700,92712000000,-50,false,-0.3
"NVL",141924,"/Date(1703056810000)/",16750,8800,5552700,92696000000,-50,false,-0.3
"NVL",141924,"/Date(1703056810000)/",16750,3500,5543900,92548000000,-50,false,-0.3
"NVL",141924,"/Date(1703056810000)/",16750,5000,5540400,92490000000,-50,false,-0.3
"NVL",141924,"/Date(1703056810000)/",16750,2500,5535400,92406000000,-50,false,-0.3
"NVL",141924,"/Date(1703056810000)/",16750,500,5532900,92364000000,-50,false,-0.3
"NVL",141924,"/Date(1703056810000)/",16750,2000,5532400,92356000000,-50,false,-0.3
"NVL",141924,"/Date(1703056810000)/",16750,300,5530400,92322000000,-50,false,-0.3
"NVL",141924,"/Date(1703056810000)/",16750,400,5530100,92317000000,-50,false,-0.3
"NVL",141924,"/Date(1703056810000)/",16750,2000,5529700,92310000000,-50,false,-0.3
"NVL",141924,"/Date(1703056810000)/",16750,100,5527700,92277000000,-50,false,-0.3
"NVL",141924,"/Date(1703056810000)/",16750,100,5527600,92275000000,-50,false,-0.3
"NVL",141924,"/Date(1703056810000)/",16750,2000,5527500,92273000000,-50,false,-0.3
"NVL",141924,"/Date(1703056810000)/",16750,200,5525500,92240000000,-50,false,-0.3
"NVL",141924,"/Date(1703056810000)/",16750,1000,5525300,92237000000,-50,false,-0.3
"NVL",141924,"/Date(1703056810000)/",16750,100,5524300,92220000000,-50,false,-0.3
"NVL",141924,"/Date(1703056810000)/",16750,500,5524200,92218000000,-50,false,-0.3
"NVL",141924,"/Date(1703056810000)/",16750,500,5523700,92210000000,-50,false,-0.3
"NVL",141924,"/Date(1703056810000)/",16750,1000,5523200,92201000000,-50,false,-0.3
"NVL",141924,"/Date(1703056810000)/",16750,1000,5522200,92185000000,-50,false,-0.3
"NVL",141924,"/Date(1703056810000)/",16750,100,5521200,92168000000,-50,false,-0.3
"NVL",141924,"/Date(1703056810000)/",16750,100,5521100,92166000000,-50,false,-0.3
"NVL",141924,"/Date(1703056810000)/",16750,200,5521000,92165000000,-50,false,-0.3
"NVL",141924,"/Date(1703056810000)/",16750,2200,5520800,92161000000,-50,false,-0.3
"NVL",141924,"/Date(1703056810000)/",16750,2000,5518600,92124000000,-50,false,-0.3
"NVL",141924,"/Date(1703056810000)/",16750,5000,5516600,92091000000,-50,false,-0.3
"NVL",141924,"/Date(1703056810000)/",16750,500,5511600,92007000000,-50,false,-0.3
"NVL",141924,"/Date(1703056810000)/",16750,3000,5511100,91999000000,-50,false,-0.3
"NVL",141924,"/Date(1703056810000)/",16750,5000,5508100,91949000000,-50,false,-0.3
"NVL",141924,"/Date(1703056810000)/",16750,8400,5503100,91865000000,-50,false,-0.3
"NVL",141918,"/Date(1703056805000)/",16750,200,5494700,91724000000,-50,false,-0.3
"NVL",141915,"/Date(1703056801000)/",16750,300,5494500,91721000000,-50,false,-0.3
"NVL",141915,"/Date(1703056800000)/",16700,300,5494200,91716000000,-100,true,-0.6
"NVL",141908,"/Date(1703056797000)/",16750,100,5493900,91711000000,-50,false,-0.3
"NVL",141908,"/Date(1703056795000)/",16750,7900,5493800,91709000000,-50,false,-0.3
"NVL",141908,"/Date(1703056795000)/",16750,100,5485900,91577000000,-50,false,-0.3
"NVL",141908,"/Date(1703056795000)/",16750,2000,5485800,91575000000,-50,false,-0.3
"NVL",141902,"/Date(1703056790000)/",16750,100,5483800,91541000000,-50,false,-0.3
"NVL",141856,"/Date(1703056782000)/",16750,400,5483700,91540000000,-50,false,-0.3
"NVL",141856,"/Date(1703056782000)/",16750,1400,5483300,91533000000,-50,false,-0.3
"NVL",141852,"/Date(1703056780000)/",16750,200,5481900,91510000000,-50,false,-0.3
"NVL",141852,"/Date(1703056780000)/",16750,500,5481700,91506000000,-50,false,-0.3
"NVL",141852,"/Date(1703056780000)/",16750,4300,5481200,91498000000,-50,false,-0.3
"NVL",141852,"/Date(1703056778000)/",16700,1000,5476900,91426000000,-100,true,-0.6
"NVL",141849,"/Date(1703056774000)/",16750,300,5475900,91409000000,-50,false,-0.3
"NVL",141846,"/Date(1703056772000)/",16750,100,5475600,91404000000,-50,false,-0.3
"NVL",141833,"/Date(1703056758000)/",16750,200,5475500,91403000000,-50,false,-0.3
"NVL",141833,"/Date(1703056758000)/",16750,3000,5475300,91399000000,-50,false,-0.3
"NVL",141830,"/Date(1703056756000)/",16700,9600,5472300,91349000000,-100,true,-0.6
"NVL",141824,"/Date(1703056750000)/",16750,30000,5462700,91189000000,-50,false,-0.3
"NVL",141820,"/Date(1703056746000)/",16700,1200,5432700,90686000000,-100,true,-0.6
"NVL",141817,"/Date(1703056744000)/",16700,2600,5431500,90666000000,-100,true,-0.6
"NVL",141817,"/Date(1703056744000)/",16750,1000,5428900,90623000000,-50,false,-0.3
"NVL",141817,"/Date(1703056742000)/",16700,200,5427900,90606000000,-100,true,-0.6
"NVL",141811,"/Date(1703056739000)/",16750,500,5427700,90603000000,-50,false,-0.3
"NVL",141811,"/Date(1703056736000)/",16750,100,5427200,90594000000,-50,false,-0.3
"NVL",141808,"/Date(1703056734000)/",16750,200,5427100,90592000000,-50,false,-0.3
"NVL",141808,"/Date(1703056733000)/",16700,2000,5426900,90589000000,-100,true,-0.6
"NVL",141804,"/Date(1703056732000)/",16750,500,5424900,90556000000,-50,false,-0.3
"NVL",141758,"/Date(1703056725000)/",16750,900,5424400,90547000000,-50,false,-0.3
"NVL",141758,"/Date(1703056724000)/",16750,200,5423500,90532000000,-50,false,-0.3
"NVL",141755,"/Date(1703056720000)/",16750,1000,5423300,90529000000,-50,false,-0.3
"NVL",141755,"/Date(1703056720000)/",16750,1400,5422300,90512000000,-50,false,-0.3
"NVL",141755,"/Date(1703056720000)/",16750,300,5420900,90489000000,-50,false,-0.3
"NVL",141755,"/Date(1703056720000)/",16750,100,5420600,90484000000,-50,false,-0.3
"NVL",141755,"/Date(1703056720000)/",16750,30000,5420500,90482000000,-50,false,-0.3
"NVL",141755,"/Date(1703056720000)/",16750,300,5390500,89980000000,-50,false,-0.3
"NVL",141755,"/Date(1703056720000)/",16750,100,5390200,89975000000,-50,false,-0.3
"NVL",141755,"/Date(1703056720000)/",16750,300,5390100,89973000000,-50,false,-0.3
"NVL",141755,"/Date(1703056720000)/",16750,2000,5389800,89968000000,-50,false,-0.3
"NVL",141755,"/Date(1703056720000)/",16750,200,5387800,89934000000,-50,false,-0.3
"NVL",141755,"/Date(1703056720000)/",16750,600,5387600,89931000000,-50,false,-0.3
"NVL",141755,"/Date(1703056720000)/",16750,100,5387000,89921000000,-50,false,-0.3
"NVL",141755,"/Date(1703056720000)/",16750,2000,5386900,89919000000,-50,false,-0.3
"NVL",141755,"/Date(1703056720000)/",16750,2000,5384900,89886000000,-50,false,-0.3
"NVL",141755,"/Date(1703056720000)/",16750,700,5382900,89852000000,-50,false,-0.3
"NVL",141755,"/Date(1703056720000)/",16750,700,5382200,89841000000,-50,false,-0.3
"NVL",141755,"/Date(1703056720000)/",16750,200,5381500,89829000000,-50,false,-0.3
"NVL",141755,"/Date(1703056720000)/",16750,1500,5381300,89825000000,-50,false,-0.3
"NVL",141755,"/Date(1703056720000)/",16750,6200,5379800,89800000000,-50,false,-0.3
"NVL",141755,"/Date(1703056720000)/",16750,1000,5373600,89696000000,-50,false,-0.3
"NVL",141755,"/Date(1703056720000)/",16750,1000,5372600,89680000000,-50,false,-0.3
"NVL",141755,"/Date(1703056720000)/",16750,1000,5371600,89663000000,-50,false,-0.3
"NVL",141755,"/Date(1703056720000)/",16750,200,5370600,89646000000,-50,false,-0.3
"NVL",141755,"/Date(1703056720000)/",16750,300,5370400,89643000000,-50,false,-0.3
"NVL",141755,"/Date(1703056720000)/",16750,500,5370100,89638000000,-50,false,-0.3
"NVL",141755,"/Date(1703056720000)/",16750,100,5369600,89629000000,-50,false,-0.3
"NVL",141755,"/Date(1703056720000)/",16750,500,5369500,89628000000,-50,false,-0.3
"NVL",141755,"/Date(1703056720000)/",16750,2400,5369000,89619000000,-50,false,-0.3
"NVL",141755,"/Date(1703056720000)/",16750,500,5366600,89579000000,-50,false,-0.3
"NVL",141755,"/Date(1703056720000)/",16750,300,5366100,89571000000,-50,false,-0.3
"NVL",141755,"/Date(1703056720000)/",16750,100,5365800,89566000000,-50,false,-0.3
"NVL",141755,"/Date(1703056720000)/",16750,1000,5365700,89564000000,-50,false,-0.3
"NVL",141755,"/Date(1703056720000)/",16750,200,5364700,89547000000,-50,false,-0.3
"NVL",141755,"/Date(1703056720000)/",16750,2000,5364500,89544000000,-50,false,-0.3
"NVL",141755,"/Date(1703056720000)/",16750,10100,5362500,89511000000,-50,false,-0.3
"NVL",141755,"/Date(1703056720000)/",16750,400,5352400,89341000000,-50,false,-0.3
"NVL",141755,"/Date(1703056720000)/",16750,1800,5352000,89335000000,-50,false,-0.3
"NVL",141755,"/Date(1703056720000)/",16750,2000,5350200,89305000000,-50,false,-0.3
"NVL",141755,"/Date(1703056720000)/",16750,20000,5348200,89271000000,-50,false,-0.3
"NVL",141755,"/Date(1703056720000)/",16750,500,5328200,88936000000,-50,false,-0.3
"NVL",141755,"/Date(1703056720000)/",16750,500,5327700,88928000000,-50,false,-0.3
"NVL",141755,"/Date(1703056720000)/",16750,1000,5327200,88919000000,-50,false,-0.3
"NVL",141755,"/Date(1703056720000)/",16750,10000,5326200,88903000000,-50,false,-0.3
"NVL",141755,"/Date(1703056720000)/",16750,200,5316200,88735000000,-50,false,-0.3
"NVL",141755,"/Date(1703056720000)/",16750,500,5316000,88732000000,-50,false,-0.3
"NVL",141755,"/Date(1703056720000)/",16750,200,5315500,88723000000,-50,false,-0.3
"NVL",141755,"/Date(1703056720000)/",16750,5000,5315300,88720000000,-50,false,-0.3
"NVL",141755,"/Date(1703056720000)/",16750,500,5310300,88636000000,-50,false,-0.3
"NVL",141755,"/Date(1703056720000)/",16750,1000,5309800,88628000000,-50,false,-0.3
"NVL",141755,"/Date(1703056720000)/",16750,1000,5308800,88611000000,-50,false,-0.3
"NVL",141755,"/Date(1703056720000)/",16750,200,5307800,88594000000,-50,false,-0.3
"NVL",141755,"/Date(1703056720000)/",16750,100,5307600,88591000000,-50,false,-0.3
"NVL",141755,"/Date(1703056720000)/",16750,1000,5307500,88589000000,-50,false,-0.3
"NVL",141755,"/Date(1703056720000)/",16750,3000,5306500,88573000000,-50,false,-0.3
"NVL",141755,"/Date(1703056720000)/",16750,1000,5303500,88522000000,-50,false,-0.3
"NVL",141755,"/Date(1703056720000)/",16750,500,5302500,88506000000,-50,false,-0.3
"NVL",141755,"/Date(1703056720000)/",16750,400,5302000,88497000000,-50,false,-0.3
"NVL",141755,"/Date(1703056720000)/",16750,100,5301600,88490000000,-50,false,-0.3
"NVL",141755,"/Date(1703056720000)/",16750,1000,5301500,88489000000,-50,false,-0.3
"NVL",141755,"/Date(1703056720000)/",16750,500,5300500,88472000000,-50,false,-0.3
"NVL",141755,"/Date(1703056720000)/",16750,10000,5300000,88464000000,-50,false,-0.3
"NVL",141755,"/Date(1703056720000)/",16750,1000,5290000,88296000000,-50,false,-0.3
"NVL",141755,"/Date(1703056720000)/",16750,2000,5289000,88279000000,-50,false,-0.3
"NVL",141755,"/Date(1703056720000)/",16750,1000,5287000,88246000000,-50,false,-0.3
"NVL",141755,"/Date(1703056720000)/",16750,1400,5286000,88229000000,-50,false,-0.3
"NVL",141752,"/Date(1703056719000)/",16750,3600,5284600,88206000000,-50,true,-0.3
"NVL",141752,"/Date(1703056719000)/",16750,1400,5281000,88145000000,-50,true,-0.3
"NVL",141752,"/Date(1703056718000)/",16750,4600,5279600,88122000000,-50,true,-0.3
"NVL",141752,"/Date(1703056717000)/",16750,500,5275000,88045000000,-50,true,-0.3
"NVL",141749,"/Date(1703056715000)/",16750,2600,5274500,88037000000,-50,true,-0.3
"NVL",141745,"/Date(1703056713000)/",16750,1300,5271900,87993000000,-50,true,-0.3
"NVL",141745,"/Date(1703056712000)/",16750,300,5270600,87971000000,-50,true,-0.3
"NVL",141745,"/Date(1703056711000)/",16750,100,5270300,87966000000,-50,true,-0.3
"NVL",141742,"/Date(1703056709000)/",16750,9200,5270200,87965000000,-50,true,-0.3
"NVL",141742,"/Date(1703056709000)/",16750,100,5261000,87810000000,-50,true,-0.3
"NVL",141742,"/Date(1703056709000)/",16750,300,5260900,87809000000,-50,true,-0.3
"NVL",141742,"/Date(1703056709000)/",16750,200,5260600,87804000000,-50,true,-0.3
"NVL",141742,"/Date(1703056709000)/",16750,300,5260400,87800000000,-50,true,-0.3
"NVL",141742,"/Date(1703056709000)/",16750,200,5260100,87795000000,-50,true,-0.3
"NVL",141742,"/Date(1703056709000)/",16750,200,5259900,87792000000,-50,true,-0.3
"NVL",141742,"/Date(1703056709000)/",16750,300,5259700,87789000000,-50,true,-0.3
"NVL",141742,"/Date(1703056707000)/",16750,700,5259400,87784000000,-50,true,-0.3
"NVL",141742,"/Date(1703056707000)/",16750,100,5258700,87772000000,-50,true,-0.3
"NVL",141742,"/Date(1703056707000)/",16750,200,5258600,87770000000,-50,true,-0.3
"NVL",141742,"/Date(1703056707000)/",16750,500,5258400,87767000000,-50,true,-0.3
"NVL",141742,"/Date(1703056707000)/",16750,500,5257900,87758000000,-50,true,-0.3
"NVL",141742,"/Date(1703056707000)/",16750,1000,5257400,87750000000,-50,true,-0.3
"NVL",141742,"/Date(1703056707000)/",16750,5100,5256400,87733000000,-50,true,-0.3
"NVL",141742,"/Date(1703056707000)/",16750,2900,5251300,87648000000,-50,true,-0.3
"NVL",141742,"/Date(1703056707000)/",16750,2100,5248400,87599000000,-50,true,-0.3
"NVL",141742,"/Date(1703056707000)/",16750,1000,5246300,87564000000,-50,true,-0.3
"NVL",141742,"/Date(1703056707000)/",16750,100,5245300,87547000000,-50,true,-0.3
"NVL",141742,"/Date(1703056707000)/",16750,600,5245200,87546000000,-50,true,-0.3
"NVL",141739,"/Date(1703056705000)/",16800,5000,5244600,87536000000,0,false,0
"NVL",141739,"/Date(1703056704000)/",16750,3000,5239600,87452000000,-50,true,-0.3
"NVL",141732,"/Date(1703056700000)/",16750,6400,5236600,87401000000,-50,true,-0.3
"NVL",141732,"/Date(1703056700000)/",16750,1000,5230200,87294000000,-50,true,-0.3
"NVL",141732,"/Date(1703056700000)/",16750,2600,5229200,87278000000,-50,true,-0.3
"NVL",141732,"/Date(1703056697000)/",16750,100,5226600,87234000000,-50,true,-0.3
"NVL",141729,"/Date(1703056694000)/",16750,100,5226500,87232000000,-50,true,-0.3
"NVL",141720,"/Date(1703056685000)/",16750,2200,5226400,87231000000,-50,true,-0.3
"NVL",141720,"/Date(1703056685000)/",16750,400,5224200,87194000000,-50,true,-0.3
"NVL",141707,"/Date(1703056672000)/",16750,100,5223800,87187000000,-50,true,-0.3
"NVL",141657,"/Date(1703056665000)/",16750,500,5223700,87185000000,-50,true,-0.3
"NVL",141657,"/Date(1703056665000)/",16750,500,5223200,87177000000,-50,true,-0.3
"NVL",141657,"/Date(1703056664000)/",16800,800,5222700,87169000000,0,false,0
"NVL",141651,"/Date(1703056656000)/",16800,100,5221900,87155000000,0,false,0
"NVL",141651,"/Date(1703056656000)/",16800,1000,5221800,87154000000,0,false,0
"NVL",141638,"/Date(1703056643000)/",16800,6200,5220800,87137000000,0,false,0
"NVL",141638,"/Date(1703056643000)/",16800,1700,5214600,87033000000,0,false,0
"NVL",141638,"/Date(1703056643000)/",16800,1000,5212900,87004000000,0,false,0
"NVL",141638,"/Date(1703056643000)/",16800,100,5211900,86987000000,0,false,0
"NVL",141638,"/Date(1703056643000)/",16800,1000,5211800,86986000000,0,false,0
"NVL",141632,"/Date(1703056637000)/",16800,100,5210800,86969000000,0,false,0
"NVL",141616,"/Date(1703056622000)/",16800,400,5210700,86967000000,0,false,0
"NVL",141616,"/Date(1703056622000)/",16800,2000,5210300,86960000000,0,false,0
"NVL",141616,"/Date(1703056622000)/",16800,600,5208300,86927000000,0,false,0
"NVL",141616,"/Date(1703056620000)/",16750,1000,5207700,86917000000,-50,true,-0.3
"NVL",141616,"/Date(1703056620000)/",16750,1000,5206700,86900000000,-50,true,-0.3
"NVL",141612,"/Date(1703056619000)/",16750,500,5205700,86883000000,-50,true,-0.3
"NVL",141609,"/Date(1703056615000)/",16800,200,5205200,86875000000,0,false,0
"NVL",141609,"/Date(1703056614000)/",16800,2000,5205000,86871000000,0,false,0
"NVL",141609,"/Date(1703056614000)/",16800,5000,5203000,86838000000,0,false,0
"NVL",141553,"/Date(1703056600000)/",16800,100,5198000,86754000000,0,false,0
"NVL",141553,"/Date(1703056600000)/",16800,100,5197900,86752000000,0,false,0
"NVL",141550,"/Date(1703056597000)/",16750,500,5197800,86750000000,-50,true,-0.3
"NVL",141550,"/Date(1703056597000)/",16750,500,5197300,86742000000,-50,true,-0.3
"NVL",141550,"/Date(1703056597000)/",16800,2000,5196800,86734000000,0,false,0
"NVL",141550,"/Date(1703056595000)/",16750,500,5194800,86700000000,-50,true,-0.3
"NVL",141550,"/Date(1703056595000)/",16800,300,5194300,86692000000,0,false,0
"NVL",141543,"/Date(1703056591000)/",16800,10000,5194000,86687000000,0,false,0
"NVL",141543,"/Date(1703056588000)/",16800,500,5184000,86519000000,0,false,0
"NVL",141540,"/Date(1703056585000)/",16800,1000,5183500,86510000000,0,false,0
"NVL",141537,"/Date(1703056583000)/",16800,700,5182500,86493000000,0,false,0
"NVL",141534,"/Date(1703056581000)/",16800,300,5181800,86482000000,0,false,0
"NVL",141534,"/Date(1703056578000)/",16800,100,5181500,86477000000,0,false,0
"NVL",141531,"/Date(1703056578000)/",16800,200,5181400,86475000000,0,false,0
"NVL",141531,"/Date(1703056576000)/",16750,100,5181200,86472000000,-50,true,-0.3
"NVL",141531,"/Date(1703056575000)/",16800,3900,5181100,86470000000,0,false,0
"NVL",141531,"/Date(1703056575000)/",16800,1100,5177200,86404000000,0,false,0
"NVL",141527,"/Date(1703056574000)/",16800,1000,5176100,86386000000,0,false,0
"NVL",141521,"/Date(1703056567000)/",16750,1900,5175100,86369000000,-50,true,-0.3
"NVL",141521,"/Date(1703056567000)/",16750,1000,5173200,86337000000,-50,true,-0.3
"NVL",141521,"/Date(1703056567000)/",16750,2000,5172200,86321000000,-50,true,-0.3
"NVL",141521,"/Date(1703056567000)/",16750,100,5170200,86287000000,-50,true,-0.3
"NVL",141518,"/Date(1703056563000)/",16800,500,5170100,86285000000,0,false,0
"NVL",141515,"/Date(1703056561000)/",16800,100,5169600,86277000000,0,false,0
"NVL",141515,"/Date(1703056560000)/",16800,200,5169500,86275000000,0,false,0
"NVL",141508,"/Date(1703056556000)/",16800,1000,5169300,86272000000,0,false,0
"NVL",141505,"/Date(1703056552000)/",16800,200,5168300,86255000000,0,false,0
"NVL",141505,"/Date(1703056550000)/",16800,900,5168100,86252000000,0,false,0
"NVL",141505,"/Date(1703056550000)/",16800,100,5167200,86237000000,0,false,0
"NVL",141505,"/Date(1703056550000)/",16800,200,5167100,86235000000,0,false,0
"NVL",141502,"/Date(1703056548000)/",16800,200,5166900,86232000000,0,false,0
"NVL",141459,"/Date(1703056546000)/",16750,400,5166700,86228000000,-50,true,-0.3
"NVL",141459,"/Date(1703056546000)/",16750,1000,5166300,86222000000,-50,true,-0.3
"NVL",141459,"/Date(1703056546000)/",16750,100,5165300,86205000000,-50,true,-0.3
"NVL",141459,"/Date(1703056546000)/",16750,3500,5165200,86203000000,-50,true,-0.3
"NVL",141459,"/Date(1703056545000)/",16800,400,5161700,86145000000,0,false,0
"NVL",141459,"/Date(1703056545000)/",16800,100,5161300,86138000000,0,false,0
"NVL",141459,"/Date(1703056545000)/",16800,100,5161200,86136000000,0,false,0
"NVL",141459,"/Date(1703056545000)/",16800,100,5161100,86134000000,0,false,0
"NVL",141459,"/Date(1703056545000)/",16800,200,5161000,86133000000,0,false,0
"NVL",141459,"/Date(1703056545000)/",16800,100,5160800,86129000000,0,false,0
"NVL",141459,"/Date(1703056545000)/",16800,100,5160700,86128000000,0,false,0
"NVL",141459,"/Date(1703056545000)/",16800,100,5160600,86126000000,0,false,0
"NVL",141459,"/Date(1703056545000)/",16800,800,5160500,86124000000,0,false,0
"NVL",141456,"/Date(1703056543000)/",16800,100,5159700,86111000000,0,false,0
"NVL",141449,"/Date(1703056536000)/",16800,100,5159600,86109000000,0,false,0
"NVL",141443,"/Date(1703056529000)/",16800,1000,5159500,86108000000,0,false,0
"NVL",141443,"/Date(1703056528000)/",16800,2900,5158500,86091000000,0,false,0
"NVL",141440,"/Date(1703056527000)/",16800,3000,5155600,86042000000,0,false,0
"NVL",141436,"/Date(1703056523000)/",16800,1000,5152600,85992000000,0,false,0
"NVL",141436,"/Date(1703056522000)/",16800,500,5151600,85975000000,0,false,0
"NVL",141436,"/Date(1703056522000)/",16800,100,5151100,85966000000,0,false,0
"NVL",141433,"/Date(1703056520000)/",16800,200,5151000,85965000000,0,false,0
"NVL",141424,"/Date(1703056510000)/",16800,5000,5150800,85961000000,0,false,0
"NVL",141424,"/Date(1703056510000)/",16750,300,5145800,85877000000,-50,true,-0.3
"NVL",141417,"/Date(1703056504000)/",16800,500,5145500,85872000000,0,false,0
"NVL",141414,"/Date(1703056501000)/",16750,200,5145000,85864000000,-50,true,-0.3
"NVL",141414,"/Date(1703056501000)/",16800,1500,5144800,85861000000,0,false,0
"NVL",141414,"/Date(1703056501000)/",16800,100,5143300,85835000000,0,false,0
"NVL",141414,"/Date(1703056498000)/",16800,1000,5143200,85834000000,0,false,0
"NVL",141411,"/Date(1703056497000)/",16800,400,5142200,85817000000,0,false,0
"NVL",141408,"/Date(1703056492000)/",16800,800,5141800,85810000000,0,false,0
"NVL",141404,"/Date(1703056491000)/",16800,500,5141000,85797000000,0,false,0
"NVL",141404,"/Date(1703056491000)/",16800,300,5140500,85788000000,0,false,0
"NVL",141401,"/Date(1703056487000)/",16800,100,5140200,85783000000,0,false,0
"NVL",141358,"/Date(1703056485000)/",16800,10000,5140100,85782000000,0,false,0
"NVL",141355,"/Date(1703056482000)/",16800,2000,5130100,85614000000,0,false,0
"NVL",141355,"/Date(1703056480000)/",16800,1500,5128100,85580000000,0,false,0
"NVL",141355,"/Date(1703056480000)/",16800,3500,5126600,85555000000,0,false,0
"NVL",141349,"/Date(1703056475000)/",16800,2900,5123100,85496000000,0,false,0
"NVL",141349,"/Date(1703056474000)/",16800,100,5120200,85447000000,0,false,0
"NVL",141349,"/Date(1703056473000)/",16800,100,5120100,85446000000,0,false,0
"NVL",141349,"/Date(1703056473000)/",16800,500,5120000,85444000000,0,false,0
"NVL",141342,"/Date(1703056469000)/",16800,100,5119500,85436000000,0,false,0
"NVL",141339,"/Date(1703056465000)/",16800,1000,5119400,85434000000,0,false,0
"NVL",141329,"/Date(1703056455000)/",16800,2000,5118400,85417000000,0,false,0
"NVL",141329,"/Date(1703056454000)/",16750,9000,5116400,85384000000,-50,true,-0.3
"NVL",141323,"/Date(1703056450000)/",16750,100,5107400,85233000000,-50,true,-0.3
"NVL",141320,"/Date(1703056446000)/",16750,2600,5107300,85231000000,-50,true,-0.3
"NVL",141317,"/Date(1703056444000)/",16750,4300,5104700,85188000000,-50,true,-0.3
"NVL",141317,"/Date(1703056444000)/",16750,100,5100400,85116000000,-50,true,-0.3
"NVL",141317,"/Date(1703056444000)/",16750,2500,5100300,85114000000,-50,true,-0.3
"NVL",141317,"/Date(1703056444000)/",16750,2500,5097800,85072000000,-50,true,-0.3
"NVL",141317,"/Date(1703056444000)/",16750,1000,5095300,85030000000,-50,true,-0.3
"NVL",141317,"/Date(1703056444000)/",16750,900,5094300,85013000000,-50,true,-0.3
"NVL",141317,"/Date(1703056444000)/",16750,1800,5093400,84998000000,-50,true,-0.3
"NVL",141257,"/Date(1703056423000)/",16750,100,5091600,84968000000,-50,true,-0.3
"NVL",141254,"/Date(1703056421000)/",16750,500,5091500,84966000000,-50,true,-0.3
"NVL",141251,"/Date(1703056418000)/",16750,600,5091000,84958000000,-50,true,-0.3
"NVL",141251,"/Date(1703056418000)/",16750,2000,5090400,84948000000,-50,true,-0.3
"NVL",141245,"/Date(1703056410000)/",16750,200,5088400,84915000000,-50,true,-0.3
"NVL",141241,"/Date(1703056408000)/",16750,1000,5088200,84911000000,-50,true,-0.3
"NVL",141241,"/Date(1703056407000)/",16750,300,5087200,84894000000,-50,true,-0.3
"NVL",141235,"/Date(1703056401000)/",16750,200,5086900,84889000000,-50,true,-0.3
"NVL",141225,"/Date(1703056391000)/",16750,500,5086700,84886000000,-50,true,-0.3
"NVL",141225,"/Date(1703056391000)/",16750,500,5086200,84878000000,-50,true,-0.3
"NVL",141225,"/Date(1703056391000)/",16750,2000,5085700,84869000000,-50,true,-0.3
"NVL",141225,"/Date(1703056391000)/",16750,300,5083700,84836000000,-50,true,-0.3
"NVL",141225,"/Date(1703056391000)/",16750,700,5083400,84831000000,-50,true,-0.3
"NVL",141222,"/Date(1703056387000)/",16750,300,5082700,84819000000,-50,true,-0.3
"NVL",141222,"/Date(1703056387000)/",16750,2200,5082400,84814000000,-50,true,-0.3
"NVL",141216,"/Date(1703056381000)/",16750,2800,5080200,84777000000,-50,true,-0.3
"NVL",141216,"/Date(1703056381000)/",16750,2000,5077400,84730000000,-50,true,-0.3
"NVL",141216,"/Date(1703056381000)/",16750,700,5075400,84697000000,-50,true,-0.3
"NVL",141216,"/Date(1703056381000)/",16750,3000,5074700,84685000000,-50,true,-0.3
"NVL",141216,"/Date(1703056381000)/",16750,1500,5071700,84635000000,-50,true,-0.3
"NVL",141216,"/Date(1703056380000)/",16750,500,5070200,84610000000,-50,true,-0.3
"NVL",141216,"/Date(1703056380000)/",16750,400,5069700,84601000000,-50,true,-0.3
"NVL",141216,"/Date(1703056380000)/",16750,100,5069300,84595000000,-50,true,-0.3
"NVL",141153,"/Date(1703056360000)/",16750,2000,5069200,84593000000,-50,true,-0.3
"NVL",141153,"/Date(1703056360000)/",16750,2000,5067200,84559000000,-50,true,-0.3
"NVL",141153,"/Date(1703056358000)/",16800,700,5065200,84526000000,0,false,0
"NVL",141150,"/Date(1703056357000)/",16750,2500,5064500,84514000000,-50,true,-0.3
"NVL",141150,"/Date(1703056357000)/",16750,100,5062000,84472000000,-50,true,-0.3
"NVL",141144,"/Date(1703056350000)/",16750,100,5061900,84471000000,-50,false,-0.3
"NVL",141144,"/Date(1703056345000)/",16750,1800,5061800,84469000000,-50,false,-0.3
"NVL",141144,"/Date(1703056345000)/",16750,2400,5060000,84439000000,-50,false,-0.3
"NVL",141144,"/Date(1703056345000)/",16750,1000,5057600,84399000000,-50,false,-0.3
"NVL",141144,"/Date(1703056345000)/",16750,1600,5056600,84382000000,-50,false,-0.3
"NVL",141134,"/Date(1703056341000)/",16750,1000,5055000,84355000000,-50,true,-0.3
"NVL",141134,"/Date(1703056340000)/",16750,100,5054000,84338000000,-50,true,-0.3
"NVL",141134,"/Date(1703056339000)/",16750,3000,5053900,84337000000,-50,true,-0.3
"NVL",141134,"/Date(1703056339000)/",16750,5000,5050900,84286000000,-50,true,-0.3
"NVL",141134,"/Date(1703056339000)/",16750,4000,5045900,84203000000,-50,true,-0.3
"NVL",141134,"/Date(1703056339000)/",16750,1000,5041900,84136000000,-50,true,-0.3
"NVL",141134,"/Date(1703056339000)/",16750,1000,5040900,84119000000,-50,true,-0.3
"NVL",141134,"/Date(1703056339000)/",16750,100,5039900,84102000000,-50,true,-0.3
"NVL",141134,"/Date(1703056339000)/",16750,1000,5039800,84100000000,-50,true,-0.3
"NVL",141134,"/Date(1703056339000)/",16750,200,5038800,84084000000,-50,true,-0.3
"NVL",141134,"/Date(1703056339000)/",16750,10000,5038600,84080000000,-50,true,-0.3
"NVL",141134,"/Date(1703056339000)/",16750,200,5028600,83913000000,-50,true,-0.3
"NVL",141134,"/Date(1703056339000)/",16750,2500,5028400,83910000000,-50,true,-0.3
"NVL",141128,"/Date(1703056332000)/",16750,7500,5025900,83868000000,-50,true,-0.3
"NVL",141128,"/Date(1703056332000)/",16750,3000,5018400,83742000000,-50,true,-0.3
"NVL",141128,"/Date(1703056332000)/",16750,9500,5015400,83692000000,-50,true,-0.3
"NVL",141128,"/Date(1703056332000)/",16800,2100,5005900,83533000000,0,false,0
"NVL",141125,"/Date(1703056330000)/",16750,1000,5003800,83497000000,-50,true,-0.3
"NVL",141122,"/Date(1703056328000)/",16800,100,5002800,83481000000,0,false,0
"NVL",141122,"/Date(1703056328000)/",16750,800,5002700,83479000000,-50,true,-0.3
"NVL",141122,"/Date(1703056327000)/",16750,2600,5001900,83466000000,-50,true,-0.3
"NVL",141122,"/Date(1703056326000)/",16750,500,4999300,83422000000,-50,true,-0.3
"NVL",141115,"/Date(1703056321000)/",16750,300,4998800,83414000000,-50,false,-0.3
"NVL",141115,"/Date(1703056321000)/",16750,2900,4998500,83409000000,-50,false,-0.3
"NVL",141115,"/Date(1703056321000)/",16750,1700,4995600,83360000000,-50,false,-0.3
"NVL",141115,"/Date(1703056321000)/",16750,2600,4993900,83332000000,-50,false,-0.3
"NVL",141115,"/Date(1703056321000)/",16750,200,4991300,83288000000,-50,false,-0.3
"NVL",141115,"/Date(1703056321000)/",16750,800,4991100,83285000000,-50,false,-0.3
"NVL",141115,"/Date(1703056321000)/",16750,2500,4990300,83271000000,-50,false,-0.3
"NVL",141115,"/Date(1703056321000)/",16750,1000,4987800,83229000000,-50,false,-0.3
"NVL",141115,"/Date(1703056321000)/",16750,500,4986800,83213000000,-50,false,-0.3
"NVL",141115,"/Date(1703056321000)/",16750,1000,4986300,83204000000,-50,false,-0.3
"NVL",141115,"/Date(1703056321000)/",16750,100,4985300,83187000000,-50,false,-0.3
"NVL",141115,"/Date(1703056321000)/",16750,100,4985200,83186000000,-50,false,-0.3
"NVL",141115,"/Date(1703056321000)/",16750,700,4985100,83184000000,-50,false,-0.3
"NVL",141115,"/Date(1703056321000)/",16750,5000,4984400,83172000000,-50,false,-0.3
"NVL",141115,"/Date(1703056321000)/",16750,100,4979400,83089000000,-50,false,-0.3
"NVL",141115,"/Date(1703056321000)/",16750,5000,4979300,83087000000,-50,false,-0.3
"NVL",141115,"/Date(1703056321000)/",16750,300,4974300,83003000000,-50,false,-0.3
"NVL",141115,"/Date(1703056321000)/",16750,100,4974000,82998000000,-50,false,-0.3
"NVL",141115,"/Date(1703056321000)/",16750,700,4973900,82997000000,-50,false,-0.3
"NVL",141115,"/Date(1703056321000)/",16750,700,4973200,82985000000,-50,false,-0.3
"NVL",141115,"/Date(1703056321000)/",16750,300,4972500,82973000000,-50,false,-0.3
"NVL",141115,"/Date(1703056320000)/",16750,100,4972200,82968000000,-50,false,-0.3
"NVL",141112,"/Date(1703056318000)/",16750,800,4972100,82966000000,-50,false,-0.3
"NVL",141112,"/Date(1703056318000)/",16750,200,4971300,82953000000,-50,false,-0.3
"NVL",141112,"/Date(1703056318000)/",16750,100,4971100,82950000000,-50,false,-0.3
"NVL",141112,"/Date(1703056318000)/",16750,2400,4971000,82948000000,-50,false,-0.3
"NVL",141112,"/Date(1703056318000)/",16750,600,4968600,82908000000,-50,false,-0.3
"NVL",141109,"/Date(1703056316000)/",16750,1400,4968000,82898000000,-50,false,-0.3
"NVL",141109,"/Date(1703056316000)/",16750,3600,4966600,82874000000,-50,false,-0.3
"NVL",141109,"/Date(1703056315000)/",16750,100,4963000,82814000000,-50,false,-0.3
"NVL",141109,"/Date(1703056315000)/",16750,500,4962900,82812000000,-50,false,-0.3
"NVL",141109,"/Date(1703056315000)/",16750,800,4962400,82804000000,-50,false,-0.3
"NVL",141109,"/Date(1703056314000)/",16750,2600,4961600,82790000000,-50,false,-0.3
"NVL",141109,"/Date(1703056314000)/",16750,100,4959000,82747000000,-50,false,-0.3
"NVL",141109,"/Date(1703056314000)/",16750,1000,4958900,82745000000,-50,false,-0.3
"NVL",141109,"/Date(1703056314000)/",16750,100,4957900,82729000000,-50,false,-0.3
"NVL",141109,"/Date(1703056314000)/",16750,2600,4957800,82727000000,-50,false,-0.3
"NVL",141109,"/Date(1703056314000)/",16750,13600,4955200,82683000000,-50,false,-0.3
"NVL",141109,"/Date(1703056313000)/",16750,800,4941600,82455000000,-50,false,-0.3
"NVL",141109,"/Date(1703056313000)/",16750,300,4940800,82442000000,-50,false,-0.3
"NVL",141106,"/Date(1703056312000)/",16750,200,4940500,82437000000,-50,false,-0.3
"NVL",141106,"/Date(1703056310000)/",16750,1000,4940300,82434000000,-50,false,-0.3
"NVL",141106,"/Date(1703056310000)/",16750,2000,4939300,82417000000,-50,false,-0.3
"NVL",141102,"/Date(1703056309000)/",16750,200,4937300,82383000000,-50,false,-0.3
"NVL",141102,"/Date(1703056308000)/",16750,1600,4937100,82380000000,-50,false,-0.3
"NVL",141059,"/Date(1703056305000)/",16750,5000,4935500,82353000000,-50,false,-0.3
"NVL",141056,"/Date(1703056303000)/",16750,12900,4930500,82270000000,-50,false,-0.3
"NVL",141056,"/Date(1703056302000)/",16750,100,4917600,82053000000,-50,false,-0.3
"NVL",141056,"/Date(1703056302000)/",16750,2500,4917500,82052000000,-50,false,-0.3
"NVL",141056,"/Date(1703056302000)/",16750,1500,4915000,82010000000,-50,false,-0.3
"NVL",141056,"/Date(1703056302000)/",16750,10500,4913500,81985000000,-50,false,-0.3
"NVL",141056,"/Date(1703056302000)/",16750,5000,4903000,81809000000,-50,false,-0.3
"NVL",141053,"/Date(1703056297000)/",16750,300,4898000,81725000000,-50,false,-0.3
"NVL",141053,"/Date(1703056297000)/",16750,100,4897700,81720000000,-50,false,-0.3
"NVL",141050,"/Date(1703056297000)/",16750,45000,4897600,81718000000,-50,false,-0.3
"NVL",141050,"/Date(1703056296000)/",16750,5000,4852600,80965000000,-50,false,-0.3
"NVL",141046,"/Date(1703056292000)/",16750,600,4847600,80881000000,-50,false,-0.3
"NVL",141043,"/Date(1703056290000)/",16750,100,4847000,80871000000,-50,false,-0.3
"NVL",141043,"/Date(1703056288000)/",16750,300,4846900,80869000000,-50,false,-0.3
"NVL",141043,"/Date(1703056288000)/",16750,100,4846600,80864000000,-50,false,-0.3
"NVL",141040,"/Date(1703056286000)/",16750,1000,4846500,80863000000,-50,false,-0.3
"NVL",141034,"/Date(1703056279000)/",16750,200,4845500,80846000000,-50,false,-0.3
"NVL",141021,"/Date(1703056267000)/",16750,200,4845300,80842000000,-50,false,-0.3
"NVL",141014,"/Date(1703056259000)/",16700,1000,4845100,80839000000,-100,true,-0.6
"NVL",141014,"/Date(1703056259000)/",16700,200,4844100,80822000000,-100,true,-0.6
"NVL",141014,"/Date(1703056259000)/",16700,300,4843900,80819000000,-100,true,-0.6
"NVL",141014,"/Date(1703056259000)/",16700,3500,4843600,80814000000,-100,true,-0.6
"NVL",141008,"/Date(1703056253000)/",16750,800,4840100,80756000000,-50,false,-0.3
"NVL",141005,"/Date(1703056251000)/",16750,100,4839300,80742000000,-50,false,-0.3
"NVL",141002,"/Date(1703056248000)/",16750,2000,4839200,80741000000,-50,false,-0.3
"NVL",140952,"/Date(1703056238000)/",16700,1500,4837200,80707000000,-100,true,-0.6
"NVL",140952,"/Date(1703056238000)/",16700,100,4835700,80682000000,-100,true,-0.6
"NVL",140952,"/Date(1703056238000)/",16700,500,4835600,80680000000,-100,true,-0.6
"NVL",140952,"/Date(1703056238000)/",16700,500,4835100,80672000000,-100,true,-0.6
"NVL",140946,"/Date(1703056232000)/",16700,500,4834600,80664000000,-100,true,-0.6
"NVL",140946,"/Date(1703056232000)/",16700,400,4834100,80655000000,-100,true,-0.6
"NVL",140933,"/Date(1703056218000)/",16700,100,4833700,80649000000,-100,true,-0.6
"NVL",140933,"/Date(1703056217000)/",16750,1000,4833600,80647000000,-50,false,-0.3
"NVL",140923,"/Date(1703056208000)/",16700,2600,4832600,80630000000,-100,true,-0.6
"NVL",140917,"/Date(1703056204000)/",16700,300,4830000,80587000000,-100,true,-0.6
"NVL",140851,"/Date(1703056178000)/",16700,100,4829700,80582000000,-100,true,-0.6
"NVL",140851,"/Date(1703056175000)/",16750,400,4829600,80580000000,-50,false,-0.3
"NVL",140848,"/Date(1703056174000)/",16750,2400,4829200,80573000000,-50,false,-0.3
"NVL",140845,"/Date(1703056171000)/",16750,100,4826800,80533000000,-50,false,-0.3
"NVL",140845,"/Date(1703056171000)/",16750,100,4826700,80531000000,-50,false,-0.3
"NVL",140845,"/Date(1703056170000)/",16750,200,4826600,80530000000,-50,false,-0.3
"NVL",140845,"/Date(1703056169000)/",16750,200,4826400,80526000000,-50,false,-0.3
"NVL",140835,"/Date(1703056160000)/",16750,300,4826200,80523000000,-50,false,-0.3
"NVL",140835,"/Date(1703056159000)/",16750,500,4825900,80518000000,-50,false,-0.3
"NVL",140829,"/Date(1703056156000)/",16750,1000,4825400,80510000000,-50,false,-0.3
"NVL",140829,"/Date(1703056155000)/",16750,500,4824400,80493000000,-50,false,-0.3
"NVL",140829,"/Date(1703056155000)/",16750,9000,4823900,80485000000,-50,false,-0.3
"NVL",140829,"/Date(1703056154000)/",16750,1000,4814900,80334000000,-50,false,-0.3
"NVL",140803,"/Date(1703056128000)/",16750,500,4813900,80317000000,-50,false,-0.3
"NVL",140751,"/Date(1703056115000)/",16750,200,4813400,80309000000,-50,false,-0.3
"NVL",140741,"/Date(1703056106000)/",16700,1500,4813200,80305000000,-100,true,-0.6
"NVL",140741,"/Date(1703056106000)/",16700,100,4811700,80280000000,-100,true,-0.6
"NVL",140741,"/Date(1703056106000)/",16700,400,4811600,80279000000,-100,true,-0.6
"NVL",140738,"/Date(1703056104000)/",16750,100,4811200,80272000000,-50,false,-0.3
"NVL",140735,"/Date(1703056099000)/",16700,600,4811100,80270000000,-100,true,-0.6
"NVL",140735,"/Date(1703056099000)/",16700,400,4810500,80260000000,-100,true,-0.6
"NVL",140735,"/Date(1703056099000)/",16700,1000,4810100,80254000000,-100,true,-0.6
"NVL",140735,"/Date(1703056099000)/",16700,1000,4809100,80237000000,-100,true,-0.6
"NVL",140735,"/Date(1703056099000)/",16700,7000,4808100,80220000000,-100,true,-0.6
"NVL",140715,"/Date(1703056081000)/",16750,3000,4801100,80103000000,-50,false,-0.3
"NVL",140712,"/Date(1703056076000)/",16750,400,4798100,80053000000,-50,false,-0.3
"NVL",140709,"/Date(1703056075000)/",16750,100,4797700,80046000000,-50,true,-0.3
"NVL",140709,"/Date(1703056075000)/",16750,100,4797600,80045000000,-50,true,-0.3
"NVL",140709,"/Date(1703056075000)/",16750,10000,4797500,80043000000,-50,true,-0.3
"NVL",140709,"/Date(1703056075000)/",16750,200,4787500,79875000000,-50,true,-0.3
"NVL",140709,"/Date(1703056075000)/",16750,100,4787300,79872000000,-50,true,-0.3
"NVL",140709,"/Date(1703056075000)/",16750,500,4787200,79870000000,-50,true,-0.3
"NVL",140709,"/Date(1703056075000)/",16750,15100,4786700,79862000000,-50,true,-0.3
"NVL",140709,"/Date(1703056073000)/",16750,900,4771600,79609000000,-50,true,-0.3
"NVL",140653,"/Date(1703056059000)/",16750,2600,4770700,79594000000,-50,true,-0.3
"NVL",140650,"/Date(1703056055000)/",16750,1000,4768100,79551000000,-50,true,-0.3
"NVL",140643,"/Date(1703056048000)/",16750,400,4767100,79534000000,-50,false,-0.3
"NVL",140643,"/Date(1703056048000)/",16750,8600,4766700,79527000000,-50,false,-0.3
"NVL",140643,"/Date(1703056048000)/",16750,1400,4758100,79383000000,-50,false,-0.3
"NVL",140640,"/Date(1703056045000)/",16750,1200,4756700,79360000000,-50,false,-0.3
"NVL",140640,"/Date(1703056045000)/",16750,800,4755500,79339000000,-50,false,-0.3
"NVL",140637,"/Date(1703056042000)/",16750,1000,4754700,79326000000,-50,false,-0.3
"NVL",140634,"/Date(1703056039000)/",16750,1200,4753700,79309000000,-50,false,-0.3
"NVL",140634,"/Date(1703056039000)/",16750,2500,4752500,79289000000,-50,false,-0.3
"NVL",140634,"/Date(1703056039000)/",16750,200,4750000,79247000000,-50,false,-0.3
"NVL",140634,"/Date(1703056039000)/",16750,100,4749800,79244000000,-50,false,-0.3
"NVL",140634,"/Date(1703056039000)/",16750,200,4749700,79242000000,-50,false,-0.3
"NVL",140634,"/Date(1703056039000)/",16750,500,4749500,79239000000,-50,false,-0.3
"NVL",140631,"/Date(1703056034000)/",16750,1300,4749000,79231000000,-50,false,-0.3
"NVL",140628,"/Date(1703056033000)/",16750,500,4747700,79209000000,-50,false,-0.3
"NVL",140628,"/Date(1703056033000)/",16750,500,4747200,79200000000,-50,false,-0.3
"NVL",140628,"/Date(1703056033000)/",16750,500,4746700,79192000000,-50,false,-0.3
"NVL",140628,"/Date(1703056033000)/",16750,500,4746200,79184000000,-50,false,-0.3
"NVL",140628,"/Date(1703056033000)/",16750,2600,4745700,79175000000,-50,false,-0.3
"NVL",140628,"/Date(1703056033000)/",16750,200,4743100,79132000000,-50,false,-0.3
"NVL",140628,"/Date(1703056033000)/",16750,2000,4742900,79128000000,-50,false,-0.3
"NVL",140628,"/Date(1703056033000)/",16750,200,4740900,79095000000,-50,false,-0.3
"NVL",140628,"/Date(1703056032000)/",16750,800,4740700,79092000000,-50,false,-0.3
"NVL",140628,"/Date(1703056032000)/",16750,1000,4739900,79078000000,-50,false,-0.3
"NVL",140628,"/Date(1703056032000)/",16750,100,4738900,79061000000,-50,false,-0.3
"NVL",140628,"/Date(1703056032000)/",16750,100,4738800,79060000000,-50,false,-0.3
"NVL",140628,"/Date(1703056032000)/",16750,400,4738700,79058000000,-50,false,-0.3
"NVL",140628,"/Date(1703056031000)/",16750,100,4738300,79051000000,-50,false,-0.3
"NVL",140628,"/Date(1703056031000)/",16750,2500,4738200,79050000000,-50,false,-0.3
"NVL",140628,"/Date(1703056031000)/",16750,300,4735700,79008000000,-50,false,-0.3
"NVL",140628,"/Date(1703056031000)/",16750,100,4735400,79003000000,-50,false,-0.3
"NVL",140624,"/Date(1703056031000)/",16750,2000,4735300,79001000000,-50,false,-0.3
"NVL",140624,"/Date(1703056028000)/",16750,500,4733300,78968000000,-50,false,-0.3
"NVL",140624,"/Date(1703056028000)/",16750,200,4732800,78959000000,-50,false,-0.3
"NVL",140624,"/Date(1703056028000)/",16750,200,4732600,78956000000,-50,false,-0.3
"NVL",140624,"/Date(1703056028000)/",16750,2500,4732400,78953000000,-50,false,-0.3
"NVL",140624,"/Date(1703056028000)/",16750,100,4729900,78911000000,-50,false,-0.3
"NVL",140624,"/Date(1703056028000)/",16750,1000,4729800,78909000000,-50,false,-0.3
"NVL",140624,"/Date(1703056028000)/",16750,500,4728800,78892000000,-50,false,-0.3
"NVL",140621,"/Date(1703056026000)/",16750,400,4728300,78884000000,-50,false,-0.3
"NVL",140621,"/Date(1703056026000)/",16750,3500,4727900,78877000000,-50,false,-0.3
"NVL",140621,"/Date(1703056026000)/",16750,1900,4724400,78819000000,-50,false,-0.3
"NVL",140621,"/Date(1703056026000)/",16750,10000,4722500,78787000000,-50,false,-0.3
"NVL",140621,"/Date(1703056025000)/",16750,3400,4712500,78619000000,-50,false,-0.3
"NVL",140618,"/Date(1703056024000)/",16750,2900,4709100,78562000000,-50,false,-0.3
"NVL",140618,"/Date(1703056023000)/",16750,1800,4706200,78514000000,-50,false,-0.3
"NVL",140618,"/Date(1703056023000)/",16750,500,4704400,78484000000,-50,false,-0.3
"NVL",140618,"/Date(1703056023000)/",16750,700,4703900,78475000000,-50,false,-0.3
"NVL",140615,"/Date(1703056021000)/",16750,1000,4703200,78463000000,-50,false,-0.3
"NVL",140615,"/Date(1703056020000)/",16750,500,4702200,78447000000,-50,false,-0.3
"NVL",140615,"/Date(1703056020000)/",16750,7800,4701700,78438000000,-50,false,-0.3
"NVL",140615,"/Date(1703056020000)/",16750,500,4693900,78308000000,-50,false,-0.3
"NVL",140615,"/Date(1703056020000)/",16750,100,4693400,78299000000,-50,false,-0.3
"NVL",140615,"/Date(1703056020000)/",16750,1600,4693300,78298000000,-50,false,-0.3
"NVL",140612,"/Date(1703056016000)/",16750,1400,4691700,78271000000,-50,false,-0.3
"NVL",140612,"/Date(1703056016000)/",16750,100,4690300,78247000000,-50,false,-0.3
"NVL",140612,"/Date(1703056016000)/",16750,1000,4690200,78246000000,-50,false,-0.3
"NVL",140612,"/Date(1703056016000)/",16750,500,4689200,78229000000,-50,false,-0.3
"NVL",140612,"/Date(1703056016000)/",16750,100,4688700,78221000000,-50,false,-0.3
"NVL",140612,"/Date(1703056016000)/",16750,4000,4688600,78219000000,-50,false,-0.3
"NVL",140612,"/Date(1703056016000)/",16750,1000,4684600,78152000000,-50,false,-0.3
"NVL",140612,"/Date(1703056016000)/",16750,10000,4683600,78135000000,-50,false,-0.3
"NVL",140612,"/Date(1703056016000)/",16750,700,4673600,77968000000,-50,false,-0.3
"NVL",140612,"/Date(1703056016000)/",16750,1200,4672900,77956000000,-50,false,-0.3
"NVL",140605,"/Date(1703056012000)/",16750,1000,4671700,77936000000,-50,false,-0.3
"NVL",140605,"/Date(1703056011000)/",16750,100,4670700,77919000000,-50,false,-0.3
"NVL",140602,"/Date(1703056007000)/",16750,200,4670600,77917000000,-50,false,-0.3
"NVL",140602,"/Date(1703056007000)/",16750,100,4670400,77914000000,-50,false,-0.3
"NVL",140552,"/Date(1703055996000)/",16750,300,4670300,77912000000,-50,false,-0.3
"NVL",140552,"/Date(1703055996000)/",16750,1200,4670000,77907000000,-50,false,-0.3
"NVL",140552,"/Date(1703055996000)/",16750,300,4668800,77887000000,-50,false,-0.3
"NVL",140549,"/Date(1703055996000)/",16750,100,4668500,77882000000,-50,false,-0.3
"NVL",140543,"/Date(1703055989000)/",16750,400,4668400,77881000000,-50,false,-0.3
"NVL",140543,"/Date(1703055989000)/",16750,100,4668000,77874000000,-50,false,-0.3
"NVL",140543,"/Date(1703055989000)/",16750,500,4667900,77872000000,-50,false,-0.3
"NVL",140530,"/Date(1703055976000)/",16750,200,4667400,77864000000,-50,false,-0.3
"NVL",140530,"/Date(1703055975000)/",16700,200,4667200,77860000000,-100,true,-0.6
"NVL",140527,"/Date(1703055973000)/",16700,400,4667000,77857000000,-100,true,-0.6
"NVL",140524,"/Date(1703055970000)/",16750,1800,4666600,77850000000,-50,false,-0.3
"NVL",140524,"/Date(1703055970000)/",16750,1000,4664800,77820000000,-50,false,-0.3
"NVL",140524,"/Date(1703055970000)/",16750,2500,4663800,77804000000,-50,false,-0.3
"NVL",140524,"/Date(1703055970000)/",16750,2600,4661300,77762000000,-50,false,-0.3
"NVL",140524,"/Date(1703055970000)/",16750,200,4658700,77718000000,-50,false,-0.3
"NVL",140524,"/Date(1703055970000)/",16750,1900,4658500,77715000000,-50,false,-0.3
"NVL",140524,"/Date(1703055968000)/",16700,300,4656600,77683000000,-100,true,-0.6
"NVL",140458,"/Date(1703055944000)/",16700,100,4656300,77678000000,-100,true,-0.6
"NVL",140458,"/Date(1703055943000)/",16700,2000,4656200,77676000000,-100,true,-0.6
"NVL",140439,"/Date(1703055925000)/",16750,300,4654200,77643000000,-50,false,-0.3
"NVL",140439,"/Date(1703055922000)/",16750,500,4653900,77638000000,-50,false,-0.3
"NVL",140429,"/Date(1703055915000)/",16750,100,4653400,77629000000,-50,false,-0.3
"NVL",140341,"/Date(1703055866000)/",16750,700,4653300,77628000000,-50,false,-0.3
"NVL",140325,"/Date(1703055851000)/",16750,100,4652600,77616000000,-50,false,-0.3
"NVL",140325,"/Date(1703055850000)/",16700,100,4652500,77614000000,-100,true,-0.6
"NVL",140325,"/Date(1703055850000)/",16700,200,4652400,77613000000,-100,true,-0.6
"NVL",140325,"/Date(1703055850000)/",16700,300,4652200,77609000000,-100,true,-0.6
"NVL",140325,"/Date(1703055850000)/",16700,1300,4651900,77604000000,-100,true,-0.6
"NVL",140325,"/Date(1703055850000)/",16700,700,4650600,77583000000,-100,true,-0.6
"NVL",140312,"/Date(1703055836000)/",16700,1000,4649900,77571000000,-100,true,-0.6
"NVL",140259,"/Date(1703055825000)/",16700,3000,4648900,77554000000,-100,true,-0.6
"NVL",140259,"/Date(1703055825000)/",16700,1300,4645900,77504000000,-100,true,-0.6
"NVL",140256,"/Date(1703055821000)/",16700,100,4644600,77482000000,-100,false,-0.6
"NVL",140256,"/Date(1703055821000)/",16700,1200,4644500,77481000000,-100,false,-0.6
"NVL",140256,"/Date(1703055819000)/",16700,300,4643300,77461000000,-100,false,-0.6
"NVL",140253,"/Date(1703055818000)/",16700,200,4643000,77456000000,-100,false,-0.6
"NVL",140253,"/Date(1703055818000)/",16700,100,4642800,77452000000,-100,false,-0.6
"NVL",140253,"/Date(1703055818000)/",16700,700,4642700,77451000000,-100,false,-0.6
"NVL",140253,"/Date(1703055817000)/",16700,300,4642000,77439000000,-100,false,-0.6
"NVL",140244,"/Date(1703055809000)/",16700,100,4641700,77434000000,-100,false,-0.6
"NVL",140244,"/Date(1703055809000)/",16700,1000,4641600,77432000000,-100,false,-0.6
"NVL",140240,"/Date(1703055805000)/",16700,500,4640600,77416000000,-100,false,-0.6
"NVL",140237,"/Date(1703055802000)/",16700,500,4640100,77407000000,-100,false,-0.6
"NVL",140237,"/Date(1703055802000)/",16700,200,4639600,77399000000,-100,false,-0.6
"NVL",140231,"/Date(1703055794000)/",16700,100,4639400,77396000000,-100,false,-0.6
"NVL",140228,"/Date(1703055791000)/",16700,800,4639300,77394000000,-100,false,-0.6
"NVL",140228,"/Date(1703055791000)/",16700,200,4638500,77381000000,-100,false,-0.6
"NVL",140228,"/Date(1703055791000)/",16700,200,4638300,77377000000,-100,false,-0.6
"NVL",140208,"/Date(1703055773000)/",16700,500,4638100,77374000000,-100,false,-0.6
"NVL",140208,"/Date(1703055773000)/",16700,1300,4637600,77366000000,-100,false,-0.6
"NVL",140159,"/Date(1703055763000)/",16700,700,4636300,77344000000,-100,true,-0.6
"NVL",140156,"/Date(1703055761000)/",16700,1000,4635600,77332000000,-100,false,-0.6
"NVL",140156,"/Date(1703055761000)/",16700,800,4634600,77315000000,-100,false,-0.6
"NVL",140146,"/Date(1703055752000)/",16700,200,4633800,77302000000,-100,true,-0.6
"NVL",140146,"/Date(1703055752000)/",16700,500,4633600,77299000000,-100,true,-0.6
"NVL",140146,"/Date(1703055749000)/",16700,500,4633100,77290000000,-100,true,-0.6
"NVL",140146,"/Date(1703055749000)/",16700,200,4632600,77282000000,-100,true,-0.6
"NVL",140146,"/Date(1703055749000)/",16700,300,4632400,77279000000,-100,true,-0.6
"NVL",140140,"/Date(1703055745000)/",16700,1000,4632100,77274000000,-100,true,-0.6
"NVL",140127,"/Date(1703055732000)/",16700,1000,4631100,77257000000,-100,true,-0.6
"NVL",140127,"/Date(1703055731000)/",16700,2600,4630100,77240000000,-100,true,-0.6
"NVL",140124,"/Date(1703055729000)/",16700,100,4627500,77197000000,-100,false,-0.6
"NVL",140124,"/Date(1703055727000)/",16650,1600,4627400,77195000000,-150,true,-0.89
"NVL",140108,"/Date(1703055711000)/",16700,2600,4625800,77169000000,-100,false,-0.6
"NVL",140104,"/Date(1703055710000)/",16700,4000,4623200,77125000000,-100,true,-0.6
"NVL",140104,"/Date(1703055710000)/",16700,100,4619200,77058000000,-100,true,-0.6
"NVL",140104,"/Date(1703055710000)/",16700,300,4619100,77057000000,-100,true,-0.6
"NVL",140104,"/Date(1703055710000)/",16700,400,4618800,77052000000,-100,true,-0.6
"NVL",140058,"/Date(1703055704000)/",16700,2600,4618400,77045000000,-100,false,-0.6
"NVL",140055,"/Date(1703055700000)/",16700,100,4615800,77002000000,-100,false,-0.6
"NVL",140055,"/Date(1703055700000)/",16700,100,4615700,77000000000,-100,false,-0.6
"NVL",140055,"/Date(1703055698000)/",16700,100,4615600,76998000000,-100,false,-0.6
"NVL",140045,"/Date(1703055690000)/",16700,3000,4615500,76997000000,-100,false,-0.6
"NVL",140042,"/Date(1703055688000)/",16700,400,4612500,76946000000,-100,false,-0.6
"NVL",140042,"/Date(1703055688000)/",16700,500,4612100,76940000000,-100,false,-0.6
"NVL",140039,"/Date(1703055684000)/",16700,100,4611600,76931000000,-100,false,-0.6
"NVL",140039,"/Date(1703055682000)/",16700,100,4611500,76930000000,-100,false,-0.6
"NVL",140036,"/Date(1703055679000)/",16700,100,4611400,76928000000,-100,false,-0.6
"NVL",140032,"/Date(1703055678000)/",16700,200,4611300,76926000000,-100,false,-0.6
"NVL",140032,"/Date(1703055678000)/",16700,1800,4611100,76923000000,-100,false,-0.6
"NVL",140029,"/Date(1703055672000)/",16700,100,4609300,76893000000,-100,true,-0.6
"NVL",140029,"/Date(1703055672000)/",16700,500,4609200,76891000000,-100,true,-0.6
"NVL",140029,"/Date(1703055672000)/",16700,200,4608700,76883000000,-100,true,-0.6
"NVL",140020,"/Date(1703055665000)/",16700,100,4608500,76880000000,-100,false,-0.6
"NVL",140016,"/Date(1703055660000)/",16650,3200,4608400,76878000000,-150,true,-0.89
"NVL",140016,"/Date(1703055660000)/",16700,300,4605200,76825000000,-100,true,-0.6
"NVL",140013,"/Date(1703055658000)/",16700,3000,4604900,76820000000,-100,true,-0.6
"NVL",140010,"/Date(1703055655000)/",16700,100,4601900,76770000000,-100,false,-0.6
"NVL",140010,"/Date(1703055655000)/",16700,100,4601800,76768000000,-100,false,-0.6
"NVL",140010,"/Date(1703055655000)/",16700,3500,4601700,76766000000,-100,false,-0.6
"NVL",140010,"/Date(1703055655000)/",16700,2600,4598200,76708000000,-100,false,-0.6
"NVL",140010,"/Date(1703055655000)/",16700,1700,4595600,76664000000,-100,false,-0.6
"NVL",140000,"/Date(1703055646000)/",16700,500,4593900,76636000000,-100,false,-0.6
"NVL",135957,"/Date(1703055643000)/",16700,500,4593400,76628000000,-100,false,-0.6
"NVL",135954,"/Date(1703055637000)/",16700,500,4592900,76619000000,-100,false,-0.6
"NVL",135954,"/Date(1703055637000)/",16700,1800,4592400,76611000000,-100,false,-0.6
"NVL",135954,"/Date(1703055637000)/",16700,400,4590600,76581000000,-100,false,-0.6
"NVL",135954,"/Date(1703055637000)/",16700,200,4590200,76574000000,-100,false,-0.6
"NVL",135954,"/Date(1703055637000)/",16700,2500,4590000,76571000000,-100,false,-0.6
"NVL",135954,"/Date(1703055637000)/",16700,100,4587500,76529000000,-100,false,-0.6
"NVL",135938,"/Date(1703055622000)/",16700,500,4587400,76527000000,-100,false,-0.6
"NVL",135935,"/Date(1703055618000)/",16700,1900,4586900,76519000000,-100,false,-0.6
"NVL",135935,"/Date(1703055618000)/",16700,100,4585000,76487000000,-100,false,-0.6
"NVL",135935,"/Date(1703055618000)/",16650,100,4584900,76486000000,-150,true,-0.89
"NVL",135925,"/Date(1703055609000)/",16700,100,4584800,76484000000,-100,false,-0.6
"NVL",135925,"/Date(1703055608000)/",16700,500,4584700,76482000000,-100,false,-0.6
"NVL",135922,"/Date(1703055607000)/",16700,100,4584200,76474000000,-100,false,-0.6
"NVL",135916,"/Date(1703055601000)/",16700,300,4584100,76472000000,-100,false,-0.6
"NVL",135916,"/Date(1703055601000)/",16700,1400,4583800,76467000000,-100,false,-0.6
"NVL",135916,"/Date(1703055601000)/",16700,2600,4582400,76444000000,-100,false,-0.6
"NVL",135916,"/Date(1703055601000)/",16700,700,4579800,76401000000,-100,false,-0.6
"NVL",135912,"/Date(1703055598000)/",16700,2600,4579100,76389000000,-100,false,-0.6
"NVL",135912,"/Date(1703055598000)/",16700,100,4576500,76345000000,-100,false,-0.6
"NVL",135912,"/Date(1703055598000)/",16700,300,4576400,76344000000,-100,false,-0.6
"NVL",135912,"/Date(1703055598000)/",16700,100,4576100,76339000000,-100,false,-0.6
"NVL",135912,"/Date(1703055598000)/",16700,2600,4576000,76337000000,-100,false,-0.6
"NVL",135912,"/Date(1703055598000)/",16700,200,4573400,76294000000,-100,false,-0.6
"NVL",135912,"/Date(1703055598000)/",16700,1000,4573200,76290000000,-100,false,-0.6
"NVL",135912,"/Date(1703055598000)/",16700,2600,4572200,76274000000,-100,false,-0.6
"NVL",135912,"/Date(1703055598000)/",16700,300,4569600,76230000000,-100,false,-0.6
"NVL",135912,"/Date(1703055598000)/",16700,200,4569300,76225000000,-100,false,-0.6
"NVL",135903,"/Date(1703055586000)/",16700,200,4569100,76222000000,-100,false,-0.6
"NVL",135857,"/Date(1703055581000)/",16700,500,4568900,76219000000,-100,false,-0.6
"NVL",135844,"/Date(1703055568000)/",16700,100,4568400,76210000000,-100,false,-0.6
"NVL",135837,"/Date(1703055562000)/",16700,600,4568300,76209000000,-100,false,-0.6
"NVL",135837,"/Date(1703055562000)/",16700,2500,4567700,76198000000,-100,false,-0.6
"NVL",135837,"/Date(1703055562000)/",16700,2400,4565200,76157000000,-100,false,-0.6
"NVL",135821,"/Date(1703055545000)/",16700,300,4562800,76117000000,-100,false,-0.6
"NVL",135815,"/Date(1703055540000)/",16700,100,4562500,76112000000,-100,false,-0.6
"NVL",135812,"/Date(1703055535000)/",16700,100,4562400,76110000000,-100,false,-0.6
"NVL",135812,"/Date(1703055535000)/",16700,100,4562300,76108000000,-100,false,-0.6
"NVL",135809,"/Date(1703055533000)/",16700,200,4562200,76107000000,-100,false,-0.6
"NVL",135809,"/Date(1703055531000)/",16700,2900,4562000,76103000000,-100,false,-0.6
"NVL",135805,"/Date(1703055528000)/",16700,500,4559100,76055000000,-100,false,-0.6
"NVL",135753,"/Date(1703055516000)/",16700,200,4558600,76047000000,-100,false,-0.6
"NVL",135749,"/Date(1703055515000)/",16700,7800,4558400,76043000000,-100,false,-0.6
"NVL",135749,"/Date(1703055515000)/",16700,500,4550600,75913000000,-100,false,-0.6
"NVL",135749,"/Date(1703055515000)/",16700,1700,4550100,75905000000,-100,false,-0.6
"NVL",135749,"/Date(1703055513000)/",16700,10000,4548400,75876000000,-100,false,-0.6
"NVL",135746,"/Date(1703055511000)/",16700,1000,4538400,75709000000,-100,false,-0.6
"NVL",135740,"/Date(1703055505000)/",16700,1100,4537400,75692000000,-100,false,-0.6
"NVL",135740,"/Date(1703055504000)/",16700,200,4536300,75674000000,-100,false,-0.6
"NVL",135740,"/Date(1703055504000)/",16700,500,4536100,75671000000,-100,false,-0.6
"NVL",135740,"/Date(1703055504000)/",16700,200,4535600,75662000000,-100,false,-0.6
"NVL",135740,"/Date(1703055504000)/",16700,100,4535400,75659000000,-100,false,-0.6
"NVL",135733,"/Date(1703055497000)/",16700,500,4535300,75657000000,-100,false,-0.6
"NVL",135717,"/Date(1703055483000)/",16700,1000,4534800,75649000000,-100,false,-0.6
"NVL",135705,"/Date(1703055469000)/",16700,100,4533800,75632000000,-100,false,-0.6
"NVL",135702,"/Date(1703055466000)/",16700,500,4533700,75631000000,-100,false,-0.6
"NVL",135658,"/Date(1703055463000)/",16700,100,4533200,75622000000,-100,false,-0.6
"NVL",135658,"/Date(1703055463000)/",16700,300,4533100,75621000000,-100,false,-0.6
"NVL",135655,"/Date(1703055460000)/",16700,100,4532800,75616000000,-100,true,-0.6
"NVL",135655,"/Date(1703055460000)/",16700,500,4532700,75614000000,-100,true,-0.6
"NVL",135655,"/Date(1703055460000)/",16700,2600,4532200,75606000000,-100,true,-0.6
"NVL",135655,"/Date(1703055459000)/",16700,200,4529600,75562000000,-100,true,-0.6
"NVL",135655,"/Date(1703055459000)/",16700,800,4529400,75559000000,-100,true,-0.6
"NVL",135652,"/Date(1703055456000)/",16700,1100,4528600,75546000000,-100,false,-0.6
"NVL",135652,"/Date(1703055456000)/",16700,700,4527500,75527000000,-100,false,-0.6
"NVL",135636,"/Date(1703055439000)/",16700,100,4526800,75515000000,-100,false,-0.6
"NVL",135633,"/Date(1703055436000)/",16700,200,4526700,75514000000,-100,false,-0.6
"NVL",135630,"/Date(1703055433000)/",16700,1600,4526500,75510000000,-100,false,-0.6
"NVL",135630,"/Date(1703055433000)/",16700,2600,4524900,75484000000,-100,false,-0.6
"NVL",135630,"/Date(1703055433000)/",16700,300,4522300,75440000000,-100,false,-0.6
"NVL",135630,"/Date(1703055433000)/",16700,1000,4522000,75435000000,-100,false,-0.6
"NVL",135630,"/Date(1703055433000)/",16700,4500,4521000,75419000000,-100,false,-0.6
"NVL",135626,"/Date(1703055430000)/",16700,500,4516500,75343000000,-100,false,-0.6
"NVL",135626,"/Date(1703055430000)/",16700,1000,4516000,75335000000,-100,false,-0.6
"NVL",135626,"/Date(1703055430000)/",16700,200,4515000,75318000000,-100,false,-0.6
"NVL",135626,"/Date(1703055430000)/",16700,3300,4514800,75315000000,-100,false,-0.6
"NVL",135623,"/Date(1703055427000)/",16700,2000,4511500,75260000000,-100,false,-0.6
"NVL",135620,"/Date(1703055424000)/",16700,100,4509500,75227000000,-100,false,-0.6
"NVL",135617,"/Date(1703055420000)/",16700,1000,4509400,75225000000,-100,false,-0.6
"NVL",135617,"/Date(1703055420000)/",16700,1000,4508400,75208000000,-100,false,-0.6
"NVL",135614,"/Date(1703055418000)/",16700,500,4507400,75191000000,-100,false,-0.6
"NVL",135607,"/Date(1703055411000)/",16700,100,4506900,75183000000,-100,false,-0.6
"NVL",135607,"/Date(1703055411000)/",16700,900,4506800,75181000000,-100,false,-0.6
"NVL",135558,"/Date(1703055401000)/",16700,2000,4505900,75166000000,-100,false,-0.6
"NVL",135545,"/Date(1703055388000)/",16700,5500,4503900,75133000000,-100,false,-0.6
"NVL",135539,"/Date(1703055384000)/",16700,6000,4498400,75041000000,-100,true,-0.6
"NVL",135539,"/Date(1703055384000)/",16700,1000,4492400,74941000000,-100,true,-0.6
"NVL",135539,"/Date(1703055384000)/",16700,500,4491400,74924000000,-100,true,-0.6
"NVL",135539,"/Date(1703055384000)/",16700,5000,4490900,74916000000,-100,true,-0.6
"NVL",135539,"/Date(1703055384000)/",16700,1900,4485900,74832000000,-100,true,-0.6
"NVL",135539,"/Date(1703055384000)/",16700,300,4484000,74801000000,-100,true,-0.6
"NVL",135539,"/Date(1703055384000)/",16700,600,4483700,74796000000,-100,true,-0.6
"NVL",135539,"/Date(1703055384000)/",16700,1000,4483100,74786000000,-100,true,-0.6
"NVL",135539,"/Date(1703055384000)/",16700,100,4482100,74769000000,-100,true,-0.6
"NVL",135539,"/Date(1703055384000)/",16700,3000,4482000,74767000000,-100,true,-0.6
"NVL",135539,"/Date(1703055384000)/",16700,5000,4479000,74717000000,-100,true,-0.6
"NVL",135539,"/Date(1703055384000)/",16700,3000,4474000,74634000000,-100,true,-0.6
"NVL",135539,"/Date(1703055384000)/",16700,1000,4471000,74584000000,-100,true,-0.6
"NVL",135539,"/Date(1703055384000)/",16700,100,4470000,74567000000,-100,true,-0.6
"NVL",135539,"/Date(1703055384000)/",16700,500,4469900,74565000000,-100,true,-0.6
"NVL",135539,"/Date(1703055384000)/",16700,300,4469400,74557000000,-100,true,-0.6
"NVL",135539,"/Date(1703055384000)/",16700,200,4469100,74552000000,-100,true,-0.6
"NVL",135539,"/Date(1703055384000)/",16700,100,4468900,74549000000,-100,true,-0.6
"NVL",135539,"/Date(1703055384000)/",16700,1000,4468800,74547000000,-100,true,-0.6
"NVL",135539,"/Date(1703055384000)/",16700,100,4467800,74530000000,-100,true,-0.6
"NVL",135539,"/Date(1703055384000)/",16700,1000,4467700,74528000000,-100,true,-0.6
"NVL",135539,"/Date(1703055384000)/",16700,100,4466700,74512000000,-100,true,-0.6
"NVL",135539,"/Date(1703055384000)/",16700,2300,4466600,74510000000,-100,true,-0.6
"NVL",135539,"/Date(1703055384000)/",16700,1000,4464300,74472000000,-100,true,-0.6
"NVL",135539,"/Date(1703055384000)/",16700,1000,4463300,74455000000,-100,true,-0.6
"NVL",135539,"/Date(1703055384000)/",16700,400,4462300,74438000000,-100,true,-0.6
"NVL",135539,"/Date(1703055384000)/",16700,1000,4461900,74432000000,-100,true,-0.6
"NVL",135539,"/Date(1703055384000)/",16700,300,4460900,74415000000,-100,true,-0.6
"NVL",135539,"/Date(1703055384000)/",16700,200,4460600,74410000000,-100,true,-0.6
"NVL",135539,"/Date(1703055384000)/",16700,2000,4460400,74407000000,-100,true,-0.6
"NVL",135539,"/Date(1703055384000)/",16700,2200,4458400,74373000000,-100,true,-0.6
"NVL",135539,"/Date(1703055384000)/",16700,100,4456200,74336000000,-100,true,-0.6
"NVL",135539,"/Date(1703055384000)/",16700,2400,4456100,74335000000,-100,true,-0.6
"NVL",135539,"/Date(1703055384000)/",16700,1000,4453700,74295000000,-100,true,-0.6
"NVL",135539,"/Date(1703055384000)/",16700,1000,4452700,74278000000,-100,true,-0.6
"NVL",135539,"/Date(1703055384000)/",16700,500,4451700,74261000000,-100,true,-0.6
"NVL",135539,"/Date(1703055384000)/",16700,100,4451200,74253000000,-100,true,-0.6
"NVL",135539,"/Date(1703055384000)/",16700,1000,4451100,74251000000,-100,true,-0.6
"NVL",135539,"/Date(1703055384000)/",16700,400,4450100,74235000000,-100,true,-0.6
"NVL",135539,"/Date(1703055384000)/",16700,1000,4449700,74228000000,-100,true,-0.6
"NVL",135539,"/Date(1703055384000)/",16700,100,4448700,74211000000,-100,true,-0.6
