"Stockcode","Package","TradingDate","Price","Vol","TotalVol","TotalVal","Change","IsBuy","PerChange"
"VC3",144510,"/Date(1703058301000)/",25000,21600,693372,16766207600,1000,false,4.17
"VC3",142959,"/Date(1703057399000)/",25000,600,671772,16226207600,1000,false,4.17
"VC3",142952,"/Date(1703057392000)/",25000,100,671172,16211207600,1000,false,4.17
"VC3",142951,"/Date(1703057391000)/",25000,300,671072,16208707600,1000,false,4.17
"VC3",142945,"/Date(1703057385000)/",24900,900,670772,16201207600,900,true,3.75
"VC3",142944,"/Date(1703057384000)/",25000,500,669872,16178797600,1000,false,4.17
"VC3",142943,"/Date(1703057383000)/",24900,200,669372,16166297600,900,true,3.75
"VC3",142941,"/Date(1703057381000)/",25000,1400,669172,16161317600,1000,false,4.17
"VC3",142938,"/Date(1703057378000)/",24900,300,667772,16126407600,900,false,3.75
"VC3",142937,"/Date(1703057377000)/",24900,200,667472,16118937600,900,false,3.75
"VC3",142936,"/Date(1703057376000)/",24900,1100,667272,16113957600,900,false,3.75
"VC3",142934,"/Date(1703057374000)/",24900,1000,666172,16086567600,900,false,3.75
"VC3",142932,"/Date(1703057372000)/",24900,400,665172,16061667600,900,false,3.75
"VC3",142928,"/Date(1703057368000)/",24900,100,664772,16051707600,900,false,3.75
"VC3",142926,"/Date(1703057366000)/",25000,200,664672,16049217600,1000,false,4.17
"VC3",142920,"/Date(1703057360000)/",25000,100,664472,16044217600,1000,false,4.17
"VC3",142918,"/Date(1703057358000)/",25000,100,664372,16041717600,1000,false,4.17
"VC3",142915,"/Date(1703057355000)/",25000,200,664272,16039217600,1000,false,4.17
"VC3",142912,"/Date(1703057352000)/",24900,2000,664072,16034217600,900,true,3.75
"VC3",142859,"/Date(1703057339000)/",25000,400,662072,15984417600,1000,false,4.17
"VC3",142857,"/Date(1703057337000)/",25000,300,661672,15974417600,1000,false,4.17
"VC3",142846,"/Date(1703057326000)/",25000,100,661372,15966917600,1000,false,4.17
"VC3",142842,"/Date(1703057322000)/",25000,300,661272,15964417600,1000,false,4.17
"VC3",142834,"/Date(1703057314000)/",25000,300,660972,15956917600,1000,false,4.17
"VC3",142827,"/Date(1703057307000)/",24900,200,660672,15949437600,900,false,3.75
"VC3",142820,"/Date(1703057300000)/",24900,500,660472,15944457600,900,false,3.75
"VC3",142815,"/Date(1703057295000)/",24900,1000,659972,15931977600,900,true,3.75
"VC3",142804,"/Date(1703057284000)/",25000,200,658972,15907077600,1000,false,4.17
"VC3",142802,"/Date(1703057282000)/",25000,200,658772,15902077600,1000,false,4.17
"VC3",142757,"/Date(1703057277000)/",25000,100,658572,15897077600,1000,false,4.17
"VC3",142749,"/Date(1703057269000)/",25000,100,658472,15894577600,1000,false,4.17
"VC3",142748,"/Date(1703057268000)/",25000,500,658372,15892077600,1000,false,4.17
"VC3",142737,"/Date(1703057257000)/",25000,200,657872,15879577600,1000,false,4.17
"VC3",142735,"/Date(1703057255000)/",25000,100,657672,15874577600,1000,false,4.17
"VC3",142732,"/Date(1703057252000)/",25000,200,657572,15872077600,1000,false,4.17
"VC3",142731,"/Date(1703057251000)/",25000,200,657372,15867077600,1000,false,4.17
"VC3",142728,"/Date(1703057248000)/",25000,100,657172,15862077600,1000,false,4.17
"VC3",142723,"/Date(1703057243000)/",25000,300,657072,15859577600,1000,false,4.17
"VC3",142720,"/Date(1703057240000)/",24900,600,656772,15852077600,900,false,3.75
"VC3",142717,"/Date(1703057237000)/",24900,200,656172,15837137600,900,false,3.75
"VC3",142713,"/Date(1703057233000)/",24900,200,655972,15832157600,900,false,3.75
"VC3",142711,"/Date(1703057231000)/",25000,400,655772,15827177600,1000,false,4.17
"VC3",142708,"/Date(1703057228000)/",25000,400,655372,15817177600,1000,false,4.17
"VC3",142706,"/Date(1703057226000)/",25000,300,654972,15807177600,1000,false,4.17
"VC3",142702,"/Date(1703057222000)/",25000,100,654672,15799677600,1000,false,4.17
"VC3",142659,"/Date(1703057219000)/",24800,2500,654572,15797177600,800,true,3.33
"VC3",142658,"/Date(1703057218000)/",25000,200,652072,15734987600,1000,false,4.17
"VC3",142653,"/Date(1703057213000)/",25000,400,651872,15729987600,1000,false,4.17
"VC3",142651,"/Date(1703057211000)/",25000,200,651472,15719987600,1000,false,4.17
"VC3",142647,"/Date(1703057207000)/",25000,100,651272,15714987600,1000,false,4.17
"VC3",142641,"/Date(1703057201000)/",25000,200,651172,15712487600,1000,false,4.17
"VC3",142637,"/Date(1703057197000)/",25000,100,650972,15707487600,1000,false,4.17
"VC3",142635,"/Date(1703057195000)/",25000,100,650872,15704987600,1000,false,4.17
"VC3",142633,"/Date(1703057193000)/",25000,3100,650772,15702487600,1000,false,4.17
"VC3",142629,"/Date(1703057189000)/",25000,200,647672,15624987600,1000,false,4.17
"VC3",142626,"/Date(1703057186000)/",25000,100,647472,15619987600,1000,false,4.17
"VC3",142625,"/Date(1703057185000)/",24700,3000,647372,15617487600,700,true,2.92
"VC3",142621,"/Date(1703057181000)/",25000,600,644372,15543207600,1000,false,4.17
"VC3",142617,"/Date(1703057177000)/",25000,200,643772,15528257600,1000,false,4.17
"VC3",142615,"/Date(1703057175000)/",25000,100,643572,15523257600,1000,false,4.17
"VC3",142609,"/Date(1703057169000)/",25000,200,643472,15520757600,1000,false,4.17
"VC3",142604,"/Date(1703057164000)/",25000,200,643272,15515757600,1000,false,4.17
"VC3",142559,"/Date(1703057159000)/",25000,100,643072,15510757600,1000,false,4.17
"VC3",142555,"/Date(1703057155000)/",25000,100,642972,15508257600,1000,false,4.17
"VC3",142553,"/Date(1703057153000)/",25000,200,642872,15505757600,1000,false,4.17
"VC3",142551,"/Date(1703057151000)/",24900,400,642672,15500757600,900,false,3.75
"VC3",142545,"/Date(1703057145000)/",25000,500,642272,15490767600,1000,false,4.17
"VC3",142537,"/Date(1703057137000)/",25000,200,641772,15478267600,1000,false,4.17
"VC3",142536,"/Date(1703057136000)/",25000,100,641572,15473267600,1000,false,4.17
"VC3",142533,"/Date(1703057133000)/",24900,3000,641472,15470767600,900,true,3.75
"VC3",142530,"/Date(1703057130000)/",25000,200,638472,15396067600,1000,false,4.17
"VC3",142524,"/Date(1703057124000)/",25000,100,638272,15391067600,1000,false,4.17
"VC3",142523,"/Date(1703057123000)/",25000,1000,638172,15388567600,1000,false,4.17
"VC3",142510,"/Date(1703057110000)/",25000,1000,637172,15363567600,1000,false,4.17
"VC3",142508,"/Date(1703057108000)/",25000,100,636172,15338567600,1000,false,4.17
"VC3",142501,"/Date(1703057101000)/",25000,700,636072,15336067600,1000,false,4.17
"VC3",142500,"/Date(1703057100000)/",25000,1600,635372,15318567600,1000,false,4.17
"VC3",142457,"/Date(1703057097000)/",25000,300,633772,15278567600,1000,false,4.17
"VC3",142455,"/Date(1703057095000)/",25000,100,633472,15271067600,1000,false,4.17
"VC3",142447,"/Date(1703057087000)/",25000,2000,633372,15268567600,1000,false,4.17
"VC3",142442,"/Date(1703057082000)/",24900,300,631372,15218757600,900,false,3.75
"VC3",142437,"/Date(1703057077000)/",24900,100,631072,15211287600,900,false,3.75
"VC3",142435,"/Date(1703057075000)/",24900,1900,630972,15208797600,900,true,3.75
"VC3",142434,"/Date(1703057074000)/",25000,200,629072,15161487600,1000,false,4.17
"VC3",142427,"/Date(1703057067000)/",25000,300,628872,15156487600,1000,false,4.17
"VC3",142424,"/Date(1703057064000)/",24900,100,628572,15149007600,900,false,3.75
"VC3",142422,"/Date(1703057062000)/",24900,200,628472,15146517600,900,false,3.75
"VC3",142419,"/Date(1703057059000)/",24900,500,628272,15141537600,900,true,3.75
"VC3",142412,"/Date(1703057052000)/",24900,19800,627772,15129087600,900,false,3.75
"VC3",142406,"/Date(1703057046000)/",24800,2274,607972,14636417600,800,false,3.33
"VC3",142404,"/Date(1703057044000)/",24800,600,605698,14580074000,800,false,3.33
"VC3",142359,"/Date(1703057039000)/",24800,400,605098,14565194000,800,false,3.33
"VC3",142356,"/Date(1703057036000)/",24800,600,604698,14555274000,800,true,3.33
"VC3",142355,"/Date(1703057035000)/",24900,99,604098,14540394000,900,false,3.75
"VC3",142354,"/Date(1703057034000)/",24900,400,603999,14538026400,900,false,3.75
"VC3",142351,"/Date(1703057031000)/",24900,99,603599,14528066400,900,false,3.75
"VC3",142350,"/Date(1703057030000)/",24900,200,603500,14525709400,900,false,3.75
"VC3",142349,"/Date(1703057029000)/",24900,1100,603300,14520729400,900,false,3.75
"VC3",142344,"/Date(1703057024000)/",24900,400,602200,14493439400,900,false,3.75
"VC3",142336,"/Date(1703057016000)/",24800,200,601800,14483479400,800,false,3.33
"VC3",142329,"/Date(1703057009000)/",24900,700,601600,14478519400,900,false,3.75
"VC3",142327,"/Date(1703057007000)/",24800,2000,600900,14461099400,800,false,3.33
"VC3",142323,"/Date(1703057003000)/",24800,300,598900,14411499400,800,false,3.33
"VC3",142320,"/Date(1703057000000)/",24800,200,598600,14404059400,800,false,3.33
"VC3",142317,"/Date(1703056997000)/",24800,400,598400,14399099400,800,false,3.33
"VC3",142316,"/Date(1703056996000)/",24800,300,598000,14389179400,800,true,3.33
"VC3",142314,"/Date(1703056994000)/",24900,400,597700,14381739400,900,false,3.75
"VC3",142313,"/Date(1703056993000)/",24800,400,597300,14371779400,800,true,3.33
"VC3",142303,"/Date(1703056983000)/",24900,900,596900,14361859400,900,false,3.75
"VC3",142302,"/Date(1703056982000)/",24900,300,596000,14339449400,900,false,3.75
"VC3",142258,"/Date(1703056978000)/",24900,600,595700,14331979400,900,false,3.75
"VC3",142253,"/Date(1703056973000)/",24900,900,595100,14317039400,900,false,3.75
"VC3",142248,"/Date(1703056968000)/",24900,200,594200,14294629400,900,false,3.75
"VC3",142242,"/Date(1703056962000)/",24900,400,594000,14289649400,900,false,3.75
"VC3",142241,"/Date(1703056961000)/",24900,400,593600,14279689400,900,false,3.75
"VC3",142238,"/Date(1703056958000)/",24900,300,593200,14269729400,900,false,3.75
"VC3",142229,"/Date(1703056949000)/",24900,600,592900,14262259400,900,false,3.75
"VC3",142224,"/Date(1703056944000)/",24800,1000,592300,14247319400,800,true,3.33
"VC3",142223,"/Date(1703056943000)/",24800,3900,591300,14222519400,800,false,3.33
"VC3",142217,"/Date(1703056937000)/",24800,1100,587400,14125799400,800,true,3.33
"VC3",142216,"/Date(1703056936000)/",24900,900,586300,14098519400,900,false,3.75
"VC3",142210,"/Date(1703056930000)/",24800,1900,585400,14076109400,800,true,3.33
"VC3",142208,"/Date(1703056928000)/",24800,500,583500,14028989400,800,false,3.33
"VC3",142154,"/Date(1703056914000)/",24800,2700,583000,14016589400,800,false,3.33
"VC3",142152,"/Date(1703056912000)/",24900,2200,580300,13949629400,900,false,3.75
"VC3",142141,"/Date(1703056901000)/",24900,1400,578100,13894849400,900,false,3.75
"VC3",142137,"/Date(1703056897000)/",25000,200,576700,13859989400,1000,false,4.17
"VC3",142131,"/Date(1703056891000)/",25000,500,576500,13854989400,1000,false,4.17
"VC3",142121,"/Date(1703056881000)/",25000,300,576000,13842489400,1000,false,4.17
"VC3",142118,"/Date(1703056878000)/",25000,100,575700,13834989400,1000,false,4.17
"VC3",142109,"/Date(1703056869000)/",25000,700,575600,13832489400,1000,false,4.17
"VC3",142107,"/Date(1703056867000)/",24900,6600,574900,13814989400,900,true,3.75
"VC3",142103,"/Date(1703056863000)/",24900,300,568300,13650649400,900,false,3.75
"VC3",142102,"/Date(1703056862000)/",24800,3000,568000,13643179400,800,true,3.33
"VC3",142059,"/Date(1703056859000)/",24800,6400,565000,13568779400,800,true,3.33
"VC3",142053,"/Date(1703056853000)/",24800,400,558600,13410059400,800,false,3.33
"VC3",142052,"/Date(1703056852000)/",24700,4000,558200,13400139400,700,false,2.92
"VC3",142044,"/Date(1703056844000)/",24600,600,554200,13301569400,600,false,2.5
"VC3",142041,"/Date(1703056841000)/",24500,3800,553600,13286809400,500,false,2.08
"VC3",142035,"/Date(1703056835000)/",24500,600,549800,13193709400,500,false,2.08
"VC3",142034,"/Date(1703056834000)/",24500,20000,549200,13179009400,500,false,2.08
"VC3",142026,"/Date(1703056826000)/",24500,200,529200,12689009400,500,false,2.08
"VC3",142025,"/Date(1703056825000)/",24500,500,529000,12684109400,500,false,2.08
"VC3",142017,"/Date(1703056817000)/",24500,300,528500,12671859400,500,false,2.08
"VC3",142014,"/Date(1703056814000)/",24500,5300,528200,12664509400,500,false,2.08
"VC3",142010,"/Date(1703056810000)/",24400,6500,522900,12534659400,400,false,1.67
"VC3",142007,"/Date(1703056807000)/",24400,3800,516400,12376059400,400,false,1.67
"VC3",142001,"/Date(1703056801000)/",24400,3200,512600,12283339400,400,false,1.67
"VC3",141958,"/Date(1703056798000)/",24400,300,509400,12205259400,400,false,1.67
"VC3",141955,"/Date(1703056795000)/",24400,5600,509100,12197939400,400,false,1.67
"VC3",141954,"/Date(1703056794000)/",24300,100,503500,12061299400,300,true,1.25
"VC3",141952,"/Date(1703056792000)/",24300,500,503400,12058869400,300,false,1.25
"VC3",141937,"/Date(1703056777000)/",24300,4500,502900,12046719400,300,false,1.25
"VC3",141936,"/Date(1703056776000)/",24400,300,498400,11937369400,400,false,1.67
"VC3",141935,"/Date(1703056775000)/",24400,5600,498100,11930049400,400,false,1.67
"VC3",141931,"/Date(1703056771000)/",24400,500,492500,11793409400,400,false,1.67
"VC3",141926,"/Date(1703056766000)/",24300,5500,492000,11781209400,300,true,1.25
"VC3",141923,"/Date(1703056763000)/",24300,5200,486500,11647559400,300,false,1.25
"VC3",141922,"/Date(1703056762000)/",24300,300,481300,11521199400,300,false,1.25
"VC3",141916,"/Date(1703056756000)/",24300,5200,481000,11513909400,300,false,1.25
"VC3",141912,"/Date(1703056752000)/",24200,1600,475800,11387549400,200,true,0.83
"VC3",141910,"/Date(1703056750000)/",24300,10000,474200,11348799400,300,false,1.25
"VC3",141858,"/Date(1703056738000)/",24200,46400,464200,11105799400,200,true,0.83
"VC3",141849,"/Date(1703056729000)/",24200,1000,417800,9982919400,200,false,0.83
"VC3",141845,"/Date(1703056725000)/",24100,10000,416800,9958779400,100,false,0.42
"VC3",141830,"/Date(1703056710000)/",24100,400,406800,9717779400,100,false,0.42
"VC3",141819,"/Date(1703056699000)/",24100,500,406400,9708139400,100,false,0.42
"VC3",141809,"/Date(1703056689000)/",24100,300,405900,9696089400,100,false,0.42
"VC3",141805,"/Date(1703056685000)/",24100,700,405600,9688859400,100,false,0.42
"VC3",141758,"/Date(1703056678000)/",24100,900,404900,9671989400,100,false,0.42
"VC3",141752,"/Date(1703056672000)/",24100,600,404000,9650299400,100,false,0.42
"VC3",141739,"/Date(1703056659000)/",24100,500,403400,9635839400,100,false,0.42
"VC3",141738,"/Date(1703056658000)/",24100,500,402900,9623789400,100,false,0.42
"VC3",141733,"/Date(1703056653000)/",24100,600,402400,9611739400,100,false,0.42
"VC3",141722,"/Date(1703056642000)/",24100,500,401800,9597279400,100,false,0.42
"VC3",141719,"/Date(1703056639000)/",24100,400,401300,9585229400,100,false,0.42
"VC3",141712,"/Date(1703056632000)/",24100,400,400900,9575589400,100,false,0.42
"VC3",141706,"/Date(1703056626000)/",24100,600,400500,9565949400,100,false,0.42
"VC3",141702,"/Date(1703056622000)/",24100,300,399900,9551489400,100,false,0.42
"VC3",141701,"/Date(1703056621000)/",24100,400,399600,9544259400,100,false,0.42
"VC3",141653,"/Date(1703056613000)/",24100,600,399200,9534619400,100,false,0.42
"VC3",141652,"/Date(1703056612000)/",24100,700,398600,9520159400,100,false,0.42
"VC3",141646,"/Date(1703056606000)/",24100,700,397900,9503289400,100,false,0.42
"VC3",141643,"/Date(1703056603000)/",24100,900,397200,9486419400,100,false,0.42
"VC3",141642,"/Date(1703056602000)/",24100,800,396300,9464729400,100,false,0.42
"VC3",141638,"/Date(1703056598000)/",24100,500,395500,9445449400,100,false,0.42
"VC3",141637,"/Date(1703056597000)/",24100,800,395000,9433399400,100,false,0.42
"VC3",141634,"/Date(1703056594000)/",24100,800,394200,9414119400,100,false,0.42
"VC3",141633,"/Date(1703056593000)/",24100,600,393400,9394839400,100,false,0.42
"VC3",141630,"/Date(1703056590000)/",24100,900,392800,9380379400,100,false,0.42
"VC3",141623,"/Date(1703056583000)/",24100,200,391900,9358689400,100,false,0.42
"VC3",141622,"/Date(1703056582000)/",24100,100,391700,9353869400,100,false,0.42
"VC3",141546,"/Date(1703056546000)/",24100,300,391600,9351459400,100,false,0.42
"VC3",141545,"/Date(1703056545000)/",24100,1000,391300,9344229400,100,false,0.42
"VC3",141520,"/Date(1703056520000)/",24100,200,390300,9320129400,100,false,0.42
"VC3",141516,"/Date(1703056516000)/",24100,300,390100,9315309400,100,false,0.42
"VC3",141505,"/Date(1703056505000)/",24100,500,389800,9308079400,100,false,0.42
"VC3",141500,"/Date(1703056500000)/",24100,300,389300,9296029400,100,false,0.42
"VC3",141448,"/Date(1703056488000)/",24100,100,389000,9288799400,100,false,0.42
"VC3",141416,"/Date(1703056456000)/",24100,400,388900,9286389400,100,false,0.42
"VC3",141354,"/Date(1703056434000)/",24100,800,388500,9276749400,100,false,0.42
"VC3",141348,"/Date(1703056428000)/",24000,100,387700,9257469400,0,true,0
"VC3",141340,"/Date(1703056420000)/",24100,200,387600,9255069400,100,false,0.42
"VC3",141310,"/Date(1703056390000)/",24100,100,387400,9250249400,100,false,0.42
"VC3",141307,"/Date(1703056387000)/",24100,300,387300,9247839400,100,false,0.42
"VC3",141245,"/Date(1703056365000)/",24100,300,387000,9240609400,100,false,0.42
"VC3",141203,"/Date(1703056323000)/",24100,500,386700,9233379400,100,false,0.42
"VC3",141141,"/Date(1703056301000)/",24100,100,386200,9221329400,100,false,0.42
"VC3",141127,"/Date(1703056287000)/",24100,300,386100,9218919400,100,false,0.42
"VC3",141113,"/Date(1703056273000)/",24100,200,385800,9211689400,100,false,0.42
"VC3",141056,"/Date(1703056256000)/",24000,400,385600,9206869400,0,true,0
"VC3",141044,"/Date(1703056244000)/",24000,1000,385200,9197269400,0,true,0
"VC3",141027,"/Date(1703056227000)/",24100,100,384200,9173269400,100,false,0.42
"VC3",141014,"/Date(1703056214000)/",24100,200,384100,9170859400,100,false,0.42
"VC3",140938,"/Date(1703056179000)/",24100,300,383900,9166039400,100,false,0.42
"VC3",140913,"/Date(1703056153000)/",24100,200,383600,9158809400,100,false,0.42
"VC3",140902,"/Date(1703056142000)/",24100,100,383400,9153989400,100,false,0.42
"VC3",140824,"/Date(1703056105000)/",24100,200,383300,9151579400,100,false,0.42
"VC3",140824,"/Date(1703056104000)/",24100,100,383100,9146759400,100,false,0.42
"VC3",140819,"/Date(1703056099000)/",24000,1000,383000,9144349400,0,false,0
"VC3",140803,"/Date(1703056083000)/",24000,2600,382000,9120349400,0,false,0
"VC3",140755,"/Date(1703056076000)/",24000,1700,379400,9057949400,0,false,0
"VC3",140754,"/Date(1703056074000)/",24000,500,377700,9017149400,0,false,0
"VC3",140751,"/Date(1703056071000)/",24000,1600,377200,9005149400,0,false,0
"VC3",140750,"/Date(1703056070000)/",24000,600,375600,8966749400,0,false,0
"VC3",140746,"/Date(1703056066000)/",24000,1900,375000,8952349400,0,false,0
"VC3",140743,"/Date(1703056064000)/",24000,700,373100,8906749400,0,false,0
"VC3",140740,"/Date(1703056060000)/",24000,800,372400,8889949400,0,false,0
"VC3",140735,"/Date(1703056056000)/",24000,800,371600,8870749400,0,false,0
"VC3",140735,"/Date(1703056055000)/",24000,900,370800,8851549400,0,false,0
"VC3",140729,"/Date(1703056050000)/",24000,700,369900,8829949400,0,false,0
"VC3",140728,"/Date(1703056048000)/",24000,700,369200,8813149400,0,false,0
"VC3",140723,"/Date(1703056043000)/",24000,600,368500,8796349400,0,false,0
"VC3",140716,"/Date(1703056037000)/",24000,400,367900,8781949400,0,false,0
"VC3",140712,"/Date(1703056032000)/",24000,500,367500,8772349400,0,false,0
"VC3",140704,"/Date(1703056025000)/",24000,300,367000,8760349400,0,false,0
"VC3",140637,"/Date(1703055998000)/",24000,100,366700,8753149400,0,false,0
"VC3",140634,"/Date(1703055994000)/",24000,200,366600,8750749400,0,false,0
"VC3",140611,"/Date(1703055972000)/",24000,200,366400,8745949400,0,false,0
"VC3",140602,"/Date(1703055963000)/",24000,200,366200,8741149400,0,false,0
"VC3",140520,"/Date(1703055921000)/",24000,100,366000,8736349400,0,false,0
"VC3",140517,"/Date(1703055918000)/",24000,400,365900,8733949400,0,false,0
"VC3",140432,"/Date(1703055873000)/",24000,300,365500,8724349400,0,false,0
"VC3",140430,"/Date(1703055871000)/",24000,300,365200,8717149400,0,false,0
"VC3",140330,"/Date(1703055811000)/",24000,200,364900,8709949400,0,false,0
"VC3",140317,"/Date(1703055798000)/",24000,400,364700,8705149400,0,false,0
"VC3",140307,"/Date(1703055788000)/",24000,100,364300,8695549400,0,false,0
"VC3",140232,"/Date(1703055753000)/",24000,200,364200,8693149400,0,false,0
"VC3",140227,"/Date(1703055747000)/",24000,100,364000,8688349400,0,false,0
"VC3",140208,"/Date(1703055728000)/",24000,300,363900,8685949400,0,false,0
"VC3",140153,"/Date(1703055713000)/",24000,200,363600,8678749400,0,false,0
"VC3",140125,"/Date(1703055685000)/",24000,500,363400,8673949400,0,false,0
"VC3",140052,"/Date(1703055652000)/",24000,100,362900,8661949400,0,false,0
"VC3",140044,"/Date(1703055644000)/",24000,200,362800,8659549400,0,false,0
"VC3",140011,"/Date(1703055611000)/",24000,300,362600,8654749400,0,false,0
"VC3",135956,"/Date(1703055596000)/",24000,200,362300,8647549400,0,false,0
"VC3",135928,"/Date(1703055568000)/",24000,100,362100,8642749400,0,false,0
"VC3",135919,"/Date(1703055559000)/",24000,300,362000,8640349400,0,false,0
"VC3",135832,"/Date(1703055512000)/",24000,100,361700,8633149400,0,false,0
"VC3",135721,"/Date(1703055441000)/",24000,200,361600,8630749400,0,false,0
"VC3",135714,"/Date(1703055434000)/",24000,100,361400,8625949400,0,false,0
"VC3",135604,"/Date(1703055364000)/",24000,300,361300,8623549400,0,false,0
"VC3",135601,"/Date(1703055361000)/",24000,300,361000,8616349400,0,false,0
"VC3",135535,"/Date(1703055335000)/",24000,200,360700,8609149400,0,false,0
"VC3",135507,"/Date(1703055307000)/",24000,400,360500,8604349400,0,false,0
"VC3",135448,"/Date(1703055288000)/",24000,100,360100,8594749400,0,false,0
"VC3",135424,"/Date(1703055264000)/",24000,100,360000,8592349400,0,false,0
"VC3",135412,"/Date(1703055252000)/",24000,200,359900,8589949400,0,false,0
"VC3",135404,"/Date(1703055244000)/",23900,400,359700,8585149400,-100,true,-0.42
"VC3",135359,"/Date(1703055239000)/",23900,600,359300,8575589400,-100,true,-0.42
"VC3",135349,"/Date(1703055229000)/",24000,100,358700,8561249400,0,false,0
"VC3",135341,"/Date(1703055221000)/",24000,300,358600,8558849400,0,false,0
"VC3",135317,"/Date(1703055197000)/",23900,1300,358300,8551649400,-100,true,-0.42
"VC3",135311,"/Date(1703055191000)/",24000,500,357000,8520579400,0,false,0
"VC3",135255,"/Date(1703055175000)/",24000,100,356500,8508579400,0,false,0
"VC3",135231,"/Date(1703055151000)/",24000,300,356400,8506179400,0,false,0
"VC3",135219,"/Date(1703055139000)/",23900,2300,356100,8498979400,-100,true,-0.42
"VC3",135212,"/Date(1703055132000)/",24000,100,353800,8444009400,0,false,0
"VC3",135139,"/Date(1703055099000)/",24000,200,353700,8441609400,0,false,0
"VC3",135134,"/Date(1703055094000)/",24000,400,353500,8436809400,0,false,0
"VC3",135127,"/Date(1703055087000)/",24000,100,353100,8427209400,0,false,0
"VC3",135047,"/Date(1703055047000)/",23900,2200,353000,8424809400,-100,true,-0.42
"VC3",135030,"/Date(1703055030000)/",24000,300,350800,8372229400,0,false,0
"VC3",135009,"/Date(1703055009000)/",24000,100,350500,8365029400,0,false,0
"VC3",134950,"/Date(1703054990000)/",23900,2100,350400,8362629400,-100,true,-0.42
"VC3",134937,"/Date(1703054977000)/",24000,100,348300,8312439400,0,false,0
"VC3",134923,"/Date(1703054963000)/",24000,200,348200,8310039400,0,false,0
"VC3",134841,"/Date(1703054921000)/",24000,100,348000,8305239400,0,false,0
"VC3",134819,"/Date(1703054899000)/",24000,500,347900,8302839400,0,false,0
"VC3",134806,"/Date(1703054886000)/",23900,1900,347400,8290839400,-100,true,-0.42
"VC3",134713,"/Date(1703054833000)/",24000,400,345500,8245429400,0,false,0
"VC3",134647,"/Date(1703054807000)/",24000,300,345100,8235829400,0,false,0
"VC3",134643,"/Date(1703054803000)/",24000,200,344800,8228629400,0,false,0
"VC3",134635,"/Date(1703054795000)/",24000,200,344600,8223829400,0,false,0
"VC3",134607,"/Date(1703054767000)/",23900,2900,344400,8219029400,-100,true,-0.42
"VC3",134556,"/Date(1703054756000)/",24000,400,341500,8149719400,0,false,0
"VC3",134520,"/Date(1703054720000)/",24000,300,341100,8140119400,0,false,0
"VC3",134516,"/Date(1703054716000)/",24000,100,340800,8132919400,0,false,0
"VC3",134439,"/Date(1703054679000)/",24000,200,340700,8130519400,0,false,0
"VC3",134432,"/Date(1703054672000)/",24000,100,340500,8125719400,0,false,0
"VC3",134418,"/Date(1703054658000)/",24000,300,340400,8123319400,0,false,0
"VC3",134322,"/Date(1703054602000)/",24000,200,340100,8116119400,0,false,0
"VC3",134304,"/Date(1703054584000)/",24000,500,339900,8111319400,0,false,0
"VC3",134247,"/Date(1703054567000)/",24000,100,339400,8099319400,0,false,0
"VC3",134240,"/Date(1703054560000)/",23900,100,339300,8096919400,-100,true,-0.42
"VC3",134234,"/Date(1703054554000)/",23900,2000,339200,8094529400,-100,false,-0.42
"VC3",134200,"/Date(1703054520000)/",23900,1900,337200,8046729400,-100,false,-0.42
"VC3",134152,"/Date(1703054512000)/",24000,300,335300,8001319400,0,false,0
"VC3",134139,"/Date(1703054499000)/",24000,200,335000,7994119400,0,false,0
"VC3",134119,"/Date(1703054479000)/",24000,400,334800,7989319400,0,false,0
"VC3",134037,"/Date(1703054437000)/",24000,100,334400,7979719400,0,false,0
"VC3",134005,"/Date(1703054405000)/",24000,200,334300,7977319400,0,false,0
"VC3",133944,"/Date(1703054384000)/",24000,100,334100,7972519400,0,false,0
"VC3",133901,"/Date(1703054341000)/",24000,300,334000,7970119400,0,false,0
"VC3",133833,"/Date(1703054313000)/",24000,200,333700,7962919400,0,false,0
"VC3",133759,"/Date(1703054279000)/",24000,100,333500,7958119400,0,false,0
"VC3",133753,"/Date(1703054273000)/",24000,100,333400,7955719400,0,false,0
"VC3",133712,"/Date(1703054232000)/",24000,200,333300,7953319400,0,false,0
"VC3",133635,"/Date(1703054195000)/",24000,100,333100,7948519400,0,false,0
"VC3",133604,"/Date(1703054164000)/",24000,200,333000,7946119400,0,false,0
"VC3",133553,"/Date(1703054153000)/",24000,300,332800,7941319400,0,false,0
"VC3",133549,"/Date(1703054149000)/",24000,100,332500,7934119400,0,false,0
"VC3",133542,"/Date(1703054142000)/",23900,800,332400,7931719400,-100,true,-0.42
"VC3",133534,"/Date(1703054134000)/",23900,600,331600,7912599400,-100,false,-0.42
"VC3",133523,"/Date(1703054123000)/",23900,2600,331000,7898259400,-100,false,-0.42
"VC3",133509,"/Date(1703054109000)/",23900,300,328400,7836119400,-100,false,-0.42
"VC3",133402,"/Date(1703054042000)/",23900,100,328100,7828949400,-100,false,-0.42
"VC3",133346,"/Date(1703054026000)/",23900,200,328000,7826559400,-100,false,-0.42
"VC3",133314,"/Date(1703053994000)/",23900,400,327800,7821779400,-100,false,-0.42
"VC3",133247,"/Date(1703053967000)/",23900,100,327400,7812219400,-100,false,-0.42
"VC3",133236,"/Date(1703053956000)/",23900,200,327300,7809829400,-100,false,-0.42
"VC3",133221,"/Date(1703053941000)/",23900,300,327100,7805049400,-100,false,-0.42
"VC3",133204,"/Date(1703053924000)/",23900,100,326800,7797879400,-100,false,-0.42
"VC3",133035,"/Date(1703053835000)/",23900,300,326700,7795489400,-100,false,-0.42
"VC3",133023,"/Date(1703053823000)/",23900,200,326400,7788319400,-100,false,-0.42
"VC3",133000,"/Date(1703053800000)/",23900,100,326200,7783539400,-100,false,-0.42
"VC3",132931,"/Date(1703053771000)/",23900,200,326100,7781149400,-100,false,-0.42
"VC3",132851,"/Date(1703053731000)/",23900,100,325900,7776369400,-100,false,-0.42
"VC3",132841,"/Date(1703053721000)/",23900,300,325800,7773979400,-100,false,-0.42
"VC3",132834,"/Date(1703053714000)/",23900,300,325500,7766809400,-100,false,-0.42
"VC3",132800,"/Date(1703053680000)/",23900,200,325200,7759639400,-100,false,-0.42
"VC3",132714,"/Date(1703053634000)/",23900,500,325000,7754859400,-100,false,-0.42
"VC3",132708,"/Date(1703053628000)/",23900,100,324500,7742909400,-100,false,-0.42
"VC3",132625,"/Date(1703053585000)/",23900,100,324400,7740519400,-100,false,-0.42
"VC3",132623,"/Date(1703053583000)/",23900,400,324300,7738129400,-100,false,-0.42
"VC3",132558,"/Date(1703053558000)/",23800,1800,323900,7728569400,-200,true,-0.83
"VC3",132538,"/Date(1703053538000)/",23900,200,322100,7685729400,-100,false,-0.42
"VC3",132454,"/Date(1703053494000)/",23900,200,321900,7680949400,-100,false,-0.42
"VC3",132434,"/Date(1703053474000)/",23900,100,321700,7676169400,-100,false,-0.42
"VC3",132422,"/Date(1703053462000)/",23900,300,321600,7673779400,-100,false,-0.42
"VC3",132355,"/Date(1703053435000)/",23900,100,321300,7666609400,-100,false,-0.42
"VC3",132232,"/Date(1703053352000)/",23900,400,321200,7664219400,-100,false,-0.42
"VC3",132159,"/Date(1703053319000)/",23900,200,320800,7654659400,-100,false,-0.42
"VC3",132144,"/Date(1703053304000)/",23900,100,320600,7649879400,-100,false,-0.42
"VC3",132120,"/Date(1703053280000)/",23900,300,320500,7647489400,-100,false,-0.42
"VC3",132045,"/Date(1703053245000)/",23900,300,320200,7640319400,-100,false,-0.42
"VC3",132035,"/Date(1703053235000)/",23900,100,319900,7633149400,-100,false,-0.42
"VC3",131935,"/Date(1703053176000)/",23900,500,319800,7630759400,-100,false,-0.42
"VC3",131902,"/Date(1703053142000)/",23900,300,319300,7618809400,-100,false,-0.42
"VC3",131846,"/Date(1703053125000)/",23900,200,319000,7611639400,-100,false,-0.42
"VC3",131757,"/Date(1703053076000)/",23900,100,318800,7606859400,-100,false,-0.42
"VC3",131738,"/Date(1703053058000)/",23900,200,318700,7604469400,-100,false,-0.42
"VC3",131737,"/Date(1703053057000)/",23900,100,318500,7599689400,-100,false,-0.42
"VC3",131647,"/Date(1703053007000)/",23900,400,318400,7597299400,-100,false,-0.42
"VC3",131618,"/Date(1703052977000)/",23900,100,318000,7587739400,-100,false,-0.42
"VC3",131601,"/Date(1703052960000)/",23900,300,317900,7585349400,-100,false,-0.42
"VC3",131524,"/Date(1703052924000)/",23900,300,317600,7578179400,-100,false,-0.42
"VC3",131455,"/Date(1703052895000)/",23900,200,317300,7571009400,-100,false,-0.42
"VC3",131403,"/Date(1703052843000)/",23900,300,317100,7566229400,-100,false,-0.42
"VC3",131401,"/Date(1703052840000)/",23900,100,316800,7559059400,-100,false,-0.42
"VC3",131355,"/Date(1703052835000)/",23800,100,316700,7556669400,-200,true,-0.83
"VC3",131317,"/Date(1703052797000)/",23900,200,316600,7554289400,-100,false,-0.42
"VC3",131229,"/Date(1703052749000)/",23900,400,316400,7549509400,-100,false,-0.42
"VC3",131159,"/Date(1703052719000)/",23900,300,316000,7539949400,-100,false,-0.42
"VC3",131157,"/Date(1703052717000)/",23900,100,315700,7532779400,-100,false,-0.42
"VC3",131105,"/Date(1703052665000)/",23900,200,315600,7530389400,-100,false,-0.42
"VC3",131045,"/Date(1703052645000)/",23900,100,315400,7525609400,-100,false,-0.42
"VC3",131029,"/Date(1703052628000)/",23900,200,315300,7523219400,-100,false,-0.42
"VC3",130957,"/Date(1703052597000)/",23900,100,315100,7518439400,-100,false,-0.42
"VC3",130950,"/Date(1703052590000)/",23900,300,315000,7516049400,-100,false,-0.42
"VC3",130935,"/Date(1703052575000)/",23900,200,314700,7508879400,-100,false,-0.42
"VC3",130920,"/Date(1703052560000)/",23900,100,314500,7504099400,-100,false,-0.42
"VC3",130858,"/Date(1703052538000)/",23900,500,314400,7501709400,-100,false,-0.42
"VC3",130824,"/Date(1703052504000)/",23900,200,313900,7489759400,-100,false,-0.42
"VC3",130741,"/Date(1703052461000)/",23900,300,313700,7484979400,-100,false,-0.42
"VC3",130718,"/Date(1703052438000)/",23900,100,313400,7477809400,-100,false,-0.42
"VC3",130709,"/Date(1703052429000)/",23900,200,313300,7475419400,-100,false,-0.42
"VC3",130648,"/Date(1703052408000)/",23900,100,313100,7470639400,-100,false,-0.42
"VC3",130602,"/Date(1703052362000)/",23900,200,313000,7468249400,-100,false,-0.42
"VC3",130556,"/Date(1703052356000)/",23900,400,312800,7463469400,-100,false,-0.42
"VC3",130458,"/Date(1703052298000)/",23900,300,312400,7453909400,-100,false,-0.42
"VC3",130452,"/Date(1703052292000)/",23900,100,312100,7446739400,-100,false,-0.42
"VC3",130411,"/Date(1703052251000)/",23900,200,312000,7444349400,-100,false,-0.42
"VC3",130319,"/Date(1703052199000)/",23900,100,311800,7439569400,-100,false,-0.42
"VC3",130311,"/Date(1703052191000)/",23900,200,311700,7437179400,-100,false,-0.42
"VC3",130214,"/Date(1703052134000)/",23900,300,311500,7432399400,-100,false,-0.42
"VC3",130208,"/Date(1703052128000)/",23900,100,311200,7425229400,-100,false,-0.42
"VC3",130009,"/Date(1703052002000)/",23800,100,311100,7422839400,-200,true,-0.83
"VC3",112920,"/Date(1703046559000)/",23900,500,311000,7420459400,-100,false,-0.42
"VC3",112826,"/Date(1703046506000)/",23900,400,310500,7408509400,-100,false,-0.42
"VC3",112740,"/Date(1703046459000)/",23900,300,310100,7398949400,-100,false,-0.42
"VC3",112706,"/Date(1703046425000)/",23900,200,309800,7391779400,-100,false,-0.42
"VC3",112654,"/Date(1703046413000)/",23900,100,309600,7386999400,-100,false,-0.42
"VC3",112551,"/Date(1703046350000)/",23900,200,309500,7384609400,-100,false,-0.42
"VC3",112432,"/Date(1703046271000)/",23900,300,309300,7379829400,-100,false,-0.42
"VC3",112357,"/Date(1703046236000)/",23900,100,309000,7372659400,-100,false,-0.42
"VC3",112058,"/Date(1703046057000)/",23900,200,308900,7370269400,-100,false,-0.42
"VC3",111947,"/Date(1703045987000)/",23900,100,308700,7365489400,-100,false,-0.42
"VC3",111840,"/Date(1703045920000)/",23900,400,308600,7363099400,-100,false,-0.42
"VC3",111823,"/Date(1703045903000)/",23900,200,308200,7353539400,-100,false,-0.42
"VC3",111748,"/Date(1703045868000)/",23900,300,308000,7348759400,-100,false,-0.42
"VC3",111653,"/Date(1703045813000)/",23900,100,307700,7341589400,-100,false,-0.42
"VC3",111622,"/Date(1703045782000)/",23900,200,307600,7339199400,-100,false,-0.42
"VC3",111510,"/Date(1703045710000)/",23900,300,307400,7334419400,-100,false,-0.42
"VC3",111450,"/Date(1703045690000)/",23900,200,307100,7327249400,-100,false,-0.42
"VC3",111438,"/Date(1703045678000)/",23900,100,306900,7322469400,-100,false,-0.42
"VC3",111328,"/Date(1703045608000)/",23900,300,306800,7320079400,-100,false,-0.42
"VC3",111314,"/Date(1703045594000)/",23900,200,306500,7312909400,-100,false,-0.42
"VC3",111233,"/Date(1703045553000)/",23900,100,306300,7308129400,-100,false,-0.42
"VC3",111154,"/Date(1703045514000)/",23900,200,306200,7305739400,-100,false,-0.42
"VC3",111132,"/Date(1703045492000)/",23900,400,306000,7300959400,-100,false,-0.42
"VC3",111111,"/Date(1703045471000)/",23900,100,305600,7291399400,-100,false,-0.42
"VC3",111022,"/Date(1703045422000)/",23900,200,305500,7289009400,-100,false,-0.42
"VC3",110926,"/Date(1703045366000)/",23900,300,305300,7284229400,-100,false,-0.42
"VC3",110910,"/Date(1703045350000)/",23900,200,305000,7277059400,-100,false,-0.42
"VC3",110855,"/Date(1703045335000)/",23900,400,304800,7272279400,-100,false,-0.42
"VC3",110748,"/Date(1703045268000)/",23900,100,304400,7262719400,-100,false,-0.42
"VC3",110736,"/Date(1703045256000)/",23900,200,304300,7260329400,-100,false,-0.42
"VC3",110705,"/Date(1703045225000)/",23900,100,304100,7255549400,-100,false,-0.42
"VC3",110552,"/Date(1703045152000)/",23900,300,304000,7253159400,-100,false,-0.42
"VC3",110506,"/Date(1703045106000)/",23900,200,303700,7245989400,-100,false,-0.42
"VC3",110448,"/Date(1703045088000)/",23900,100,303500,7241209400,-100,false,-0.42
"VC3",110331,"/Date(1703045011000)/",23900,300,303400,7238819400,-100,false,-0.42
"VC3",110330,"/Date(1703045010000)/",23900,100,303100,7231649400,-100,false,-0.42
"VC3",110320,"/Date(1703045000000)/",23900,800,303000,7229259400,-100,false,-0.42
"VC3",110314,"/Date(1703044994000)/",23800,300,302200,7210209400,-200,false,-0.83
"VC3",110305,"/Date(1703044985000)/",23800,500,301900,7203069400,-200,false,-0.83
"VC3",110304,"/Date(1703044984000)/",23800,5300,301400,7191169400,-200,false,-0.83
"VC3",110257,"/Date(1703044977000)/",23800,700,296100,7065029400,-200,false,-0.83
"VC3",110255,"/Date(1703044975000)/",23800,3600,295400,7048369400,-200,false,-0.83
"VC3",110252,"/Date(1703044972000)/",23800,900,291800,6962689400,-200,false,-0.83
"VC3",110248,"/Date(1703044968000)/",23800,200,290900,6941269400,-200,false,-0.83
"VC3",110247,"/Date(1703044967000)/",23800,2400,290700,6936509400,-200,false,-0.83
"VC3",110243,"/Date(1703044963000)/",23800,400,288300,6879389400,-200,false,-0.83
"VC3",110238,"/Date(1703044958000)/",23800,2200,287900,6869869400,-200,false,-0.83
"VC3",110234,"/Date(1703044954000)/",23800,800,285700,6817509400,-200,false,-0.83
"VC3",110231,"/Date(1703044951000)/",23800,1000,284900,6798469400,-200,false,-0.83
"VC3",110229,"/Date(1703044949000)/",23800,1100,283900,6774669400,-200,false,-0.83
"VC3",110225,"/Date(1703044945000)/",23800,100,282800,6748489400,-200,false,-0.83
"VC3",110222,"/Date(1703044942000)/",23800,2800,282700,6746109400,-200,false,-0.83
"VC3",110217,"/Date(1703044937000)/",23800,300,279900,6679469400,-200,false,-0.83
"VC3",110213,"/Date(1703044933000)/",23800,3900,279600,6672329400,-200,false,-0.83
"VC3",110212,"/Date(1703044932000)/",23800,500,275700,6579509400,-200,false,-0.83
"VC3",110205,"/Date(1703044925000)/",23800,4600,275200,6567609400,-200,false,-0.83
"VC3",110203,"/Date(1703044923000)/",23800,600,270600,6458129400,-200,false,-0.83
"VC3",110159,"/Date(1703044919000)/",23800,900,270000,6443849400,-200,false,-0.83
"VC3",110158,"/Date(1703044918000)/",23800,4700,269100,6422429400,-200,false,-0.83
"VC3",110155,"/Date(1703044915000)/",23800,700,264400,6310569400,-200,false,-0.83
"VC3",110149,"/Date(1703044909000)/",23800,600,263700,6293909400,-200,false,-0.83
"VC3",110148,"/Date(1703044908000)/",23800,3600,263100,6279629400,-200,false,-0.83
"VC3",110145,"/Date(1703044905000)/",23800,500,259500,6193949400,-200,false,-0.83
"VC3",110140,"/Date(1703044900000)/",23800,10000,259000,6182049400,-200,false,-0.83
"VC3",110133,"/Date(1703044893000)/",23800,1800,249000,5944049400,-200,false,-0.83
"VC3",110126,"/Date(1703044886000)/",23800,1900,247200,5901209400,-200,false,-0.83
"VC3",110121,"/Date(1703044881000)/",23800,2400,245300,5855989400,-200,true,-0.83
"VC3",110055,"/Date(1703044855000)/",23900,300,242900,5798869400,-100,false,-0.42
"VC3",110038,"/Date(1703044838000)/",23900,500,242600,5791699400,-100,false,-0.42
"VC3",105942,"/Date(1703044782000)/",23900,200,242100,5779749400,-100,false,-0.42
"VC3",105835,"/Date(1703044715000)/",23900,100,241900,5774969400,-100,false,-0.42
"VC3",105821,"/Date(1703044701000)/",23900,200,241800,5772579400,-100,false,-0.42
"VC3",105812,"/Date(1703044692000)/",23800,400,241600,5767799400,-200,true,-0.83
"VC3",105737,"/Date(1703044657000)/",23900,100,241200,5758279400,-100,false,-0.42
"VC3",105723,"/Date(1703044643000)/",23900,300,241100,5755889400,-100,false,-0.42
"VC3",105559,"/Date(1703044559000)/",23900,200,240800,5748719400,-100,false,-0.42
"VC3",105546,"/Date(1703044546000)/",23900,100,240600,5743939400,-100,false,-0.42
"VC3",105407,"/Date(1703044447000)/",23900,200,240500,5741549400,-100,false,-0.42
"VC3",105311,"/Date(1703044391000)/",23900,400,240300,5736769400,-100,false,-0.42
"VC3",105204,"/Date(1703044324000)/",23900,200,239900,5727209400,-100,false,-0.42
"VC3",105135,"/Date(1703044295000)/",23900,100,239700,5722429400,-100,false,-0.42
"VC3",105122,"/Date(1703044282000)/",23900,300,239600,5720039400,-100,false,-0.42
"VC3",105037,"/Date(1703044237000)/",23900,100,239300,5712869400,-100,false,-0.42
"VC3",104935,"/Date(1703044175000)/",23900,100,239200,5710479400,-100,false,-0.42
"VC3",104930,"/Date(1703044170000)/",23800,700,239100,5708089400,-200,true,-0.83
"VC3",104917,"/Date(1703044157000)/",23800,200,238400,5691429400,-200,false,-0.83
"VC3",104906,"/Date(1703044146000)/",23800,3100,238200,5686669400,-200,true,-0.83
"VC3",104837,"/Date(1703044117000)/",23900,200,235100,5612889400,-100,false,-0.42
"VC3",104750,"/Date(1703044070000)/",23900,200,234900,5608109400,-100,false,-0.42
"VC3",104742,"/Date(1703044062000)/",23900,300,234700,5603329400,-100,false,-0.42
"VC3",104603,"/Date(1703043963000)/",23900,100,234400,5596159400,-100,false,-0.42
"VC3",104523,"/Date(1703043923000)/",23900,300,234300,5593769400,-100,false,-0.42
"VC3",104514,"/Date(1703043914000)/",23900,200,234000,5586599400,-100,false,-0.42
"VC3",104506,"/Date(1703043906000)/",23800,2400,233800,5581819400,-200,false,-0.83
"VC3",104451,"/Date(1703043891000)/",23800,1000,231400,5524699400,-200,false,-0.83
"VC3",104444,"/Date(1703043884000)/",23800,800,230400,5500899400,-200,false,-0.83
"VC3",104443,"/Date(1703043883000)/",23800,1900,229600,5481859400,-200,false,-0.83
"VC3",104439,"/Date(1703043879000)/",23800,600,227700,5436639400,-200,false,-0.83
"VC3",104435,"/Date(1703043875000)/",23800,2700,227100,5422359400,-200,false,-0.83
"VC3",104430,"/Date(1703043870000)/",23800,400,224400,5358099400,-200,false,-0.83
"VC3",104427,"/Date(1703043867000)/",23800,3800,224000,5348579400,-200,false,-0.83
"VC3",104426,"/Date(1703043866000)/",23800,200,220200,5258139400,-200,false,-0.83
"VC3",104420,"/Date(1703043860000)/",23800,900,220000,5253379400,-200,false,-0.83
"VC3",104417,"/Date(1703043857000)/",23800,4200,219100,5231959400,-200,false,-0.83
"VC3",104410,"/Date(1703043850000)/",23800,700,214900,5131999400,-200,false,-0.83
"VC3",104408,"/Date(1703043848000)/",23800,3500,214200,5115339400,-200,false,-0.83
"VC3",104405,"/Date(1703043845000)/",23800,500,210700,5032039400,-200,false,-0.83
"VC3",104400,"/Date(1703043841000)/",23800,300,210200,5020139400,-200,false,-0.83
"VC3",104359,"/Date(1703043839000)/",23800,1700,209900,5012999400,-200,false,-0.83
"VC3",104357,"/Date(1703043837000)/",23800,100,208200,4972539400,-200,false,-0.83
"VC3",104349,"/Date(1703043829000)/",23800,3600,208100,4970159400,-200,false,-0.83
"VC3",104348,"/Date(1703043828000)/",23800,800,204500,4884479400,-200,false,-0.83
"VC3",104344,"/Date(1703043824000)/",23800,600,203700,4865439400,-200,false,-0.83
"VC3",104341,"/Date(1703043821000)/",23800,3300,203100,4851159400,-200,false,-0.83
"VC3",104336,"/Date(1703043816000)/",23800,200,199800,4772619400,-200,false,-0.83
"VC3",104334,"/Date(1703043814000)/",23800,1900,199600,4767859400,-200,false,-0.83
"VC3",104330,"/Date(1703043810000)/",23800,400,197700,4722639400,-200,false,-0.83
"VC3",104327,"/Date(1703043807000)/",23800,3200,197300,4713119400,-200,false,-0.83
"VC3",104324,"/Date(1703043804000)/",23800,300,194100,4636959400,-200,false,-0.83
"VC3",104321,"/Date(1703043801000)/",23800,200,193800,4629819400,-200,false,-0.83
"VC3",104319,"/Date(1703043799000)/",23800,2700,193600,4625059400,-200,false,-0.83
"VC3",104316,"/Date(1703043796000)/",23800,100,190900,4560799400,-200,false,-0.83
"VC3",104312,"/Date(1703043792000)/",23800,2100,190800,4558419400,-200,false,-0.83
"VC3",104307,"/Date(1703043787000)/",23800,1000,188700,4508439400,-200,false,-0.83
"VC3",104304,"/Date(1703043784000)/",23800,4200,187700,4484639400,-200,false,-0.83
"VC3",104234,"/Date(1703043754000)/",23900,100,183500,4384679400,-100,false,-0.42
"VC3",104227,"/Date(1703043747000)/",23900,400,183400,4382289400,-100,false,-0.42
"VC3",104057,"/Date(1703043657000)/",23900,200,183000,4372729400,-100,false,-0.42
"VC3",104003,"/Date(1703043603000)/",23900,100,182800,4367949400,-100,false,-0.42
"VC3",103957,"/Date(1703043596000)/",23800,800,182700,4365559400,-200,false,-0.83
"VC3",103939,"/Date(1703043579000)/",23800,200,181900,4346519400,-200,false,-0.83
"VC3",103921,"/Date(1703043560000)/",23800,5500,181700,4341759400,-200,false,-0.83
"VC3",103901,"/Date(1703043541000)/",23900,200,176200,4210859400,-100,false,-0.42
"VC3",103738,"/Date(1703043458000)/",23900,400,176000,4206079400,-100,false,-0.42
"VC3",103729,"/Date(1703043448000)/",23900,200,175600,4196519400,-100,false,-0.42
"VC3",103522,"/Date(1703043322000)/",23900,100,175400,4191739400,-100,false,-0.42
"VC3",103457,"/Date(1703043296000)/",23900,300,175300,4189349400,-100,false,-0.42
"VC3",103355,"/Date(1703043235000)/",23800,5000,175000,4182179400,-200,true,-0.83
"VC3",103233,"/Date(1703043153000)/",23900,200,170000,4063179400,-100,false,-0.42
"VC3",103214,"/Date(1703043134000)/",23900,300,169800,4058399400,-100,false,-0.42
"VC3",103130,"/Date(1703043090000)/",23900,100,169500,4051229400,-100,false,-0.42
"VC3",102932,"/Date(1703042972000)/",23900,100,169400,4048839400,-100,false,-0.42
"VC3",102900,"/Date(1703042940000)/",23900,200,169300,4046449400,-100,false,-0.42
"VC3",102810,"/Date(1703042890000)/",23900,100,169100,4041669400,-100,false,-0.42
"VC3",102658,"/Date(1703042818000)/",23900,100,169000,4039279400,-100,false,-0.42
"VC3",102611,"/Date(1703042771000)/",23900,400,168900,4036889400,-100,false,-0.42
"VC3",102538,"/Date(1703042738000)/",23900,200,168500,4027329400,-100,false,-0.42
"VC3",102503,"/Date(1703042703000)/",23900,300,168300,4022549400,-100,false,-0.42
"VC3",102345,"/Date(1703042625000)/",23900,100,168000,4015379400,-100,false,-0.42
"VC3",102303,"/Date(1703042583000)/",23900,100,167900,4012989400,-100,false,-0.42
"VC3",102258,"/Date(1703042578000)/",23900,200,167800,4010599400,-100,false,-0.42
"VC3",102131,"/Date(1703042491000)/",23900,300,167600,4005819400,-100,false,-0.42
"VC3",101949,"/Date(1703042389000)/",23900,200,167300,3998649400,-100,false,-0.42
"VC3",101848,"/Date(1703042328000)/",23900,100,167100,3993869400,-100,false,-0.42
"VC3",101833,"/Date(1703042313000)/",23900,65,167000,3991479400,-100,false,-0.42
"VC3",101655,"/Date(1703042215000)/",23900,300,166935,3989937500,-100,false,-0.42
"VC3",101611,"/Date(1703042171000)/",23900,200,166635,3982767500,-100,false,-0.42
"VC3",101541,"/Date(1703042141000)/",23900,100,166435,3977987500,-100,false,-0.42
"VC3",101444,"/Date(1703042084000)/",23900,100,166335,3975597500,-100,false,-0.42
"VC3",101402,"/Date(1703042042000)/",23900,200,166235,3973207500,-100,false,-0.42
"VC3",101339,"/Date(1703042019000)/",23900,400,166035,3968427500,-100,false,-0.42
"VC3",101319,"/Date(1703041999000)/",23900,100,165635,3958867500,-100,false,-0.42
"VC3",101003,"/Date(1703041803000)/",23900,300,165535,3956477500,-100,false,-0.42
"VC3",100726,"/Date(1703041646000)/",23900,500,165235,3949307500,-100,false,-0.42
"VC3",100627,"/Date(1703041587000)/",23900,400,164735,3937357500,-100,false,-0.42
"VC3",100616,"/Date(1703041576000)/",23900,200,164335,3927797500,-100,false,-0.42
"VC3",100404,"/Date(1703041444000)/",23900,300,164135,3923017500,-100,false,-0.42
"VC3",100342,"/Date(1703041422000)/",23900,200,163835,3915847500,-100,false,-0.42
"VC3",100338,"/Date(1703041418000)/",23900,400,163635,3911067500,-100,false,-0.42
"VC3",100322,"/Date(1703041402000)/",23900,400,163235,3901507500,-100,false,-0.42
"VC3",100318,"/Date(1703041398000)/",23900,300,162835,3891947500,-100,false,-0.42
"VC3",100313,"/Date(1703041393000)/",23900,200,162535,3884777500,-100,false,-0.42
"VC3",100306,"/Date(1703041386000)/",23900,500,162335,3879997500,-100,false,-0.42
"VC3",100305,"/Date(1703041385000)/",23900,100,161835,3868047500,-100,false,-0.42
"VC3",100256,"/Date(1703041376000)/",23900,100,161735,3865657500,-100,false,-0.42
"VC3",100223,"/Date(1703041343000)/",23900,300,161635,3863267500,-100,false,-0.42
"VC3",100155,"/Date(1703041315000)/",23900,90,161335,3856097500,-100,false,-0.42
"VC3",100145,"/Date(1703041305000)/",23900,10,161245,3853938500,-100,false,-0.42
"VC3",100140,"/Date(1703041300000)/",23900,200,161235,3853699500,-100,false,-0.42
"VC3",100131,"/Date(1703041291000)/",23900,200,161035,3848919500,-100,false,-0.42
"VC3",100005,"/Date(1703041205000)/",23900,100,160835,3844139500,-100,false,-0.42
"VC3",95939,"/Date(1703041179000)/",23900,200,160735,3841749500,-100,false,-0.42
"VC3",95928,"/Date(1703041168000)/",23900,300,160535,3836969500,-100,false,-0.42
"VC3",95849,"/Date(1703041129000)/",23900,100,160235,3829799500,-100,false,-0.42
"VC3",95634,"/Date(1703040994000)/",23900,200,160135,3827409500,-100,false,-0.42
"VC3",95620,"/Date(1703040981000)/",23900,200,159935,3822629500,-100,false,-0.42
"VC3",95536,"/Date(1703040936000)/",23900,100,159735,3817849500,-100,false,-0.42
"VC3",95500,"/Date(1703040901000)/",23900,200,159635,3815459500,-100,false,-0.42
"VC3",95409,"/Date(1703040850000)/",23900,200,159435,3810679500,-100,false,-0.42
"VC3",95336,"/Date(1703040816000)/",23900,300,159235,3805899500,-100,false,-0.42
"VC3",95220,"/Date(1703040740000)/",23900,200,158935,3798729500,-100,false,-0.42
"VC3",95210,"/Date(1703040730000)/",23900,100,158735,3793949500,-100,false,-0.42
"VC3",95208,"/Date(1703040728000)/",23900,100,158635,3791559500,-100,false,-0.42
"VC3",95132,"/Date(1703040692000)/",23900,300,158535,3789169500,-100,false,-0.42
"VC3",95116,"/Date(1703040676000)/",23900,100,158235,3781999500,-100,false,-0.42
"VC3",95011,"/Date(1703040611000)/",23900,200,158135,3779609500,-100,false,-0.42
"VC3",94956,"/Date(1703040596000)/",23900,100,157935,3774829500,-100,false,-0.42
"VC3",94850,"/Date(1703040530000)/",23900,300,157835,3772439500,-100,false,-0.42
"VC3",94748,"/Date(1703040468000)/",23900,200,157535,3765269500,-100,false,-0.42
"VC3",94715,"/Date(1703040435000)/",23900,100,157335,3760489500,-100,false,-0.42
"VC3",94650,"/Date(1703040410000)/",23900,200,157235,3758099500,-100,false,-0.42
"VC3",94557,"/Date(1703040357000)/",23900,100,157035,3753319500,-100,false,-0.42
"VC3",94538,"/Date(1703040338000)/",23900,100,156935,3750929500,-100,false,-0.42
"VC3",94503,"/Date(1703040303000)/",23900,300,156835,3748539500,-100,false,-0.42
"VC3",94456,"/Date(1703040296000)/",23900,100,156535,3741369500,-100,false,-0.42
"VC3",94449,"/Date(1703040289000)/",23900,300,156435,3738979500,-100,false,-0.42
"VC3",94443,"/Date(1703040283000)/",23900,100,156135,3731809500,-100,false,-0.42
"VC3",94436,"/Date(1703040276000)/",23900,200,156035,3729419500,-100,false,-0.42
"VC3",94432,"/Date(1703040272000)/",23900,100,155835,3724639500,-100,false,-0.42
"VC3",94426,"/Date(1703040266000)/",23900,300,155735,3722249500,-100,false,-0.42
"VC3",94420,"/Date(1703040260000)/",23900,200,155435,3715079500,-100,false,-0.42
"VC3",94336,"/Date(1703040216000)/",23900,500,155235,3710299500,-100,false,-0.42
"VC3",94321,"/Date(1703040201000)/",23900,400,154735,3698349500,-100,false,-0.42
"VC3",94316,"/Date(1703040196000)/",23900,100,154335,3688789500,-100,false,-0.42
"VC3",94308,"/Date(1703040188000)/",23900,200,154235,3686399500,-100,false,-0.42
"VC3",94300,"/Date(1703040180000)/",23900,300,154035,3681619500,-100,false,-0.42
"VC3",94255,"/Date(1703040175000)/",23900,100,153735,3674449500,-100,false,-0.42
"VC3",94249,"/Date(1703040169000)/",23900,300,153635,3672059500,-100,false,-0.42
"VC3",94242,"/Date(1703040162000)/",23900,200,153335,3664889500,-100,false,-0.42
"VC3",94235,"/Date(1703040155000)/",23900,100,153135,3660109500,-100,false,-0.42
"VC3",94230,"/Date(1703040150000)/",23900,400,153035,3657719500,-100,false,-0.42
"VC3",94228,"/Date(1703040148000)/",23900,300,152635,3648159500,-100,false,-0.42
"VC3",94212,"/Date(1703040132000)/",23900,100,152335,3640989500,-100,false,-0.42
"VC3",94204,"/Date(1703040124000)/",23900,200,152235,3638599500,-100,false,-0.42
"VC3",94158,"/Date(1703040118000)/",23900,100,152035,3633819500,-100,false,-0.42
"VC3",94150,"/Date(1703040110000)/",23900,400,151935,3631429500,-100,false,-0.42
"VC3",94137,"/Date(1703040097000)/",23900,200,151535,3621869500,-100,false,-0.42
"VC3",94111,"/Date(1703040071000)/",23900,300,151335,3617089500,-100,false,-0.42
"VC3",94034,"/Date(1703040034000)/",23900,300,151035,3609919500,-100,false,-0.42
"VC3",94027,"/Date(1703040027000)/",23900,100,150735,3602749500,-100,false,-0.42
"VC3",94012,"/Date(1703040012000)/",23900,200,150635,3600359500,-100,false,-0.42
"VC3",94005,"/Date(1703040005000)/",23900,100,150435,3595579500,-100,false,-0.42
"VC3",94001,"/Date(1703040001000)/",23900,200,150335,3593189500,-100,false,-0.42
"VC3",93954,"/Date(1703039994000)/",23900,500,150135,3588409500,-100,false,-0.42
"VC3",93943,"/Date(1703039983000)/",23900,300,149635,3576459500,-100,false,-0.42
"VC3",93936,"/Date(1703039976000)/",23900,100,149335,3569289500,-100,false,-0.42
"VC3",93926,"/Date(1703039966000)/",23900,200,149235,3566899500,-100,false,-0.42
"VC3",93914,"/Date(1703039954000)/",23900,300,149035,3562119500,-100,false,-0.42
"VC3",93913,"/Date(1703039953000)/",23900,100,148735,3554949500,-100,false,-0.42
"VC3",93900,"/Date(1703039940000)/",23900,300,148635,3552559500,-100,false,-0.42
"VC3",93853,"/Date(1703039933000)/",23900,400,148335,3545389500,-100,false,-0.42
"VC3",93843,"/Date(1703039923000)/",23900,100,147935,3535829500,-100,false,-0.42
"VC3",93834,"/Date(1703039914000)/",23900,600,147835,3533439500,-100,false,-0.42
"VC3",93829,"/Date(1703039909000)/",23900,400,147235,3519099500,-100,false,-0.42
"VC3",93824,"/Date(1703039904000)/",23900,300,146835,3509539500,-100,false,-0.42
"VC3",93734,"/Date(1703039854000)/",23900,100,146535,3502369500,-100,false,-0.42
"VC3",93721,"/Date(1703039841000)/",23900,400,146435,3499979500,-100,false,-0.42
"VC3",93716,"/Date(1703039836000)/",23900,300,146035,3490419500,-100,false,-0.42
"VC3",93710,"/Date(1703039830000)/",23900,200,145735,3483249500,-100,false,-0.42
"VC3",93450,"/Date(1703039690000)/",23900,100,145535,3478469500,-100,false,-0.42
"VC3",93442,"/Date(1703039682000)/",23900,500,145435,3476079500,-100,false,-0.42
"VC3",93432,"/Date(1703039672000)/",23900,400,144935,3464129500,-100,false,-0.42
"VC3",93426,"/Date(1703039666000)/",23900,300,144535,3454569500,-100,false,-0.42
"VC3",93420,"/Date(1703039660000)/",23900,400,144235,3447399500,-100,false,-0.42
"VC3",93409,"/Date(1703039649000)/",23800,100,143835,3437839500,-200,true,-0.83
"VC3",93242,"/Date(1703039562000)/",23900,100,143735,3435459500,-100,false,-0.42
"VC3",93241,"/Date(1703039561000)/",23900,200,143635,3433069500,-100,false,-0.42
"VC3",93221,"/Date(1703039541000)/",23900,300,143435,3428289500,-100,false,-0.42
"VC3",93216,"/Date(1703039536000)/",23900,100,143135,3421119500,-100,false,-0.42
"VC3",93211,"/Date(1703039531000)/",23900,300,143035,3418729500,-100,false,-0.42
"VC3",93206,"/Date(1703039526000)/",23900,200,142735,3411559500,-100,false,-0.42
"VC3",93159,"/Date(1703039519000)/",23900,500,142535,3406779500,-100,false,-0.42
"VC3",93154,"/Date(1703039514000)/",23900,100,142035,3394829500,-100,false,-0.42
"VC3",93150,"/Date(1703039510000)/",23900,400,141935,3392439500,-100,false,-0.42
"VC3",93145,"/Date(1703039505000)/",23900,300,141535,3382879500,-100,false,-0.42
"VC3",93140,"/Date(1703039500000)/",23900,100,141235,3375709500,-100,false,-0.42
"VC3",93134,"/Date(1703039494000)/",23900,800,141135,3373319500,-100,false,-0.42
"VC3",93129,"/Date(1703039489000)/",23900,300,140335,3354199500,-100,false,-0.42
"VC3",93125,"/Date(1703039485000)/",23900,100,140035,3347029500,-100,false,-0.42
"VC3",93118,"/Date(1703039478000)/",23900,400,139935,3344639500,-100,false,-0.42
"VC3",93112,"/Date(1703039472000)/",23900,200,139535,3335079500,-100,false,-0.42
"VC3",93101,"/Date(1703039461000)/",23900,300,139335,3330299500,-100,false,-0.42
"VC3",93054,"/Date(1703039454000)/",23900,100,139035,3323129500,-100,false,-0.42
"VC3",93049,"/Date(1703039449000)/",23900,200,138935,3320739500,-100,false,-0.42
"VC3",93042,"/Date(1703039442000)/",23900,600,138735,3315959500,-100,false,-0.42
"VC3",93035,"/Date(1703039435000)/",23900,400,138135,3301619500,-100,false,-0.42
"VC3",93030,"/Date(1703039430000)/",23900,500,137735,3292059500,-100,false,-0.42
"VC3",93020,"/Date(1703039420000)/",23900,400,137235,3280109500,-100,false,-0.42
"VC3",92957,"/Date(1703039397000)/",23900,400,136835,3270549500,-100,false,-0.42
"VC3",92952,"/Date(1703039392000)/",23900,300,136435,3260989500,-100,false,-0.42
"VC3",92946,"/Date(1703039386000)/",23900,200,136135,3253819500,-100,false,-0.42
"VC3",92939,"/Date(1703039379000)/",23900,100,135935,3249039500,-100,false,-0.42
"VC3",92934,"/Date(1703039374000)/",23900,300,135835,3246649500,-100,false,-0.42
"VC3",92930,"/Date(1703039370000)/",23900,400,135535,3239479500,-100,false,-0.42
"VC3",92925,"/Date(1703039365000)/",23900,500,135135,3229919500,-100,false,-0.42
"VC3",92921,"/Date(1703039361000)/",23900,300,134635,3217969500,-100,false,-0.42
"VC3",92916,"/Date(1703039356000)/",23900,100,134335,3210799500,-100,false,-0.42
"VC3",92911,"/Date(1703039351000)/",23900,300,134235,3208409500,-100,false,-0.42
"VC3",92907,"/Date(1703039347000)/",23900,500,133935,3201239500,-100,false,-0.42
"VC3",92901,"/Date(1703039341000)/",23900,200,133435,3189289500,-100,false,-0.42
"VC3",92859,"/Date(1703039339000)/",23900,300,133235,3184509500,-100,false,-0.42
"VC3",92853,"/Date(1703039333000)/",23900,200,132935,3177339500,-100,false,-0.42
"VC3",92843,"/Date(1703039323000)/",23900,100,132735,3172559500,-100,false,-0.42
"VC3",92838,"/Date(1703039318000)/",23900,500,132635,3170169500,-100,false,-0.42
"VC3",92833,"/Date(1703039313000)/",23900,300,132135,3158219500,-100,false,-0.42
"VC3",92828,"/Date(1703039308000)/",23900,400,131835,3151049500,-100,false,-0.42
"VC3",92823,"/Date(1703039303000)/",23900,200,131435,3141489500,-100,false,-0.42
"VC3",92814,"/Date(1703039294000)/",23900,500,131235,3136709500,-100,false,-0.42
"VC3",92808,"/Date(1703039288000)/",23900,200,130735,3124759500,-100,false,-0.42
"VC3",92802,"/Date(1703039282000)/",23900,600,130535,3119979500,-100,false,-0.42
"VC3",92757,"/Date(1703039277000)/",23900,600,129935,3105639500,-100,false,-0.42
"VC3",92753,"/Date(1703039273000)/",23900,500,129335,3091299500,-100,false,-0.42
"VC3",92750,"/Date(1703039270000)/",23900,100,128835,3079349500,-100,false,-0.42
"VC3",92748,"/Date(1703039268000)/",23900,300,128735,3076959500,-100,false,-0.42
"VC3",92743,"/Date(1703039263000)/",23900,200,128435,3069789500,-100,false,-0.42
"VC3",92738,"/Date(1703039258000)/",23900,100,128235,3065009500,-100,false,-0.42
"VC3",92732,"/Date(1703039252000)/",23900,200,128135,3062619500,-100,false,-0.42
"VC3",92727,"/Date(1703039247000)/",23900,300,127935,3057839500,-100,false,-0.42
"VC3",92722,"/Date(1703039242000)/",23900,500,127635,3050669500,-100,false,-0.42
"VC3",92718,"/Date(1703039238000)/",23900,300,127135,3038719500,-100,false,-0.42
"VC3",92713,"/Date(1703039233000)/",23900,100,126835,3031549500,-100,false,-0.42
"VC3",92708,"/Date(1703039228000)/",23900,200,126735,3029159500,-100,false,-0.42
"VC3",92703,"/Date(1703039223000)/",23900,300,126535,3024379500,-100,false,-0.42
"VC3",92659,"/Date(1703039219000)/",23900,500,126235,3017209500,-100,false,-0.42
"VC3",92654,"/Date(1703039214000)/",23900,100,125735,3005259500,-100,false,-0.42
"VC3",92649,"/Date(1703039209000)/",23900,200,125635,3002869500,-100,false,-0.42
"VC3",92645,"/Date(1703039205000)/",23900,400,125435,2998089500,-100,false,-0.42
"VC3",92640,"/Date(1703039200000)/",23900,500,125035,2988529500,-100,false,-0.42
"VC3",92632,"/Date(1703039192000)/",23900,300,124535,2976579500,-100,false,-0.42
"VC3",92627,"/Date(1703039187000)/",23900,200,124235,2969409500,-100,false,-0.42
"VC3",92623,"/Date(1703039183000)/",23900,500,124035,2964629500,-100,false,-0.42
"VC3",92618,"/Date(1703039178000)/",23900,300,123535,2952679500,-100,false,-0.42
"VC3",92613,"/Date(1703039173000)/",23900,100,123235,2945509500,-100,false,-0.42
"VC3",92608,"/Date(1703039168000)/",23900,400,123135,2943119500,-100,false,-0.42
"VC3",92602,"/Date(1703039162000)/",23900,200,122735,2933559500,-100,false,-0.42
"VC3",92558,"/Date(1703039158000)/",23900,100,122535,2928779500,-100,false,-0.42
"VC3",92552,"/Date(1703039152000)/",23900,300,122435,2926389500,-100,false,-0.42
"VC3",92547,"/Date(1703039147000)/",23900,200,122135,2919219500,-100,false,-0.42
"VC3",92546,"/Date(1703039146000)/",23900,500,121935,2914439500,-100,false,-0.42
"VC3",92542,"/Date(1703039142000)/",23900,400,121435,2902489500,-100,false,-0.42
"VC3",92538,"/Date(1703039138000)/",23900,300,121035,2892929500,-100,false,-0.42
"VC3",92535,"/Date(1703039135000)/",23900,200,120735,2885759500,-100,false,-0.42
"VC3",92530,"/Date(1703039130000)/",23900,300,120535,2880979500,-100,false,-0.42
"VC3",92526,"/Date(1703039126000)/",23900,100,120235,2873809500,-100,false,-0.42
"VC3",92521,"/Date(1703039121000)/",23900,200,120135,2871419500,-100,false,-0.42
"VC3",92516,"/Date(1703039116000)/",23900,400,119935,2866639500,-100,false,-0.42
"VC3",92510,"/Date(1703039110000)/",23900,300,119535,2857079500,-100,false,-0.42
"VC3",92505,"/Date(1703039105000)/",23900,100,119235,2849909500,-100,false,-0.42
"VC3",92501,"/Date(1703039101000)/",23900,500,119135,2847519500,-100,false,-0.42
"VC3",92455,"/Date(1703039095000)/",23900,400,118635,2835569500,-100,false,-0.42
"VC3",92449,"/Date(1703039089000)/",23900,200,118235,2826009500,-100,false,-0.42
"VC3",92445,"/Date(1703039085000)/",23900,100,118035,2821229500,-100,false,-0.42
"VC3",92440,"/Date(1703039080000)/",23900,300,117935,2818839500,-100,false,-0.42
"VC3",92436,"/Date(1703039076000)/",23900,500,117635,2811669500,-100,false,-0.42
"VC3",92429,"/Date(1703039069000)/",23900,100,117135,2799719500,-100,false,-0.42
"VC3",92424,"/Date(1703039064000)/",23900,300,117035,2797329500,-100,false,-0.42
"VC3",92419,"/Date(1703039059000)/",23900,200,116735,2790159500,-100,false,-0.42
"VC3",92414,"/Date(1703039054000)/",23900,100,116535,2785379500,-100,false,-0.42
"VC3",92409,"/Date(1703039049000)/",23900,400,116435,2782989500,-100,false,-0.42
"VC3",92403,"/Date(1703039043000)/",23900,200,116035,2773429500,-100,false,-0.42
"VC3",92230,"/Date(1703038950000)/",23900,35,115835,2768649500,-100,false,-0.42
"VC3",92227,"/Date(1703038947000)/",23900,100,115800,2767820000,-100,false,-0.42
"VC3",92225,"/Date(1703038945000)/",23900,300,115700,2765430000,-100,false,-0.42
"VC3",92222,"/Date(1703038942000)/",23900,200,115400,2758260000,-100,false,-0.42
"VC3",92215,"/Date(1703038935000)/",23900,200,115200,2753480000,-100,false,-0.42
"VC3",92210,"/Date(1703038930000)/",23900,300,115000,2748700000,-100,false,-0.42
"VC3",92144,"/Date(1703038904000)/",23900,1800,114700,2741530000,-100,true,-0.42
"VC3",92025,"/Date(1703038825000)/",24000,100,112900,2698510000,0,false,0
"VC3",92023,"/Date(1703038823000)/",24000,300,112800,2696110000,0,false,0
"VC3",91916,"/Date(1703038757000)/",24000,400,112500,2688910000,0,false,0
"VC3",91813,"/Date(1703038694000)/",24000,100,112100,2679310000,0,false,0
"VC3",91757,"/Date(1703038678000)/",24000,200,112000,2676910000,0,false,0
"VC3",91704,"/Date(1703038625000)/",24000,100,111800,2672110000,0,false,0
"VC3",91523,"/Date(1703038523000)/",24000,300,111700,2669710000,0,false,0
"VC3",91508,"/Date(1703038508000)/",24000,200,111400,2662510000,0,false,0
"VC3",91435,"/Date(1703038475000)/",24000,100,111200,2657710000,0,false,0
"VC3",91335,"/Date(1703038415000)/",24000,100,111100,2655310000,0,false,0
"VC3",91330,"/Date(1703038410000)/",23900,300,111000,2652910000,-100,false,-0.42
"VC3",91320,"/Date(1703038400000)/",23900,1700,110700,2645740000,-100,false,-0.42
"VC3",91314,"/Date(1703038394000)/",23900,1000,109000,2605110000,-100,false,-0.42
"VC3",91312,"/Date(1703038392000)/",23900,1500,108000,2581210000,-100,false,-0.42
"VC3",91308,"/Date(1703038388000)/",23900,800,106500,2545360000,-100,false,-0.42
"VC3",91305,"/Date(1703038385000)/",23900,4100,105700,2526240000,-100,false,-0.42
"VC3",91302,"/Date(1703038382000)/",23900,600,101600,2428250000,-100,false,-0.42
"VC3",91258,"/Date(1703038378000)/",23900,1800,101000,2413910000,-100,false,-0.42
"VC3",91256,"/Date(1703038376000)/",23900,400,99200,2370890000,-100,false,-0.42
"VC3",91252,"/Date(1703038372000)/",23900,3200,98800,2361330000,-100,false,-0.42
"VC3",91246,"/Date(1703038366000)/",23900,1600,95600,2284850000,-100,false,-0.42
"VC3",91245,"/Date(1703038365000)/",23900,200,94000,2246610000,-100,false,-0.42
"VC3",91241,"/Date(1703038361000)/",23900,5900,93800,2241830000,-100,false,-0.42
"VC3",91239,"/Date(1703038359000)/",23900,1000,87900,2100820000,-100,false,-0.42
"VC3",91236,"/Date(1703038356000)/",23900,2100,86900,2076920000,-100,false,-0.42
"VC3",91235,"/Date(1703038355000)/",23900,900,84800,2026730000,-100,false,-0.42
"VC3",91231,"/Date(1703038351000)/",23900,800,83900,2005220000,-100,false,-0.42
"VC3",91230,"/Date(1703038350000)/",23900,3300,83100,1986100000,-100,false,-0.42
"VC3",91227,"/Date(1703038347000)/",23900,700,79800,1907230000,-100,false,-0.42
"VC3",91224,"/Date(1703038344000)/",23900,4300,79100,1890500000,-100,false,-0.42
"VC3",91223,"/Date(1703038343000)/",23900,600,74800,1787730000,-100,false,-0.42
"VC3",91219,"/Date(1703038339000)/",23900,500,74200,1773390000,-100,false,-0.42
"VC3",91218,"/Date(1703038338000)/",23900,3700,73700,1761440000,-100,false,-0.42
"VC3",91216,"/Date(1703038336000)/",23900,400,70000,1673010000,-100,false,-0.42
"VC3",91212,"/Date(1703038332000)/",23900,2800,69600,1663450000,-100,false,-0.42
"VC3",91211,"/Date(1703038331000)/",23900,300,66800,1596530000,-100,false,-0.42
"VC3",91208,"/Date(1703038328000)/",23900,200,66500,1589360000,-100,false,-0.42
"VC3",91205,"/Date(1703038325000)/",23900,5100,66300,1584580000,-100,false,-0.42
"VC3",91203,"/Date(1703038323000)/",23900,100,61200,1462690000,-100,false,-0.42
"VC3",91159,"/Date(1703038319000)/",23900,800,61100,1460300000,-100,false,-0.42
"VC3",91158,"/Date(1703038318000)/",23900,1700,60300,1441180000,-100,false,-0.42
"VC3",91154,"/Date(1703038314000)/",23900,700,58600,1400550000,-100,false,-0.42
"VC3",91152,"/Date(1703038312000)/",23900,9600,57900,1383820000,-100,false,-0.42
"VC3",91149,"/Date(1703038309000)/",23900,600,48300,1154380000,-100,false,-0.42
"VC3",91145,"/Date(1703038305000)/",23900,4800,47700,1140040000,-100,false,-0.42
"VC3",91140,"/Date(1703038300000)/",23900,600,42900,1025320000,-100,false,-0.42
"VC3",91139,"/Date(1703038299000)/",23900,3800,42300,1010980000,-100,false,-0.42
"VC3",91133,"/Date(1703038293000)/",23900,2800,38500,920160000,-100,false,-0.42
"VC3",91128,"/Date(1703038288000)/",23900,1000,35700,853240000,-100,false,-0.42
"VC3",91127,"/Date(1703038287000)/",23900,1600,34700,829340000,-100,false,-0.42
"VC3",91124,"/Date(1703038284000)/",23900,900,33100,791100000,-100,false,-0.42
"VC3",91121,"/Date(1703038281000)/",23900,2800,32200,769590000,-100,false,-0.42
"VC3",91120,"/Date(1703038280000)/",23900,700,29400,702670000,-100,false,-0.42
"VC3",91116,"/Date(1703038276000)/",23900,600,28700,685940000,-100,false,-0.42
"VC3",91115,"/Date(1703038275000)/",23900,3400,28100,671600000,-100,false,-0.42
"VC3",91111,"/Date(1703038271000)/",23900,400,24700,590340000,-100,false,-0.42
"VC3",91110,"/Date(1703038270000)/",23900,4100,24300,580780000,-100,false,-0.42
"VC3",91106,"/Date(1703038266000)/",23900,500,20200,482790000,-100,false,-0.42
"VC3",91105,"/Date(1703038265000)/",23900,3600,19700,470840000,-100,false,-0.42
"VC3",91101,"/Date(1703038261000)/",23900,300,16100,384800000,-100,false,-0.42
"VC3",91059,"/Date(1703038259000)/",23900,2900,15800,377630000,-100,false,-0.42
"VC3",91053,"/Date(1703038253000)/",23900,1800,12900,308320000,-100,false,-0.42
"VC3",91043,"/Date(1703038243000)/",23900,900,11100,265300000,-100,false,-0.42
"VC3",91002,"/Date(1703038202000)/",23900,2100,10200,243790000,-100,false,-0.42
"VC3",90954,"/Date(1703038194000)/",23900,1900,8100,193600000,-100,false,-0.42
"VC3",90822,"/Date(1703038102000)/",23900,100,6200,148190000,-100,false,-0.42
"VC3",90811,"/Date(1703038091000)/",23900,200,6100,145800000,-100,false,-0.42
"VC3",90805,"/Date(1703038085000)/",23900,300,5900,141020000,-100,false,-0.42
"VC3",90439,"/Date(1703037879000)/",23900,700,5600,133850000,-100,false,-0.42
"VC3",90431,"/Date(1703037871000)/",23900,300,4900,117120000,-100,false,-0.42
"VC3",90423,"/Date(1703037863000)/",23900,800,4600,109950000,-100,false,-0.42
"VC3",90415,"/Date(1703037855000)/",23900,500,3800,90830000,-100,false,-0.42
"VC3",90409,"/Date(1703037849000)/",23900,900,3300,78880000,-100,false,-0.42
"VC3",90402,"/Date(1703037842000)/",23900,600,2400,57370000,-100,false,-0.42
"VC3",90355,"/Date(1703037835000)/",23900,800,1800,43030000,-100,false,-0.42
"VC3",90348,"/Date(1703037828000)/",23900,900,1000,23910000,-100,false,-0.42
"VC3",90010,"/Date(1703037602000)/",24000,100,100,2400000,0,false,0
