"Stockcode","Package","TradingDate","Price","Vol","TotalVol","TotalVal","Change","IsBuy","PerChange"
"VIB",144416,"/Date(1703058300000)/",18700,57500,1709400,31975000000,50,true,0.27
"VIB",142906,"/Date(1703057394000)/",18800,100,1651900,30900000000,150,false,0.8
"VIB",142752,"/Date(1703057321000)/",18800,100,1651800,30898000000,150,false,0.8
"VIB",142746,"/Date(1703057314000)/",18800,300,1651700,30896000000,150,false,0.8
"VIB",142730,"/Date(1703057296000)/",18800,1000,1651400,30890000000,150,false,0.8
"VIB",142639,"/Date(1703057247000)/",18750,700,1650400,30871000000,100,true,0.54
"VIB",142610,"/Date(1703057217000)/",18750,4400,1649700,30858000000,100,true,0.54
"VIB",142545,"/Date(1703057191000)/",18750,3300,1645300,30776000000,100,true,0.54
"VIB",142545,"/Date(1703057191000)/",18750,3600,1642000,30714000000,100,true,0.54
"VIB",142522,"/Date(1703057169000)/",18800,500,1638400,30646000000,150,false,0.8
"VIB",142519,"/Date(1703057166000)/",18750,6900,1637900,30637000000,100,true,0.54
"VIB",142500,"/Date(1703057147000)/",18750,6900,1631000,30508000000,100,true,0.54
"VIB",142447,"/Date(1703057136000)/",18750,2600,1624100,30378000000,100,true,0.54
"VIB",142447,"/Date(1703057136000)/",18750,4300,1621500,30330000000,100,true,0.54
"VIB",142431,"/Date(1703057120000)/",18750,700,1617200,30249000000,100,true,0.54
"VIB",142431,"/Date(1703057120000)/",18750,100,1616500,30236000000,100,true,0.54
"VIB",142431,"/Date(1703057120000)/",18750,200,1616400,30234000000,100,true,0.54
"VIB",142431,"/Date(1703057120000)/",18750,4000,1616200,30230000000,100,true,0.54
"VIB",142431,"/Date(1703057120000)/",18750,100,1612200,30155000000,100,true,0.54
"VIB",142431,"/Date(1703057120000)/",18750,100,1612100,30153000000,100,true,0.54
"VIB",142431,"/Date(1703057120000)/",18750,1700,1612000,30151000000,100,true,0.54
"VIB",142418,"/Date(1703057104000)/",18750,6900,1610300,30120000000,100,true,0.54
"VIB",142246,"/Date(1703057013000)/",18750,500,1603400,29990000000,100,true,0.54
"VIB",142239,"/Date(1703057005000)/",18750,1000,1602900,29981000000,100,true,0.54
"VIB",142236,"/Date(1703057002000)/",18750,10000,1601900,29962000000,100,true,0.54
"VIB",142230,"/Date(1703056997000)/",18750,8300,1591900,29775000000,100,true,0.54
"VIB",142226,"/Date(1703056994000)/",18750,10000,1583600,29619000000,100,true,0.54
"VIB",142220,"/Date(1703056987000)/",18750,10000,1573600,29431000000,100,true,0.54
"VIB",142214,"/Date(1703056981000)/",18750,1600,1563600,29244000000,100,true,0.54
"VIB",142214,"/Date(1703056981000)/",18750,500,1562000,29214000000,100,true,0.54
"VIB",142214,"/Date(1703056981000)/",18750,2300,1561500,29205000000,100,true,0.54
"VIB",142204,"/Date(1703056971000)/",18750,4400,1559200,29161000000,100,true,0.54
"VIB",142154,"/Date(1703056962000)/",18750,4400,1554800,29079000000,100,true,0.54
"VIB",142015,"/Date(1703056861000)/",18750,8900,1550400,28996000000,100,true,0.54
"VIB",142015,"/Date(1703056861000)/",18750,1100,1541500,28830000000,100,true,0.54
"VIB",141918,"/Date(1703056805000)/",18750,1900,1540400,28809000000,100,false,0.54
"VIB",141912,"/Date(1703056799000)/",18750,5000,1538500,28773000000,100,true,0.54
"VIB",141912,"/Date(1703056799000)/",18750,2100,1533500,28680000000,100,true,0.54
"VIB",141912,"/Date(1703056799000)/",18750,800,1531400,28640000000,100,true,0.54
"VIB",141836,"/Date(1703056762000)/",18800,100,1530600,28625000000,150,false,0.8
"VIB",141752,"/Date(1703056717000)/",18750,100,1530500,28623000000,100,true,0.54
"VIB",141742,"/Date(1703056709000)/",18750,100,1530400,28621000000,100,false,0.54
"VIB",141710,"/Date(1703056678000)/",18750,1600,1530300,28620000000,100,false,0.54
"VIB",141700,"/Date(1703056665000)/",18800,177400,1528700,28590000000,150,false,0.8
"VIB",141700,"/Date(1703056665000)/",18800,1000,1351300,25254000000,150,false,0.8
"VIB",141700,"/Date(1703056665000)/",18800,200,1350300,25236000000,150,false,0.8
"VIB",141700,"/Date(1703056665000)/",18800,500,1350100,25232000000,150,false,0.8
"VIB",141700,"/Date(1703056665000)/",18800,300,1349600,25222000000,150,false,0.8
"VIB",141700,"/Date(1703056665000)/",18800,5000,1349300,25217000000,150,false,0.8
"VIB",141700,"/Date(1703056665000)/",18800,10000,1344300,25123000000,150,false,0.8
"VIB",141700,"/Date(1703056665000)/",18800,1000,1334300,24935000000,150,false,0.8
"VIB",141700,"/Date(1703056665000)/",18800,3000,1333300,24916000000,150,false,0.8
"VIB",141700,"/Date(1703056665000)/",18800,200,1330300,24860000000,150,false,0.8
"VIB",141700,"/Date(1703056665000)/",18750,600,1330100,24856000000,100,false,0.54
"VIB",141700,"/Date(1703056665000)/",18750,800,1329500,24845000000,100,false,0.54
"VIB",141654,"/Date(1703056661000)/",18750,200,1328700,24830000000,100,false,0.54
"VIB",141641,"/Date(1703056648000)/",18800,1800,1328500,24826000000,150,false,0.8
"VIB",141641,"/Date(1703056648000)/",18800,2000,1326700,24792000000,150,false,0.8
"VIB",141641,"/Date(1703056648000)/",18800,200,1324700,24754000000,150,false,0.8
"VIB",141641,"/Date(1703056648000)/",18800,100,1324500,24751000000,150,false,0.8
"VIB",141641,"/Date(1703056648000)/",18800,2400,1324400,24749000000,150,false,0.8
"VIB",141641,"/Date(1703056648000)/",18800,500,1322000,24704000000,150,false,0.8
"VIB",141641,"/Date(1703056648000)/",18800,1000,1321500,24694000000,150,false,0.8
"VIB",141641,"/Date(1703056648000)/",18800,1000,1320500,24675000000,150,false,0.8
"VIB",141641,"/Date(1703056648000)/",18800,500,1319500,24657000000,150,false,0.8
"VIB",141641,"/Date(1703056648000)/",18800,200,1319000,24647000000,150,false,0.8
"VIB",141641,"/Date(1703056648000)/",18800,1000,1318800,24644000000,150,false,0.8
"VIB",141641,"/Date(1703056648000)/",18800,1000,1317800,24625000000,150,false,0.8
"VIB",141641,"/Date(1703056648000)/",18750,5000,1316800,24606000000,100,false,0.54
"VIB",141641,"/Date(1703056648000)/",18750,1000,1311800,24512000000,100,false,0.54
"VIB",141641,"/Date(1703056648000)/",18750,5000,1310800,24493000000,100,false,0.54
"VIB",141641,"/Date(1703056648000)/",18750,900,1305800,24400000000,100,false,0.54
"VIB",141641,"/Date(1703056648000)/",18750,1000,1304900,24383000000,100,false,0.54
"VIB",141641,"/Date(1703056648000)/",18750,300,1303900,24364000000,100,false,0.54
"VIB",141635,"/Date(1703056641000)/",18700,10000,1303600,24358000000,50,true,0.27
"VIB",141632,"/Date(1703056637000)/",18700,10000,1293600,24171000000,50,true,0.27
"VIB",141559,"/Date(1703056607000)/",18750,1000,1283600,23984000000,100,false,0.54
"VIB",141543,"/Date(1703056590000)/",18700,6900,1282600,23966000000,50,true,0.27
"VIB",141540,"/Date(1703056588000)/",18700,4400,1275700,23837000000,50,true,0.27
"VIB",141534,"/Date(1703056579000)/",18700,4200,1271300,23754000000,50,true,0.27
"VIB",141531,"/Date(1703056576000)/",18700,6800,1267100,23676000000,50,true,0.27
"VIB",141531,"/Date(1703056576000)/",18750,100,1260300,23549000000,100,true,0.54
"VIB",141524,"/Date(1703056569000)/",18700,100,1260200,23547000000,50,true,0.27
"VIB",141524,"/Date(1703056569000)/",18750,1000,1260100,23545000000,100,false,0.54
"VIB",141524,"/Date(1703056569000)/",18750,3800,1259100,23526000000,100,false,0.54
"VIB",141508,"/Date(1703056553000)/",18750,1200,1255300,23455000000,100,true,0.54
"VIB",141452,"/Date(1703056540000)/",18750,100,1254100,23432000000,100,true,0.54
"VIB",141452,"/Date(1703056540000)/",18750,1500,1254000,23431000000,100,true,0.54
"VIB",141452,"/Date(1703056540000)/",18750,100,1252500,23402000000,100,true,0.54
"VIB",141452,"/Date(1703056540000)/",18750,100,1252400,23401000000,100,true,0.54
"VIB",141452,"/Date(1703056540000)/",18750,500,1252300,23399000000,100,true,0.54
"VIB",141452,"/Date(1703056540000)/",18750,100,1251800,23389000000,100,true,0.54
"VIB",141452,"/Date(1703056540000)/",18750,500,1251700,23387000000,100,true,0.54
"VIB",141452,"/Date(1703056540000)/",18750,5900,1251200,23378000000,100,true,0.54
"VIB",141452,"/Date(1703056538000)/",18750,10000,1245300,23267000000,100,true,0.54
"VIB",141449,"/Date(1703056537000)/",18750,2000,1235300,23080000000,100,true,0.54
"VIB",141417,"/Date(1703056502000)/",18750,2100,1233300,23042000000,100,true,0.54
"VIB",141417,"/Date(1703056502000)/",18750,900,1231200,23003000000,100,true,0.54
"VIB",141408,"/Date(1703056494000)/",18750,4400,1230300,22986000000,100,true,0.54
"VIB",141401,"/Date(1703056488000)/",18750,4400,1225900,22904000000,100,true,0.54
"VIB",141355,"/Date(1703056481000)/",18750,4400,1221500,22821000000,100,true,0.54
"VIB",141355,"/Date(1703056480000)/",18750,1500,1217100,22739000000,100,true,0.54
"VIB",141352,"/Date(1703056477000)/",18750,30000,1215600,22711000000,100,true,0.54
"VIB",141349,"/Date(1703056476000)/",18750,4400,1185600,22148000000,100,true,0.54
"VIB",141345,"/Date(1703056470000)/",18750,300,1181200,22066000000,100,true,0.54
"VIB",141342,"/Date(1703056469000)/",18750,4400,1180900,22060000000,100,true,0.54
"VIB",141342,"/Date(1703056469000)/",18750,200,1176500,21977000000,100,true,0.54
"VIB",141336,"/Date(1703056460000)/",18750,300,1176300,21974000000,100,true,0.54
"VIB",141332,"/Date(1703056458000)/",18750,4400,1176000,21968000000,100,true,0.54
"VIB",141248,"/Date(1703056414000)/",18750,500,1171600,21886000000,100,true,0.54
"VIB",141134,"/Date(1703056340000)/",18750,800,1171100,21876000000,100,true,0.54
"VIB",141125,"/Date(1703056330000)/",18750,10000,1170300,21861000000,100,true,0.54
"VIB",141005,"/Date(1703056251000)/",18750,500,1160300,21674000000,100,true,0.54
"VIB",141005,"/Date(1703056250000)/",18750,200,1159800,21664000000,100,true,0.54
"VIB",140958,"/Date(1703056244000)/",18750,500,1159600,21661000000,100,true,0.54
"VIB",140958,"/Date(1703056243000)/",18750,2800,1159100,21651000000,100,true,0.54
"VIB",140914,"/Date(1703056200000)/",18700,800,1156300,21599000000,50,true,0.27
"VIB",140914,"/Date(1703056200000)/",18700,100,1155500,21584000000,50,true,0.27
"VIB",140914,"/Date(1703056198000)/",18750,200,1155400,21582000000,100,false,0.54
"VIB",140914,"/Date(1703056198000)/",18750,300,1155200,21578000000,100,false,0.54
"VIB",140914,"/Date(1703056198000)/",18750,100,1154900,21572000000,100,false,0.54
"VIB",140914,"/Date(1703056198000)/",18750,100,1154800,21571000000,100,false,0.54
"VIB",140914,"/Date(1703056198000)/",18750,2000,1154700,21569000000,100,false,0.54
"VIB",140914,"/Date(1703056198000)/",18750,100,1152700,21531000000,100,false,0.54
"VIB",140914,"/Date(1703056198000)/",18750,100,1152600,21529000000,100,false,0.54
"VIB",140914,"/Date(1703056198000)/",18750,100,1152500,21527000000,100,false,0.54
"VIB",140914,"/Date(1703056198000)/",18750,200,1152400,21526000000,100,false,0.54
"VIB",140914,"/Date(1703056198000)/",18750,100,1152200,21522000000,100,false,0.54
"VIB",140914,"/Date(1703056198000)/",18750,5000,1152100,21520000000,100,false,0.54
"VIB",140914,"/Date(1703056198000)/",18750,1700,1147100,21426000000,100,false,0.54
"VIB",140904,"/Date(1703056190000)/",18700,100,1145400,21394000000,50,true,0.27
"VIB",140904,"/Date(1703056190000)/",18700,100,1145300,21392000000,50,true,0.27
"VIB",140904,"/Date(1703056190000)/",18700,1000,1145200,21391000000,50,true,0.27
"VIB",140904,"/Date(1703056190000)/",18700,200,1144200,21372000000,50,true,0.27
"VIB",140901,"/Date(1703056187000)/",18750,500,1144000,21368000000,100,false,0.54
"VIB",140901,"/Date(1703056186000)/",18750,8400,1143500,21359000000,100,false,0.54
"VIB",140901,"/Date(1703056185000)/",18750,100,1135100,21201000000,100,false,0.54
"VIB",140858,"/Date(1703056183000)/",18700,5000,1135000,21199000000,50,true,0.27
"VIB",140854,"/Date(1703056180000)/",18700,4100,1130000,21106000000,50,true,0.27
"VIB",140854,"/Date(1703056180000)/",18750,9300,1125900,21029000000,100,false,0.54
"VIB",140854,"/Date(1703056180000)/",18750,3000,1116600,20855000000,100,false,0.54
"VIB",140854,"/Date(1703056180000)/",18750,5000,1113600,20799000000,100,false,0.54
"VIB",140854,"/Date(1703056180000)/",18750,20000,1108600,20705000000,100,false,0.54
"VIB",140854,"/Date(1703056180000)/",18750,1000,1088600,20330000000,100,false,0.54
"VIB",140854,"/Date(1703056180000)/",18750,500,1087600,20311000000,100,false,0.54
"VIB",140854,"/Date(1703056180000)/",18750,5000,1087100,20302000000,100,false,0.54
"VIB",140854,"/Date(1703056180000)/",18750,1000,1082100,20208000000,100,false,0.54
"VIB",140854,"/Date(1703056180000)/",18750,5200,1081100,20189000000,100,false,0.54
"VIB",140854,"/Date(1703056179000)/",18750,500,1075900,20092000000,100,false,0.54
"VIB",140845,"/Date(1703056170000)/",18700,800,1075400,20082000000,50,true,0.27
"VIB",140845,"/Date(1703056169000)/",18750,10000,1074600,20067000000,100,false,0.54
"VIB",140631,"/Date(1703056035000)/",18750,100,1064600,19880000000,100,false,0.54
"VIB",140628,"/Date(1703056033000)/",18700,100,1064500,19878000000,50,true,0.27
"VIB",140556,"/Date(1703056000000)/",18700,400,1064400,19876000000,50,true,0.27
"VIB",140556,"/Date(1703056000000)/",18700,100,1064000,19869000000,50,true,0.27
"VIB",140549,"/Date(1703055996000)/",18700,100,1063900,19867000000,50,true,0.27
"VIB",140549,"/Date(1703055996000)/",18700,100,1063800,19865000000,50,true,0.27
"VIB",140549,"/Date(1703055996000)/",18700,6700,1063700,19863000000,50,true,0.27
"VIB",140306,"/Date(1703055830000)/",18750,100,1057000,19738000000,100,false,0.54
"VIB",140247,"/Date(1703055810000)/",18700,200,1056900,19736000000,50,true,0.27
"VIB",140240,"/Date(1703055806000)/",18750,2500,1056700,19732000000,100,false,0.54
"VIB",140055,"/Date(1703055700000)/",18700,100,1054200,19685000000,50,true,0.27
"VIB",140045,"/Date(1703055690000)/",18700,1300,1054100,19683000000,50,true,0.27
"VIB",140039,"/Date(1703055684000)/",18700,10000,1052800,19659000000,50,false,0.27
"VIB",140039,"/Date(1703055684000)/",18700,4400,1042800,19472000000,50,false,0.27
"VIB",140039,"/Date(1703055684000)/",18700,2300,1038400,19390000000,50,false,0.27
"VIB",135935,"/Date(1703055619000)/",18700,1000,1036100,19347000000,50,false,0.27
"VIB",135916,"/Date(1703055600000)/",18700,100,1035100,19328000000,50,false,0.27
"VIB",135850,"/Date(1703055573000)/",18700,1000,1035000,19326000000,50,false,0.27
"VIB",135756,"/Date(1703055520000)/",18650,400,1034000,19308000000,0,true,0
"VIB",135749,"/Date(1703055515000)/",18700,1000,1033600,19300000000,50,false,0.27
"VIB",135746,"/Date(1703055511000)/",18650,300,1032600,19281000000,0,true,0
"VIB",135746,"/Date(1703055511000)/",18650,800,1032300,19276000000,0,true,0
"VIB",135746,"/Date(1703055511000)/",18650,500,1031500,19261000000,0,true,0
"VIB",135746,"/Date(1703055511000)/",18650,1000,1031000,19252000000,0,true,0
"VIB",135746,"/Date(1703055511000)/",18650,1000,1030000,19233000000,0,true,0
"VIB",135746,"/Date(1703055511000)/",18650,100,1029000,19214000000,0,true,0
"VIB",135746,"/Date(1703055511000)/",18650,200,1028900,19212000000,0,true,0
"VIB",135746,"/Date(1703055511000)/",18650,400,1028700,19209000000,0,true,0
"VIB",135746,"/Date(1703055511000)/",18650,100,1028300,19201000000,0,true,0
"VIB",135737,"/Date(1703055500000)/",18650,400,1028200,19199000000,0,true,0
"VIB",135727,"/Date(1703055492000)/",18650,1000,1027800,19192000000,0,true,0
"VIB",135727,"/Date(1703055492000)/",18650,4400,1026800,19173000000,0,true,0
"VIB",135727,"/Date(1703055490000)/",18650,300,1022400,19091000000,0,true,0
"VIB",135724,"/Date(1703055487000)/",18650,700,1022100,19086000000,0,true,0
"VIB",135724,"/Date(1703055487000)/",18650,3700,1021400,19073000000,0,true,0
"VIB",135655,"/Date(1703055460000)/",18650,300,1017700,19004000000,0,true,0
"VIB",135649,"/Date(1703055451000)/",18650,4400,1017400,18998000000,0,true,0
"VIB",135646,"/Date(1703055450000)/",18650,300,1013000,18916000000,0,true,0
"VIB",135639,"/Date(1703055444000)/",18650,4400,1012700,18910000000,0,true,0
"VIB",135636,"/Date(1703055440000)/",18650,300,1008300,18828000000,0,true,0
"VIB",135633,"/Date(1703055436000)/",18650,4400,1008000,18823000000,0,true,0
"VIB",135626,"/Date(1703055430000)/",18650,200,1003600,18741000000,0,true,0
"VIB",135617,"/Date(1703055420000)/",18650,3000,1003400,18737000000,0,true,0
"VIB",135617,"/Date(1703055420000)/",18700,100,1000400,18681000000,50,true,0.27
"VIB",135614,"/Date(1703055416000)/",18700,3000,1000300,18679000000,50,true,0.27
"VIB",135610,"/Date(1703055413000)/",18700,6900,997300,18623000000,50,true,0.27
"VIB",135610,"/Date(1703055413000)/",18700,200,990400,18494000000,50,true,0.27
"VIB",135610,"/Date(1703055413000)/",18700,500,990200,18490000000,50,true,0.27
"VIB",135610,"/Date(1703055413000)/",18700,2000,989700,18481000000,50,true,0.27
"VIB",135610,"/Date(1703055413000)/",18700,10000,987700,18443000000,50,true,0.27
"VIB",135610,"/Date(1703055413000)/",18700,100,977700,18256000000,50,true,0.27
"VIB",135610,"/Date(1703055413000)/",18700,100,977600,18255000000,50,true,0.27
"VIB",135610,"/Date(1703055413000)/",18700,100,977500,18253000000,50,true,0.27
"VIB",135610,"/Date(1703055413000)/",18700,1200,977400,18251000000,50,true,0.27
"VIB",135610,"/Date(1703055413000)/",18700,100,976200,18228000000,50,true,0.27
"VIB",135610,"/Date(1703055413000)/",18700,100,976100,18226000000,50,true,0.27
"VIB",135610,"/Date(1703055413000)/",18700,5000,976000,18225000000,50,true,0.27
"VIB",135610,"/Date(1703055413000)/",18700,9700,971000,18131000000,50,true,0.27
"VIB",135607,"/Date(1703055410000)/",18700,300,961300,17950000000,50,true,0.27
"VIB",135554,"/Date(1703055400000)/",18700,100,961000,17944000000,50,true,0.27
"VIB",135554,"/Date(1703055400000)/",18700,1000,960900,17942000000,50,true,0.27
"VIB",135554,"/Date(1703055400000)/",18700,1000,959900,17924000000,50,true,0.27
"VIB",135554,"/Date(1703055400000)/",18700,1900,958900,17905000000,50,true,0.27
"VIB",135545,"/Date(1703055390000)/",18700,50000,957000,17869000000,50,true,0.27
"VIB",135347,"/Date(1703055271000)/",18700,500,907000,16934000000,50,true,0.27
"VIB",135344,"/Date(1703055267000)/",18750,1000,906500,16925000000,100,false,0.54
"VIB",135309,"/Date(1703055232000)/",18700,300,905500,16906000000,50,true,0.27
"VIB",135218,"/Date(1703055181000)/",18700,1000,905200,16901000000,50,true,0.27
"VIB",135205,"/Date(1703055170000)/",18700,200,904200,16882000000,50,true,0.27
"VIB",135202,"/Date(1703055166000)/",18700,2300,904000,16878000000,50,true,0.27
"VIB",135202,"/Date(1703055166000)/",18700,100,901700,16835000000,50,true,0.27
"VIB",135159,"/Date(1703055163000)/",18700,1000,901600,16833000000,50,true,0.27
"VIB",135146,"/Date(1703055150000)/",18700,200,900600,16815000000,50,true,0.27
"VIB",135146,"/Date(1703055148000)/",18750,600,900400,16811000000,100,false,0.54
"VIB",135146,"/Date(1703055148000)/",18750,2400,899800,16800000000,100,false,0.54
"VIB",135032,"/Date(1703055075000)/",18750,1000,897400,16755000000,100,false,0.54
"VIB",134857,"/Date(1703054980000)/",18700,300,896400,16736000000,50,true,0.27
"VIB",134850,"/Date(1703054974000)/",18700,4400,896100,16730000000,50,true,0.27
"VIB",134828,"/Date(1703054950000)/",18700,400,891700,16648000000,50,true,0.27
"VIB",134818,"/Date(1703054942000)/",18750,5000,891300,16640000000,100,false,0.54
"VIB",134802,"/Date(1703054926000)/",18700,400,886300,16547000000,50,true,0.27
"VIB",134724,"/Date(1703054889000)/",18700,200,885900,16539000000,50,true,0.27
"VIB",134718,"/Date(1703054880000)/",18700,300,885700,16535000000,50,true,0.27
"VIB",134708,"/Date(1703054870000)/",18700,4400,885400,16530000000,50,true,0.27
"VIB",134658,"/Date(1703054860000)/",18700,900,881000,16448000000,50,true,0.27
"VIB",134649,"/Date(1703054851000)/",18750,1600,880100,16431000000,100,false,0.54
"VIB",134649,"/Date(1703054851000)/",18750,4200,878500,16401000000,100,false,0.54
"VIB",134649,"/Date(1703054851000)/",18750,5000,874300,16322000000,100,false,0.54
"VIB",134649,"/Date(1703054851000)/",18750,800,869300,16228000000,100,false,0.54
"VIB",134649,"/Date(1703054851000)/",18750,400,868500,16213000000,100,false,0.54
"VIB",134646,"/Date(1703054850000)/",18700,300,868100,16206000000,50,true,0.27
"VIB",134639,"/Date(1703054841000)/",18700,4400,867800,16200000000,50,true,0.27
"VIB",134558,"/Date(1703054800000)/",18700,300,863400,16118000000,50,true,0.27
"VIB",134555,"/Date(1703054799000)/",18700,4400,863100,16112000000,50,true,0.27
"VIB",134539,"/Date(1703054780000)/",18700,300,858700,16030000000,50,true,0.27
"VIB",134532,"/Date(1703054775000)/",18700,4400,858400,16024000000,50,true,0.27
"VIB",134526,"/Date(1703054770000)/",18700,300,854000,15942000000,50,true,0.27
"VIB",134526,"/Date(1703054768000)/",18700,4400,853700,15936000000,50,true,0.27
"VIB",134507,"/Date(1703054750000)/",18700,200,849300,15854000000,50,true,0.27
"VIB",134507,"/Date(1703054749000)/",18700,3000,849100,15850000000,50,true,0.27
"VIB",134500,"/Date(1703054744000)/",18700,100,846100,15794000000,50,true,0.27
"VIB",134419,"/Date(1703054700000)/",18700,300,846000,15792000000,50,true,0.27
"VIB",134416,"/Date(1703054697000)/",18700,4400,845700,15787000000,50,true,0.27
"VIB",134337,"/Date(1703054660000)/",18700,300,841300,15705000000,50,true,0.27
"VIB",134331,"/Date(1703054653000)/",18700,4100,841000,15699000000,50,true,0.27
"VIB",134328,"/Date(1703054651000)/",18700,100,836900,15622000000,50,false,0.27
"VIB",134328,"/Date(1703054651000)/",18700,200,836800,15620000000,50,false,0.27
"VIB",134315,"/Date(1703054637000)/",18700,1300,836600,15617000000,50,true,0.27
"VIB",134315,"/Date(1703054637000)/",18700,3100,835300,15592000000,50,true,0.27
"VIB",134302,"/Date(1703054625000)/",18700,1900,832200,15534000000,50,true,0.27
"VIB",134302,"/Date(1703054625000)/",18700,2500,830300,15499000000,50,true,0.27
"VIB",134234,"/Date(1703054595000)/",18700,400,827800,15452000000,50,false,0.27
"VIB",134234,"/Date(1703054595000)/",18700,1200,827400,15445000000,50,false,0.27
"VIB",134234,"/Date(1703054595000)/",18700,10000,826200,15422000000,50,false,0.27
"VIB",134234,"/Date(1703054595000)/",18700,100,816200,15235000000,50,false,0.27
"VIB",134234,"/Date(1703054595000)/",18700,800,816100,15233000000,50,false,0.27
"VIB",134227,"/Date(1703054588000)/",18700,3600,815300,15218000000,50,false,0.27
"VIB",134227,"/Date(1703054588000)/",18700,1400,811700,15151000000,50,false,0.27
"VIB",134224,"/Date(1703054586000)/",18700,1800,810300,15125000000,50,false,0.27
"VIB",134214,"/Date(1703054577000)/",18700,1200,808500,15091000000,50,false,0.27
"VIB",134214,"/Date(1703054577000)/",18700,4000,807300,15069000000,50,false,0.27
"VIB",134214,"/Date(1703054577000)/",18700,2000,803300,14994000000,50,false,0.27
"VIB",134214,"/Date(1703054577000)/",18700,2800,801300,14957000000,50,false,0.27
"VIB",134152,"/Date(1703054554000)/",18700,100,798500,14904000000,50,false,0.27
"VIB",134126,"/Date(1703054529000)/",18700,1500,798400,14902000000,50,false,0.27
"VIB",134126,"/Date(1703054529000)/",18700,800,796900,14874000000,50,false,0.27
"VIB",134117,"/Date(1703054521000)/",18650,4400,796100,14859000000,0,true,0
"VIB",134045,"/Date(1703054486000)/",18650,500,791700,14777000000,0,true,0
"VIB",134042,"/Date(1703054486000)/",18700,3000,791200,14768000000,50,false,0.27
"VIB",134029,"/Date(1703054472000)/",18700,10000,788200,14712000000,50,false,0.27
"VIB",133938,"/Date(1703054421000)/",18650,1000,778200,14525000000,0,true,0
"VIB",133906,"/Date(1703054387000)/",18650,3100,777200,14506000000,0,true,0
"VIB",133906,"/Date(1703054387000)/",18650,300,774100,14448000000,0,true,0
"VIB",133906,"/Date(1703054387000)/",18650,100,773800,14443000000,0,true,0
"VIB",133906,"/Date(1703054387000)/",18650,2000,773700,14441000000,0,true,0
"VIB",133853,"/Date(1703054376000)/",18700,200,771700,14404000000,50,false,0.27
"VIB",133818,"/Date(1703054339000)/",18700,100,771500,14400000000,50,false,0.27
"VIB",133636,"/Date(1703054237000)/",18700,100,771400,14398000000,50,false,0.27
"VIB",133627,"/Date(1703054229000)/",18700,4800,771300,14396000000,50,true,0.27
"VIB",133613,"/Date(1703054215000)/",18700,900,766500,14306000000,50,false,0.27
"VIB",133613,"/Date(1703054215000)/",18700,3000,765600,14290000000,50,false,0.27
"VIB",133613,"/Date(1703054215000)/",18700,1300,762600,14233000000,50,false,0.27
"VIB",133607,"/Date(1703054209000)/",18700,1000,761300,14209000000,50,false,0.27
"VIB",133604,"/Date(1703054205000)/",18700,4300,760300,14190000000,50,false,0.27
"VIB",133444,"/Date(1703054126000)/",18650,800,756000,14110000000,0,true,0
"VIB",133428,"/Date(1703054111000)/",18700,500,755200,14095000000,50,false,0.27
"VIB",133428,"/Date(1703054109000)/",18650,1000,754700,14086000000,0,true,0
"VIB",133409,"/Date(1703054091000)/",18700,4200,753700,14067000000,50,false,0.27
"VIB",133343,"/Date(1703054064000)/",18700,2700,749500,13989000000,50,false,0.27
"VIB",133340,"/Date(1703054063000)/",18700,10000,746800,13938000000,50,false,0.27
"VIB",133340,"/Date(1703054063000)/",18700,4300,736800,13751000000,50,false,0.27
"VIB",133211,"/Date(1703053974000)/",18700,10000,732500,13671000000,50,false,0.27
"VIB",133211,"/Date(1703053974000)/",18700,10000,722500,13484000000,50,false,0.27
"VIB",133211,"/Date(1703053974000)/",18700,2000,712500,13297000000,50,false,0.27
"VIB",133211,"/Date(1703053974000)/",18700,500,710500,13259000000,50,false,0.27
"VIB",133211,"/Date(1703053974000)/",18700,200,710000,13250000000,50,false,0.27
"VIB",133211,"/Date(1703053974000)/",18700,500,709800,13246000000,50,false,0.27
"VIB",133211,"/Date(1703053974000)/",18700,2500,709300,13237000000,50,false,0.27
"VIB",133101,"/Date(1703053902000)/",18700,500,706800,13190000000,50,false,0.27
"VIB",133057,"/Date(1703053898000)/",18700,1000,706300,13181000000,50,false,0.27
"VIB",133057,"/Date(1703053898000)/",18700,100,705300,13162000000,50,false,0.27
"VIB",133057,"/Date(1703053898000)/",18700,300,705200,13160000000,50,false,0.27
"VIB",133051,"/Date(1703053892000)/",18650,1000,704900,13155000000,0,true,0
"VIB",133048,"/Date(1703053889000)/",18700,400,703900,13136000000,50,false,0.27
"VIB",133048,"/Date(1703053889000)/",18700,100,703500,13128000000,50,false,0.27
"VIB",133048,"/Date(1703053889000)/",18700,500,703400,13127000000,50,false,0.27
"VIB",133048,"/Date(1703053889000)/",18700,500,702900,13117000000,50,false,0.27
"VIB",133009,"/Date(1703053851000)/",18700,100,702400,13108000000,50,false,0.27
"VIB",132836,"/Date(1703053757000)/",18700,5700,702300,13106000000,50,false,0.27
"VIB",132836,"/Date(1703053757000)/",18700,1000,696600,12999000000,50,false,0.27
"VIB",132836,"/Date(1703053757000)/",18700,3300,695600,12981000000,50,false,0.27
"VIB",132820,"/Date(1703053743000)/",18700,5000,692300,12919000000,50,false,0.27
"VIB",132745,"/Date(1703053706000)/",18700,2000,687300,12826000000,50,false,0.27
"VIB",132619,"/Date(1703053621000)/",18700,100,685300,12788000000,50,false,0.27
"VIB",132528,"/Date(1703053567000)/",18700,3600,685200,12786000000,50,false,0.27
"VIB",132528,"/Date(1703053567000)/",18700,1000,681600,12719000000,50,false,0.27
"VIB",132525,"/Date(1703053567000)/",18700,200,680600,12700000000,50,false,0.27
"VIB",132421,"/Date(1703053500000)/",18700,800,680400,12696000000,50,false,0.27
"VIB",132421,"/Date(1703053500000)/",18700,500,679600,12682000000,50,false,0.27
"VIB",132421,"/Date(1703053500000)/",18700,500,679100,12672000000,50,false,0.27
"VIB",132421,"/Date(1703053500000)/",18700,200,678600,12663000000,50,false,0.27
"VIB",132323,"/Date(1703053443000)/",18700,900,678400,12659000000,50,false,0.27
"VIB",132154,"/Date(1703053353000)/",18700,900,677500,12642000000,50,false,0.27
"VIB",132154,"/Date(1703053353000)/",18700,500,676600,12625000000,50,false,0.27
"VIB",132154,"/Date(1703053353000)/",18700,1200,676100,12616000000,50,false,0.27
"VIB",131952,"/Date(1703053234000)/",18700,100,674900,12594000000,50,false,0.27
"VIB",131722,"/Date(1703053082000)/",18700,500,674800,12592000000,50,false,0.27
"VIB",131433,"/Date(1703052912000)/",18650,4200,674300,12582000000,0,true,0
"VIB",131257,"/Date(1703052819000)/",18650,1000,670100,12504000000,0,true,0
"VIB",131257,"/Date(1703052819000)/",18650,2200,669100,12485000000,0,true,0
"VIB",131257,"/Date(1703052819000)/",18650,1000,666900,12444000000,0,true,0
"VIB",131257,"/Date(1703052819000)/",18650,800,665900,12426000000,0,true,0
"VIB",131248,"/Date(1703052807000)/",18650,600,665100,12411000000,0,true,0
"VIB",131210,"/Date(1703052770000)/",18700,500,664500,12400000000,50,false,0.27
"VIB",131206,"/Date(1703052765000)/",18650,800,664000,12390000000,0,true,0
"VIB",130905,"/Date(1703052584000)/",18650,200,663200,12375000000,0,false,0
"VIB",130905,"/Date(1703052584000)/",18650,4500,663000,12372000000,0,false,0
"VIB",130852,"/Date(1703052569000)/",18650,200,658500,12288000000,0,false,0
"VIB",130820,"/Date(1703052540000)/",18650,500,658300,12284000000,0,false,0
"VIB",130820,"/Date(1703052539000)/",18650,100,657800,12275000000,0,false,0
"VIB",130754,"/Date(1703052514000)/",18650,1500,657700,12273000000,0,true,0
"VIB",130754,"/Date(1703052514000)/",18650,3200,656200,12245000000,0,true,0
"VIB",130751,"/Date(1703052511000)/",18650,3700,653000,12185000000,0,true,0
"VIB",130751,"/Date(1703052511000)/",18650,4300,649300,12116000000,0,true,0
"VIB",130735,"/Date(1703052495000)/",18650,3000,645000,12036000000,0,true,0
"VIB",130637,"/Date(1703052435000)/",18650,6000,642000,11980000000,0,false,0
"VIB",130637,"/Date(1703052435000)/",18650,4600,636000,11868000000,0,false,0
"VIB",130637,"/Date(1703052435000)/",18650,32100,631400,11782000000,0,false,0
"VIB",130550,"/Date(1703052390000)/",18650,300,599300,11184000000,0,false,0
"VIB",130550,"/Date(1703052388000)/",18600,100,599000,11178000000,-50,true,-0.27
"VIB",130550,"/Date(1703052388000)/",18600,100,598900,11176000000,-50,true,-0.27
"VIB",130550,"/Date(1703052388000)/",18600,800,598800,11174000000,-50,true,-0.27
"VIB",130518,"/Date(1703052355000)/",18600,200,598000,11159000000,-50,true,-0.27
"VIB",130518,"/Date(1703052355000)/",18600,100,597800,11156000000,-50,true,-0.27
"VIB",130313,"/Date(1703052233000)/",18650,2000,597700,11154000000,0,false,0
"VIB",130310,"/Date(1703052229000)/",18650,6900,595700,11117000000,0,false,0
"VIB",130141,"/Date(1703052138000)/",18650,6900,588800,10988000000,0,false,0
"VIB",130109,"/Date(1703052108000)/",18650,1800,581900,10859000000,0,false,0
"VIB",130109,"/Date(1703052108000)/",18650,5100,580100,10826000000,0,false,0
"VIB",130050,"/Date(1703052089000)/",18650,6900,575000,10731000000,0,false,0
"VIB",125959,"/Date(1703052037000)/",18600,100,568100,10602000000,-50,true,-0.27
"VIB",125949,"/Date(1703052015000)/",18600,100,568000,10600000000,-50,true,-0.27
"VIB",125939,"/Date(1703052003000)/",18600,9800,567900,10598000000,-50,true,-0.27
"VIB",125939,"/Date(1703052003000)/",18600,500,558100,10416000000,-50,true,-0.27
"VIB",125939,"/Date(1703052003000)/",18600,100,557600,10407000000,-50,true,-0.27
"VIB",125939,"/Date(1703052003000)/",18600,4600,557500,10405000000,-50,true,-0.27
"VIB",112828,"/Date(1703046536000)/",18600,1500,552900,10319000000,-50,true,-0.27
"VIB",112721,"/Date(1703046469000)/",18600,2000,551400,10291000000,-50,true,-0.27
"VIB",112711,"/Date(1703046459000)/",18600,800,549400,10254000000,-50,true,-0.27
"VIB",112708,"/Date(1703046456000)/",18650,10000,548600,10239000000,0,false,0
"VIB",112526,"/Date(1703046355000)/",18650,1000,538600,10053000000,0,false,0
"VIB",112432,"/Date(1703046299000)/",18700,100,537600,10034000000,50,false,0.27
"VIB",112332,"/Date(1703046239000)/",18650,100,537500,10032000000,0,true,0
"VIB",112325,"/Date(1703046234000)/",18650,1800,537400,10030000000,0,false,0
"VIB",112312,"/Date(1703046221000)/",18650,100,535600,9997000000,0,false,0
"VIB",112306,"/Date(1703046216000)/",18650,1000,535500,9995000000,0,false,0
"VIB",112115,"/Date(1703046104000)/",18650,500,534500,9976000000,0,false,0
"VIB",112052,"/Date(1703046079000)/",18600,300,534000,9967000000,-50,true,-0.27
"VIB",112043,"/Date(1703046071000)/",18650,4000,533700,9961000000,0,false,0
"VIB",112014,"/Date(1703046043000)/",18650,400,529700,9887000000,0,false,0
"VIB",111946,"/Date(1703046015000)/",18650,100,529300,9879000000,0,false,0
"VIB",111926,"/Date(1703045993000)/",18650,100,529200,9877000000,0,false,0
"VIB",111911,"/Date(1703045979000)/",18650,1000,529100,9875000000,0,false,0
"VIB",111835,"/Date(1703045942000)/",18650,1000,528100,9857000000,0,false,0
"VIB",111621,"/Date(1703045809000)/",18600,800,527100,9838000000,-50,true,-0.27
"VIB",111615,"/Date(1703045803000)/",18650,10000,526300,9823000000,0,false,0
"VIB",111502,"/Date(1703045729000)/",18600,100,516300,9637000000,-50,true,-0.27
"VIB",111502,"/Date(1703045729000)/",18600,100,516200,9635000000,-50,true,-0.27
"VIB",111502,"/Date(1703045729000)/",18600,200,516100,9633000000,-50,true,-0.27
"VIB",111455,"/Date(1703045723000)/",18600,300,515900,9629000000,-50,true,-0.27
"VIB",111455,"/Date(1703045723000)/",18600,100,515600,9624000000,-50,true,-0.27
"VIB",111455,"/Date(1703045723000)/",18600,1000,515500,9622000000,-50,true,-0.27
"VIB",111455,"/Date(1703045723000)/",18600,100,514500,9603000000,-50,true,-0.27
"VIB",111455,"/Date(1703045723000)/",18600,700,514400,9601000000,-50,true,-0.27
"VIB",111455,"/Date(1703045723000)/",18600,2200,513700,9588000000,-50,true,-0.27
"VIB",111452,"/Date(1703045719000)/",18600,800,511500,9547000000,-50,true,-0.27
"VIB",111446,"/Date(1703045712000)/",18600,3400,510700,9533000000,-50,true,-0.27
"VIB",111442,"/Date(1703045710000)/",18600,3600,507300,9469000000,-50,true,-0.27
"VIB",111442,"/Date(1703045710000)/",18600,1300,503700,9402000000,-50,true,-0.27
"VIB",111442,"/Date(1703045710000)/",18650,300,502400,9378000000,0,false,0
"VIB",111442,"/Date(1703045710000)/",18650,100,502100,9373000000,0,false,0
"VIB",111442,"/Date(1703045710000)/",18650,500,502000,9371000000,0,false,0
"VIB",111442,"/Date(1703045710000)/",18650,300,501500,9361000000,0,false,0
"VIB",111442,"/Date(1703045710000)/",18650,100,501200,9356000000,0,false,0
"VIB",111442,"/Date(1703045710000)/",18650,300,501100,9354000000,0,false,0
"VIB",111442,"/Date(1703045710000)/",18650,100,500800,9348000000,0,false,0
"VIB",111442,"/Date(1703045710000)/",18650,400,500700,9347000000,0,false,0
"VIB",111430,"/Date(1703045698000)/",18650,100,500300,9339000000,0,true,0
"VIB",111430,"/Date(1703045698000)/",18650,6400,500200,9337000000,0,true,0
"VIB",111316,"/Date(1703045622000)/",18700,600,493800,9218000000,50,false,0.27
"VIB",111316,"/Date(1703045622000)/",18700,400,493200,9207000000,50,false,0.27
"VIB",111257,"/Date(1703045603000)/",18700,600,492800,9199000000,50,false,0.27
"VIB",111257,"/Date(1703045603000)/",18700,400,492200,9188000000,50,false,0.27
"VIB",111122,"/Date(1703045507000)/",18700,100,491800,9180000000,50,false,0.27
"VIB",111122,"/Date(1703045507000)/",18700,100,491700,9179000000,50,false,0.27
"VIB",110842,"/Date(1703045348000)/",18700,200,491600,9177000000,50,false,0.27
"VIB",110817,"/Date(1703045325000)/",18700,100,491400,9173000000,50,false,0.27
"VIB",110814,"/Date(1703045319000)/",18700,100,491300,9171000000,50,false,0.27
"VIB",110755,"/Date(1703045301000)/",18700,600,491200,9169000000,50,false,0.27
"VIB",110707,"/Date(1703045254000)/",18700,900,490600,9158000000,50,true,0.27
"VIB",110612,"/Date(1703045199000)/",18700,1000,489700,9141000000,50,true,0.27
"VIB",110609,"/Date(1703045194000)/",18700,100,488700,9122000000,50,false,0.27
"VIB",110609,"/Date(1703045194000)/",18700,1000,488600,9121000000,50,false,0.27
"VIB",110609,"/Date(1703045194000)/",18700,1000,487600,9102000000,50,false,0.27
"VIB",110609,"/Date(1703045194000)/",18700,4400,486600,9083000000,50,false,0.27
"VIB",110609,"/Date(1703045194000)/",18700,2200,482200,9001000000,50,false,0.27
"VIB",110609,"/Date(1703045194000)/",18700,100,480000,8960000000,50,false,0.27
"VIB",110609,"/Date(1703045194000)/",18700,500,479900,8958000000,50,false,0.27
"VIB",110609,"/Date(1703045194000)/",18700,3800,479400,8949000000,50,false,0.27
"VIB",110449,"/Date(1703045114000)/",18650,300,475600,8878000000,0,true,0
"VIB",110122,"/Date(1703044909000)/",18650,300,475300,8872000000,0,true,0
"VIB",110116,"/Date(1703044903000)/",18650,3000,475000,8866000000,0,true,0
"VIB",110116,"/Date(1703044903000)/",18650,100,472000,8810000000,0,true,0
"VIB",110116,"/Date(1703044903000)/",18650,1300,471900,8809000000,0,true,0
"VIB",105953,"/Date(1703044818000)/",18650,100,470600,8784000000,0,true,0
"VIB",105944,"/Date(1703044808000)/",18650,100,470500,8782000000,0,true,0
"VIB",105856,"/Date(1703044760000)/",18650,100,470400,8781000000,0,true,0
"VIB",105544,"/Date(1703044571000)/",18700,500,470300,8779000000,50,false,0.27
"VIB",105535,"/Date(1703044559000)/",18650,100,469800,8769000000,0,true,0
"VIB",105532,"/Date(1703044556000)/",18700,100,469700,8767000000,50,false,0.27
"VIB",105532,"/Date(1703044556000)/",18700,1000,469600,8766000000,50,false,0.27
"VIB",105532,"/Date(1703044556000)/",18700,900,468600,8747000000,50,false,0.27
"VIB",105409,"/Date(1703044473000)/",18700,1000,467700,8730000000,50,false,0.27
"VIB",105334,"/Date(1703044440000)/",18700,100,466700,8711000000,50,false,0.27
"VIB",104821,"/Date(1703044126000)/",18700,100,466600,8709000000,50,false,0.27
"VIB",104724,"/Date(1703044069000)/",18600,200,466500,8708000000,-50,true,-0.27
"VIB",104721,"/Date(1703044064000)/",18650,1000,466300,8704000000,0,false,0
"VIB",104721,"/Date(1703044064000)/",18650,1800,465300,8685000000,0,false,0
"VIB",104633,"/Date(1703044019000)/",18600,200,463500,8652000000,-50,true,-0.27
"VIB",104633,"/Date(1703044018000)/",18650,500,463300,8648000000,0,false,0
"VIB",104633,"/Date(1703044018000)/",18650,500,462800,8639000000,0,false,0
"VIB",104633,"/Date(1703044018000)/",18650,1600,462300,8629000000,0,false,0
"VIB",104624,"/Date(1703044009000)/",18650,300,460700,8599000000,0,true,0
"VIB",104617,"/Date(1703044000000)/",18650,4400,460400,8594000000,0,true,0
"VIB",104605,"/Date(1703043989000)/",18650,300,456000,8512000000,0,true,0
"VIB",104601,"/Date(1703043984000)/",18650,4400,455700,8506000000,0,true,0
"VIB",104545,"/Date(1703043969000)/",18650,300,451300,8424000000,0,true,0
"VIB",104539,"/Date(1703043965000)/",18650,100,451000,8419000000,0,true,0
"VIB",104536,"/Date(1703043961000)/",18650,500,450900,8417000000,0,true,0
"VIB",104536,"/Date(1703043961000)/",18650,200,450400,8407000000,0,true,0
"VIB",104536,"/Date(1703043961000)/",18650,500,450200,8404000000,0,true,0
"VIB",104536,"/Date(1703043961000)/",18650,500,449700,8394000000,0,true,0
"VIB",104536,"/Date(1703043961000)/",18650,100,449200,8385000000,0,true,0
"VIB",104536,"/Date(1703043961000)/",18650,2600,449100,8383000000,0,true,0
"VIB",104435,"/Date(1703043899000)/",18650,200,446500,8335000000,0,true,0
"VIB",104435,"/Date(1703043898000)/",18650,1200,446300,8331000000,0,true,0
"VIB",104435,"/Date(1703043898000)/",18650,500,445100,8309000000,0,true,0
"VIB",104435,"/Date(1703043898000)/",18650,600,444600,8299000000,0,true,0
"VIB",104425,"/Date(1703043889000)/",18650,800,444000,8288000000,0,true,0
"VIB",104416,"/Date(1703043881000)/",18700,2300,443200,8273000000,50,false,0.27
"VIB",104416,"/Date(1703043881000)/",18700,100,440900,8230000000,50,false,0.27
"VIB",104416,"/Date(1703043881000)/",18700,500,440800,8228000000,50,false,0.27
"VIB",104416,"/Date(1703043881000)/",18700,100,440300,8219000000,50,false,0.27
"VIB",104416,"/Date(1703043881000)/",18700,4400,440200,8217000000,50,false,0.27
"VIB",104416,"/Date(1703043881000)/",18700,2600,435800,8135000000,50,false,0.27
"VIB",104338,"/Date(1703043840000)/",18700,200,433200,8086000000,50,false,0.27
"VIB",104302,"/Date(1703043807000)/",18700,100,433000,8082000000,50,false,0.27
"VIB",104259,"/Date(1703043805000)/",18650,300,432900,8080000000,0,true,0
"VIB",104237,"/Date(1703043780000)/",18700,100,432600,8075000000,50,false,0.27
"VIB",104152,"/Date(1703043735000)/",18650,200,432500,8073000000,0,true,0
"VIB",103926,"/Date(1703043589000)/",18650,100,432300,8069000000,0,true,0
"VIB",103922,"/Date(1703043585000)/",18650,1400,432200,8067000000,0,false,0
"VIB",103919,"/Date(1703043583000)/",18650,500,430800,8041000000,0,true,0
"VIB",103912,"/Date(1703043576000)/",18650,100,430300,8032000000,0,true,0
"VIB",103844,"/Date(1703043549000)/",18600,100,430200,8030000000,-50,true,-0.27
"VIB",103844,"/Date(1703043549000)/",18650,100,430100,8028000000,0,true,0
"VIB",103841,"/Date(1703043544000)/",18650,700,430000,8026000000,0,true,0
"VIB",103834,"/Date(1703043538000)/",18650,2500,429300,8013000000,0,false,0
"VIB",103818,"/Date(1703043520000)/",18650,200,426800,7967000000,0,false,0
"VIB",103756,"/Date(1703043500000)/",18650,100,426600,7963000000,0,false,0
"VIB",103746,"/Date(1703043491000)/",18650,700,426500,7961000000,0,false,0
"VIB",103734,"/Date(1703043478000)/",18700,1400,425800,7948000000,50,false,0.27
"VIB",103734,"/Date(1703043478000)/",18700,100,424400,7922000000,50,false,0.27
"VIB",103734,"/Date(1703043478000)/",18700,4400,424300,7920000000,50,false,0.27
"VIB",103734,"/Date(1703043478000)/",18700,100,419900,7838000000,50,false,0.27
"VIB",103734,"/Date(1703043478000)/",18700,1000,419800,7836000000,50,false,0.27
"VIB",103734,"/Date(1703043478000)/",18700,800,418800,7817000000,50,false,0.27
"VIB",103734,"/Date(1703043478000)/",18700,500,418000,7802000000,50,false,0.27
"VIB",103734,"/Date(1703043478000)/",18700,100,417500,7793000000,50,false,0.27
"VIB",103734,"/Date(1703043478000)/",18700,4400,417400,7791000000,50,false,0.27
"VIB",103734,"/Date(1703043478000)/",18700,500,413000,7709000000,50,false,0.27
"VIB",103734,"/Date(1703043478000)/",18700,38700,412500,7699000000,50,false,0.27
"VIB",103724,"/Date(1703043469000)/",18600,1200,373800,6976000000,-50,true,-0.27
"VIB",103721,"/Date(1703043463000)/",18600,2000,372600,6953000000,-50,true,-0.27
"VIB",103721,"/Date(1703043463000)/",18600,100,370600,6916000000,-50,true,-0.27
"VIB",103721,"/Date(1703043463000)/",18600,100,370500,6914000000,-50,true,-0.27
"VIB",103721,"/Date(1703043463000)/",18600,5000,370400,6912000000,-50,true,-0.27
"VIB",103721,"/Date(1703043463000)/",18600,100,365400,6819000000,-50,true,-0.27
"VIB",103721,"/Date(1703043463000)/",18600,100,365300,6818000000,-50,true,-0.27
"VIB",103721,"/Date(1703043463000)/",18600,100,365200,6816000000,-50,true,-0.27
"VIB",103721,"/Date(1703043463000)/",18600,500,365100,6814000000,-50,true,-0.27
"VIB",103721,"/Date(1703043463000)/",18600,100,364600,6805000000,-50,true,-0.27
"VIB",103721,"/Date(1703043463000)/",18600,300,364500,6803000000,-50,true,-0.27
"VIB",103721,"/Date(1703043463000)/",18600,500,364200,6797000000,-50,true,-0.27
"VIB",103721,"/Date(1703043463000)/",18600,100,363700,6788000000,-50,true,-0.27
"VIB",103721,"/Date(1703043463000)/",18600,600,363600,6786000000,-50,true,-0.27
"VIB",103721,"/Date(1703043463000)/",18600,1000,363000,6775000000,-50,true,-0.27
"VIB",103721,"/Date(1703043463000)/",18600,4400,362000,6756000000,-50,true,-0.27
"VIB",103718,"/Date(1703043462000)/",18650,100,357600,6674000000,0,true,0
"VIB",103708,"/Date(1703043453000)/",18650,200,357500,6672000000,0,true,0
"VIB",103705,"/Date(1703043449000)/",18650,100,357300,6669000000,0,true,0
"VIB",103655,"/Date(1703043439000)/",18650,600,357200,6667000000,0,true,0
"VIB",103655,"/Date(1703043439000)/",18650,1000,356600,6656000000,0,true,0
"VIB",103649,"/Date(1703043433000)/",18650,1000,355600,6637000000,0,true,0
"VIB",103649,"/Date(1703043433000)/",18650,1000,354600,6618000000,0,true,0
"VIB",103649,"/Date(1703043433000)/",18650,700,353600,6600000000,0,true,0
"VIB",103649,"/Date(1703043433000)/",18650,300,352900,6587000000,0,true,0
"VIB",103649,"/Date(1703043433000)/",18650,300,352600,6581000000,0,true,0
"VIB",103649,"/Date(1703043433000)/",18650,100,352300,6575000000,0,true,0
"VIB",103649,"/Date(1703043433000)/",18650,1000,352200,6574000000,0,true,0
"VIB",103649,"/Date(1703043433000)/",18650,400,351200,6555000000,0,true,0
"VIB",103649,"/Date(1703043433000)/",18650,100,350800,6548000000,0,true,0
"VIB",103649,"/Date(1703043433000)/",18650,9900,350700,6546000000,0,true,0
"VIB",103649,"/Date(1703043433000)/",18650,100,340800,6361000000,0,true,0
"VIB",103649,"/Date(1703043433000)/",18650,100,340700,6359000000,0,true,0
"VIB",103649,"/Date(1703043433000)/",18650,100,340600,6357000000,0,true,0
"VIB",103649,"/Date(1703043433000)/",18650,300,340500,6355000000,0,true,0
"VIB",103649,"/Date(1703043433000)/",18650,1000,340200,6350000000,0,true,0
"VIB",103649,"/Date(1703043433000)/",18650,2000,339200,6331000000,0,true,0
"VIB",103649,"/Date(1703043433000)/",18650,1600,337200,6294000000,0,true,0
"VIB",103605,"/Date(1703043389000)/",18650,100,335600,6264000000,0,true,0
"VIB",103555,"/Date(1703043378000)/",18650,300,335500,6262000000,0,true,0
"VIB",103555,"/Date(1703043378000)/",18650,100,335200,6257000000,0,true,0
"VIB",103555,"/Date(1703043378000)/",18650,1600,335100,6255000000,0,true,0
"VIB",103435,"/Date(1703043298000)/",18650,1000,333500,6225000000,0,true,0
"VIB",103156,"/Date(1703043139000)/",18650,100,332500,6206000000,0,true,0
"VIB",103156,"/Date(1703043138000)/",18650,1600,332400,6204000000,0,true,0
"VIB",102738,"/Date(1703042879000)/",18650,500,330800,6175000000,0,true,0
"VIB",102728,"/Date(1703042871000)/",18650,5200,330300,6165000000,0,true,0
"VIB",102728,"/Date(1703042871000)/",18650,500,325100,6068000000,0,true,0
"VIB",102728,"/Date(1703042871000)/",18650,100,324600,6059000000,0,true,0
"VIB",102728,"/Date(1703042871000)/",18650,200,324500,6057000000,0,true,0
"VIB",102728,"/Date(1703042871000)/",18650,100,324300,6053000000,0,true,0
"VIB",102728,"/Date(1703042871000)/",18650,100,324200,6051000000,0,true,0
"VIB",102728,"/Date(1703042871000)/",18650,500,324100,6050000000,0,true,0
"VIB",102728,"/Date(1703042871000)/",18650,200,323600,6040000000,0,true,0
"VIB",102725,"/Date(1703042869000)/",18650,100,323400,6037000000,0,true,0
"VIB",102722,"/Date(1703042863000)/",18700,1300,323300,6035000000,50,false,0.27
"VIB",102722,"/Date(1703042863000)/",18700,700,322000,6010000000,50,false,0.27
"VIB",101829,"/Date(1703042330000)/",18700,500,321300,5997000000,50,false,0.27
"VIB",101618,"/Date(1703042200000)/",18700,100,320800,5988000000,50,false,0.27
"VIB",101458,"/Date(1703042119000)/",18650,200,320700,5986000000,0,true,0
"VIB",101458,"/Date(1703042119000)/",18650,100,320500,5982000000,0,true,0
"VIB",101448,"/Date(1703042110000)/",18650,4400,320400,5980000000,0,true,0
"VIB",101407,"/Date(1703042069000)/",18650,500,316000,5898000000,0,true,0
"VIB",101400,"/Date(1703042062000)/",18700,6500,315500,5889000000,50,false,0.27
"VIB",101144,"/Date(1703041923000)/",18700,100,309000,5767000000,50,false,0.27
"VIB",100927,"/Date(1703041788000)/",18700,600,308900,5766000000,50,false,0.27
"VIB",100855,"/Date(1703041755000)/",18650,1000,308300,5754000000,0,true,0
"VIB",100855,"/Date(1703041755000)/",18650,200,307300,5736000000,0,true,0
"VIB",100600,"/Date(1703041580000)/",18650,100,307100,5732000000,0,true,0
"VIB",100532,"/Date(1703041547000)/",18700,300,307000,5730000000,50,false,0.27
"VIB",100202,"/Date(1703041342000)/",18650,700,306700,5725000000,0,true,0
"VIB",100149,"/Date(1703041327000)/",18650,100,306000,5711000000,0,false,0
"VIB",100136,"/Date(1703041317000)/",18650,200,305900,5710000000,0,false,0
"VIB",100130,"/Date(1703041309000)/",18600,400,305700,5706000000,-50,true,-0.27
"VIB",100124,"/Date(1703041303000)/",18600,1300,305300,5698000000,-50,true,-0.27
"VIB",100124,"/Date(1703041302000)/",18600,4400,304000,5674000000,-50,true,-0.27
"VIB",100108,"/Date(1703041289000)/",18600,100,299600,5592000000,-50,true,-0.27
"VIB",100058,"/Date(1703041279000)/",18650,2000,299500,5591000000,0,false,0
"VIB",100020,"/Date(1703041239000)/",18600,400,297500,5553000000,-50,true,-0.27
"VIB",100017,"/Date(1703041236000)/",18650,300,297100,5546000000,0,false,0
"VIB",100014,"/Date(1703041234000)/",18650,800,296800,5540000000,0,false,0
"VIB",100014,"/Date(1703041234000)/",18650,400,296000,5525000000,0,false,0
"VIB",100014,"/Date(1703041233000)/",18650,1200,295600,5518000000,0,false,0
"VIB",100011,"/Date(1703041231000)/",18650,1200,294400,5495000000,0,false,0
"VIB",100011,"/Date(1703041231000)/",18650,1200,293200,5473000000,0,false,0
"VIB",100007,"/Date(1703041227000)/",18650,400,292000,5451000000,0,false,0
"VIB",100007,"/Date(1703041227000)/",18650,800,291600,5443000000,0,false,0
"VIB",95942,"/Date(1703041201000)/",18600,1000,290800,5428000000,-50,true,-0.27
"VIB",95841,"/Date(1703041140000)/",18650,100,289800,5410000000,0,false,0
"VIB",95807,"/Date(1703041105000)/",18650,2900,289700,5408000000,0,false,0
"VIB",95634,"/Date(1703041012000)/",18650,600,286800,5354000000,0,false,0
"VIB",95625,"/Date(1703041002000)/",18650,4400,286200,5343000000,0,true,0
"VIB",95540,"/Date(1703040958000)/",18600,300,281800,5261000000,-50,true,-0.27
"VIB",95540,"/Date(1703040958000)/",18650,900,281500,5255000000,0,true,0
"VIB",95540,"/Date(1703040958000)/",18650,900,280600,5238000000,0,true,0
"VIB",95540,"/Date(1703040958000)/",18650,100,279700,5221000000,0,true,0
"VIB",95540,"/Date(1703040958000)/",18650,100,279600,5220000000,0,true,0
"VIB",95540,"/Date(1703040958000)/",18650,1000,279500,5218000000,0,true,0
"VIB",95540,"/Date(1703040958000)/",18650,300,278500,5199000000,0,true,0
"VIB",95540,"/Date(1703040958000)/",18650,200,278200,5193000000,0,true,0
"VIB",95540,"/Date(1703040958000)/",18650,100,278000,5190000000,0,true,0
"VIB",95540,"/Date(1703040958000)/",18650,200,277900,5188000000,0,true,0
"VIB",95540,"/Date(1703040958000)/",18650,2000,277700,5184000000,0,true,0
"VIB",95540,"/Date(1703040958000)/",18650,100,275700,5147000000,0,true,0
"VIB",95540,"/Date(1703040958000)/",18650,100,275600,5145000000,0,true,0
"VIB",95540,"/Date(1703040958000)/",18650,100,275500,5143000000,0,true,0
"VIB",95540,"/Date(1703040958000)/",18650,500,275400,5141000000,0,true,0
"VIB",95148,"/Date(1703040727000)/",18650,1000,274900,5132000000,0,true,0
"VIB",94812,"/Date(1703040511000)/",18650,500,273900,5113000000,0,true,0
"VIB",94812,"/Date(1703040511000)/",18650,500,273400,5104000000,0,true,0
"VIB",94602,"/Date(1703040380000)/",18600,17700,272900,5095000000,-50,true,-0.27
"VIB",94602,"/Date(1703040380000)/",18600,100,255200,4765000000,-50,true,-0.27
"VIB",94602,"/Date(1703040380000)/",18600,300,255100,4763000000,-50,true,-0.27
"VIB",94602,"/Date(1703040380000)/",18600,200,254800,4758000000,-50,true,-0.27
"VIB",94602,"/Date(1703040380000)/",18600,1000,254600,4754000000,-50,true,-0.27
"VIB",94602,"/Date(1703040380000)/",18600,2000,253600,4736000000,-50,true,-0.27
"VIB",94602,"/Date(1703040380000)/",18600,10000,251600,4698000000,-50,true,-0.27
"VIB",94602,"/Date(1703040380000)/",18600,100,241600,4512000000,-50,true,-0.27
"VIB",94602,"/Date(1703040380000)/",18600,200,241500,4511000000,-50,true,-0.27
"VIB",94602,"/Date(1703040380000)/",18600,100,241300,4507000000,-50,true,-0.27
"VIB",94602,"/Date(1703040380000)/",18600,1000,241200,4505000000,-50,true,-0.27
"VIB",94602,"/Date(1703040380000)/",18600,19600,240200,4486000000,-50,true,-0.27
"VIB",94602,"/Date(1703040380000)/",18650,500,220600,4122000000,0,true,0
"VIB",94602,"/Date(1703040380000)/",18650,100,220100,4112000000,0,true,0
"VIB",94602,"/Date(1703040380000)/",18650,100,220000,4111000000,0,true,0
"VIB",94602,"/Date(1703040380000)/",18650,400,219900,4109000000,0,true,0
"VIB",94602,"/Date(1703040380000)/",18650,100,219500,4101000000,0,true,0
"VIB",94602,"/Date(1703040380000)/",18650,100,219400,4099000000,0,true,0
"VIB",94602,"/Date(1703040380000)/",18650,100,219300,4098000000,0,true,0
"VIB",94602,"/Date(1703040380000)/",18650,1000,219200,4096000000,0,true,0
"VIB",94602,"/Date(1703040380000)/",18650,1000,218200,4077000000,0,true,0
"VIB",94602,"/Date(1703040380000)/",18650,9800,217200,4058000000,0,true,0
"VIB",94602,"/Date(1703040380000)/",18700,1000,207400,3876000000,50,true,0.27
"VIB",94602,"/Date(1703040380000)/",18700,100,206400,3857000000,50,true,0.27
"VIB",94602,"/Date(1703040380000)/",18700,8100,206300,3855000000,50,true,0.27
"VIB",94527,"/Date(1703040343000)/",18700,1100,198200,3704000000,50,true,0.27
"VIB",94520,"/Date(1703040339000)/",18700,800,197100,3683000000,50,true,0.27
"VIB",94520,"/Date(1703040339000)/",18700,200,196300,3668000000,50,true,0.27
"VIB",94520,"/Date(1703040339000)/",18700,100,196100,3664000000,50,true,0.27
"VIB",94407,"/Date(1703040264000)/",18700,100,196000,3662000000,50,true,0.27
"VIB",94401,"/Date(1703040260000)/",18700,400,195900,3661000000,50,false,0.27
"VIB",94401,"/Date(1703040260000)/",18700,4600,195500,3653000000,50,false,0.27
"VIB",94339,"/Date(1703040236000)/",18700,1600,190900,3567000000,50,false,0.27
"VIB",94119,"/Date(1703040098000)/",18700,5300,189300,3537000000,50,false,0.27
"VIB",93941,"/Date(1703039999000)/",18650,200,184000,3438000000,0,true,0
"VIB",93941,"/Date(1703039999000)/",18650,800,183800,3434000000,0,true,0
"VIB",93821,"/Date(1703039919000)/",18650,200,183000,3419000000,0,true,0
"VIB",93821,"/Date(1703039919000)/",18650,600,182800,3416000000,0,true,0
"VIB",93743,"/Date(1703039881000)/",18700,100,182200,3404000000,50,false,0.27
"VIB",93731,"/Date(1703039868000)/",18650,1100,182100,3403000000,0,true,0
"VIB",93724,"/Date(1703039862000)/",18650,1100,181000,3382000000,0,true,0
"VIB",93715,"/Date(1703039851000)/",18650,600,179900,3362000000,0,true,0
"VIB",93715,"/Date(1703039851000)/",18650,500,179300,3350000000,0,true,0
"VIB",93708,"/Date(1703039846000)/",18650,1100,178800,3341000000,0,true,0
"VIB",93633,"/Date(1703039809000)/",18700,100,177700,3321000000,50,false,0.27
"VIB",93627,"/Date(1703039805000)/",18650,1100,177600,3319000000,0,true,0
"VIB",93614,"/Date(1703039792000)/",18650,1100,176500,3298000000,0,true,0
"VIB",93514,"/Date(1703039732000)/",18700,100,175400,3278000000,50,true,0.27
"VIB",93514,"/Date(1703039732000)/",18700,2000,175300,3276000000,50,true,0.27
"VIB",93514,"/Date(1703039732000)/",18700,1000,173300,3238000000,50,true,0.27
"VIB",93514,"/Date(1703039732000)/",18700,500,172300,3220000000,50,true,0.27
"VIB",93514,"/Date(1703039732000)/",18700,1900,171800,3210000000,50,true,0.27
"VIB",93511,"/Date(1703039728000)/",18700,100,169900,3175000000,50,true,0.27
"VIB",93511,"/Date(1703039728000)/",18700,1000,169800,3173000000,50,true,0.27
"VIB",93455,"/Date(1703039712000)/",18700,1100,168800,3154000000,50,true,0.27
"VIB",93417,"/Date(1703039672000)/",18700,1100,167700,3134000000,50,true,0.27
"VIB",93304,"/Date(1703039599000)/",18700,1100,166600,3113000000,50,true,0.27
"VIB",93258,"/Date(1703039595000)/",18700,700,165500,3093000000,50,true,0.27
"VIB",93258,"/Date(1703039595000)/",18700,400,164800,3079000000,50,true,0.27
"VIB",93242,"/Date(1703039579000)/",18700,4400,164400,3072000000,50,true,0.27
"VIB",93201,"/Date(1703039537000)/",18750,600,160000,2990000000,100,false,0.54
"VIB",93201,"/Date(1703039537000)/",18750,200,159400,2978000000,100,false,0.54
"VIB",93151,"/Date(1703039527000)/",18700,5200,159200,2975000000,50,true,0.27
"VIB",93135,"/Date(1703039512000)/",18700,25000,154000,2877000000,50,false,0.27
"VIB",93038,"/Date(1703039455000)/",18650,200,129000,2410000000,0,true,0
"VIB",93010,"/Date(1703039427000)/",18650,500,128800,2406000000,0,true,0
"VIB",92947,"/Date(1703039404000)/",18650,4400,128300,2397000000,0,true,0
"VIB",92932,"/Date(1703039387000)/",18650,1100,123900,2315000000,0,true,0
"VIB",92825,"/Date(1703039322000)/",18600,4400,122800,2294000000,-50,true,-0.27
"VIB",92718,"/Date(1703039255000)/",18600,1800,118400,2212000000,-50,true,-0.27
"VIB",92718,"/Date(1703039255000)/",18600,200,116600,2179000000,-50,true,-0.27
"VIB",92715,"/Date(1703039250000)/",18600,1100,116400,2175000000,-50,true,-0.27
"VIB",92709,"/Date(1703039245000)/",18600,1100,115300,2155000000,-50,true,-0.27
"VIB",92659,"/Date(1703039236000)/",18600,1100,114200,2134000000,-50,true,-0.27
"VIB",92653,"/Date(1703039228000)/",18650,1000,113100,2114000000,0,false,0
"VIB",92653,"/Date(1703039228000)/",18650,100,112100,2095000000,0,false,0
"VIB",92650,"/Date(1703039224000)/",18650,1100,112000,2093000000,0,true,0
"VIB",92646,"/Date(1703039224000)/",18700,500,110900,2073000000,50,false,0.27
"VIB",92643,"/Date(1703039219000)/",18650,1100,110400,2063000000,0,true,0
"VIB",92605,"/Date(1703039181000)/",18650,1100,109300,2043000000,0,true,0
"VIB",92546,"/Date(1703039162000)/",18650,1100,108200,2022000000,0,true,0
"VIB",92540,"/Date(1703039157000)/",18650,1100,107100,2002000000,0,true,0
"VIB",92537,"/Date(1703039152000)/",18650,1100,106000,1981000000,0,true,0
"VIB",92527,"/Date(1703039142000)/",18650,1100,104900,1961000000,0,true,0
"VIB",92521,"/Date(1703039137000)/",18650,1100,103800,1940000000,0,true,0
"VIB",92508,"/Date(1703039122000)/",18650,1100,102700,1920000000,0,false,0
"VIB",92443,"/Date(1703039097000)/",18600,500,101600,1899000000,-50,true,-0.27
"VIB",92433,"/Date(1703039090000)/",18600,200,101100,1890000000,-50,true,-0.27
"VIB",92433,"/Date(1703039090000)/",18600,600,100900,1886000000,-50,true,-0.27
"VIB",92433,"/Date(1703039090000)/",18600,300,100300,1875000000,-50,true,-0.27
"VIB",92427,"/Date(1703039084000)/",18600,1100,100000,1870000000,-50,true,-0.27
"VIB",92421,"/Date(1703039075000)/",18600,600,98900,1849000000,-50,true,-0.27
"VIB",92421,"/Date(1703039075000)/",18600,3800,98300,1838000000,-50,true,-0.27
"VIB",92414,"/Date(1703039071000)/",18600,1100,94500,1767000000,-50,true,-0.27
"VIB",92349,"/Date(1703039046000)/",18600,4300,93400,1747000000,-50,true,-0.27
"VIB",92349,"/Date(1703039046000)/",18650,100,89100,1667000000,0,false,0
"VIB",92252,"/Date(1703038988000)/",18600,700,89000,1665000000,-50,true,-0.27
"VIB",92252,"/Date(1703038988000)/",18600,100,88300,1652000000,-50,true,-0.27
"VIB",92252,"/Date(1703038988000)/",18600,1000,88200,1650000000,-50,true,-0.27
"VIB",92252,"/Date(1703038988000)/",18600,100,87200,1632000000,-50,true,-0.27
"VIB",92252,"/Date(1703038988000)/",18600,900,87100,1630000000,-50,true,-0.27
"VIB",92252,"/Date(1703038988000)/",18650,100,86200,1613000000,0,false,0
"VIB",92252,"/Date(1703038988000)/",18650,1500,86100,1611000000,0,false,0
"VIB",92239,"/Date(1703038974000)/",18650,100,84600,1583000000,0,true,0
"VIB",92239,"/Date(1703038974000)/",18650,1400,84500,1581000000,0,true,0
"VIB",92239,"/Date(1703038974000)/",18650,2000,83100,1555000000,0,true,0
"VIB",92239,"/Date(1703038974000)/",18650,1000,81100,1518000000,0,true,0
"VIB",92142,"/Date(1703038916000)/",18600,100,80100,1499000000,-50,true,-0.27
"VIB",92142,"/Date(1703038916000)/",18600,100,80000,1497000000,-50,true,-0.27
"VIB",92142,"/Date(1703038916000)/",18650,600,79900,1495000000,0,false,0
"VIB",92142,"/Date(1703038916000)/",18650,100,79300,1484000000,0,false,0
"VIB",92142,"/Date(1703038916000)/",18650,200,79200,1482000000,0,false,0
"VIB",92142,"/Date(1703038916000)/",18650,400,79000,1479000000,0,false,0
"VIB",92142,"/Date(1703038916000)/",18650,2900,78600,1471000000,0,false,0
"VIB",92123,"/Date(1703038900000)/",18650,100,75700,1417000000,0,true,0
"VIB",91958,"/Date(1703038812000)/",18650,2000,75600,1415000000,0,true,0
"VIB",91958,"/Date(1703038812000)/",18650,500,73600,1378000000,0,true,0
"VIB",91958,"/Date(1703038812000)/",18650,100,73100,1369000000,0,true,0
"VIB",91958,"/Date(1703038812000)/",18650,1800,73000,1367000000,0,true,0
"VIB",91942,"/Date(1703038796000)/",18650,200,71200,1333000000,0,true,0
"VIB",91942,"/Date(1703038796000)/",18650,900,71000,1329000000,0,true,0
"VIB",91936,"/Date(1703038792000)/",18650,1100,70100,1313000000,0,true,0
"VIB",91914,"/Date(1703038770000)/",18650,1100,69000,1292000000,0,true,0
"VIB",91907,"/Date(1703038761000)/",18650,1100,67900,1272000000,0,true,0
"VIB",91854,"/Date(1703038749000)/",18650,1100,66800,1251000000,0,true,0
"VIB",91848,"/Date(1703038742000)/",18650,1100,65700,1231000000,0,true,0
"VIB",91836,"/Date(1703038732000)/",18650,200,64600,1210000000,0,true,0
"VIB",91836,"/Date(1703038732000)/",18650,100,64400,1206000000,0,true,0
"VIB",91836,"/Date(1703038732000)/",18650,200,64300,1204000000,0,true,0
"VIB",91836,"/Date(1703038732000)/",18650,100,64100,1201000000,0,true,0
"VIB",91836,"/Date(1703038732000)/",18650,500,64000,1199000000,0,true,0
"VIB",91829,"/Date(1703038725000)/",18650,1100,63500,1190000000,0,true,0
"VIB",91817,"/Date(1703038710000)/",18650,1000,62400,1169000000,0,true,0
"VIB",91817,"/Date(1703038710000)/",18650,3000,61400,1150000000,0,true,0
"VIB",91817,"/Date(1703038710000)/",18650,100,58400,1094000000,0,true,0
"VIB",91817,"/Date(1703038710000)/",18650,100,58300,1093000000,0,true,0
"VIB",91817,"/Date(1703038710000)/",18650,200,58200,1091000000,0,true,0
"VIB",91810,"/Date(1703038706000)/",18650,1100,58000,1087000000,0,true,0
"VIB",91745,"/Date(1703038679000)/",18650,800,56900,1066000000,0,true,0
"VIB",91745,"/Date(1703038679000)/",18650,100,56100,1052000000,0,true,0
"VIB",91745,"/Date(1703038679000)/",18650,200,56000,1050000000,0,true,0
"VIB",91739,"/Date(1703038675000)/",18650,800,55800,1046000000,0,true,0
"VIB",91739,"/Date(1703038675000)/",18650,300,55000,1031000000,0,true,0
"VIB",91726,"/Date(1703038660000)/",18650,200,54700,1025000000,0,true,0
"VIB",91726,"/Date(1703038660000)/",18650,4200,54500,1022000000,0,true,0
"VIB",91723,"/Date(1703038659000)/",18650,100,50300,943000000,0,true,0
"VIB",91723,"/Date(1703038659000)/",18700,1000,50200,942000000,50,false,0.27
"VIB",91717,"/Date(1703038652000)/",18650,1100,49200,923000000,0,true,0
"VIB",91710,"/Date(1703038645000)/",18650,1100,48100,902000000,0,true,0
"VIB",91704,"/Date(1703038639000)/",18650,1100,47000,882000000,0,true,0
"VIB",91658,"/Date(1703038633000)/",18650,1100,45900,861000000,0,true,0
"VIB",91614,"/Date(1703038587000)/",18650,1100,44800,841000000,0,true,0
"VIB",91548,"/Date(1703038562000)/",18650,200,43700,820000000,0,true,0
"VIB",91548,"/Date(1703038562000)/",18650,400,43500,817000000,0,true,0
"VIB",91548,"/Date(1703038562000)/",18650,500,43100,809000000,0,true,0
"VIB",91536,"/Date(1703038552000)/",18650,1000,42600,800000000,0,true,0
"VIB",91536,"/Date(1703038552000)/",18650,100,41600,781000000,0,true,0
"VIB",91530,"/Date(1703038545000)/",18650,400,41500,779000000,0,true,0
"VIB",91530,"/Date(1703038545000)/",18650,200,41100,772000000,0,true,0
"VIB",91530,"/Date(1703038545000)/",18700,500,40900,768000000,50,false,0.27
"VIB",91520,"/Date(1703038536000)/",18700,1100,40400,759000000,50,true,0.27
"VIB",91517,"/Date(1703038530000)/",18700,100,39300,738000000,50,true,0.27
"VIB",91514,"/Date(1703038530000)/",18700,1100,39200,736000000,50,true,0.27
"VIB",91511,"/Date(1703038526000)/",18700,200,38100,716000000,50,true,0.27
"VIB",91511,"/Date(1703038526000)/",18700,100,37900,712000000,50,true,0.27
"VIB",91511,"/Date(1703038526000)/",18700,700,37800,710000000,50,true,0.27
"VIB",91511,"/Date(1703038526000)/",18700,100,37100,697000000,50,true,0.27
"VIB",91449,"/Date(1703038500000)/",18800,37000,37000,695000000,150,false,0.8
