"Stockcode","Package","TradingDate","Price","Vol","TotalVol","TotalVal","Change","IsBuy","PerChange"
"VIX",144420,"/Date(1703058300000)/",16950,853400,17481900,296159000000,150,true,0.89
"VIX",142909,"/Date(1703057398000)/",16950,1000,16628500,281694000000,150,true,0.89
"VIX",142906,"/Date(1703057393000)/",17000,1400,16627500,281677000000,200,false,1.19
"VIX",142906,"/Date(1703057393000)/",17000,500,16626100,281653000000,200,false,1.19
"VIX",142906,"/Date(1703057393000)/",17000,1000,16625600,281645000000,200,false,1.19
"VIX",142906,"/Date(1703057393000)/",17000,300,16624600,281628000000,200,false,1.19
"VIX",142906,"/Date(1703057393000)/",17000,1800,16624300,281623000000,200,false,1.19
"VIX",142903,"/Date(1703057392000)/",17000,1200,16622500,281592000000,200,false,1.19
"VIX",142903,"/Date(1703057392000)/",17000,2000,16621300,281572000000,200,false,1.19
"VIX",142903,"/Date(1703057392000)/",17000,100,16619300,281538000000,200,false,1.19
"VIX",142903,"/Date(1703057392000)/",17000,10000,16619200,281536000000,200,false,1.19
"VIX",142903,"/Date(1703057392000)/",17000,6700,16609200,281366000000,200,false,1.19
"VIX",142903,"/Date(1703057391000)/",17000,300,16602500,281252000000,200,false,1.19
"VIX",142900,"/Date(1703057388000)/",17000,1000,16602200,281247000000,200,false,1.19
"VIX",142900,"/Date(1703057386000)/",17000,2000,16601200,281230000000,200,false,1.19
"VIX",142856,"/Date(1703057383000)/",17000,3300,16599200,281196000000,200,false,1.19
"VIX",142856,"/Date(1703057383000)/",17000,4700,16595900,281140000000,200,false,1.19
"VIX",142853,"/Date(1703057382000)/",16950,100,16591200,281060000000,150,true,0.89
"VIX",142853,"/Date(1703057382000)/",16950,5000,16591100,281058000000,150,true,0.89
"VIX",142850,"/Date(1703057378000)/",16950,500,16586100,280973000000,150,true,0.89
"VIX",142850,"/Date(1703057376000)/",17000,1000,16585600,280965000000,200,false,1.19
"VIX",142844,"/Date(1703057370000)/",16950,100,16584600,280948000000,150,true,0.89
"VIX",142840,"/Date(1703057369000)/",17000,3000,16584500,280946000000,200,false,1.19
"VIX",142840,"/Date(1703057368000)/",17000,200,16581500,280895000000,200,false,1.19
"VIX",142840,"/Date(1703057368000)/",17000,2600,16581300,280892000000,200,false,1.19
"VIX",142840,"/Date(1703057368000)/",17000,1000,16578700,280848000000,200,false,1.19
"VIX",142840,"/Date(1703057368000)/",17000,500,16577700,280831000000,200,false,1.19
"VIX",142831,"/Date(1703057359000)/",17000,100,16577200,280822000000,200,false,1.19
"VIX",142831,"/Date(1703057357000)/",17000,400,16577100,280820000000,200,false,1.19
"VIX",142831,"/Date(1703057357000)/",17000,100,16576700,280814000000,200,false,1.19
"VIX",142828,"/Date(1703057356000)/",17000,900,16576600,280812000000,200,false,1.19
"VIX",142828,"/Date(1703057356000)/",17000,4100,16575700,280797000000,200,false,1.19
"VIX",142828,"/Date(1703057355000)/",17000,10900,16571600,280727000000,200,false,1.19
"VIX",142828,"/Date(1703057355000)/",17000,3000,16560700,280542000000,200,false,1.19
"VIX",142828,"/Date(1703057355000)/",17000,100,16557700,280491000000,200,false,1.19
"VIX",142828,"/Date(1703057355000)/",17000,500,16557600,280489000000,200,false,1.19
"VIX",142828,"/Date(1703057355000)/",17000,8700,16557100,280480000000,200,false,1.19
"VIX",142824,"/Date(1703057352000)/",17000,500,16548400,280333000000,200,false,1.19
"VIX",142821,"/Date(1703057347000)/",17000,8000,16547900,280324000000,200,false,1.19
"VIX",142818,"/Date(1703057346000)/",16950,1000,16539900,280188000000,150,true,0.89
"VIX",142815,"/Date(1703057343000)/",17000,100,16538900,280171000000,200,false,1.19
"VIX",142815,"/Date(1703057341000)/",17000,2000,16538800,280169000000,200,false,1.19
"VIX",142812,"/Date(1703057339000)/",17000,300,16536800,280135000000,200,false,1.19
"VIX",142805,"/Date(1703057334000)/",17000,100,16536500,280130000000,200,false,1.19
"VIX",142759,"/Date(1703057328000)/",17000,10300,16536400,280129000000,200,false,1.19
"VIX",142759,"/Date(1703057328000)/",17000,5000,16526100,279954000000,200,false,1.19
"VIX",142759,"/Date(1703057328000)/",17000,1400,16521100,279869000000,200,false,1.19
"VIX",142759,"/Date(1703057328000)/",17000,5000,16519700,279845000000,200,false,1.19
"VIX",142759,"/Date(1703057328000)/",17000,400,16514700,279760000000,200,false,1.19
"VIX",142759,"/Date(1703057328000)/",17000,1400,16514300,279753000000,200,false,1.19
"VIX",142759,"/Date(1703057328000)/",17000,300,16512900,279729000000,200,false,1.19
"VIX",142759,"/Date(1703057328000)/",17000,200,16512600,279724000000,200,false,1.19
"VIX",142759,"/Date(1703057328000)/",17000,200,16512400,279721000000,200,false,1.19
"VIX",142759,"/Date(1703057328000)/",17000,5800,16512200,279717000000,200,false,1.19
"VIX",142759,"/Date(1703057327000)/",16950,1000,16506400,279619000000,150,true,0.89
"VIX",142759,"/Date(1703057327000)/",16950,700,16505400,279602000000,150,true,0.89
"VIX",142756,"/Date(1703057324000)/",17000,1000,16504700,279590000000,200,false,1.19
"VIX",142752,"/Date(1703057320000)/",16950,500,16503700,279573000000,150,true,0.89
"VIX",142746,"/Date(1703057315000)/",17000,500,16503200,279564000000,200,false,1.19
"VIX",142746,"/Date(1703057315000)/",17000,400,16502700,279556000000,200,false,1.19
"VIX",142746,"/Date(1703057314000)/",17000,2000,16502300,279549000000,200,false,1.19
"VIX",142740,"/Date(1703057308000)/",17000,300,16500300,279515000000,200,false,1.19
"VIX",142740,"/Date(1703057308000)/",17000,700,16500000,279510000000,200,false,1.19
"VIX",142740,"/Date(1703057307000)/",17000,100,16499300,279498000000,200,false,1.19
"VIX",142740,"/Date(1703057307000)/",16950,9200,16499200,279496000000,150,true,0.89
"VIX",142740,"/Date(1703057307000)/",17000,100,16490000,279340000000,200,false,1.19
"VIX",142740,"/Date(1703057307000)/",17000,900,16489900,279339000000,200,false,1.19
"VIX",142736,"/Date(1703057304000)/",17000,400,16489000,279323000000,200,false,1.19
"VIX",142736,"/Date(1703057304000)/",17000,1000,16488600,279317000000,200,false,1.19
"VIX",142736,"/Date(1703057304000)/",17000,200,16487600,279300000000,200,false,1.19
"VIX",142736,"/Date(1703057304000)/",17000,100,16487400,279296000000,200,false,1.19
"VIX",142736,"/Date(1703057304000)/",17000,1000,16487300,279294000000,200,false,1.19
"VIX",142736,"/Date(1703057304000)/",17000,1800,16486300,279277000000,200,false,1.19
"VIX",142736,"/Date(1703057304000)/",17000,3200,16484500,279247000000,200,false,1.19
"VIX",142736,"/Date(1703057304000)/",17000,500,16481300,279192000000,200,false,1.19
"VIX",142736,"/Date(1703057304000)/",17000,1000,16480800,279184000000,200,false,1.19
"VIX",142736,"/Date(1703057304000)/",17000,1100,16479800,279167000000,200,false,1.19
"VIX",142736,"/Date(1703057304000)/",17000,5000,16478700,279148000000,200,false,1.19
"VIX",142736,"/Date(1703057304000)/",17000,200,16473700,279063000000,200,false,1.19
"VIX",142733,"/Date(1703057301000)/",17000,500,16473500,279060000000,200,false,1.19
"VIX",142733,"/Date(1703057301000)/",17000,300,16473000,279051000000,200,false,1.19
"VIX",142733,"/Date(1703057301000)/",17000,600,16472700,279046000000,200,false,1.19
"VIX",142730,"/Date(1703057298000)/",17000,100,16472100,279036000000,200,false,1.19
"VIX",142720,"/Date(1703057287000)/",17000,5000,16472000,279034000000,200,false,1.19
"VIX",142717,"/Date(1703057286000)/",17000,3000,16467000,278949000000,200,true,1.19
"VIX",142717,"/Date(1703057286000)/",17000,10000,16464000,278898000000,200,true,1.19
"VIX",142717,"/Date(1703057286000)/",17000,500,16454000,278728000000,200,true,1.19
"VIX",142717,"/Date(1703057286000)/",17000,1000,16453500,278720000000,200,true,1.19
"VIX",142717,"/Date(1703057286000)/",17000,800,16452500,278703000000,200,true,1.19
"VIX",142717,"/Date(1703057286000)/",17000,1200,16451700,278689000000,200,true,1.19
"VIX",142717,"/Date(1703057286000)/",17000,100,16450500,278669000000,200,true,1.19
"VIX",142717,"/Date(1703057286000)/",17000,2000,16450400,278667000000,200,true,1.19
"VIX",142717,"/Date(1703057286000)/",17000,200,16448400,278633000000,200,true,1.19
"VIX",142717,"/Date(1703057286000)/",17000,500,16448200,278630000000,200,true,1.19
"VIX",142717,"/Date(1703057285000)/",17000,500,16447700,278621000000,200,true,1.19
"VIX",142717,"/Date(1703057285000)/",17000,500,16447200,278613000000,200,true,1.19
"VIX",142717,"/Date(1703057285000)/",17000,1400,16446700,278604000000,200,true,1.19
"VIX",142717,"/Date(1703057285000)/",17000,8000,16445300,278580000000,200,true,1.19
"VIX",142717,"/Date(1703057285000)/",17000,500,16437300,278444000000,200,true,1.19
"VIX",142717,"/Date(1703057284000)/",17000,100,16436800,278436000000,200,true,1.19
"VIX",142717,"/Date(1703057284000)/",17000,4000,16436700,278434000000,200,true,1.19
"VIX",142717,"/Date(1703057284000)/",17000,900,16432700,278366000000,200,true,1.19
"VIX",142717,"/Date(1703057284000)/",17000,1100,16431800,278351000000,200,true,1.19
"VIX",142717,"/Date(1703057284000)/",17000,6000,16430700,278332000000,200,true,1.19
"VIX",142717,"/Date(1703057284000)/",17000,100,16424700,278230000000,200,true,1.19
"VIX",142717,"/Date(1703057284000)/",17000,300,16424600,278229000000,200,true,1.19
"VIX",142717,"/Date(1703057284000)/",17000,1000,16424300,278223000000,200,true,1.19
"VIX",142717,"/Date(1703057284000)/",17000,6000,16423300,278206000000,200,true,1.19
"VIX",142717,"/Date(1703057284000)/",17000,200,16417300,278104000000,200,true,1.19
"VIX",142717,"/Date(1703057284000)/",17000,100,16417100,278101000000,200,true,1.19
"VIX",142717,"/Date(1703057284000)/",17000,2300,16417000,278099000000,200,true,1.19
"VIX",142717,"/Date(1703057284000)/",17000,1000,16414700,278060000000,200,true,1.19
"VIX",142717,"/Date(1703057284000)/",17000,1000,16413700,278043000000,200,true,1.19
"VIX",142717,"/Date(1703057284000)/",17000,900,16412700,278026000000,200,true,1.19
"VIX",142717,"/Date(1703057284000)/",17000,2000,16411800,278011000000,200,true,1.19
"VIX",142714,"/Date(1703057283000)/",17000,100,16409800,277977000000,200,true,1.19
"VIX",142714,"/Date(1703057283000)/",17000,900,16409700,277975000000,200,true,1.19
"VIX",142714,"/Date(1703057282000)/",17000,4100,16408800,277960000000,200,true,1.19
"VIX",142714,"/Date(1703057282000)/",17000,1000,16404700,277890000000,200,true,1.19
"VIX",142714,"/Date(1703057282000)/",17000,500,16403700,277873000000,200,true,1.19
"VIX",142714,"/Date(1703057282000)/",17000,10000,16403200,277865000000,200,true,1.19
"VIX",142714,"/Date(1703057282000)/",17000,500,16393200,277695000000,200,true,1.19
"VIX",142714,"/Date(1703057282000)/",17000,100,16392700,277686000000,200,true,1.19
"VIX",142714,"/Date(1703057282000)/",17000,500,16392600,277685000000,200,true,1.19
"VIX",142714,"/Date(1703057282000)/",17000,100,16392100,277676000000,200,true,1.19
"VIX",142714,"/Date(1703057282000)/",17000,500,16392000,277674000000,200,true,1.19
"VIX",142714,"/Date(1703057282000)/",17000,3900,16391500,277666000000,200,true,1.19
"VIX",142714,"/Date(1703057282000)/",17000,500,16387600,277600000000,200,true,1.19
"VIX",142714,"/Date(1703057282000)/",17000,400,16387100,277591000000,200,true,1.19
"VIX",142714,"/Date(1703057282000)/",17000,2000,16386700,277584000000,200,true,1.19
"VIX",142714,"/Date(1703057282000)/",17000,100,16384700,277550000000,200,true,1.19
"VIX",142714,"/Date(1703057282000)/",17000,1000,16384600,277549000000,200,true,1.19
"VIX",142714,"/Date(1703057282000)/",17000,300,16383600,277532000000,200,true,1.19
"VIX",142714,"/Date(1703057282000)/",17000,1000,16383300,277526000000,200,true,1.19
"VIX",142714,"/Date(1703057282000)/",17000,200,16382300,277509000000,200,true,1.19
"VIX",142714,"/Date(1703057282000)/",17000,1000,16382100,277506000000,200,true,1.19
"VIX",142714,"/Date(1703057282000)/",17000,100,16381100,277489000000,200,true,1.19
"VIX",142714,"/Date(1703057282000)/",17000,200,16381000,277487000000,200,true,1.19
"VIX",142714,"/Date(1703057282000)/",17000,100,16380800,277484000000,200,true,1.19
"VIX",142714,"/Date(1703057282000)/",17000,500,16380700,277482000000,200,true,1.19
"VIX",142714,"/Date(1703057282000)/",17000,100,16380200,277474000000,200,true,1.19
"VIX",142714,"/Date(1703057282000)/",17000,500,16380100,277472000000,200,true,1.19
"VIX",142714,"/Date(1703057282000)/",17000,2700,16379600,277464000000,200,true,1.19
"VIX",142714,"/Date(1703057282000)/",17000,1000,16376900,277418000000,200,true,1.19
"VIX",142714,"/Date(1703057281000)/",17000,5000,16375900,277401000000,200,true,1.19
"VIX",142714,"/Date(1703057281000)/",17000,100,16370900,277316000000,200,true,1.19
"VIX",142714,"/Date(1703057281000)/",17000,100,16370800,277314000000,200,true,1.19
"VIX",142714,"/Date(1703057281000)/",17000,800,16370700,277312000000,200,true,1.19
"VIX",142714,"/Date(1703057281000)/",17000,200,16369900,277299000000,200,true,1.19
"VIX",142714,"/Date(1703057281000)/",17000,1500,16369700,277295000000,200,true,1.19
"VIX",142714,"/Date(1703057281000)/",17000,500,16368200,277270000000,200,true,1.19
"VIX",142714,"/Date(1703057281000)/",17000,1000,16367700,277261000000,200,true,1.19
"VIX",142714,"/Date(1703057281000)/",17000,500,16366700,277244000000,200,true,1.19
"VIX",142714,"/Date(1703057281000)/",17000,1300,16366200,277236000000,200,true,1.19
"VIX",142714,"/Date(1703057280000)/",17000,5600,16364900,277214000000,200,true,1.19
"VIX",142711,"/Date(1703057280000)/",17050,1800,16359300,277118000000,250,false,1.49
"VIX",142711,"/Date(1703057279000)/",17000,600,16357500,277088000000,200,true,1.19
"VIX",142711,"/Date(1703057279000)/",17000,2500,16356900,277078000000,200,true,1.19
"VIX",142711,"/Date(1703057279000)/",17000,1500,16354400,277035000000,200,true,1.19
"VIX",142711,"/Date(1703057279000)/",17000,12000,16352900,277010000000,200,true,1.19
"VIX",142711,"/Date(1703057279000)/",17000,10000,16340900,276806000000,200,true,1.19
"VIX",142711,"/Date(1703057279000)/",17000,5000,16330900,276636000000,200,true,1.19
"VIX",142711,"/Date(1703057279000)/",17000,300,16325900,276551000000,200,true,1.19
"VIX",142711,"/Date(1703057279000)/",17000,18700,16325600,276545000000,200,true,1.19
"VIX",142711,"/Date(1703057277000)/",17000,1300,16306900,276228000000,200,true,1.19
"VIX",142711,"/Date(1703057277000)/",17000,5000,16305600,276205000000,200,true,1.19
"VIX",142711,"/Date(1703057277000)/",17000,3900,16300600,276120000000,200,true,1.19
"VIX",142711,"/Date(1703057277000)/",17000,500,16296700,276054000000,200,true,1.19
"VIX",142711,"/Date(1703057277000)/",17000,2000,16296200,276046000000,200,true,1.19
"VIX",142711,"/Date(1703057277000)/",17000,100,16294200,276012000000,200,true,1.19
"VIX",142711,"/Date(1703057277000)/",17000,2200,16294100,276010000000,200,true,1.19
"VIX",142704,"/Date(1703057272000)/",17000,1500,16291900,275973000000,200,true,1.19
"VIX",142704,"/Date(1703057271000)/",17000,6300,16290400,275947000000,200,true,1.19
"VIX",142704,"/Date(1703057271000)/",17000,1000,16284100,275840000000,200,true,1.19
"VIX",142704,"/Date(1703057271000)/",17000,1700,16283100,275823000000,200,true,1.19
"VIX",142704,"/Date(1703057271000)/",17000,1300,16281400,275794000000,200,true,1.19
"VIX",142704,"/Date(1703057271000)/",17000,100,16280100,275772000000,200,true,1.19
"VIX",142704,"/Date(1703057271000)/",17000,1000,16280000,275770000000,200,true,1.19
"VIX",142704,"/Date(1703057271000)/",17000,800,16279000,275753000000,200,true,1.19
"VIX",142704,"/Date(1703057271000)/",17000,2000,16278200,275740000000,200,true,1.19
"VIX",142704,"/Date(1703057271000)/",17000,2000,16276200,275706000000,200,true,1.19
"VIX",142704,"/Date(1703057271000)/",17000,200,16274200,275672000000,200,true,1.19
"VIX",142704,"/Date(1703057271000)/",17000,400,16274000,275668000000,200,true,1.19
"VIX",142704,"/Date(1703057271000)/",17000,1000,16273600,275661000000,200,true,1.19
"VIX",142704,"/Date(1703057271000)/",17000,200,16272600,275644000000,200,true,1.19
"VIX",142704,"/Date(1703057271000)/",17000,1000,16272400,275641000000,200,true,1.19
"VIX",142701,"/Date(1703057269000)/",17000,1000,16271400,275624000000,200,true,1.19
"VIX",142701,"/Date(1703057269000)/",17000,1000,16270400,275607000000,200,true,1.19
"VIX",142701,"/Date(1703057268000)/",17000,2000,16269400,275590000000,200,true,1.19
"VIX",142658,"/Date(1703057267000)/",17000,500,16267400,275556000000,200,true,1.19
"VIX",142658,"/Date(1703057266000)/",17000,2500,16266900,275548000000,200,true,1.19
"VIX",142658,"/Date(1703057266000)/",17000,600,16264400,275505000000,200,true,1.19
"VIX",142658,"/Date(1703057266000)/",17000,1900,16263800,275495000000,200,true,1.19
"VIX",142655,"/Date(1703057264000)/",17000,100,16261900,275463000000,200,true,1.19
"VIX",142655,"/Date(1703057264000)/",17000,100,16261800,275461000000,200,true,1.19
"VIX",142655,"/Date(1703057264000)/",17000,800,16261700,275459000000,200,true,1.19
"VIX",142655,"/Date(1703057263000)/",17000,200,16260900,275446000000,200,true,1.19
"VIX",142655,"/Date(1703057263000)/",17000,500,16260700,275442000000,200,true,1.19
"VIX",142655,"/Date(1703057263000)/",17000,100,16260200,275434000000,200,true,1.19
"VIX",142655,"/Date(1703057263000)/",17000,3200,16260100,275432000000,200,true,1.19
"VIX",142655,"/Date(1703057263000)/",17000,800,16256900,275378000000,200,true,1.19
"VIX",142655,"/Date(1703057263000)/",17000,1000,16256100,275364000000,200,true,1.19
"VIX",142655,"/Date(1703057263000)/",17000,500,16255100,275347000000,200,true,1.19
"VIX",142655,"/Date(1703057263000)/",17000,2000,16254600,275338000000,200,true,1.19
"VIX",142655,"/Date(1703057263000)/",17000,1000,16252600,275304000000,200,true,1.19
"VIX",142655,"/Date(1703057263000)/",17000,2000,16251600,275287000000,200,true,1.19
"VIX",142655,"/Date(1703057263000)/",17000,1000,16249600,275253000000,200,true,1.19
"VIX",142655,"/Date(1703057263000)/",17000,500,16248600,275236000000,200,true,1.19
"VIX",142655,"/Date(1703057263000)/",17000,200,16248100,275228000000,200,true,1.19
"VIX",142655,"/Date(1703057263000)/",17000,300,16247900,275225000000,200,true,1.19
"VIX",142655,"/Date(1703057263000)/",17000,3000,16247600,275219000000,200,true,1.19
"VIX",142655,"/Date(1703057263000)/",17000,1000,16244600,275168000000,200,true,1.19
"VIX",142655,"/Date(1703057263000)/",17000,500,16243600,275151000000,200,true,1.19
"VIX",142655,"/Date(1703057263000)/",17000,4700,16243100,275143000000,200,true,1.19
"VIX",142655,"/Date(1703057263000)/",17000,1000,16238400,275063000000,200,true,1.19
"VIX",142655,"/Date(1703057263000)/",17000,200,16237400,275046000000,200,true,1.19
"VIX",142655,"/Date(1703057263000)/",17000,10000,16237200,275043000000,200,true,1.19
"VIX",142655,"/Date(1703057263000)/",17000,100,16227200,274873000000,200,true,1.19
"VIX",142655,"/Date(1703057263000)/",17000,100,16227100,274871000000,200,true,1.19
"VIX",142655,"/Date(1703057263000)/",17000,500,16227000,274869000000,200,true,1.19
"VIX",142655,"/Date(1703057263000)/",17000,10000,16226500,274861000000,200,true,1.19
"VIX",142655,"/Date(1703057263000)/",17000,400,16216500,274691000000,200,true,1.19
"VIX",142655,"/Date(1703057262000)/",17000,1000,16216100,274684000000,200,true,1.19
"VIX",142652,"/Date(1703057260000)/",17000,100,16215100,274667000000,200,true,1.19
"VIX",142652,"/Date(1703057259000)/",17000,100,16215000,274665000000,200,true,1.19
"VIX",142652,"/Date(1703057257000)/",17000,2000,16214900,274664000000,200,true,1.19
"VIX",142648,"/Date(1703057257000)/",17000,400,16212900,274630000000,200,true,1.19
"VIX",142648,"/Date(1703057257000)/",17000,300,16212500,274623000000,200,true,1.19
"VIX",142645,"/Date(1703057251000)/",17000,200,16212200,274618000000,200,true,1.19
"VIX",142645,"/Date(1703057251000)/",17000,200,16212000,274614000000,200,true,1.19
"VIX",142645,"/Date(1703057251000)/",17000,500,16211800,274611000000,200,true,1.19
"VIX",142645,"/Date(1703057251000)/",17000,100,16211300,274602000000,200,true,1.19
"VIX",142639,"/Date(1703057247000)/",17000,500,16211200,274601000000,200,true,1.19
"VIX",142639,"/Date(1703057245000)/",17000,400,16210700,274592000000,200,true,1.19
"VIX",142639,"/Date(1703057245000)/",17000,2000,16210300,274585000000,200,true,1.19
"VIX",142639,"/Date(1703057245000)/",17000,7600,16208300,274551000000,200,true,1.19
"VIX",142636,"/Date(1703057244000)/",17000,200,16200700,274422000000,200,true,1.19
"VIX",142636,"/Date(1703057241000)/",17000,10000,16200500,274419000000,200,true,1.19
"VIX",142632,"/Date(1703057240000)/",17000,400,16190500,274249000000,200,true,1.19
"VIX",142632,"/Date(1703057239000)/",17000,1000,16190100,274242000000,200,true,1.19
"VIX",142629,"/Date(1703057235000)/",17050,1000,16189100,274225000000,250,false,1.49
"VIX",142623,"/Date(1703057229000)/",17000,1000,16188100,274208000000,200,true,1.19
"VIX",142620,"/Date(1703057226000)/",17000,1000,16187100,274191000000,200,true,1.19
"VIX",142613,"/Date(1703057222000)/",17000,1000,16186100,274174000000,200,true,1.19
"VIX",142613,"/Date(1703057220000)/",17050,5000,16185100,274157000000,250,false,1.49
"VIX",142610,"/Date(1703057217000)/",17000,10000,16180100,274072000000,200,true,1.19
"VIX",142610,"/Date(1703057216000)/",17000,200,16170100,273902000000,200,true,1.19
"VIX",142607,"/Date(1703057215000)/",17000,1300,16169900,273898000000,200,true,1.19
"VIX",142604,"/Date(1703057212000)/",17000,500,16168600,273876000000,200,true,1.19
"VIX",142604,"/Date(1703057210000)/",17000,1000,16168100,273868000000,200,true,1.19
"VIX",142554,"/Date(1703057200000)/",17000,600,16167100,273851000000,200,true,1.19
"VIX",142554,"/Date(1703057200000)/",17000,1000,16166500,273840000000,200,true,1.19
"VIX",142551,"/Date(1703057199000)/",17000,900,16165500,273823000000,200,true,1.19
"VIX",142551,"/Date(1703057198000)/",17000,200,16164600,273808000000,200,true,1.19
"VIX",142551,"/Date(1703057198000)/",17000,5000,16164400,273805000000,200,true,1.19
"VIX",142551,"/Date(1703057197000)/",17000,500,16159400,273720000000,200,true,1.19
"VIX",142545,"/Date(1703057191000)/",17000,100,16158900,273711000000,200,true,1.19
"VIX",142541,"/Date(1703057189000)/",17000,500,16158800,273710000000,200,true,1.19
"VIX",142541,"/Date(1703057187000)/",17050,2000,16158300,273701000000,250,false,1.49
"VIX",142535,"/Date(1703057184000)/",17000,5000,16156300,273667000000,200,true,1.19
"VIX",142535,"/Date(1703057182000)/",17000,1000,16151300,273582000000,200,true,1.19
"VIX",142535,"/Date(1703057182000)/",17000,3000,16150300,273565000000,200,true,1.19
"VIX",142535,"/Date(1703057182000)/",17000,100,16147300,273514000000,200,true,1.19
"VIX",142535,"/Date(1703057182000)/",17000,900,16147200,273512000000,200,true,1.19
"VIX",142532,"/Date(1703057179000)/",17050,2000,16146300,273497000000,250,false,1.49
"VIX",142525,"/Date(1703057172000)/",17000,200,16144300,273463000000,200,true,1.19
"VIX",142525,"/Date(1703057172000)/",17000,3900,16144100,273459000000,200,true,1.19
"VIX",142525,"/Date(1703057172000)/",17000,500,16140200,273393000000,200,true,1.19
"VIX",142525,"/Date(1703057172000)/",17000,300,16139700,273385000000,200,true,1.19
"VIX",142525,"/Date(1703057172000)/",17000,2000,16139400,273380000000,200,true,1.19
"VIX",142525,"/Date(1703057172000)/",17000,100,16137400,273346000000,200,true,1.19
"VIX",142525,"/Date(1703057172000)/",17000,1000,16137300,273344000000,200,true,1.19
"VIX",142525,"/Date(1703057172000)/",17000,5000,16136300,273327000000,200,true,1.19
"VIX",142525,"/Date(1703057172000)/",17000,1500,16131300,273242000000,200,true,1.19
"VIX",142525,"/Date(1703057172000)/",17000,3000,16129800,273216000000,200,true,1.19
"VIX",142525,"/Date(1703057172000)/",17000,500,16126800,273165000000,200,true,1.19
"VIX",142525,"/Date(1703057172000)/",17000,1000,16126300,273157000000,200,true,1.19
"VIX",142525,"/Date(1703057172000)/",17000,700,16125300,273140000000,200,true,1.19
"VIX",142525,"/Date(1703057172000)/",17000,200,16124600,273128000000,200,true,1.19
"VIX",142525,"/Date(1703057172000)/",17000,10000,16124400,273125000000,200,true,1.19
"VIX",142525,"/Date(1703057172000)/",17000,4000,16114400,272955000000,200,true,1.19
"VIX",142525,"/Date(1703057172000)/",17000,100,16110400,272887000000,200,true,1.19
"VIX",142525,"/Date(1703057172000)/",17000,1500,16110300,272885000000,200,true,1.19
"VIX",142525,"/Date(1703057172000)/",17000,5000,16108800,272859000000,200,true,1.19
"VIX",142525,"/Date(1703057172000)/",17000,900,16103800,272774000000,200,true,1.19
"VIX",142525,"/Date(1703057172000)/",17000,400,16102900,272759000000,200,true,1.19
"VIX",142525,"/Date(1703057172000)/",17000,1000,16102500,272752000000,200,true,1.19
"VIX",142525,"/Date(1703057172000)/",17000,5000,16101500,272735000000,200,true,1.19
"VIX",142525,"/Date(1703057172000)/",17050,2000,16096500,272650000000,250,false,1.49
"VIX",142525,"/Date(1703057171000)/",17000,300,16094500,272616000000,200,true,1.19
"VIX",142522,"/Date(1703057171000)/",17000,500,16094200,272611000000,200,true,1.19
"VIX",142522,"/Date(1703057169000)/",17000,500,16093700,272603000000,200,true,1.19
"VIX",142509,"/Date(1703057157000)/",17000,1000,16093200,272594000000,200,true,1.19
"VIX",142509,"/Date(1703057156000)/",17000,5700,16092200,272577000000,200,true,1.19
"VIX",142509,"/Date(1703057156000)/",17000,300,16086500,272480000000,200,true,1.19
"VIX",142509,"/Date(1703057155000)/",17050,4300,16086200,272475000000,250,false,1.49
"VIX",142509,"/Date(1703057155000)/",17050,300,16081900,272402000000,250,false,1.49
"VIX",142509,"/Date(1703057155000)/",17050,400,16081600,272397000000,250,false,1.49
"VIX",142509,"/Date(1703057155000)/",17050,100,16081200,272390000000,250,false,1.49
"VIX",142509,"/Date(1703057155000)/",17050,1900,16081100,272388000000,250,false,1.49
"VIX",142509,"/Date(1703057155000)/",17000,500,16079200,272356000000,200,true,1.19
"VIX",142506,"/Date(1703057153000)/",17050,500,16078700,272347000000,250,false,1.49
"VIX",142506,"/Date(1703057152000)/",17000,500,16078200,272339000000,200,true,1.19
"VIX",142503,"/Date(1703057149000)/",17000,1000,16077700,272330000000,200,true,1.19
"VIX",142457,"/Date(1703057143000)/",17000,100,16076700,272313000000,200,true,1.19
"VIX",142453,"/Date(1703057139000)/",17000,500,16076600,272312000000,200,true,1.19
"VIX",142450,"/Date(1703057137000)/",17000,300,16076100,272303000000,200,true,1.19
"VIX",142431,"/Date(1703057118000)/",17050,400,16075800,272298000000,250,false,1.49
"VIX",142421,"/Date(1703057109000)/",17000,500,16075400,272291000000,200,true,1.19
"VIX",142418,"/Date(1703057107000)/",17050,2200,16074900,272283000000,250,false,1.49
"VIX",142418,"/Date(1703057107000)/",17050,300,16072700,272245000000,250,false,1.49
"VIX",142412,"/Date(1703057100000)/",17050,300,16072400,272240000000,250,false,1.49
"VIX",142412,"/Date(1703057100000)/",17050,100,16072100,272235000000,250,false,1.49
"VIX",142412,"/Date(1703057100000)/",17050,1000,16072000,272233000000,250,false,1.49
"VIX",142412,"/Date(1703057100000)/",17000,3000,16071000,272216000000,200,true,1.19
"VIX",142353,"/Date(1703057078000)/",17050,200,16068000,272165000000,250,false,1.49
"VIX",142353,"/Date(1703057078000)/",17050,100,16067800,272162000000,250,false,1.49
"VIX",142346,"/Date(1703057072000)/",17050,100,16067700,272160000000,250,false,1.49
"VIX",142343,"/Date(1703057070000)/",17050,500,16067600,272158000000,250,false,1.49
"VIX",142343,"/Date(1703057070000)/",17050,300,16067100,272150000000,250,false,1.49
"VIX",142343,"/Date(1703057070000)/",17050,200,16066800,272145000000,250,false,1.49
"VIX",142337,"/Date(1703057065000)/",17050,100,16066600,272141000000,250,false,1.49
"VIX",142337,"/Date(1703057065000)/",17050,400,16066500,272140000000,250,false,1.49
"VIX",142330,"/Date(1703057056000)/",17050,100,16066100,272133000000,250,false,1.49
"VIX",142324,"/Date(1703057052000)/",17050,1000,16066000,272131000000,250,false,1.49
"VIX",142324,"/Date(1703057050000)/",17050,2400,16065000,272114000000,250,false,1.49
"VIX",142321,"/Date(1703057049000)/",17050,500,16062600,272073000000,250,false,1.49
"VIX",142314,"/Date(1703057040000)/",17050,300,16062100,272065000000,250,false,1.49
"VIX",142314,"/Date(1703057040000)/",17050,700,16061800,272059000000,250,false,1.49
"VIX",142314,"/Date(1703057040000)/",17050,2300,16061100,272047000000,250,false,1.49
"VIX",142314,"/Date(1703057040000)/",17050,700,16058800,272008000000,250,false,1.49
"VIX",142311,"/Date(1703057037000)/",17050,500,16058100,271996000000,250,false,1.49
"VIX",142305,"/Date(1703057031000)/",17050,300,16057600,271988000000,250,false,1.49
"VIX",142249,"/Date(1703057016000)/",17000,800,16057300,271983000000,200,true,1.19
"VIX",142249,"/Date(1703057016000)/",17000,2000,16056500,271969000000,200,true,1.19
"VIX",142242,"/Date(1703057010000)/",17050,1800,16054500,271935000000,250,false,1.49
"VIX",142236,"/Date(1703057001000)/",17050,500,16052700,271904000000,250,false,1.49
"VIX",142230,"/Date(1703056997000)/",17050,5000,16052200,271896000000,250,false,1.49
"VIX",142230,"/Date(1703056997000)/",17050,1900,16047200,271811000000,250,false,1.49
"VIX",142214,"/Date(1703056980000)/",17050,2100,16045300,271778000000,250,false,1.49
"VIX",142210,"/Date(1703056978000)/",17050,2000,16043200,271742000000,250,false,1.49
"VIX",142210,"/Date(1703056976000)/",17050,200,16041200,271708000000,250,false,1.49
"VIX",142210,"/Date(1703056976000)/",17050,300,16041000,271705000000,250,false,1.49
"VIX",142207,"/Date(1703056973000)/",17050,1000,16040700,271700000000,250,false,1.49
"VIX",142204,"/Date(1703056971000)/",17050,100,16039700,271683000000,250,true,1.49
"VIX",142204,"/Date(1703056971000)/",17050,500,16039600,271681000000,250,true,1.49
"VIX",142204,"/Date(1703056971000)/",17050,100,16039100,271673000000,250,true,1.49
"VIX",142204,"/Date(1703056971000)/",17050,200,16039000,271671000000,250,true,1.49
"VIX",142204,"/Date(1703056971000)/",17050,1100,16038800,271667000000,250,true,1.49
"VIX",142201,"/Date(1703056968000)/",17100,1000,16037700,271649000000,300,false,1.79
"VIX",142201,"/Date(1703056968000)/",17050,700,16036700,271632000000,250,true,1.49
"VIX",142201,"/Date(1703056968000)/",17050,1000,16036000,271620000000,250,true,1.49
"VIX",142201,"/Date(1703056968000)/",17050,1000,16035000,271603000000,250,true,1.49
"VIX",142201,"/Date(1703056968000)/",17050,300,16034000,271585000000,250,true,1.49
"VIX",142201,"/Date(1703056968000)/",17050,1200,16033700,271580000000,250,true,1.49
"VIX",142201,"/Date(1703056968000)/",17050,900,16032500,271560000000,250,true,1.49
"VIX",142201,"/Date(1703056968000)/",17050,100,16031600,271545000000,250,true,1.49
"VIX",142201,"/Date(1703056968000)/",17050,2800,16031500,271543000000,250,true,1.49
"VIX",142201,"/Date(1703056968000)/",17050,200,16028700,271495000000,250,true,1.49
"VIX",142201,"/Date(1703056968000)/",17050,800,16028500,271492000000,250,true,1.49
"VIX",142201,"/Date(1703056968000)/",17050,200,16027700,271478000000,250,true,1.49
"VIX",142201,"/Date(1703056968000)/",17050,500,16027500,271475000000,250,true,1.49
"VIX",142201,"/Date(1703056968000)/",17050,300,16027000,271466000000,250,true,1.49
"VIX",142201,"/Date(1703056968000)/",17050,4600,16026700,271461000000,250,true,1.49
"VIX",142201,"/Date(1703056968000)/",17050,1500,16022100,271383000000,250,true,1.49
"VIX",142201,"/Date(1703056968000)/",17050,2000,16020600,271357000000,250,true,1.49
"VIX",142201,"/Date(1703056968000)/",17050,5000,16018600,271323000000,250,true,1.49
"VIX",142201,"/Date(1703056968000)/",17050,400,16013600,271238000000,250,true,1.49
"VIX",142201,"/Date(1703056968000)/",17050,1500,16013200,271231000000,250,true,1.49
"VIX",142201,"/Date(1703056968000)/",17050,14000,16011700,271205000000,250,true,1.49
"VIX",142201,"/Date(1703056967000)/",17050,500,15997700,270967000000,250,true,1.49
"VIX",142158,"/Date(1703056966000)/",17050,1600,15997200,270958000000,250,true,1.49
"VIX",142158,"/Date(1703056966000)/",17050,4000,15995600,270931000000,250,true,1.49
"VIX",142158,"/Date(1703056964000)/",17050,2000,15991600,270863000000,250,true,1.49
"VIX",142158,"/Date(1703056963000)/",17050,10000,15989600,270828000000,250,true,1.49
"VIX",142151,"/Date(1703056958000)/",17050,17900,15979600,270658000000,250,true,1.49
"VIX",142151,"/Date(1703056958000)/",17050,500,15961700,270353000000,250,true,1.49
"VIX",142151,"/Date(1703056958000)/",17050,50000,15961200,270344000000,250,true,1.49
"VIX",142151,"/Date(1703056958000)/",17050,13100,15911200,269492000000,250,true,1.49
"VIX",142151,"/Date(1703056957000)/",17050,1000,15898100,269268000000,250,true,1.49
"VIX",142148,"/Date(1703056956000)/",17050,5000,15897100,269251000000,250,true,1.49
"VIX",142148,"/Date(1703056954000)/",17050,100,15892100,269166000000,250,true,1.49
"VIX",142145,"/Date(1703056952000)/",17050,500,15892000,269164000000,250,true,1.49
"VIX",142145,"/Date(1703056950000)/",17050,5400,15891500,269156000000,250,true,1.49
"VIX",142145,"/Date(1703056950000)/",17050,5000,15886100,269064000000,250,true,1.49
"VIX",142142,"/Date(1703056950000)/",17050,3000,15881100,268979000000,250,true,1.49
"VIX",142142,"/Date(1703056949000)/",17050,16900,15878100,268927000000,250,true,1.49
"VIX",142142,"/Date(1703056949000)/",17050,500,15861200,268639000000,250,true,1.49
"VIX",142142,"/Date(1703056949000)/",17050,6000,15860700,268631000000,250,true,1.49
"VIX",142142,"/Date(1703056949000)/",17050,11600,15854700,268528000000,250,true,1.49
"VIX",142139,"/Date(1703056945000)/",17100,500,15843100,268331000000,300,false,1.79
"VIX",142139,"/Date(1703056944000)/",17050,1700,15842600,268322000000,250,true,1.49
"VIX",142139,"/Date(1703056944000)/",17050,8300,15840900,268293000000,250,true,1.49
"VIX",142139,"/Date(1703056944000)/",17050,200,15832600,268152000000,250,true,1.49
"VIX",142135,"/Date(1703056943000)/",17050,2000,15832400,268148000000,250,true,1.49
"VIX",142132,"/Date(1703056940000)/",17050,5000,15830400,268114000000,250,true,1.49
"VIX",142129,"/Date(1703056935000)/",17100,7200,15825400,268029000000,300,false,1.79
"VIX",142129,"/Date(1703056935000)/",17100,500,15818200,267906000000,300,false,1.79
"VIX",142129,"/Date(1703056935000)/",17100,2000,15817700,267897000000,300,false,1.79
"VIX",142129,"/Date(1703056935000)/",17100,300,15815700,267863000000,300,false,1.79
"VIX",142126,"/Date(1703056933000)/",17050,500,15815400,267858000000,250,true,1.49
"VIX",142123,"/Date(1703056930000)/",17050,400,15814900,267849000000,250,true,1.49
"VIX",142123,"/Date(1703056929000)/",17050,500,15814500,267842000000,250,true,1.49
"VIX",142123,"/Date(1703056928000)/",17050,100,15814000,267834000000,250,true,1.49
"VIX",142123,"/Date(1703056928000)/",17050,2000,15813900,267832000000,250,true,1.49
"VIX",142116,"/Date(1703056923000)/",17050,700,15811900,267798000000,250,true,1.49
"VIX",142116,"/Date(1703056922000)/",17050,1000,15811200,267786000000,250,true,1.49
"VIX",142113,"/Date(1703056918000)/",17050,1000,15810200,267769000000,250,true,1.49
"VIX",142107,"/Date(1703056913000)/",17050,5000,15809200,267752000000,250,true,1.49
"VIX",142107,"/Date(1703056912000)/",17050,10000,15804200,267667000000,250,true,1.49
"VIX",142103,"/Date(1703056910000)/",17050,3300,15794200,267496000000,250,true,1.49
"VIX",142103,"/Date(1703056910000)/",17050,1000,15790900,267440000000,250,true,1.49
"VIX",142103,"/Date(1703056910000)/",17050,1000,15789900,267423000000,250,true,1.49
"VIX",142103,"/Date(1703056910000)/",17050,5000,15788900,267406000000,250,true,1.49
"VIX",142103,"/Date(1703056910000)/",17050,800,15783900,267321000000,250,true,1.49
"VIX",142103,"/Date(1703056910000)/",17050,900,15783100,267307000000,250,true,1.49
"VIX",142103,"/Date(1703056909000)/",17050,100,15782200,267292000000,250,true,1.49
"VIX",142100,"/Date(1703056908000)/",17050,1000,15782100,267290000000,250,true,1.49
"VIX",142100,"/Date(1703056908000)/",17050,4000,15781100,267273000000,250,true,1.49
"VIX",142054,"/Date(1703056902000)/",17050,400,15777100,267205000000,250,true,1.49
"VIX",142054,"/Date(1703056901000)/",17050,600,15776700,267198000000,250,true,1.49
"VIX",142054,"/Date(1703056900000)/",17100,700,15776100,267188000000,300,false,1.79
"VIX",142054,"/Date(1703056900000)/",17100,300,15775400,267176000000,300,false,1.79
"VIX",142054,"/Date(1703056899000)/",17050,300,15775100,267171000000,250,true,1.49
"VIX",142054,"/Date(1703056899000)/",17050,1200,15774800,267166000000,250,true,1.49
"VIX",142051,"/Date(1703056898000)/",17050,3000,15773600,267145000000,250,true,1.49
"VIX",142051,"/Date(1703056897000)/",17050,900,15770600,267094000000,250,true,1.49
"VIX",142051,"/Date(1703056896000)/",17050,10000,15769700,267079000000,250,true,1.49
"VIX",142044,"/Date(1703056891000)/",17050,400,15759700,266908000000,250,true,1.49
"VIX",142044,"/Date(1703056890000)/",17050,1000,15759300,266901000000,250,true,1.49
"VIX",142041,"/Date(1703056888000)/",17050,500,15758300,266884000000,250,true,1.49
"VIX",142041,"/Date(1703056887000)/",17050,2000,15757800,266876000000,250,true,1.49
"VIX",142038,"/Date(1703056885000)/",17050,1000,15755800,266842000000,250,true,1.49
"VIX",142038,"/Date(1703056885000)/",17050,1500,15754800,266825000000,250,true,1.49
"VIX",142038,"/Date(1703056884000)/",17050,5000,15753300,266799000000,250,true,1.49
"VIX",142035,"/Date(1703056882000)/",17050,400,15748300,266714000000,250,true,1.49
"VIX",142035,"/Date(1703056882000)/",17050,10000,15747900,266707000000,250,true,1.49
"VIX",142035,"/Date(1703056880000)/",17050,5000,15737900,266536000000,250,true,1.49
"VIX",142035,"/Date(1703056880000)/",17100,200,15732900,266451000000,300,false,1.79
"VIX",142035,"/Date(1703056880000)/",17100,300,15732700,266448000000,300,false,1.79
"VIX",142035,"/Date(1703056880000)/",17100,300,15732400,266443000000,300,false,1.79
"VIX",142035,"/Date(1703056880000)/",17100,200,15732100,266437000000,300,false,1.79
"VIX",142028,"/Date(1703056876000)/",17050,300,15731900,266434000000,250,true,1.49
"VIX",142028,"/Date(1703056876000)/",17050,1000,15731600,266429000000,250,true,1.49
"VIX",142025,"/Date(1703056873000)/",17050,700,15730600,266412000000,250,true,1.49
"VIX",142019,"/Date(1703056866000)/",17050,6100,15729900,266400000000,250,true,1.49
"VIX",142019,"/Date(1703056866000)/",17050,1000,15723800,266296000000,250,true,1.49
"VIX",142019,"/Date(1703056866000)/",17050,3000,15722800,266279000000,250,true,1.49
"VIX",142019,"/Date(1703056866000)/",17050,2900,15719800,266228000000,250,true,1.49
"VIX",142019,"/Date(1703056865000)/",17050,2000,15716900,266178000000,250,true,1.49
"VIX",142015,"/Date(1703056862000)/",17050,500,15714900,266144000000,250,true,1.49
"VIX",142012,"/Date(1703056858000)/",17050,3000,15714400,266136000000,250,true,1.49
"VIX",142006,"/Date(1703056852000)/",17050,500,15711400,266085000000,250,true,1.49
"VIX",142003,"/Date(1703056849000)/",17050,1200,15710900,266076000000,250,true,1.49
"VIX",142000,"/Date(1703056846000)/",17050,300,15709700,266056000000,250,true,1.49
"VIX",141953,"/Date(1703056840000)/",17050,5000,15709400,266050000000,250,true,1.49
"VIX",141950,"/Date(1703056837000)/",17050,100,15704400,265965000000,250,true,1.49
"VIX",141947,"/Date(1703056834000)/",17050,500,15704300,265963000000,250,true,1.49
"VIX",141944,"/Date(1703056829000)/",17050,15000,15703800,265955000000,250,true,1.49
"VIX",141940,"/Date(1703056827000)/",17050,19000,15688800,265699000000,250,true,1.49
"VIX",141940,"/Date(1703056827000)/",17050,2000,15669800,265375000000,250,true,1.49
"VIX",141940,"/Date(1703056827000)/",17050,500,15667800,265341000000,250,true,1.49
"VIX",141940,"/Date(1703056827000)/",17050,200,15667300,265333000000,250,true,1.49
"VIX",141940,"/Date(1703056827000)/",17050,100,15667100,265329000000,250,true,1.49
"VIX",141940,"/Date(1703056827000)/",17050,500,15667000,265328000000,250,true,1.49
"VIX",141940,"/Date(1703056827000)/",17050,10000,15666500,265319000000,250,true,1.49
"VIX",141940,"/Date(1703056827000)/",17050,200,15656500,265148000000,250,true,1.49
"VIX",141940,"/Date(1703056827000)/",17050,100,15656300,265145000000,250,true,1.49
"VIX",141940,"/Date(1703056827000)/",17050,17400,15656200,265143000000,250,true,1.49
"VIX",141940,"/Date(1703056826000)/",17050,6300,15638800,264847000000,250,true,1.49
"VIX",141934,"/Date(1703056822000)/",17050,3000,15632500,264739000000,250,true,1.49
"VIX",141934,"/Date(1703056819000)/",17050,2000,15629500,264688000000,250,true,1.49
"VIX",141931,"/Date(1703056818000)/",17100,20000,15627500,264654000000,300,false,1.79
"VIX",141931,"/Date(1703056818000)/",17100,100,15607500,264312000000,300,false,1.79
"VIX",141931,"/Date(1703056818000)/",17100,100,15607400,264310000000,300,false,1.79
"VIX",141931,"/Date(1703056818000)/",17100,1500,15607300,264309000000,300,false,1.79
"VIX",141931,"/Date(1703056818000)/",17100,100,15605800,264283000000,300,false,1.79
"VIX",141931,"/Date(1703056818000)/",17100,2000,15605700,264281000000,300,false,1.79
"VIX",141931,"/Date(1703056818000)/",17100,20000,15603700,264247000000,300,false,1.79
"VIX",141931,"/Date(1703056818000)/",17100,100,15583700,263905000000,300,false,1.79
"VIX",141931,"/Date(1703056818000)/",17100,2000,15583600,263903000000,300,false,1.79
"VIX",141931,"/Date(1703056818000)/",17100,2000,15581600,263869000000,300,false,1.79
"VIX",141931,"/Date(1703056818000)/",17100,100,15579600,263835000000,300,false,1.79
"VIX",141928,"/Date(1703056815000)/",17050,900,15579500,263833000000,250,false,1.49
"VIX",141928,"/Date(1703056815000)/",17050,2800,15578600,263818000000,250,false,1.49
"VIX",141928,"/Date(1703056815000)/",17050,200,15575800,263770000000,250,false,1.49
"VIX",141928,"/Date(1703056815000)/",17050,500,15575600,263767000000,250,false,1.49
"VIX",141928,"/Date(1703056815000)/",17050,3000,15575100,263758000000,250,false,1.49
"VIX",141928,"/Date(1703056815000)/",17050,400,15572100,263707000000,250,false,1.49
"VIX",141928,"/Date(1703056815000)/",17050,5000,15571700,263700000000,250,false,1.49
"VIX",141928,"/Date(1703056815000)/",17050,4000,15566700,263615000000,250,false,1.49
"VIX",141928,"/Date(1703056815000)/",17050,500,15562700,263547000000,250,false,1.49
"VIX",141928,"/Date(1703056815000)/",17050,1000,15562200,263538000000,250,false,1.49
"VIX",141928,"/Date(1703056815000)/",17050,500,15561200,263521000000,250,false,1.49
"VIX",141928,"/Date(1703056815000)/",17050,2500,15560700,263513000000,250,false,1.49
"VIX",141928,"/Date(1703056815000)/",17050,500,15558200,263470000000,250,false,1.49
"VIX",141928,"/Date(1703056815000)/",17050,200,15557700,263462000000,250,false,1.49
"VIX",141928,"/Date(1703056815000)/",17050,300,15557500,263458000000,250,false,1.49
"VIX",141928,"/Date(1703056815000)/",17050,15000,15557200,263453000000,250,false,1.49
"VIX",141928,"/Date(1703056813000)/",17050,4700,15542200,263197000000,250,false,1.49
"VIX",141928,"/Date(1703056813000)/",17050,1900,15537500,263117000000,250,false,1.49
"VIX",141921,"/Date(1703056807000)/",17050,3100,15535600,263085000000,250,false,1.49
"VIX",141918,"/Date(1703056805000)/",17050,1200,15532500,263032000000,250,false,1.49
"VIX",141918,"/Date(1703056805000)/",17050,4200,15531300,263011000000,250,false,1.49
"VIX",141918,"/Date(1703056805000)/",17050,10000,15527100,262940000000,250,false,1.49
"VIX",141918,"/Date(1703056805000)/",17050,4600,15517100,262769000000,250,false,1.49
"VIX",141918,"/Date(1703056805000)/",17000,100,15512500,262691000000,200,true,1.19
"VIX",141915,"/Date(1703056800000)/",17050,5400,15512400,262689000000,250,false,1.49
"VIX",141915,"/Date(1703056800000)/",17050,1000,15507000,262597000000,250,false,1.49
"VIX",141915,"/Date(1703056800000)/",17050,1000,15506000,262580000000,250,false,1.49
"VIX",141915,"/Date(1703056800000)/",17050,10000,15505000,262563000000,250,false,1.49
"VIX",141915,"/Date(1703056800000)/",17050,2600,15495000,262393000000,250,false,1.49
"VIX",141912,"/Date(1703056799000)/",17000,400,15492400,262348000000,200,true,1.19
"VIX",141912,"/Date(1703056799000)/",17000,500,15492000,262341000000,200,true,1.19
"VIX",141912,"/Date(1703056799000)/",17000,1100,15491500,262333000000,200,true,1.19
"VIX",141908,"/Date(1703056796000)/",17050,3000,15490400,262314000000,250,false,1.49
"VIX",141905,"/Date(1703056791000)/",17050,200,15487400,262263000000,250,false,1.49
"VIX",141902,"/Date(1703056790000)/",17050,200,15487200,262260000000,250,false,1.49
"VIX",141902,"/Date(1703056789000)/",17050,4000,15487000,262256000000,250,false,1.49
"VIX",141902,"/Date(1703056789000)/",17050,5000,15483000,262188000000,250,false,1.49
"VIX",141902,"/Date(1703056789000)/",17050,400,15478000,262103000000,250,false,1.49
"VIX",141902,"/Date(1703056789000)/",17050,2000,15477600,262096000000,250,false,1.49
"VIX",141902,"/Date(1703056789000)/",17050,100,15475600,262062000000,250,false,1.49
"VIX",141902,"/Date(1703056789000)/",17050,500,15475500,262060000000,250,false,1.49
"VIX",141902,"/Date(1703056789000)/",17050,14000,15475000,262052000000,250,false,1.49
"VIX",141902,"/Date(1703056789000)/",17050,1000,15461000,261813000000,250,false,1.49
"VIX",141902,"/Date(1703056789000)/",17050,3000,15460000,261796000000,250,false,1.49
"VIX",141859,"/Date(1703056784000)/",17050,2000,15457000,261745000000,250,false,1.49
"VIX",141859,"/Date(1703056784000)/",17050,100,15455000,261711000000,250,false,1.49
"VIX",141859,"/Date(1703056784000)/",17050,100,15454900,261709000000,250,false,1.49
"VIX",141859,"/Date(1703056784000)/",17050,800,15454800,261707000000,250,false,1.49
"VIX",141859,"/Date(1703056784000)/",17050,1000,15454000,261694000000,250,false,1.49
"VIX",141859,"/Date(1703056784000)/",17050,5000,15453000,261677000000,250,false,1.49
"VIX",141859,"/Date(1703056784000)/",17050,5000,15448000,261591000000,250,false,1.49
"VIX",141859,"/Date(1703056784000)/",17050,1000,15443000,261506000000,250,false,1.49
"VIX",141859,"/Date(1703056784000)/",17050,2000,15442000,261489000000,250,false,1.49
"VIX",141859,"/Date(1703056784000)/",17050,5000,15440000,261455000000,250,false,1.49
"VIX",141859,"/Date(1703056784000)/",17050,200,15435000,261370000000,250,false,1.49
"VIX",141859,"/Date(1703056784000)/",17050,2000,15434800,261366000000,250,false,1.49
"VIX",141859,"/Date(1703056784000)/",17050,1000,15432800,261332000000,250,false,1.49
"VIX",141859,"/Date(1703056784000)/",17050,100,15431800,261315000000,250,false,1.49
"VIX",141859,"/Date(1703056784000)/",17050,1000,15431700,261313000000,250,false,1.49
"VIX",141859,"/Date(1703056784000)/",17050,3000,15430700,261296000000,250,false,1.49
"VIX",141859,"/Date(1703056784000)/",17050,700,15427700,261245000000,250,false,1.49
"VIX",141852,"/Date(1703056778000)/",17000,100,15427000,261233000000,200,true,1.19
"VIX",141849,"/Date(1703056774000)/",17050,1000,15426900,261232000000,250,false,1.49
"VIX",141846,"/Date(1703056772000)/",17050,100,15425900,261214000000,250,false,1.49
"VIX",141843,"/Date(1703056769000)/",17050,200,15425800,261213000000,250,false,1.49
"VIX",141836,"/Date(1703056762000)/",17050,200,15425600,261209000000,250,false,1.49
"VIX",141833,"/Date(1703056760000)/",17050,200,15425400,261206000000,250,true,1.49
"VIX",141833,"/Date(1703056760000)/",17050,1100,15425200,261203000000,250,true,1.49
"VIX",141833,"/Date(1703056760000)/",17050,10000,15424100,261184000000,250,true,1.49
"VIX",141833,"/Date(1703056760000)/",17050,100,15414100,261013000000,250,true,1.49
"VIX",141833,"/Date(1703056760000)/",17050,400,15414000,261012000000,250,true,1.49
"VIX",141833,"/Date(1703056760000)/",17050,5000,15413600,261005000000,250,true,1.49
"VIX",141833,"/Date(1703056760000)/",17050,400,15408600,260920000000,250,true,1.49
"VIX",141833,"/Date(1703056760000)/",17050,100,15408200,260913000000,250,true,1.49
"VIX",141833,"/Date(1703056760000)/",17050,500,15408100,260911000000,250,true,1.49
"VIX",141833,"/Date(1703056760000)/",17050,300,15407600,260902000000,250,true,1.49
"VIX",141833,"/Date(1703056760000)/",17050,800,15407300,260897000000,250,true,1.49
"VIX",141833,"/Date(1703056760000)/",17050,1900,15406500,260884000000,250,true,1.49
"VIX",141833,"/Date(1703056760000)/",17050,100,15404600,260851000000,250,true,1.49
"VIX",141833,"/Date(1703056758000)/",17050,2300,15404500,260850000000,250,true,1.49
"VIX",141833,"/Date(1703056758000)/",17050,100,15402200,260810000000,250,true,1.49
"VIX",141833,"/Date(1703056758000)/",17050,86500,15402100,260809000000,250,true,1.49
"VIX",141833,"/Date(1703056758000)/",17050,700,15315600,259334000000,250,true,1.49
"VIX",141833,"/Date(1703056758000)/",17050,500,15314900,259322000000,250,true,1.49
"VIX",141833,"/Date(1703056758000)/",17050,6900,15314400,259313000000,250,true,1.49
"VIX",141833,"/Date(1703056758000)/",17050,100,15307500,259196000000,250,true,1.49
"VIX",141833,"/Date(1703056758000)/",17050,100,15307400,259194000000,250,true,1.49
"VIX",141833,"/Date(1703056758000)/",17050,1000,15307300,259192000000,250,true,1.49
"VIX",141833,"/Date(1703056758000)/",17050,1000,15306300,259175000000,250,true,1.49
"VIX",141833,"/Date(1703056758000)/",17050,1000,15305300,259158000000,250,true,1.49
"VIX",141833,"/Date(1703056758000)/",17050,3000,15304300,259141000000,250,true,1.49
"VIX",141833,"/Date(1703056758000)/",17050,1000,15301300,259090000000,250,true,1.49
"VIX",141833,"/Date(1703056758000)/",17050,8000,15300300,259073000000,250,true,1.49
"VIX",141833,"/Date(1703056758000)/",17050,1000,15292300,258937000000,250,true,1.49
"VIX",141833,"/Date(1703056758000)/",17050,30000,15291300,258920000000,250,true,1.49
"VIX",141833,"/Date(1703056758000)/",17050,1000,15261300,258408000000,250,true,1.49
"VIX",141833,"/Date(1703056758000)/",17050,20000,15260300,258391000000,250,true,1.49
"VIX",141833,"/Date(1703056758000)/",17050,300,15240300,258050000000,250,true,1.49
"VIX",141833,"/Date(1703056758000)/",17050,200,15240000,258045000000,250,true,1.49
"VIX",141833,"/Date(1703056758000)/",17050,100,15239800,258041000000,250,true,1.49
"VIX",141833,"/Date(1703056758000)/",17050,500,15239700,258040000000,250,true,1.49
"VIX",141833,"/Date(1703056758000)/",17050,9500,15239200,258031000000,250,true,1.49
"VIX",141833,"/Date(1703056758000)/",17050,1000,15229700,257869000000,250,true,1.49
"VIX",141833,"/Date(1703056758000)/",17050,1400,15228700,257852000000,250,true,1.49
"VIX",141833,"/Date(1703056758000)/",17050,700,15227300,257828000000,250,true,1.49
"VIX",141833,"/Date(1703056758000)/",17050,500,15226600,257816000000,250,true,1.49
"VIX",141833,"/Date(1703056758000)/",17050,300,15226100,257808000000,250,true,1.49
"VIX",141833,"/Date(1703056758000)/",17050,6200,15225800,257803000000,250,true,1.49
"VIX",141833,"/Date(1703056758000)/",17050,100,15219600,257697000000,250,true,1.49
"VIX",141833,"/Date(1703056758000)/",17050,500,15219500,257695000000,250,true,1.49
"VIX",141833,"/Date(1703056758000)/",17050,200,15219000,257687000000,250,true,1.49
"VIX",141833,"/Date(1703056758000)/",17050,5000,15218800,257683000000,250,true,1.49
"VIX",141833,"/Date(1703056758000)/",17050,200,15213800,257598000000,250,true,1.49
"VIX",141833,"/Date(1703056758000)/",17050,9100,15213600,257595000000,250,true,1.49
"VIX",141833,"/Date(1703056758000)/",17050,500,15204500,257440000000,250,true,1.49
"VIX",141830,"/Date(1703056757000)/",17050,400,15204000,257431000000,250,true,1.49
"VIX",141830,"/Date(1703056757000)/",17050,2000,15203600,257424000000,250,true,1.49
"VIX",141830,"/Date(1703056757000)/",17050,600,15201600,257390000000,250,true,1.49
"VIX",141830,"/Date(1703056756000)/",17050,100,15201000,257380000000,250,true,1.49
"VIX",141830,"/Date(1703056756000)/",17050,3000,15200900,257378000000,250,true,1.49
"VIX",141830,"/Date(1703056756000)/",17050,3000,15197900,257327000000,250,true,1.49
"VIX",141830,"/Date(1703056756000)/",17050,1000,15194900,257276000000,250,true,1.49
"VIX",141830,"/Date(1703056756000)/",17050,500,15193900,257259000000,250,true,1.49
"VIX",141830,"/Date(1703056756000)/",17050,3000,15193400,257250000000,250,true,1.49
"VIX",141830,"/Date(1703056756000)/",17050,100,15190400,257199000000,250,true,1.49
"VIX",141830,"/Date(1703056756000)/",17050,400,15190300,257197000000,250,true,1.49
"VIX",141830,"/Date(1703056756000)/",17050,500,15189900,257191000000,250,true,1.49
"VIX",141830,"/Date(1703056756000)/",17050,8400,15189400,257182000000,250,true,1.49
"VIX",141830,"/Date(1703056755000)/",17050,200,15181000,257039000000,250,true,1.49
"VIX",141824,"/Date(1703056751000)/",17050,2000,15180800,257036000000,250,true,1.49
"VIX",141820,"/Date(1703056747000)/",17050,22000,15178800,257001000000,250,true,1.49
"VIX",141820,"/Date(1703056746000)/",17050,1000,15156800,256626000000,250,true,1.49
"VIX",141817,"/Date(1703056743000)/",17050,40000,15155800,256609000000,250,true,1.49
"VIX",141814,"/Date(1703056740000)/",17050,1000,15115800,255927000000,250,true,1.49
"VIX",141811,"/Date(1703056738000)/",17050,200,15114800,255910000000,250,true,1.49
"VIX",141808,"/Date(1703056735000)/",17050,1000,15114600,255907000000,250,true,1.49
"VIX",141758,"/Date(1703056726000)/",17100,900,15113600,255890000000,300,false,1.79
"VIX",141758,"/Date(1703056726000)/",17100,1100,15112700,255874000000,300,false,1.79
"VIX",141755,"/Date(1703056721000)/",17100,1000,15111600,255856000000,300,false,1.79
"VIX",141755,"/Date(1703056721000)/",17050,200,15110600,255838000000,250,true,1.49
"VIX",141752,"/Date(1703056719000)/",17050,12000,15110400,255835000000,250,true,1.49
"VIX",141749,"/Date(1703056715000)/",17050,400,15098400,255630000000,250,true,1.49
"VIX",141749,"/Date(1703056714000)/",17050,500,15098000,255624000000,250,true,1.49
"VIX",141749,"/Date(1703056714000)/",17100,2900,15097500,255615000000,300,false,1.79
"VIX",141749,"/Date(1703056714000)/",17100,1000,15094600,255566000000,300,false,1.79
"VIX",141745,"/Date(1703056713000)/",17050,500,15093600,255548000000,250,true,1.49
"VIX",141742,"/Date(1703056707000)/",17050,200,15093100,255540000000,250,true,1.49
"VIX",141732,"/Date(1703056700000)/",17100,600,15092900,255536000000,300,false,1.79
"VIX",141732,"/Date(1703056700000)/",17100,1400,15092300,255526000000,300,false,1.79
"VIX",141732,"/Date(1703056699000)/",17050,10000,15090900,255502000000,250,true,1.49
"VIX",141729,"/Date(1703056697000)/",17050,400,15080900,255332000000,250,true,1.49
"VIX",141729,"/Date(1703056697000)/",17050,1000,15080500,255325000000,250,true,1.49
"VIX",141729,"/Date(1703056697000)/",17050,3900,15079500,255308000000,250,true,1.49
"VIX",141729,"/Date(1703056696000)/",17100,500,15075600,255241000000,300,false,1.79
"VIX",141729,"/Date(1703056696000)/",17050,1000,15075100,255233000000,250,true,1.49
"VIX",141729,"/Date(1703056695000)/",17050,100,15074100,255216000000,250,true,1.49
"VIX",141729,"/Date(1703056695000)/",17050,100,15074000,255214000000,250,true,1.49
"VIX",141729,"/Date(1703056695000)/",17050,500,15073900,255212000000,250,true,1.49
"VIX",141729,"/Date(1703056695000)/",17050,1400,15073400,255204000000,250,true,1.49
"VIX",141729,"/Date(1703056695000)/",17050,1000,15072000,255180000000,250,true,1.49
"VIX",141729,"/Date(1703056695000)/",17050,500,15071000,255163000000,250,true,1.49
"VIX",141729,"/Date(1703056695000)/",17050,1000,15070500,255154000000,250,true,1.49
"VIX",141729,"/Date(1703056695000)/",17050,1000,15069500,255137000000,250,true,1.49
"VIX",141729,"/Date(1703056695000)/",17050,1000,15068500,255120000000,250,true,1.49
"VIX",141729,"/Date(1703056695000)/",17050,400,15067500,255103000000,250,true,1.49
"VIX",141726,"/Date(1703056693000)/",17100,400,15067100,255096000000,300,false,1.79
"VIX",141726,"/Date(1703056691000)/",17050,100,15066700,255090000000,250,true,1.49
"VIX",141716,"/Date(1703056684000)/",17100,100,15066600,255088000000,300,false,1.79
"VIX",141713,"/Date(1703056679000)/",17050,1000,15066500,255086000000,250,true,1.49
"VIX",141713,"/Date(1703056679000)/",17050,4000,15065500,255069000000,250,true,1.49
"VIX",141710,"/Date(1703056676000)/",17100,1500,15061500,255001000000,300,false,1.79
"VIX",141707,"/Date(1703056672000)/",17050,1000,15060000,254975000000,250,true,1.49
"VIX",141704,"/Date(1703056670000)/",17100,3800,15059000,254958000000,300,false,1.79
"VIX",141704,"/Date(1703056670000)/",17050,1000,15055200,254893000000,250,true,1.49
"VIX",141700,"/Date(1703056667000)/",17100,300,15054200,254876000000,300,false,1.79
"VIX",141657,"/Date(1703056665000)/",17100,100,15053900,254871000000,300,false,1.79
"VIX",141657,"/Date(1703056663000)/",17050,500,15053800,254869000000,250,true,1.49
"VIX",141657,"/Date(1703056662000)/",17050,10000,15053300,254861000000,250,true,1.49
"VIX",141651,"/Date(1703056658000)/",17100,1700,15043300,254690000000,300,false,1.79
"VIX",141644,"/Date(1703056652000)/",17100,200,15041600,254661000000,300,false,1.79
"VIX",141644,"/Date(1703056652000)/",17100,1000,15041400,254658000000,300,false,1.79
"VIX",141644,"/Date(1703056652000)/",17100,400,15040400,254641000000,300,false,1.79
"VIX",141644,"/Date(1703056651000)/",17100,8100,15040000,254634000000,300,false,1.79
"VIX",141644,"/Date(1703056651000)/",17100,200,15031900,254495000000,300,false,1.79
"VIX",141644,"/Date(1703056651000)/",17100,2000,15031700,254492000000,300,false,1.79
"VIX",141644,"/Date(1703056651000)/",17100,1600,15029700,254458000000,300,false,1.79
"VIX",141644,"/Date(1703056651000)/",17100,200,15028100,254430000000,300,false,1.79
"VIX",141644,"/Date(1703056650000)/",17100,500,15027900,254427000000,300,false,1.79
"VIX",141644,"/Date(1703056650000)/",17050,6400,15027400,254418000000,250,true,1.49
"VIX",141641,"/Date(1703056649000)/",17050,7400,15021000,254309000000,250,true,1.49
"VIX",141641,"/Date(1703056649000)/",17050,100,15013600,254183000000,250,true,1.49
"VIX",141641,"/Date(1703056649000)/",17050,100,15013500,254181000000,250,true,1.49
"VIX",141641,"/Date(1703056649000)/",17050,900,15013400,254180000000,250,true,1.49
"VIX",141641,"/Date(1703056649000)/",17050,100,15012500,254164000000,250,true,1.49
"VIX",141641,"/Date(1703056649000)/",17050,1400,15012400,254163000000,250,true,1.49
"VIX",141641,"/Date(1703056647000)/",17100,10000,15011000,254139000000,300,false,1.79
"VIX",141641,"/Date(1703056647000)/",17100,500,15001000,253968000000,300,false,1.79
"VIX",141638,"/Date(1703056645000)/",17100,100,15000500,253959000000,300,false,1.79
"VIX",141638,"/Date(1703056644000)/",17100,2100,15000400,253958000000,300,false,1.79
"VIX",141638,"/Date(1703056644000)/",17100,100,14998300,253922000000,300,false,1.79
"VIX",141638,"/Date(1703056644000)/",17100,100,14998200,253920000000,300,false,1.79
"VIX",141638,"/Date(1703056644000)/",17100,1800,14998100,253918000000,300,false,1.79
"VIX",141638,"/Date(1703056644000)/",17100,1000,14996300,253887000000,300,false,1.79
"VIX",141638,"/Date(1703056644000)/",17100,1000,14995300,253870000000,300,false,1.79
"VIX",141638,"/Date(1703056644000)/",17100,3900,14994300,253853000000,300,false,1.79
"VIX",141638,"/Date(1703056643000)/",17100,1000,14990400,253787000000,300,false,1.79
"VIX",141635,"/Date(1703056642000)/",17050,1800,14989400,253769000000,250,true,1.49
"VIX",141635,"/Date(1703056641000)/",17100,100,14987600,253739000000,300,false,1.79
"VIX",141635,"/Date(1703056641000)/",17100,1900,14987500,253737000000,300,false,1.79
"VIX",141635,"/Date(1703056641000)/",17100,6000,14985600,253705000000,300,false,1.79
"VIX",141632,"/Date(1703056638000)/",17100,2100,14979600,253602000000,300,false,1.79
"VIX",141632,"/Date(1703056638000)/",17100,200,14977500,253566000000,300,false,1.79
"VIX",141632,"/Date(1703056638000)/",17100,200,14977300,253563000000,300,false,1.79
"VIX",141632,"/Date(1703056638000)/",17100,200,14977100,253559000000,300,false,1.79
"VIX",141632,"/Date(1703056638000)/",17100,200,14976900,253556000000,300,false,1.79
"VIX",141632,"/Date(1703056638000)/",17100,100,14976700,253552000000,300,false,1.79
"VIX",141632,"/Date(1703056638000)/",17100,2000,14976600,253551000000,300,false,1.79
"VIX",141632,"/Date(1703056638000)/",17100,300,14974600,253517000000,300,false,1.79
"VIX",141632,"/Date(1703056638000)/",17100,700,14974300,253511000000,300,false,1.79
"VIX",141622,"/Date(1703056630000)/",17100,100,14973600,253499000000,300,true,1.79
"VIX",141622,"/Date(1703056629000)/",17050,400,14973500,253498000000,250,true,1.49
"VIX",141622,"/Date(1703056627000)/",17100,4800,14973100,253491000000,300,true,1.79
"VIX",141619,"/Date(1703056627000)/",17100,300,14968300,253409000000,300,true,1.79
"VIX",141619,"/Date(1703056627000)/",17100,1000,14968000,253404000000,300,true,1.79
"VIX",141619,"/Date(1703056626000)/",17100,4000,14967000,253387000000,300,true,1.79
"VIX",141619,"/Date(1703056625000)/",17100,25000,14963000,253318000000,300,true,1.79
"VIX",141619,"/Date(1703056625000)/",17100,200,14938000,252891000000,300,true,1.79
"VIX",141619,"/Date(1703056625000)/",17100,1000,14937800,252887000000,300,true,1.79
"VIX",141619,"/Date(1703056625000)/",17100,500,14936800,252870000000,300,true,1.79
"VIX",141619,"/Date(1703056625000)/",17100,1000,14936300,252862000000,300,true,1.79
"VIX",141619,"/Date(1703056625000)/",17100,1000,14935300,252844000000,300,true,1.79
"VIX",141619,"/Date(1703056625000)/",17100,10000,14934300,252827000000,300,true,1.79
"VIX",141619,"/Date(1703056625000)/",17100,100,14924300,252656000000,300,true,1.79
"VIX",141619,"/Date(1703056625000)/",17100,100,14924200,252655000000,300,true,1.79
"VIX",141619,"/Date(1703056625000)/",17100,1400,14924100,252653000000,300,true,1.79
"VIX",141619,"/Date(1703056625000)/",17100,100,14922700,252629000000,300,true,1.79
"VIX",141619,"/Date(1703056625000)/",17100,600,14922600,252627000000,300,true,1.79
"VIX",141619,"/Date(1703056625000)/",17100,10000,14922000,252617000000,300,true,1.79
"VIX",141619,"/Date(1703056625000)/",17100,1000,14912000,252446000000,300,true,1.79
"VIX",141619,"/Date(1703056625000)/",17100,1000,14911000,252429000000,300,true,1.79
"VIX",141619,"/Date(1703056625000)/",17100,3000,14910000,252412000000,300,true,1.79
"VIX",141619,"/Date(1703056625000)/",17100,5000,14907000,252361000000,300,true,1.79
"VIX",141619,"/Date(1703056625000)/",17100,30000,14902000,252275000000,300,true,1.79
"VIX",141619,"/Date(1703056625000)/",17100,500,14872000,251762000000,300,true,1.79
"VIX",141619,"/Date(1703056625000)/",17100,4500,14871500,251754000000,300,true,1.79
"VIX",141616,"/Date(1703056621000)/",17050,500,14867000,251677000000,250,true,1.49
"VIX",141612,"/Date(1703056617000)/",17050,400,14866500,251668000000,250,true,1.49
"VIX",141612,"/Date(1703056617000)/",17100,15000,14866100,251661000000,300,false,1.79
"VIX",141609,"/Date(1703056616000)/",17100,2000,14851100,251405000000,300,false,1.79
"VIX",141609,"/Date(1703056614000)/",17050,2000,14849100,251371000000,250,true,1.49
"VIX",141609,"/Date(1703056614000)/",17100,1000,14847100,251336000000,300,false,1.79
"VIX",141606,"/Date(1703056612000)/",17100,5000,14846100,251319000000,300,false,1.79
"VIX",141606,"/Date(1703056612000)/",17100,6000,14841100,251234000000,300,false,1.79
"VIX",141603,"/Date(1703056610000)/",17100,100,14835100,251131000000,300,true,1.79
"VIX",141603,"/Date(1703056610000)/",17100,1400,14835000,251130000000,300,true,1.79
"VIX",141603,"/Date(1703056610000)/",17100,200,14833600,251106000000,300,true,1.79
"VIX",141603,"/Date(1703056610000)/",17100,500,14833400,251102000000,300,true,1.79
"VIX",141603,"/Date(1703056610000)/",17100,1000,14832900,251094000000,300,true,1.79
"VIX",141603,"/Date(1703056610000)/",17100,1400,14831900,251077000000,300,true,1.79
"VIX",141603,"/Date(1703056610000)/",17100,100,14830500,251053000000,300,true,1.79
"VIX",141603,"/Date(1703056610000)/",17100,500,14830400,251051000000,300,true,1.79
"VIX",141603,"/Date(1703056610000)/",17100,400,14829900,251042000000,300,true,1.79
"VIX",141603,"/Date(1703056610000)/",17100,400,14829500,251035000000,300,true,1.79
"VIX",141603,"/Date(1703056610000)/",17100,200,14829100,251029000000,300,true,1.79
"VIX",141603,"/Date(1703056610000)/",17100,100,14828900,251025000000,300,true,1.79
"VIX",141603,"/Date(1703056610000)/",17100,1000,14828800,251023000000,300,true,1.79
"VIX",141603,"/Date(1703056610000)/",17100,3200,14827800,251006000000,300,true,1.79
"VIX",141603,"/Date(1703056610000)/",17100,9000,14824600,250952000000,300,true,1.79
"VIX",141603,"/Date(1703056609000)/",17100,600,14815600,250798000000,300,true,1.79
"VIX",141603,"/Date(1703056609000)/",17100,5000,14815000,250788000000,300,true,1.79
"VIX",141603,"/Date(1703056608000)/",17100,1000,14810000,250702000000,300,true,1.79
"VIX",141603,"/Date(1703056608000)/",17100,100,14809000,250685000000,300,true,1.79
"VIX",141603,"/Date(1703056608000)/",17100,1100,14808900,250683000000,300,true,1.79
"VIX",141603,"/Date(1703056608000)/",17100,900,14807800,250664000000,300,true,1.79
"VIX",141603,"/Date(1703056608000)/",17100,2600,14806900,250649000000,300,true,1.79
"VIX",141603,"/Date(1703056608000)/",17100,400,14804300,250605000000,300,true,1.79
"VIX",141559,"/Date(1703056606000)/",17100,300,14803900,250598000000,300,true,1.79
"VIX",141559,"/Date(1703056604000)/",17100,2000,14803600,250593000000,300,true,1.79
"VIX",141559,"/Date(1703056604000)/",17100,100,14801600,250558000000,300,true,1.79
"VIX",141556,"/Date(1703056603000)/",17100,200,14801500,250557000000,300,true,1.79
"VIX",141556,"/Date(1703056603000)/",17100,2800,14801300,250553000000,300,true,1.79
"VIX",141556,"/Date(1703056602000)/",17100,2000,14798500,250505000000,300,true,1.79
"VIX",141556,"/Date(1703056602000)/",17100,100,14796500,250471000000,300,true,1.79
"VIX",141556,"/Date(1703056601000)/",17100,2000,14796400,250469000000,300,true,1.79
"VIX",141553,"/Date(1703056600000)/",17100,2000,14794400,250435000000,300,true,1.79
"VIX",141553,"/Date(1703056600000)/",17100,7000,14792400,250401000000,300,true,1.79
"VIX",141553,"/Date(1703056599000)/",17100,200,14785400,250281000000,300,true,1.79
"VIX",141550,"/Date(1703056595000)/",17100,3900,14785200,250278000000,300,true,1.79
"VIX",141550,"/Date(1703056595000)/",17100,300,14781300,250211000000,300,true,1.79
"VIX",141550,"/Date(1703056595000)/",17100,800,14781000,250206000000,300,true,1.79
"VIX",141547,"/Date(1703056593000)/",17100,200,14780200,250192000000,300,true,1.79
"VIX",141543,"/Date(1703056590000)/",17100,1000,14780000,250189000000,300,true,1.79
"VIX",141543,"/Date(1703056588000)/",17100,400,14779000,250172000000,300,true,1.79
"VIX",141540,"/Date(1703056587000)/",17100,500,14778600,250165000000,300,true,1.79
"VIX",141540,"/Date(1703056585000)/",17100,100,14778100,250157000000,300,true,1.79
"VIX",141540,"/Date(1703056585000)/",17100,300,14778000,250155000000,300,true,1.79
"VIX",141540,"/Date(1703056585000)/",17100,100,14777700,250150000000,300,true,1.79
"VIX",141537,"/Date(1703056584000)/",17100,9900,14777600,250148000000,300,false,1.79
"VIX",141537,"/Date(1703056583000)/",17050,3500,14767700,249979000000,250,true,1.49
"VIX",141537,"/Date(1703056583000)/",17050,2000,14764200,249919000000,250,true,1.49
"VIX",141537,"/Date(1703056583000)/",17050,500,14762200,249885000000,250,true,1.49
"VIX",141537,"/Date(1703056583000)/",17050,1000,14761700,249876000000,250,true,1.49
"VIX",141537,"/Date(1703056583000)/",17050,3000,14760700,249859000000,250,true,1.49
"VIX",141537,"/Date(1703056583000)/",17050,1000,14757700,249808000000,250,true,1.49
"VIX",141537,"/Date(1703056583000)/",17050,1000,14756700,249791000000,250,true,1.49
"VIX",141537,"/Date(1703056583000)/",17050,900,14755700,249774000000,250,true,1.49
"VIX",141537,"/Date(1703056583000)/",17050,400,14754800,249759000000,250,true,1.49
"VIX",141537,"/Date(1703056583000)/",17050,1000,14754400,249752000000,250,true,1.49
"VIX",141537,"/Date(1703056583000)/",17050,200,14753400,249735000000,250,true,1.49
"VIX",141537,"/Date(1703056583000)/",17050,600,14753200,249731000000,250,true,1.49
"VIX",141537,"/Date(1703056583000)/",17050,10000,14752600,249721000000,250,true,1.49
"VIX",141537,"/Date(1703056583000)/",17050,500,14742600,249551000000,250,true,1.49
"VIX",141537,"/Date(1703056583000)/",17050,300,14742100,249542000000,250,true,1.49
"VIX",141537,"/Date(1703056583000)/",17050,10000,14741800,249537000000,250,true,1.49
"VIX",141537,"/Date(1703056583000)/",17050,500,14731800,249367000000,250,true,1.49
"VIX",141537,"/Date(1703056583000)/",17050,4000,14731300,249358000000,250,true,1.49
"VIX",141537,"/Date(1703056583000)/",17050,900,14727300,249290000000,250,true,1.49
"VIX",141537,"/Date(1703056583000)/",17050,2000,14726400,249275000000,250,true,1.49
"VIX",141537,"/Date(1703056583000)/",17050,500,14724400,249240000000,250,true,1.49
"VIX",141537,"/Date(1703056583000)/",17050,2000,14723900,249232000000,250,true,1.49
"VIX",141537,"/Date(1703056583000)/",17050,2000,14721900,249198000000,250,true,1.49
"VIX",141537,"/Date(1703056583000)/",17050,2200,14719900,249164000000,250,true,1.49
"VIX",141537,"/Date(1703056583000)/",17100,300,14717700,249126000000,300,false,1.79
"VIX",141537,"/Date(1703056583000)/",17100,5000,14717400,249121000000,300,false,1.79
"VIX",141537,"/Date(1703056582000)/",17100,2500,14712400,249036000000,300,false,1.79
"VIX",141534,"/Date(1703056580000)/",17100,1000,14709900,248993000000,300,false,1.79
"VIX",141534,"/Date(1703056580000)/",17100,200,14708900,248976000000,300,false,1.79
"VIX",141534,"/Date(1703056580000)/",17100,500,14708700,248972000000,300,false,1.79
"VIX",141534,"/Date(1703056580000)/",17100,600,14708200,248964000000,300,false,1.79
"VIX",141534,"/Date(1703056580000)/",17100,1000,14707600,248953000000,300,false,1.79
"VIX",141534,"/Date(1703056580000)/",17100,800,14706600,248936000000,300,false,1.79
"VIX",141534,"/Date(1703056580000)/",17100,500,14705800,248923000000,300,false,1.79
"VIX",141534,"/Date(1703056580000)/",17100,1000,14705300,248914000000,300,false,1.79
"VIX",141534,"/Date(1703056580000)/",17100,400,14704300,248897000000,300,false,1.79
"VIX",141534,"/Date(1703056580000)/",17100,300,14703900,248890000000,300,false,1.79
"VIX",141534,"/Date(1703056580000)/",17100,1000,14703600,248885000000,300,false,1.79
"VIX",141534,"/Date(1703056580000)/",17100,100,14702600,248868000000,300,false,1.79
"VIX",141534,"/Date(1703056580000)/",17100,200,14702500,248866000000,300,false,1.79
"VIX",141534,"/Date(1703056580000)/",17100,5000,14702300,248863000000,300,false,1.79
"VIX",141534,"/Date(1703056580000)/",17100,500,14697300,248777000000,300,false,1.79
"VIX",141534,"/Date(1703056580000)/",17100,200,14696800,248769000000,300,false,1.79
"VIX",141534,"/Date(1703056580000)/",17100,500,14696600,248765000000,300,false,1.79
"VIX",141534,"/Date(1703056580000)/",17100,1000,14696100,248757000000,300,false,1.79
"VIX",141534,"/Date(1703056580000)/",17100,500,14695100,248740000000,300,false,1.79
"VIX",141534,"/Date(1703056580000)/",17100,100,14694600,248731000000,300,false,1.79
"VIX",141534,"/Date(1703056580000)/",17100,3000,14694500,248729000000,300,false,1.79
"VIX",141534,"/Date(1703056580000)/",17100,100,14691500,248678000000,300,false,1.79
"VIX",141534,"/Date(1703056580000)/",17100,10000,14691400,248676000000,300,false,1.79
"VIX",141534,"/Date(1703056580000)/",17100,100,14681400,248505000000,300,false,1.79
"VIX",141534,"/Date(1703056580000)/",17100,200,14681300,248504000000,300,false,1.79
"VIX",141534,"/Date(1703056580000)/",17100,200,14681100,248500000000,300,false,1.79
"VIX",141534,"/Date(1703056580000)/",17100,1000,14680900,248497000000,300,false,1.79
"VIX",141534,"/Date(1703056580000)/",17100,10000,14679900,248480000000,300,false,1.79
"VIX",141534,"/Date(1703056580000)/",17100,300,14669900,248309000000,300,false,1.79
"VIX",141534,"/Date(1703056580000)/",17100,3000,14669600,248304000000,300,false,1.79
"VIX",141534,"/Date(1703056580000)/",17100,2000,14666600,248252000000,300,false,1.79
"VIX",141534,"/Date(1703056580000)/",17100,5000,14664600,248218000000,300,false,1.79
"VIX",141534,"/Date(1703056580000)/",17100,300,14659600,248133000000,300,false,1.79
"VIX",141534,"/Date(1703056580000)/",17100,1000,14659300,248128000000,300,false,1.79
"VIX",141534,"/Date(1703056580000)/",17100,5000,14658300,248110000000,300,false,1.79
"VIX",141534,"/Date(1703056580000)/",17100,500,14653300,248025000000,300,false,1.79
"VIX",141534,"/Date(1703056580000)/",17100,500,14652800,248016000000,300,false,1.79
"VIX",141534,"/Date(1703056580000)/",17100,2000,14652300,248008000000,300,false,1.79
"VIX",141534,"/Date(1703056580000)/",17100,1000,14650300,247974000000,300,false,1.79
"VIX",141534,"/Date(1703056580000)/",17100,200,14649300,247957000000,300,false,1.79
"VIX",141534,"/Date(1703056580000)/",17100,10000,14649100,247953000000,300,false,1.79
"VIX",141534,"/Date(1703056580000)/",17100,3000,14639100,247782000000,300,false,1.79
"VIX",141534,"/Date(1703056580000)/",17100,100,14636100,247731000000,300,false,1.79
"VIX",141534,"/Date(1703056580000)/",17100,2000,14636000,247729000000,300,false,1.79
"VIX",141534,"/Date(1703056580000)/",17100,10000,14634000,247695000000,300,false,1.79
"VIX",141534,"/Date(1703056580000)/",17100,6000,14624000,247524000000,300,false,1.79
"VIX",141534,"/Date(1703056580000)/",17100,1000,14618000,247421000000,300,false,1.79
"VIX",141534,"/Date(1703056580000)/",17100,2000,14617000,247404000000,300,false,1.79
"VIX",141534,"/Date(1703056580000)/",17100,600,14615000,247370000000,300,false,1.79
"VIX",141534,"/Date(1703056580000)/",17100,100,14614400,247360000000,300,false,1.79
"VIX",141534,"/Date(1703056580000)/",17100,400,14614300,247358000000,300,false,1.79
"VIX",141534,"/Date(1703056580000)/",17100,5000,14613900,247351000000,300,false,1.79
"VIX",141534,"/Date(1703056580000)/",17100,1500,14608900,247266000000,300,false,1.79
"VIX",141534,"/Date(1703056580000)/",17100,2000,14607400,247240000000,300,false,1.79
"VIX",141534,"/Date(1703056580000)/",17100,500,14605400,247206000000,300,false,1.79
"VIX",141534,"/Date(1703056580000)/",17100,70000,14604900,247197000000,300,false,1.79
"VIX",141534,"/Date(1703056580000)/",17100,100,14534900,246000000000,300,false,1.79
"VIX",141534,"/Date(1703056580000)/",17100,1000,14534800,245999000000,300,false,1.79
"VIX",141534,"/Date(1703056580000)/",17100,1000,14533800,245981000000,300,false,1.79
"VIX",141534,"/Date(1703056580000)/",17100,100,14532800,245964000000,300,false,1.79
"VIX",141534,"/Date(1703056580000)/",17100,300,14532700,245963000000,300,false,1.79
"VIX",141534,"/Date(1703056580000)/",17100,100,14532400,245958000000,300,false,1.79
"VIX",141534,"/Date(1703056580000)/",17100,2000,14532300,245956000000,300,false,1.79
"VIX",141534,"/Date(1703056580000)/",17100,600,14530300,245922000000,300,false,1.79
"VIX",141534,"/Date(1703056580000)/",17100,100,14529700,245911000000,300,false,1.79
"VIX",141534,"/Date(1703056580000)/",17100,1500,14529600,245910000000,300,false,1.79
"VIX",141534,"/Date(1703056580000)/",17100,1400,14528100,245884000000,300,false,1.79
"VIX",141534,"/Date(1703056580000)/",17100,3000,14526700,245860000000,300,false,1.79
"VIX",141534,"/Date(1703056580000)/",17100,2000,14523700,245809000000,300,false,1.79
"VIX",141534,"/Date(1703056580000)/",17100,100,14521700,245775000000,300,false,1.79
"VIX",141534,"/Date(1703056580000)/",17100,3000,14521600,245773000000,300,false,1.79
"VIX",141534,"/Date(1703056580000)/",17100,100,14518600,245722000000,300,false,1.79
"VIX",141534,"/Date(1703056580000)/",17100,1000,14518500,245720000000,300,false,1.79
"VIX",141534,"/Date(1703056580000)/",17100,1000,14517500,245703000000,300,false,1.79
"VIX",141534,"/Date(1703056580000)/",17100,200,14516500,245686000000,300,false,1.79
"VIX",141534,"/Date(1703056580000)/",17100,1000,14516300,245682000000,300,false,1.79
"VIX",141534,"/Date(1703056580000)/",17100,800,14515300,245665000000,300,false,1.79
"VIX",141534,"/Date(1703056580000)/",17100,1000,14514500,245651000000,300,false,1.79
"VIX",141534,"/Date(1703056580000)/",17100,100,14513500,245634000000,300,false,1.79
"VIX",141534,"/Date(1703056580000)/",17100,200,14513400,245633000000,300,false,1.79
"VIX",141534,"/Date(1703056580000)/",17100,200,14513200,245629000000,300,false,1.79
"VIX",141534,"/Date(1703056580000)/",17100,200,14513000,245626000000,300,false,1.79
"VIX",141534,"/Date(1703056580000)/",17100,1000,14512800,245622000000,300,false,1.79
"VIX",141534,"/Date(1703056580000)/",17100,100,14511800,245605000000,300,false,1.79
"VIX",141534,"/Date(1703056580000)/",17100,500,14511700,245604000000,300,false,1.79
"VIX",141534,"/Date(1703056580000)/",17100,200,14511200,245595000000,300,false,1.79
"VIX",141534,"/Date(1703056580000)/",17100,500,14511000,245592000000,300,false,1.79
"VIX",141534,"/Date(1703056580000)/",17100,100,14510500,245583000000,300,false,1.79
"VIX",141534,"/Date(1703056580000)/",17100,100,14510400,245581000000,300,false,1.79
"VIX",141534,"/Date(1703056580000)/",17100,100,14510300,245580000000,300,false,1.79
"VIX",141534,"/Date(1703056580000)/",17100,1000,14510200,245578000000,300,false,1.79
"VIX",141534,"/Date(1703056580000)/",17100,5000,14509200,245561000000,300,false,1.79
"VIX",141534,"/Date(1703056580000)/",17100,100,14504200,245475000000,300,false,1.79
"VIX",141534,"/Date(1703056580000)/",17100,2000,14504100,245474000000,300,false,1.79
"VIX",141534,"/Date(1703056580000)/",17100,10000,14502100,245439000000,300,false,1.79
"VIX",141534,"/Date(1703056580000)/",17100,1000,14492100,245268000000,300,false,1.79
"VIX",141534,"/Date(1703056580000)/",17100,1000,14491100,245251000000,300,false,1.79
"VIX",141534,"/Date(1703056580000)/",17100,100,14490100,245234000000,300,false,1.79
"VIX",141534,"/Date(1703056580000)/",17100,100,14490000,245233000000,300,false,1.79
"VIX",141534,"/Date(1703056580000)/",17100,800,14489900,245231000000,300,false,1.79
"VIX",141534,"/Date(1703056580000)/",17100,2000,14489100,245217000000,300,false,1.79
"VIX",141534,"/Date(1703056580000)/",17100,1000,14487100,245183000000,300,false,1.79
"VIX",141534,"/Date(1703056580000)/",17100,200,14486100,245166000000,300,false,1.79
"VIX",141534,"/Date(1703056580000)/",17100,300,14485900,245162000000,300,false,1.79
"VIX",141534,"/Date(1703056580000)/",17100,9000,14485600,245157000000,300,false,1.79
"VIX",141534,"/Date(1703056580000)/",17100,5000,14476600,245003000000,300,false,1.79
"VIX",141534,"/Date(1703056580000)/",17100,200,14471600,244918000000,300,false,1.79
"VIX",141534,"/Date(1703056580000)/",17100,200,14471400,244914000000,300,false,1.79
"VIX",141534,"/Date(1703056580000)/",17100,1000,14471200,244911000000,300,false,1.79
"VIX",141534,"/Date(1703056580000)/",17100,300,14470200,244894000000,300,false,1.79
"VIX",141534,"/Date(1703056580000)/",17100,400,14469900,244889000000,300,false,1.79
"VIX",141534,"/Date(1703056580000)/",17100,1000,14469500,244882000000,300,false,1.79
"VIX",141534,"/Date(1703056580000)/",17100,100,14468500,244865000000,300,false,1.79
"VIX",141534,"/Date(1703056580000)/",17100,5000,14468400,244863000000,300,false,1.79
"VIX",141534,"/Date(1703056580000)/",17100,3000,14463400,244778000000,300,false,1.79
"VIX",141534,"/Date(1703056580000)/",17100,5000,14460400,244726000000,300,false,1.79
"VIX",141534,"/Date(1703056580000)/",17100,1000,14455400,244641000000,300,false,1.79
"VIX",141534,"/Date(1703056580000)/",17100,100,14454400,244624000000,300,false,1.79
"VIX",141534,"/Date(1703056580000)/",17100,1000,14454300,244622000000,300,false,1.79
"VIX",141534,"/Date(1703056580000)/",17100,1000,14453300,244605000000,300,false,1.79
"VIX",141534,"/Date(1703056580000)/",17100,2000,14452300,244588000000,300,false,1.79
"VIX",141534,"/Date(1703056580000)/",17100,25500,14450300,244554000000,300,false,1.79
"VIX",141534,"/Date(1703056580000)/",17100,1200,14424800,244118000000,300,false,1.79
"VIX",141534,"/Date(1703056580000)/",17100,1000,14423600,244097000000,300,false,1.79
"VIX",141534,"/Date(1703056580000)/",17100,1000,14422600,244080000000,300,false,1.79
"VIX",141534,"/Date(1703056580000)/",17100,200,14421600,244063000000,300,false,1.79
"VIX",141534,"/Date(1703056580000)/",17100,1000,14421400,244059000000,300,false,1.79
"VIX",141534,"/Date(1703056580000)/",17100,500,14420400,244042000000,300,false,1.79
"VIX",141534,"/Date(1703056580000)/",17100,200,14419900,244034000000,300,false,1.79
"VIX",141534,"/Date(1703056580000)/",17100,9000,14419700,244030000000,300,false,1.79
"VIX",141534,"/Date(1703056580000)/",17100,2000,14410700,243876000000,300,false,1.79
"VIX",141534,"/Date(1703056580000)/",17100,2800,14408700,243842000000,300,false,1.79
"VIX",141534,"/Date(1703056580000)/",17100,100,14405900,243794000000,300,false,1.79
"VIX",141534,"/Date(1703056580000)/",17100,500,14405800,243793000000,300,false,1.79
"VIX",141534,"/Date(1703056580000)/",17100,100,14405300,243784000000,300,false,1.79
"VIX",141534,"/Date(1703056580000)/",17100,3100,14405200,243782000000,300,false,1.79
"VIX",141534,"/Date(1703056580000)/",17100,2000,14402100,243729000000,300,false,1.79
"VIX",141534,"/Date(1703056580000)/",17100,300,14400100,243695000000,300,false,1.79
"VIX",141534,"/Date(1703056580000)/",17100,2000,14399800,243690000000,300,false,1.79
"VIX",141534,"/Date(1703056580000)/",17100,300,14397800,243656000000,300,false,1.79
"VIX",141534,"/Date(1703056580000)/",17100,5000,14397500,243651000000,300,false,1.79
"VIX",141534,"/Date(1703056580000)/",17100,1000,14392500,243565000000,300,false,1.79
"VIX",141534,"/Date(1703056580000)/",17100,5000,14391500,243548000000,300,false,1.79
"VIX",141534,"/Date(1703056580000)/",17100,2000,14386500,243463000000,300,false,1.79
"VIX",141534,"/Date(1703056580000)/",17100,100,14384500,243428000000,300,false,1.79
"VIX",141534,"/Date(1703056580000)/",17100,200,14384400,243427000000,300,false,1.79
"VIX",141534,"/Date(1703056580000)/",17100,200,14384200,243423000000,300,false,1.79
"VIX",141534,"/Date(1703056580000)/",17100,1000,14384000,243420000000,300,false,1.79
"VIX",141534,"/Date(1703056580000)/",17100,1000,14383000,243403000000,300,false,1.79
"VIX",141534,"/Date(1703056580000)/",17100,500,14382000,243386000000,300,false,1.79
"VIX",141534,"/Date(1703056580000)/",17100,5000,14381500,243377000000,300,false,1.79
"VIX",141534,"/Date(1703056580000)/",17100,200,14376500,243292000000,300,false,1.79
"VIX",141534,"/Date(1703056580000)/",17100,1400,14376300,243288000000,300,false,1.79
"VIX",141534,"/Date(1703056580000)/",17100,1000,14374900,243264000000,300,false,1.79
"VIX",141534,"/Date(1703056580000)/",17100,600,14373900,243247000000,300,false,1.79
"VIX",141534,"/Date(1703056580000)/",17100,1000,14373300,243237000000,300,false,1.79
"VIX",141534,"/Date(1703056580000)/",17100,500,14372300,243220000000,300,false,1.79
"VIX",141534,"/Date(1703056580000)/",17100,15000,14371800,243211000000,300,false,1.79
"VIX",141534,"/Date(1703056580000)/",17100,2000,14356800,242955000000,300,false,1.79
"VIX",141534,"/Date(1703056580000)/",17100,1000,14354800,242921000000,300,false,1.79
"VIX",141534,"/Date(1703056580000)/",17100,5000,14353800,242903000000,300,false,1.79
"VIX",141534,"/Date(1703056580000)/",17100,3000,14348800,242818000000,300,false,1.79
"VIX",141534,"/Date(1703056580000)/",17100,900,14345800,242767000000,300,false,1.79
"VIX",141534,"/Date(1703056580000)/",17100,300,14344900,242751000000,300,false,1.79
"VIX",141534,"/Date(1703056580000)/",17100,1000,14344600,242746000000,300,false,1.79
"VIX",141534,"/Date(1703056580000)/",17100,1200,14343600,242729000000,300,false,1.79
"VIX",141534,"/Date(1703056580000)/",17100,4500,14342400,242709000000,300,false,1.79
"VIX",141534,"/Date(1703056580000)/",17100,1000,14337900,242632000000,300,false,1.79
"VIX",141534,"/Date(1703056580000)/",17100,100,14336900,242615000000,300,false,1.79
"VIX",141534,"/Date(1703056580000)/",17100,500,14336800,242613000000,300,false,1.79
"VIX",141534,"/Date(1703056580000)/",17100,200,14336300,242604000000,300,false,1.79
"VIX",141534,"/Date(1703056580000)/",17100,500,14336100,242601000000,300,false,1.79
"VIX",141534,"/Date(1703056580000)/",17100,1000,14335600,242592000000,300,false,1.79
"VIX",141534,"/Date(1703056580000)/",17100,100,14334600,242575000000,300,false,1.79
"VIX",141534,"/Date(1703056580000)/",17100,3000,14334500,242573000000,300,false,1.79
"VIX",141534,"/Date(1703056580000)/",17100,500,14331500,242522000000,300,false,1.79
"VIX",141534,"/Date(1703056580000)/",17100,2000,14331000,242514000000,300,false,1.79
"VIX",141534,"/Date(1703056580000)/",17100,10000,14329000,242479000000,300,false,1.79
"VIX",141534,"/Date(1703056580000)/",17100,100,14319000,242308000000,300,false,1.79
"VIX",141534,"/Date(1703056580000)/",17100,2000,14318900,242307000000,300,false,1.79
"VIX",141534,"/Date(1703056580000)/",17100,2000,14316900,242273000000,300,false,1.79
"VIX",141534,"/Date(1703056580000)/",17100,7700,14314900,242238000000,300,false,1.79
"VIX",141534,"/Date(1703056580000)/",17100,100,14307200,242107000000,300,false,1.79
"VIX",141534,"/Date(1703056580000)/",17100,500,14307100,242105000000,300,false,1.79
"VIX",141534,"/Date(1703056580000)/",17100,100,14306600,242096000000,300,false,1.79
"VIX",141534,"/Date(1703056580000)/",17100,100,14306500,242095000000,300,false,1.79
"VIX",141534,"/Date(1703056580000)/",17100,100,14306400,242093000000,300,false,1.79
"VIX",141534,"/Date(1703056580000)/",17100,2000,14306300,242091000000,300,false,1.79
"VIX",141534,"/Date(1703056580000)/",17100,100,14304300,242057000000,300,false,1.79
"VIX",141534,"/Date(1703056580000)/",17100,100,14304200,242055000000,300,false,1.79
"VIX",141534,"/Date(1703056580000)/",17100,100,14304100,242054000000,300,false,1.79
"VIX",141534,"/Date(1703056580000)/",17100,11800,14304000,242052000000,300,false,1.79
"VIX",141534,"/Date(1703056580000)/",17100,2000,14292200,241850000000,300,false,1.79
"VIX",141534,"/Date(1703056580000)/",17100,5000,14290200,241816000000,300,false,1.79
"VIX",141534,"/Date(1703056580000)/",17100,100,14285200,241730000000,300,false,1.79
"VIX",141534,"/Date(1703056580000)/",17100,1400,14285100,241729000000,300,false,1.79
"VIX",141534,"/Date(1703056580000)/",17100,1000,14283700,241705000000,300,false,1.79
"VIX",141534,"/Date(1703056580000)/",17100,10000,14282700,241688000000,300,false,1.79
"VIX",141534,"/Date(1703056580000)/",17100,1000,14272700,241517000000,300,false,1.79
"VIX",141534,"/Date(1703056580000)/",17100,1200,14271700,241500000000,300,false,1.79
"VIX",141534,"/Date(1703056580000)/",17100,5000,14270500,241479000000,300,false,1.79
"VIX",141534,"/Date(1703056580000)/",17100,1900,14265500,241394000000,300,false,1.79
"VIX",141534,"/Date(1703056580000)/",17100,100,14263600,241361000000,300,false,1.79
"VIX",141534,"/Date(1703056580000)/",17100,100,14263500,241359000000,300,false,1.79
"VIX",141534,"/Date(1703056580000)/",17100,5000,14263400,241358000000,300,false,1.79
"VIX",141534,"/Date(1703056580000)/",17100,200,14258400,241272000000,300,false,1.79
"VIX",141534,"/Date(1703056580000)/",17100,50000,14258200,241269000000,300,false,1.79
"VIX",141534,"/Date(1703056579000)/",17100,900,14208200,240414000000,300,false,1.79
"VIX",141531,"/Date(1703056578000)/",17100,10000,14207300,240398000000,300,false,1.79
"VIX",141531,"/Date(1703056577000)/",17100,500,14197300,240227000000,300,false,1.79
"VIX",141531,"/Date(1703056577000)/",17100,700,14196800,240219000000,300,false,1.79
"VIX",141531,"/Date(1703056576000)/",17100,500,14196100,240207000000,300,false,1.79
"VIX",141527,"/Date(1703056575000)/",17100,3000,14195600,240198000000,300,false,1.79
"VIX",141527,"/Date(1703056572000)/",17100,2000,14192600,240147000000,300,false,1.79
"VIX",141524,"/Date(1703056571000)/",17100,32400,14190600,240113000000,300,false,1.79
"VIX",141524,"/Date(1703056571000)/",17100,7900,14158200,239559000000,300,false,1.79
"VIX",141524,"/Date(1703056571000)/",17100,1000,14150300,239424000000,300,false,1.79
"VIX",141524,"/Date(1703056571000)/",17100,500,14149300,239407000000,300,false,1.79
"VIX",141524,"/Date(1703056571000)/",17100,100,14148800,239398000000,300,false,1.79
"VIX",141524,"/Date(1703056571000)/",17100,100,14148700,239396000000,300,false,1.79
"VIX",141524,"/Date(1703056571000)/",17100,3000,14148600,239395000000,300,false,1.79
"VIX",141524,"/Date(1703056571000)/",17100,500,14145600,239343000000,300,false,1.79
"VIX",141524,"/Date(1703056571000)/",17100,700,14145100,239335000000,300,false,1.79
"VIX",141524,"/Date(1703056571000)/",17100,200,14144400,239323000000,300,false,1.79
"VIX",141524,"/Date(1703056571000)/",17100,300,14144200,239319000000,300,false,1.79
"VIX",141524,"/Date(1703056571000)/",17100,4000,14143900,239314000000,300,false,1.79
"VIX",141524,"/Date(1703056571000)/",17100,16000,14139900,239246000000,300,false,1.79
"VIX",141524,"/Date(1703056571000)/",17100,1000,14123900,238972000000,300,false,1.79
"VIX",141524,"/Date(1703056571000)/",17100,1000,14122900,238955000000,300,false,1.79
"VIX",141524,"/Date(1703056571000)/",17100,5000,14121900,238938000000,300,false,1.79
"VIX",141524,"/Date(1703056571000)/",17100,100,14116900,238853000000,300,false,1.79
"VIX",141524,"/Date(1703056571000)/",17100,7000,14116800,238851000000,300,false,1.79
"VIX",141524,"/Date(1703056571000)/",17100,300,14109800,238731000000,300,false,1.79
"VIX",141524,"/Date(1703056571000)/",17100,200,14109500,238726000000,300,false,1.79
"VIX",141524,"/Date(1703056571000)/",17100,6000,14109300,238723000000,300,false,1.79
"VIX",141524,"/Date(1703056571000)/",17100,1500,14103300,238620000000,300,false,1.79
"VIX",141524,"/Date(1703056571000)/",17100,3000,14101800,238594000000,300,false,1.79
"VIX",141524,"/Date(1703056571000)/",17100,200,14098800,238543000000,300,false,1.79
"VIX",141524,"/Date(1703056571000)/",17100,8000,14098600,238540000000,300,false,1.79
"VIX",141521,"/Date(1703056568000)/",17100,600,14090600,238403000000,300,false,1.79
"VIX",141518,"/Date(1703056565000)/",17100,2000,14090000,238393000000,300,false,1.79
"VIX",141518,"/Date(1703056565000)/",17100,5000,14088000,238358000000,300,false,1.79
"VIX",141518,"/Date(1703056565000)/",17100,100,14083000,238273000000,300,false,1.79
"VIX",141518,"/Date(1703056563000)/",17100,500,14082900,238271000000,300,false,1.79
"VIX",141515,"/Date(1703056559000)/",17100,3800,14082400,238263000000,300,false,1.79
"VIX",141515,"/Date(1703056559000)/",17100,100,14078600,238198000000,300,false,1.79
"VIX",141515,"/Date(1703056559000)/",17100,600,14078500,238196000000,300,false,1.79
"VIX",141515,"/Date(1703056559000)/",17100,500,14077900,238186000000,300,false,1.79
"VIX",141515,"/Date(1703056559000)/",17100,2000,14077400,238177000000,300,false,1.79
"VIX",141515,"/Date(1703056559000)/",17100,100,14075400,238143000000,300,false,1.79
"VIX",141515,"/Date(1703056559000)/",17100,100,14075300,238141000000,300,false,1.79
"VIX",141515,"/Date(1703056559000)/",17100,100,14075200,238139000000,300,false,1.79
"VIX",141515,"/Date(1703056559000)/",17100,3000,14075100,238138000000,300,false,1.79
"VIX",141515,"/Date(1703056559000)/",17100,100,14072100,238086000000,300,false,1.79
"VIX",141515,"/Date(1703056559000)/",17100,200,14072000,238085000000,300,false,1.79
"VIX",141515,"/Date(1703056559000)/",17100,20000,14071800,238081000000,300,false,1.79
"VIX",141515,"/Date(1703056559000)/",17100,100,14051800,237739000000,300,false,1.79
"VIX",141515,"/Date(1703056559000)/",17100,5000,14051700,237738000000,300,false,1.79
"VIX",141515,"/Date(1703056559000)/",17100,100,14046700,237652000000,300,false,1.79
"VIX",141515,"/Date(1703056559000)/",17100,4000,14046600,237650000000,300,false,1.79
"VIX",141515,"/Date(1703056559000)/",17100,3000,14042600,237582000000,300,false,1.79
"VIX",141515,"/Date(1703056559000)/",17100,5000,14039600,237531000000,300,false,1.79
"VIX",141515,"/Date(1703056559000)/",17100,400,14034600,237445000000,300,false,1.79
"VIX",141515,"/Date(1703056559000)/",17100,100,14034200,237438000000,300,false,1.79
"VIX",141515,"/Date(1703056559000)/",17100,1000,14034100,237437000000,300,false,1.79
"VIX",141515,"/Date(1703056559000)/",17100,5000,14033100,237420000000,300,false,1.79
"VIX",141515,"/Date(1703056559000)/",17100,300,14028100,237334000000,300,false,1.79
"VIX",141515,"/Date(1703056559000)/",17100,100,14027800,237329000000,300,false,1.79
"VIX",141515,"/Date(1703056559000)/",17100,500,14027700,237327000000,300,false,1.79
"VIX",141515,"/Date(1703056559000)/",17100,100,14027200,237319000000,300,false,1.79
"VIX",141515,"/Date(1703056559000)/",17100,700,14027100,237317000000,300,false,1.79
"VIX",141515,"/Date(1703056559000)/",17100,500,14026400,237305000000,300,false,1.79
"VIX",141515,"/Date(1703056559000)/",17100,100,14025900,237296000000,300,false,1.79
"VIX",141515,"/Date(1703056559000)/",17100,2000,14025800,237295000000,300,false,1.79
"VIX",141515,"/Date(1703056559000)/",17100,1000,14023800,237260000000,300,false,1.79
"VIX",141515,"/Date(1703056559000)/",17100,300,14022800,237243000000,300,false,1.79
"VIX",141515,"/Date(1703056559000)/",17100,300,14022500,237238000000,300,false,1.79
"VIX",141515,"/Date(1703056559000)/",17100,2000,14022200,237233000000,300,false,1.79
"VIX",141515,"/Date(1703056559000)/",17100,1000,14020200,237199000000,300,false,1.79
"VIX",141515,"/Date(1703056559000)/",17100,1000,14019200,237182000000,300,false,1.79
"VIX",141515,"/Date(1703056559000)/",17100,2000,14018200,237165000000,300,false,1.79
"VIX",141515,"/Date(1703056559000)/",17100,10000,14016200,237131000000,300,false,1.79
"VIX",141515,"/Date(1703056559000)/",17100,100,14006200,236960000000,300,false,1.79
"VIX",141515,"/Date(1703056559000)/",17100,500,14006100,236958000000,300,false,1.79
"VIX",141515,"/Date(1703056559000)/",17100,2700,14005600,236949000000,300,false,1.79
"VIX",141515,"/Date(1703056559000)/",17100,20500,14002900,236903000000,300,false,1.79
"VIX",141511,"/Date(1703056559000)/",17100,500,13982400,236553000000,300,false,1.79
"VIX",141508,"/Date(1703056555000)/",17100,100,13981900,236544000000,300,false,1.79
"VIX",141508,"/Date(1703056555000)/",17100,1000,13981800,236542000000,300,false,1.79
"VIX",141505,"/Date(1703056550000)/",17100,7900,13980800,236525000000,300,false,1.79
"VIX",141505,"/Date(1703056550000)/",17100,1000,13972900,236390000000,300,false,1.79
"VIX",141505,"/Date(1703056550000)/",17100,500,13971900,236373000000,300,false,1.79
"VIX",141505,"/Date(1703056550000)/",17100,2000,13971400,236364000000,300,false,1.79
"VIX",141505,"/Date(1703056550000)/",17100,5000,13969400,236330000000,300,false,1.79
"VIX",141505,"/Date(1703056550000)/",17100,1000,13964400,236245000000,300,false,1.79
"VIX",141505,"/Date(1703056550000)/",17100,1000,13963400,236228000000,300,false,1.79
"VIX",141505,"/Date(1703056550000)/",17100,200,13962400,236211000000,300,false,1.79
"VIX",141505,"/Date(1703056550000)/",17100,10000,13962200,236207000000,300,false,1.79
"VIX",141505,"/Date(1703056550000)/",17100,500,13952200,236036000000,300,false,1.79
"VIX",141505,"/Date(1703056550000)/",17100,100,13951700,236028000000,300,false,1.79
"VIX",141505,"/Date(1703056550000)/",17100,1000,13951600,236026000000,300,false,1.79
"VIX",141505,"/Date(1703056550000)/",17100,1000,13950600,236009000000,300,false,1.79
"VIX",141505,"/Date(1703056550000)/",17100,600,13949600,235992000000,300,false,1.79
"VIX",141505,"/Date(1703056550000)/",17100,500,13949000,235981000000,300,false,1.79
"VIX",141505,"/Date(1703056550000)/",17100,2000,13948500,235973000000,300,false,1.79
"VIX",141505,"/Date(1703056550000)/",17100,1000,13946500,235939000000,300,false,1.79
"VIX",141505,"/Date(1703056550000)/",17100,200,13945500,235922000000,300,false,1.79
"VIX",141505,"/Date(1703056550000)/",17100,10000,13945300,235918000000,300,false,1.79
"VIX",141505,"/Date(1703056550000)/",17100,1500,13935300,235747000000,300,false,1.79
"VIX",141505,"/Date(1703056550000)/",17100,6800,13933800,235721000000,300,false,1.79
"VIX",141505,"/Date(1703056550000)/",17100,1000,13927000,235605000000,300,false,1.79
"VIX",141505,"/Date(1703056550000)/",17100,500,13926000,235588000000,300,false,1.79
"VIX",141505,"/Date(1703056550000)/",17100,2300,13925500,235580000000,300,false,1.79
"VIX",141505,"/Date(1703056550000)/",17100,1000,13923200,235540000000,300,false,1.79
"VIX",141505,"/Date(1703056550000)/",17100,2000,13922200,235523000000,300,false,1.79
"VIX",141505,"/Date(1703056550000)/",17100,500,13920200,235489000000,300,false,1.79
"VIX",141505,"/Date(1703056550000)/",17100,5000,13919700,235480000000,300,false,1.79
"VIX",141505,"/Date(1703056550000)/",17100,1000,13914700,235395000000,300,false,1.79
"VIX",141505,"/Date(1703056550000)/",17100,100,13913700,235378000000,300,false,1.79
"VIX",141505,"/Date(1703056550000)/",17100,500,13913600,235376000000,300,false,1.79
"VIX",141505,"/Date(1703056550000)/",17100,3000,13913100,235368000000,300,false,1.79
"VIX",141505,"/Date(1703056550000)/",17100,2000,13910100,235316000000,300,false,1.79
"VIX",141505,"/Date(1703056550000)/",17100,10000,13908100,235282000000,300,false,1.79
"VIX",141505,"/Date(1703056550000)/",17100,500,13898100,235111000000,300,false,1.79
"VIX",141505,"/Date(1703056550000)/",17100,100,13897600,235102000000,300,false,1.79
"VIX",141505,"/Date(1703056550000)/",17100,10000,13897500,235101000000,300,false,1.79
"VIX",141505,"/Date(1703056550000)/",17100,300,13887500,234930000000,300,false,1.79
"VIX",141505,"/Date(1703056550000)/",17100,200,13887200,234925000000,300,false,1.79
"VIX",141505,"/Date(1703056550000)/",17100,500,13887000,234921000000,300,false,1.79
"VIX",141505,"/Date(1703056550000)/",17100,2000,13886500,234913000000,300,false,1.79
"VIX",141505,"/Date(1703056550000)/",17100,100,13884500,234878000000,300,false,1.79
"VIX",141505,"/Date(1703056550000)/",17100,1700,13884400,234877000000,300,false,1.79
"VIX",141505,"/Date(1703056550000)/",17100,1900,13882700,234848000000,300,false,1.79
"VIX",141459,"/Date(1703056545000)/",17100,700,13880800,234815000000,300,false,1.79
"VIX",141456,"/Date(1703056543000)/",17100,700,13880100,234803000000,300,false,1.79
"VIX",141456,"/Date(1703056543000)/",17100,300,13879400,234791000000,300,false,1.79
"VIX",141456,"/Date(1703056542000)/",17100,100,13879100,234786000000,300,false,1.79
"VIX",141456,"/Date(1703056542000)/",17100,400,13879000,234784000000,300,false,1.79
"VIX",141456,"/Date(1703056542000)/",17100,200,13878600,234778000000,300,false,1.79
"VIX",141456,"/Date(1703056542000)/",17100,1400,13878400,234774000000,300,false,1.79
"VIX",141456,"/Date(1703056540000)/",17100,1000,13877000,234750000000,300,false,1.79
"VIX",141452,"/Date(1703056539000)/",17100,200,13876000,234733000000,300,false,1.79
"VIX",141452,"/Date(1703056539000)/",17100,900,13875800,234730000000,300,false,1.79
"VIX",141452,"/Date(1703056539000)/",17100,100,13874900,234714000000,300,false,1.79
"VIX",141449,"/Date(1703056537000)/",17050,200,13874800,234713000000,250,true,1.49
"VIX",141449,"/Date(1703056535000)/",17100,1400,13874600,234709000000,300,false,1.79
"VIX",141449,"/Date(1703056535000)/",17100,100,13873200,234685000000,300,false,1.79
"VIX",141446,"/Date(1703056533000)/",17050,200,13873100,234684000000,250,true,1.49
"VIX",141446,"/Date(1703056533000)/",17100,900,13872900,234680000000,300,false,1.79
"VIX",141446,"/Date(1703056533000)/",17100,100,13872000,234665000000,300,false,1.79
"VIX",141446,"/Date(1703056533000)/",17100,300,13871900,234663000000,300,false,1.79
"VIX",141446,"/Date(1703056533000)/",17100,1000,13871600,234658000000,300,false,1.79
"VIX",141446,"/Date(1703056533000)/",17100,100,13870600,234641000000,300,false,1.79
"VIX",141446,"/Date(1703056533000)/",17100,600,13870500,234639000000,300,false,1.79
"VIX",141443,"/Date(1703056530000)/",17100,400,13869900,234629000000,300,false,1.79
"VIX",141443,"/Date(1703056530000)/",17100,500,13869500,234622000000,300,false,1.79
"VIX",141443,"/Date(1703056530000)/",17100,1000,13869000,234613000000,300,false,1.79
"VIX",141443,"/Date(1703056530000)/",17100,1200,13868000,234596000000,300,false,1.79
"VIX",141443,"/Date(1703056530000)/",17100,5000,13866800,234576000000,300,false,1.79
"VIX",141443,"/Date(1703056530000)/",17100,1000,13861800,234490000000,300,false,1.79
"VIX",141443,"/Date(1703056530000)/",17100,100,13860800,234473000000,300,false,1.79
"VIX",141443,"/Date(1703056530000)/",17100,500,13860700,234472000000,300,false,1.79
"VIX",141443,"/Date(1703056530000)/",17100,1000,13860200,234463000000,300,false,1.79
"VIX",141443,"/Date(1703056530000)/",17100,500,13859200,234446000000,300,false,1.79
"VIX",141443,"/Date(1703056530000)/",17100,5000,13858700,234437000000,300,false,1.79
"VIX",141443,"/Date(1703056530000)/",17100,2000,13853700,234352000000,300,false,1.79
"VIX",141443,"/Date(1703056530000)/",17100,200,13851700,234318000000,300,false,1.79
"VIX",141443,"/Date(1703056530000)/",17100,200,13851500,234314000000,300,false,1.79
"VIX",141443,"/Date(1703056530000)/",17100,200,13851300,234311000000,300,false,1.79
"VIX",141443,"/Date(1703056530000)/",17100,5000,13851100,234307000000,300,false,1.79
"VIX",141443,"/Date(1703056530000)/",17100,200,13846100,234222000000,300,false,1.79
"VIX",141443,"/Date(1703056530000)/",17100,100,13845900,234218000000,300,false,1.79
"VIX",141443,"/Date(1703056530000)/",17100,1000,13845800,234217000000,300,false,1.79
"VIX",141443,"/Date(1703056530000)/",17100,4000,13844800,234200000000,300,false,1.79
"VIX",141443,"/Date(1703056530000)/",17100,200,13840800,234131000000,300,false,1.79
"VIX",141443,"/Date(1703056530000)/",17100,200,13840600,234128000000,300,false,1.79
"VIX",141443,"/Date(1703056530000)/",17100,500,13840400,234124000000,300,false,1.79
"VIX",141443,"/Date(1703056530000)/",17100,500,13839900,234116000000,300,false,1.79
"VIX",141443,"/Date(1703056530000)/",17100,100,13839400,234107000000,300,false,1.79
