"Stockcode","Package","TradingDate","Price","Vol","TotalVol","TotalVal","Change","IsBuy","PerChange"
"ANV",144418,"/Date(1702367100000)/",32050,39200,1360100,43475000000,-150,false,-0.47
"ANV",142912,"/Date(1702366194000)/",31900,100,1320900,42219000000,-300,false,-0.93
"ANV",142909,"/Date(1702366190000)/",31900,600,1320800,42216000000,-300,false,-0.93
"ANV",142909,"/Date(1702366188000)/",31900,500,1320200,42197000000,-300,false,-0.93
"ANV",142905,"/Date(1702366187000)/",31900,1300,1319700,42181000000,-300,false,-0.93
"ANV",142902,"/Date(1702366184000)/",31950,300,1318400,42139000000,-250,false,-0.78
"ANV",142902,"/Date(1702366184000)/",31950,700,1318100,42130000000,-250,false,-0.78
"ANV",142859,"/Date(1702366180000)/",31900,400,1317400,42107000000,-300,true,-0.93
"ANV",142859,"/Date(1702366180000)/",31900,200,1317000,42094000000,-300,true,-0.93
"ANV",142843,"/Date(1702366163000)/",31950,100,1316800,42088000000,-250,false,-0.78
"ANV",142817,"/Date(1702366138000)/",31950,500,1316700,42085000000,-250,false,-0.78
"ANV",142745,"/Date(1702366104000)/",31950,2000,1316200,42069000000,-250,false,-0.78
"ANV",142745,"/Date(1702366104000)/",31950,1700,1314200,42005000000,-250,false,-0.78
"ANV",142745,"/Date(1702366104000)/",31900,10000,1312500,41951000000,-300,false,-0.93
"ANV",142745,"/Date(1702366104000)/",31900,100,1302500,41632000000,-300,false,-0.93
"ANV",142745,"/Date(1702366104000)/",31900,1000,1302400,41629000000,-300,false,-0.93
"ANV",142745,"/Date(1702366104000)/",31900,500,1301400,41597000000,-300,false,-0.93
"ANV",142745,"/Date(1702366104000)/",31900,4000,1300900,41581000000,-300,false,-0.93
"ANV",142742,"/Date(1702366104000)/",31850,1000,1296900,41453000000,-350,false,-1.09
"ANV",142742,"/Date(1702366104000)/",31850,7700,1295900,41421000000,-350,false,-1.09
"ANV",142720,"/Date(1702366081000)/",31850,1500,1288200,41176000000,-350,false,-1.09
"ANV",142713,"/Date(1702366074000)/",31850,3000,1286700,41128000000,-350,false,-1.09
"ANV",142657,"/Date(1702366057000)/",31850,1900,1283700,41033000000,-350,true,-1.09
"ANV",142644,"/Date(1702366045000)/",31850,4100,1281800,40972000000,-350,true,-1.09
"ANV",142644,"/Date(1702366045000)/",31850,500,1277700,40842000000,-350,true,-1.09
"ANV",142644,"/Date(1702366045000)/",31850,300,1277200,40826000000,-350,true,-1.09
"ANV",142644,"/Date(1702366045000)/",31850,100,1276900,40816000000,-350,true,-1.09
"ANV",142619,"/Date(1702366021000)/",31850,2000,1276800,40813000000,-350,true,-1.09
"ANV",142619,"/Date(1702366021000)/",31850,300,1274800,40749000000,-350,true,-1.09
"ANV",142606,"/Date(1702366006000)/",31800,200,1274500,40740000000,-400,true,-1.24
"ANV",142547,"/Date(1702365988000)/",31850,100,1274300,40733000000,-350,false,-1.09
"ANV",142540,"/Date(1702365983000)/",31850,100,1274200,40730000000,-350,false,-1.09
"ANV",142540,"/Date(1702365978000)/",31800,400,1274100,40727000000,-400,true,-1.24
"ANV",142540,"/Date(1702365978000)/",31800,1600,1273700,40714000000,-400,true,-1.24
"ANV",142534,"/Date(1702365968000)/",31800,100,1272100,40663000000,-400,true,-1.24
"ANV",142534,"/Date(1702365968000)/",31800,300,1272000,40660000000,-400,true,-1.24
"ANV",142534,"/Date(1702365968000)/",31800,200,1271700,40651000000,-400,true,-1.24
"ANV",142531,"/Date(1702365963000)/",31800,300,1271500,40644000000,-400,false,-1.24
"ANV",142514,"/Date(1702365954000)/",31800,5000,1271200,40635000000,-400,false,-1.24
"ANV",142502,"/Date(1702365942000)/",31800,300,1266200,40476000000,-400,false,-1.24
"ANV",142502,"/Date(1702365941000)/",31800,1000,1265900,40466000000,-400,false,-1.24
"ANV",142458,"/Date(1702365938000)/",31800,100,1264900,40434000000,-400,true,-1.24
"ANV",142458,"/Date(1702365938000)/",31800,1000,1264800,40431000000,-400,true,-1.24
"ANV",142458,"/Date(1702365938000)/",31800,7200,1263800,40399000000,-400,true,-1.24
"ANV",142442,"/Date(1702365924000)/",31800,2600,1256600,40170000000,-400,true,-1.24
"ANV",142442,"/Date(1702365924000)/",31800,1000,1254000,40088000000,-400,true,-1.24
"ANV",142442,"/Date(1702365924000)/",31800,1000,1253000,40056000000,-400,true,-1.24
"ANV",142442,"/Date(1702365924000)/",31800,500,1252000,40024000000,-400,true,-1.24
"ANV",142442,"/Date(1702365924000)/",31800,1500,1251500,40008000000,-400,true,-1.24
"ANV",142442,"/Date(1702365924000)/",31800,500,1250000,39961000000,-400,true,-1.24
"ANV",142442,"/Date(1702365924000)/",31800,1000,1249500,39945000000,-400,true,-1.24
"ANV",142442,"/Date(1702365924000)/",31800,100,1248500,39913000000,-400,true,-1.24
"ANV",142442,"/Date(1702365924000)/",31800,100,1248400,39910000000,-400,true,-1.24
"ANV",142442,"/Date(1702365924000)/",31800,500,1248300,39906000000,-400,true,-1.24
"ANV",142442,"/Date(1702365924000)/",31800,100,1247800,39891000000,-400,true,-1.24
"ANV",142442,"/Date(1702365924000)/",31800,1000,1247700,39887000000,-400,true,-1.24
"ANV",142442,"/Date(1702365924000)/",31800,7000,1246700,39856000000,-400,true,-1.24
"ANV",142442,"/Date(1702365924000)/",31800,300,1239700,39633000000,-400,true,-1.24
"ANV",142442,"/Date(1702365924000)/",31800,100,1239400,39623000000,-400,true,-1.24
"ANV",142442,"/Date(1702365924000)/",31800,12700,1239300,39620000000,-400,true,-1.24
"ANV",142436,"/Date(1702365916000)/",31800,8400,1226600,39216000000,-400,true,-1.24
"ANV",142404,"/Date(1702365884000)/",31800,8900,1218200,38949000000,-400,true,-1.24
"ANV",142358,"/Date(1702365879000)/",31850,100,1209300,38666000000,-350,false,-1.09
"ANV",142358,"/Date(1702365879000)/",31850,500,1209200,38663000000,-350,false,-1.09
"ANV",142358,"/Date(1702365879000)/",31850,500,1208700,38647000000,-350,false,-1.09
"ANV",142358,"/Date(1702365879000)/",31850,3400,1208200,38631000000,-350,false,-1.09
"ANV",142342,"/Date(1702365863000)/",31850,200,1204800,38523000000,-350,false,-1.09
"ANV",142332,"/Date(1702365853000)/",31850,200,1204600,38517000000,-350,false,-1.09
"ANV",142323,"/Date(1702365843000)/",31850,100,1204400,38510000000,-350,false,-1.09
"ANV",142323,"/Date(1702365843000)/",31850,1000,1204300,38507000000,-350,false,-1.09
"ANV",142319,"/Date(1702365838000)/",31850,400,1203300,38475000000,-350,false,-1.09
"ANV",142309,"/Date(1702365831000)/",31850,100,1202900,38462000000,-350,false,-1.09
"ANV",142234,"/Date(1702365794000)/",31850,1000,1202800,38459000000,-350,false,-1.09
"ANV",142234,"/Date(1702365794000)/",31850,3100,1201800,38427000000,-350,false,-1.09
"ANV",142202,"/Date(1702365764000)/",31850,1000,1198700,38329000000,-350,true,-1.09
"ANV",142153,"/Date(1702365755000)/",31850,3600,1197700,38297000000,-350,false,-1.09
"ANV",142149,"/Date(1702365749000)/",31850,3400,1194100,38182000000,-350,false,-1.09
"ANV",142133,"/Date(1702365733000)/",31850,400,1190700,38074000000,-350,true,-1.09
"ANV",142133,"/Date(1702365733000)/",31850,2000,1190300,38061000000,-350,true,-1.09
"ANV",142133,"/Date(1702365733000)/",31850,100,1188300,37997000000,-350,true,-1.09
"ANV",142133,"/Date(1702365733000)/",31850,100,1188200,37994000000,-350,true,-1.09
"ANV",142133,"/Date(1702365733000)/",31850,400,1188100,37991000000,-350,true,-1.09
"ANV",142121,"/Date(1702365722000)/",31850,100,1187700,37978000000,-350,true,-1.09
"ANV",142121,"/Date(1702365722000)/",31850,500,1187600,37975000000,-350,true,-1.09
"ANV",142121,"/Date(1702365722000)/",31850,200,1187100,37959000000,-350,true,-1.09
"ANV",142121,"/Date(1702365722000)/",31850,200,1186900,37953000000,-350,true,-1.09
"ANV",142114,"/Date(1702365714000)/",31850,200,1186700,37946000000,-350,true,-1.09
"ANV",142114,"/Date(1702365714000)/",31850,1500,1186500,37940000000,-350,true,-1.09
"ANV",142114,"/Date(1702365714000)/",31850,200,1185000,37892000000,-350,true,-1.09
"ANV",142114,"/Date(1702365714000)/",31850,1100,1184800,37886000000,-350,true,-1.09
"ANV",142046,"/Date(1702365687000)/",31850,1000,1183700,37851000000,-350,true,-1.09
"ANV",142046,"/Date(1702365686000)/",31850,500,1182700,37819000000,-350,true,-1.09
"ANV",142036,"/Date(1702365676000)/",31850,300,1182200,37803000000,-350,true,-1.09
"ANV",141948,"/Date(1702365629000)/",31850,500,1181900,37794000000,-350,true,-1.09
"ANV",141945,"/Date(1702365624000)/",31850,100,1181400,37778000000,-350,true,-1.09
"ANV",141916,"/Date(1702365597000)/",31850,200,1181300,37774000000,-350,true,-1.09
"ANV",141822,"/Date(1702365541000)/",31900,500,1181100,37768000000,-300,false,-0.93
"ANV",141740,"/Date(1702365500000)/",31900,500,1180600,37752000000,-300,false,-0.93
"ANV",141731,"/Date(1702365491000)/",31850,800,1180100,37736000000,-350,true,-1.09
"ANV",141728,"/Date(1702365487000)/",31850,1000,1179300,37711000000,-350,true,-1.09
"ANV",141643,"/Date(1702365442000)/",31850,500,1178300,37679000000,-350,true,-1.09
"ANV",141643,"/Date(1702365442000)/",31850,500,1177800,37663000000,-350,true,-1.09
"ANV",141624,"/Date(1702365424000)/",31900,100,1177300,37647000000,-300,false,-0.93
"ANV",141549,"/Date(1702365390000)/",31900,200,1177200,37644000000,-300,true,-0.93
"ANV",141549,"/Date(1702365390000)/",31900,100,1177000,37637000000,-300,true,-0.93
"ANV",141549,"/Date(1702365390000)/",31900,900,1176900,37634000000,-300,true,-0.93
"ANV",141530,"/Date(1702365369000)/",31900,5900,1176000,37606000000,-300,true,-0.93
"ANV",141530,"/Date(1702365369000)/",31900,200,1170100,37417000000,-300,true,-0.93
"ANV",141530,"/Date(1702365369000)/",31900,1000,1169900,37411000000,-300,true,-0.93
"ANV",141530,"/Date(1702365369000)/",31900,2900,1168900,37379000000,-300,true,-0.93
"ANV",141403,"/Date(1702365282000)/",31900,900,1166000,37287000000,-300,true,-0.93
"ANV",141400,"/Date(1702365280000)/",31900,1000,1165100,37258000000,-300,true,-0.93
"ANV",141354,"/Date(1702365272000)/",31950,1100,1164100,37226000000,-250,false,-0.78
"ANV",141354,"/Date(1702365272000)/",31950,400,1163000,37191000000,-250,false,-0.78
"ANV",141354,"/Date(1702365272000)/",31950,500,1162600,37178000000,-250,false,-0.78
"ANV",141259,"/Date(1702365219000)/",31950,1500,1162100,37162000000,-250,false,-0.78
"ANV",141259,"/Date(1702365219000)/",31950,500,1160600,37114000000,-250,false,-0.78
"ANV",141253,"/Date(1702365213000)/",31900,3000,1160100,37098000000,-300,true,-0.93
"ANV",141240,"/Date(1702365201000)/",31900,500,1157100,37002000000,-300,true,-0.93
"ANV",141240,"/Date(1702365201000)/",31900,300,1156600,36986000000,-300,true,-0.93
"ANV",141240,"/Date(1702365201000)/",31900,1400,1156300,36977000000,-300,true,-0.93
"ANV",141240,"/Date(1702365199000)/",31900,100,1154900,36932000000,-300,true,-0.93
"ANV",141234,"/Date(1702365194000)/",31900,500,1154800,36929000000,-300,false,-0.93
"ANV",141234,"/Date(1702365194000)/",31900,1000,1154300,36913000000,-300,false,-0.93
"ANV",141234,"/Date(1702365194000)/",31900,500,1153300,36881000000,-300,false,-0.93
"ANV",141231,"/Date(1702365190000)/",31900,500,1152800,36865000000,-300,false,-0.93
"ANV",141231,"/Date(1702365190000)/",31900,500,1152300,36849000000,-300,false,-0.93
"ANV",141218,"/Date(1702365179000)/",31850,300,1151800,36833000000,-350,true,-1.09
"ANV",141218,"/Date(1702365179000)/",31850,100,1151500,36824000000,-350,true,-1.09
"ANV",141218,"/Date(1702365179000)/",31850,200,1151400,36821000000,-350,true,-1.09
"ANV",141218,"/Date(1702365179000)/",31850,900,1151200,36814000000,-350,true,-1.09
"ANV",141218,"/Date(1702365178000)/",31850,200,1150300,36786000000,-350,true,-1.09
"ANV",141215,"/Date(1702365176000)/",31850,200,1150100,36779000000,-350,false,-1.09
"ANV",141212,"/Date(1702365171000)/",31850,500,1149900,36773000000,-350,false,-1.09
"ANV",141208,"/Date(1702365169000)/",31850,100,1149400,36757000000,-350,false,-1.09
"ANV",141208,"/Date(1702365167000)/",31850,1100,1149300,36754000000,-350,false,-1.09
"ANV",141140,"/Date(1702365140000)/",31800,4700,1148200,36719000000,-400,false,-1.24
"ANV",141136,"/Date(1702365137000)/",31800,200,1143500,36569000000,-400,false,-1.24
"ANV",141133,"/Date(1702365133000)/",31800,1000,1143300,36563000000,-400,false,-1.24
"ANV",141130,"/Date(1702365130000)/",31800,300,1142300,36531000000,-400,false,-1.24
"ANV",141130,"/Date(1702365129000)/",31800,1000,1142000,36522000000,-400,false,-1.24
"ANV",141127,"/Date(1702365127000)/",31800,1000,1141000,36490000000,-400,false,-1.24
"ANV",141124,"/Date(1702365124000)/",31800,1800,1140000,36458000000,-400,false,-1.24
"ANV",141124,"/Date(1702365124000)/",31800,500,1138200,36401000000,-400,false,-1.24
"ANV",141124,"/Date(1702365124000)/",31800,900,1137700,36385000000,-400,false,-1.24
"ANV",141120,"/Date(1702365119000)/",31800,1400,1136800,36356000000,-400,false,-1.24
"ANV",141120,"/Date(1702365119000)/",31800,3600,1135400,36312000000,-400,false,-1.24
"ANV",140938,"/Date(1702365017000)/",31750,200,1131800,36197000000,-450,true,-1.4
"ANV",140929,"/Date(1702365009000)/",31750,100,1131600,36191000000,-450,false,-1.4
"ANV",140929,"/Date(1702365009000)/",31750,3100,1131500,36188000000,-450,false,-1.4
"ANV",140926,"/Date(1702365005000)/",31700,300,1128400,36089000000,-500,true,-1.55
"ANV",140916,"/Date(1702364994000)/",31700,100,1128100,36080000000,-500,true,-1.55
"ANV",140903,"/Date(1702364981000)/",31700,200,1128000,36077000000,-500,true,-1.55
"ANV",140903,"/Date(1702364981000)/",31700,100,1127800,36070000000,-500,true,-1.55
"ANV",140903,"/Date(1702364981000)/",31700,700,1127700,36067000000,-500,true,-1.55
"ANV",140900,"/Date(1702364981000)/",31750,100,1127000,36045000000,-450,false,-1.4
"ANV",140900,"/Date(1702364980000)/",31750,100,1126900,36042000000,-450,false,-1.4
"ANV",140854,"/Date(1702364973000)/",31750,500,1126800,36039000000,-450,false,-1.4
"ANV",140847,"/Date(1702364967000)/",31750,5000,1126300,36023000000,-450,true,-1.4
"ANV",140847,"/Date(1702364967000)/",31750,800,1121300,35864000000,-450,true,-1.4
"ANV",140847,"/Date(1702364967000)/",31750,200,1120500,35838000000,-450,true,-1.4
"ANV",140847,"/Date(1702364967000)/",31750,100,1120300,35832000000,-450,true,-1.4
"ANV",140847,"/Date(1702364967000)/",31750,100,1120200,35829000000,-450,true,-1.4
"ANV",140835,"/Date(1702364953000)/",31750,600,1120100,35826000000,-450,true,-1.4
"ANV",140831,"/Date(1702364951000)/",31800,100,1119500,35807000000,-400,false,-1.24
"ANV",140819,"/Date(1702364938000)/",31750,300,1119400,35804000000,-450,true,-1.4
"ANV",140815,"/Date(1702364936000)/",31750,600,1119100,35794000000,-450,true,-1.4
"ANV",140806,"/Date(1702364925000)/",31800,300,1118500,35775000000,-400,false,-1.24
"ANV",140756,"/Date(1702364915000)/",31750,400,1118200,35765000000,-450,true,-1.4
"ANV",140756,"/Date(1702364915000)/",31750,1000,1117800,35753000000,-450,true,-1.4
"ANV",140756,"/Date(1702364915000)/",31750,1000,1116800,35721000000,-450,true,-1.4
"ANV",140756,"/Date(1702364915000)/",31750,600,1115800,35689000000,-450,true,-1.4
"ANV",140756,"/Date(1702364914000)/",31750,1200,1115200,35670000000,-450,true,-1.4
"ANV",140734,"/Date(1702364894000)/",31750,2000,1114000,35632000000,-450,true,-1.4
"ANV",140728,"/Date(1702364886000)/",31750,1200,1112000,35569000000,-450,false,-1.4
"ANV",140724,"/Date(1702364882000)/",31750,5000,1110800,35530000000,-450,false,-1.4
"ANV",140708,"/Date(1702364868000)/",31700,300,1105800,35372000000,-500,true,-1.55
"ANV",140708,"/Date(1702364868000)/",31700,200,1105500,35362000000,-500,true,-1.55
"ANV",140639,"/Date(1702364839000)/",31700,300,1105300,35356000000,-500,true,-1.55
"ANV",140630,"/Date(1702364828000)/",31750,100,1105000,35346000000,-450,false,-1.4
"ANV",140623,"/Date(1702364821000)/",31750,300,1104900,35343000000,-450,false,-1.4
"ANV",140617,"/Date(1702364815000)/",31750,1700,1104600,35334000000,-450,false,-1.4
"ANV",140601,"/Date(1702364799000)/",31750,1000,1102900,35280000000,-450,true,-1.4
"ANV",140601,"/Date(1702364799000)/",31750,100,1101900,35248000000,-450,true,-1.4
"ANV",140601,"/Date(1702364799000)/",31750,400,1101800,35245000000,-450,true,-1.4
"ANV",140601,"/Date(1702364799000)/",31750,200,1101400,35232000000,-450,true,-1.4
"ANV",140601,"/Date(1702364799000)/",31750,100,1101200,35226000000,-450,true,-1.4
"ANV",140601,"/Date(1702364799000)/",31750,2900,1101100,35223000000,-450,true,-1.4
"ANV",140551,"/Date(1702364789000)/",31750,100,1098200,35130000000,-450,true,-1.4
"ANV",140551,"/Date(1702364789000)/",31750,500,1098100,35127000000,-450,true,-1.4
"ANV",140551,"/Date(1702364789000)/",31750,100,1097600,35111000000,-450,true,-1.4
"ANV",140551,"/Date(1702364789000)/",31750,500,1097500,35108000000,-450,true,-1.4
"ANV",140551,"/Date(1702364789000)/",31750,300,1097000,35092000000,-450,true,-1.4
"ANV",140551,"/Date(1702364789000)/",31750,1000,1096700,35083000000,-450,true,-1.4
"ANV",140551,"/Date(1702364789000)/",31750,1000,1095700,35051000000,-450,true,-1.4
"ANV",140551,"/Date(1702364789000)/",31750,100,1094700,35019000000,-450,true,-1.4
"ANV",140548,"/Date(1702364786000)/",31750,400,1094600,35016000000,-450,true,-1.4
"ANV",140548,"/Date(1702364786000)/",31750,200,1094200,35003000000,-450,true,-1.4
"ANV",140548,"/Date(1702364786000)/",31750,200,1094000,34997000000,-450,true,-1.4
"ANV",140548,"/Date(1702364786000)/",31750,3200,1093800,34991000000,-450,true,-1.4
"ANV",140545,"/Date(1702364784000)/",31750,4300,1090600,34889000000,-450,true,-1.4
"ANV",140538,"/Date(1702364769000)/",31750,2500,1086300,34753000000,-450,true,-1.4
"ANV",140516,"/Date(1702364755000)/",31800,200,1083800,34673000000,-400,false,-1.24
"ANV",140513,"/Date(1702364751000)/",31800,300,1083600,34667000000,-400,false,-1.24
"ANV",140503,"/Date(1702364741000)/",31800,1000,1083300,34657000000,-400,false,-1.24
"ANV",140431,"/Date(1702364711000)/",31800,2200,1082300,34626000000,-400,false,-1.24
"ANV",140431,"/Date(1702364711000)/",31800,2800,1080100,34556000000,-400,false,-1.24
"ANV",140419,"/Date(1702364697000)/",31750,100,1077300,34467000000,-450,true,-1.4
"ANV",140419,"/Date(1702364697000)/",31750,100,1077200,34463000000,-450,true,-1.4
"ANV",140419,"/Date(1702364697000)/",31750,200,1077100,34460000000,-450,true,-1.4
"ANV",140419,"/Date(1702364697000)/",31750,100,1076900,34454000000,-450,true,-1.4
"ANV",140419,"/Date(1702364697000)/",31750,100,1076800,34451000000,-450,true,-1.4
"ANV",140419,"/Date(1702364697000)/",31750,100,1076700,34448000000,-450,true,-1.4
"ANV",140419,"/Date(1702364697000)/",31750,500,1076600,34444000000,-450,true,-1.4
"ANV",140419,"/Date(1702364697000)/",31750,800,1076100,34428000000,-450,true,-1.4
"ANV",140409,"/Date(1702364689000)/",31750,400,1075300,34403000000,-450,true,-1.4
"ANV",140409,"/Date(1702364689000)/",31750,600,1074900,34390000000,-450,true,-1.4
"ANV",140403,"/Date(1702364681000)/",31800,200,1074300,34371000000,-400,false,-1.24
"ANV",140359,"/Date(1702364678000)/",31800,100,1074100,34365000000,-400,true,-1.24
"ANV",140359,"/Date(1702364678000)/",31800,600,1074000,34362000000,-400,true,-1.24
"ANV",140359,"/Date(1702364678000)/",31800,100,1073400,34343000000,-400,true,-1.24
"ANV",140359,"/Date(1702364678000)/",31800,100,1073300,34340000000,-400,true,-1.24
"ANV",140359,"/Date(1702364678000)/",31800,300,1073200,34336000000,-400,true,-1.24
"ANV",140359,"/Date(1702364678000)/",31800,2000,1072900,34327000000,-400,true,-1.24
"ANV",140359,"/Date(1702364678000)/",31800,200,1070900,34263000000,-400,true,-1.24
"ANV",140359,"/Date(1702364678000)/",31800,2400,1070700,34257000000,-400,true,-1.24
"ANV",140359,"/Date(1702364678000)/",31800,200,1068300,34181000000,-400,true,-1.24
"ANV",140359,"/Date(1702364678000)/",31800,100,1068100,34174000000,-400,true,-1.24
"ANV",140359,"/Date(1702364678000)/",31800,200,1068000,34171000000,-400,true,-1.24
"ANV",140359,"/Date(1702364678000)/",31800,100,1067800,34165000000,-400,true,-1.24
"ANV",140359,"/Date(1702364678000)/",31800,100,1067700,34161000000,-400,true,-1.24
"ANV",140359,"/Date(1702364678000)/",31800,400,1067600,34158000000,-400,true,-1.24
"ANV",140359,"/Date(1702364678000)/",31800,1000,1067200,34146000000,-400,true,-1.24
"ANV",140359,"/Date(1702364678000)/",31800,300,1066200,34114000000,-400,true,-1.24
"ANV",140359,"/Date(1702364678000)/",31800,500,1065900,34104000000,-400,true,-1.24
"ANV",140359,"/Date(1702364678000)/",31800,300,1065400,34088000000,-400,true,-1.24
"ANV",140359,"/Date(1702364678000)/",31800,200,1065100,34079000000,-400,true,-1.24
"ANV",140359,"/Date(1702364678000)/",31800,4000,1064900,34072000000,-400,true,-1.24
"ANV",140359,"/Date(1702364678000)/",31800,100,1060900,33945000000,-400,true,-1.24
"ANV",140359,"/Date(1702364678000)/",31800,100,1060800,33942000000,-400,true,-1.24
"ANV",140359,"/Date(1702364678000)/",31800,200,1060700,33939000000,-400,true,-1.24
"ANV",140359,"/Date(1702364678000)/",31800,100,1060500,33932000000,-400,true,-1.24
"ANV",140359,"/Date(1702364678000)/",31800,100,1060400,33929000000,-400,true,-1.24
"ANV",140359,"/Date(1702364678000)/",31800,1500,1060300,33926000000,-400,true,-1.24
"ANV",140359,"/Date(1702364678000)/",31800,1700,1058800,33878000000,-400,true,-1.24
"ANV",140353,"/Date(1702364671000)/",31800,300,1057100,33824000000,-400,true,-1.24
"ANV",140353,"/Date(1702364671000)/",31800,1000,1056800,33815000000,-400,true,-1.24
"ANV",140353,"/Date(1702364671000)/",31800,2000,1055800,33783000000,-400,true,-1.24
"ANV",140353,"/Date(1702364671000)/",31800,6700,1053800,33719000000,-400,true,-1.24
"ANV",140347,"/Date(1702364665000)/",31800,10000,1047100,33506000000,-400,true,-1.24
"ANV",140337,"/Date(1702364656000)/",31800,3300,1037100,33188000000,-400,true,-1.24
"ANV",140337,"/Date(1702364656000)/",31800,3700,1033800,33083000000,-400,true,-1.24
"ANV",140337,"/Date(1702364656000)/",31850,3000,1030100,32966000000,-350,true,-1.09
"ANV",140324,"/Date(1702364642000)/",31850,200,1027100,32870000000,-350,true,-1.09
"ANV",140324,"/Date(1702364642000)/",31850,200,1026900,32864000000,-350,true,-1.09
"ANV",140324,"/Date(1702364642000)/",31850,1000,1026700,32857000000,-350,true,-1.09
"ANV",140324,"/Date(1702364642000)/",31850,8000,1025700,32826000000,-350,true,-1.09
"ANV",140324,"/Date(1702364642000)/",31850,600,1017700,32571000000,-350,true,-1.09
"ANV",140318,"/Date(1702364635000)/",31800,1000,1017100,32552000000,-400,true,-1.24
"ANV",140249,"/Date(1702364609000)/",31850,2000,1016100,32520000000,-350,false,-1.09
"ANV",140239,"/Date(1702364597000)/",31850,200,1014100,32456000000,-350,false,-1.09
"ANV",140220,"/Date(1702364578000)/",31800,300,1013900,32450000000,-400,true,-1.24
"ANV",140220,"/Date(1702364578000)/",31800,2000,1013600,32440000000,-400,true,-1.24
"ANV",140220,"/Date(1702364578000)/",31800,100,1011600,32377000000,-400,true,-1.24
"ANV",140220,"/Date(1702364578000)/",31800,500,1011500,32374000000,-400,true,-1.24
"ANV",140220,"/Date(1702364578000)/",31800,500,1011000,32358000000,-400,true,-1.24
"ANV",140220,"/Date(1702364578000)/",31800,200,1010500,32342000000,-400,true,-1.24
"ANV",140220,"/Date(1702364578000)/",31800,200,1010300,32335000000,-400,true,-1.24
"ANV",140220,"/Date(1702364578000)/",31800,200,1010100,32329000000,-400,true,-1.24
"ANV",140220,"/Date(1702364578000)/",31800,500,1009900,32323000000,-400,true,-1.24
"ANV",140220,"/Date(1702364578000)/",31800,2000,1009400,32307000000,-400,true,-1.24
"ANV",140220,"/Date(1702364578000)/",31800,200,1007400,32243000000,-400,true,-1.24
"ANV",140220,"/Date(1702364578000)/",31800,500,1007200,32237000000,-400,true,-1.24
"ANV",140220,"/Date(1702364578000)/",31800,500,1006700,32221000000,-400,true,-1.24
"ANV",140220,"/Date(1702364578000)/",31800,200,1006200,32205000000,-400,true,-1.24
"ANV",140220,"/Date(1702364578000)/",31800,2000,1006000,32199000000,-400,true,-1.24
"ANV",140220,"/Date(1702364578000)/",31800,500,1004000,32135000000,-400,true,-1.24
"ANV",140220,"/Date(1702364578000)/",31800,100,1003500,32119000000,-400,true,-1.24
"ANV",140214,"/Date(1702364571000)/",31850,200,1003400,32116000000,-350,false,-1.09
"ANV",140142,"/Date(1702364540000)/",31850,500,1003200,32110000000,-350,false,-1.09
"ANV",140110,"/Date(1702364510000)/",31850,600,1002700,32094000000,-350,true,-1.09
"ANV",140110,"/Date(1702364510000)/",31850,500,1002100,32075000000,-350,true,-1.09
"ANV",140110,"/Date(1702364510000)/",31850,100,1001600,32059000000,-350,true,-1.09
"ANV",140110,"/Date(1702364510000)/",31850,200,1001500,32055000000,-350,true,-1.09
"ANV",140110,"/Date(1702364510000)/",31850,300,1001300,32049000000,-350,true,-1.09
"ANV",140110,"/Date(1702364510000)/",31850,100,1001000,32040000000,-350,true,-1.09
"ANV",140110,"/Date(1702364510000)/",31850,900,1000900,32036000000,-350,true,-1.09
"ANV",140107,"/Date(1702364506000)/",31850,4100,1000000,32008000000,-350,true,-1.09
"ANV",140107,"/Date(1702364506000)/",31850,4400,995900,31877000000,-350,true,-1.09
"ANV",140107,"/Date(1702364506000)/",31850,3000,991500,31737000000,-350,true,-1.09
"ANV",140107,"/Date(1702364506000)/",31850,2900,988500,31641000000,-350,true,-1.09
"ANV",140107,"/Date(1702364506000)/",31850,200,985600,31549000000,-350,true,-1.09
"ANV",140107,"/Date(1702364506000)/",31850,500,985400,31543000000,-350,true,-1.09
"ANV",140107,"/Date(1702364506000)/",31850,3600,984900,31527000000,-350,true,-1.09
"ANV",140107,"/Date(1702364506000)/",31850,1300,981300,31412000000,-350,true,-1.09
"ANV",140100,"/Date(1702364499000)/",31850,200,980000,31371000000,-350,true,-1.09
"ANV",140051,"/Date(1702364489000)/",31900,200,979800,31364000000,-300,false,-0.93
"ANV",140051,"/Date(1702364489000)/",31900,600,979600,31358000000,-300,false,-0.93
"ANV",140048,"/Date(1702364487000)/",31850,1500,979000,31339000000,-350,true,-1.09
"ANV",140048,"/Date(1702364487000)/",31850,100,977500,31291000000,-350,true,-1.09
"ANV",140048,"/Date(1702364487000)/",31850,500,977400,31288000000,-350,true,-1.09
"ANV",140048,"/Date(1702364487000)/",31850,1000,976900,31272000000,-350,true,-1.09
"ANV",140048,"/Date(1702364487000)/",31850,100,975900,31240000000,-350,true,-1.09
"ANV",140048,"/Date(1702364487000)/",31850,100,975800,31237000000,-350,true,-1.09
"ANV",140048,"/Date(1702364487000)/",31850,300,975700,31234000000,-350,true,-1.09
"ANV",140048,"/Date(1702364487000)/",31850,200,975400,31224000000,-350,true,-1.09
"ANV",140048,"/Date(1702364487000)/",31850,100,975200,31218000000,-350,true,-1.09
"ANV",140048,"/Date(1702364487000)/",31850,300,975100,31215000000,-350,true,-1.09
"ANV",140048,"/Date(1702364487000)/",31850,4000,974800,31205000000,-350,true,-1.09
"ANV",140048,"/Date(1702364487000)/",31850,100,970800,31078000000,-350,true,-1.09
"ANV",140048,"/Date(1702364487000)/",31850,9300,970700,31074000000,-350,true,-1.09
"ANV",140048,"/Date(1702364487000)/",31850,300,961400,30778000000,-350,true,-1.09
"ANV",140048,"/Date(1702364487000)/",31850,2100,961100,30769000000,-350,true,-1.09
"ANV",140044,"/Date(1702364483000)/",31900,100,959000,30702000000,-300,false,-0.93
"ANV",135959,"/Date(1702364438000)/",31900,200,958900,30699000000,-300,false,-0.93
"ANV",135927,"/Date(1702364407000)/",31900,600,958700,30692000000,-300,false,-0.93
"ANV",135927,"/Date(1702364407000)/",31900,500,958100,30673000000,-300,false,-0.93
"ANV",135918,"/Date(1702364395000)/",31900,500,957600,30657000000,-300,true,-0.93
"ANV",135852,"/Date(1702364370000)/",31900,100,957100,30641000000,-300,true,-0.93
"ANV",135814,"/Date(1702364332000)/",31900,100,957000,30638000000,-300,true,-0.93
"ANV",135748,"/Date(1702364309000)/",31900,400,956900,30635000000,-300,true,-0.93
"ANV",135707,"/Date(1702364267000)/",31900,4500,956500,30622000000,-300,true,-0.93
"ANV",135707,"/Date(1702364267000)/",31900,1000,952000,30478000000,-300,true,-0.93
"ANV",135707,"/Date(1702364267000)/",31900,100,951000,30447000000,-300,true,-0.93
"ANV",135707,"/Date(1702364267000)/",31900,9000,950900,30443000000,-300,true,-0.93
"ANV",135707,"/Date(1702364267000)/",31900,100,941900,30156000000,-300,true,-0.93
"ANV",135707,"/Date(1702364267000)/",31900,100,941800,30153000000,-300,true,-0.93
"ANV",135707,"/Date(1702364267000)/",31900,300,941700,30150000000,-300,true,-0.93
"ANV",135707,"/Date(1702364267000)/",31900,200,941400,30140000000,-300,true,-0.93
"ANV",135707,"/Date(1702364267000)/",31900,200,941200,30134000000,-300,true,-0.93
"ANV",135707,"/Date(1702364267000)/",31900,200,941000,30128000000,-300,true,-0.93
"ANV",135707,"/Date(1702364267000)/",31900,3000,940800,30121000000,-300,true,-0.93
"ANV",135707,"/Date(1702364267000)/",31900,300,937800,30025000000,-300,true,-0.93
"ANV",135707,"/Date(1702364267000)/",31900,100,937500,30016000000,-300,true,-0.93
"ANV",135707,"/Date(1702364267000)/",31900,900,937400,30013000000,-300,true,-0.93
"ANV",135648,"/Date(1702364247000)/",31950,1000,936500,29984000000,-250,false,-0.78
"ANV",135619,"/Date(1702364216000)/",31950,1000,935500,29952000000,-250,false,-0.78
"ANV",135606,"/Date(1702364204000)/",31950,100,934500,29920000000,-250,false,-0.78
"ANV",135557,"/Date(1702364194000)/",31900,100,934400,29917000000,-300,true,-0.93
"ANV",135557,"/Date(1702364194000)/",31900,100,934300,29914000000,-300,true,-0.93
"ANV",135430,"/Date(1702364108000)/",31900,200,934200,29911000000,-300,true,-0.93
"ANV",135430,"/Date(1702364108000)/",31900,200,934000,29904000000,-300,true,-0.93
"ANV",135430,"/Date(1702364108000)/",31900,100,933800,29898000000,-300,true,-0.93
"ANV",135430,"/Date(1702364108000)/",31900,300,933700,29895000000,-300,true,-0.93
"ANV",135430,"/Date(1702364108000)/",31900,200,933400,29885000000,-300,true,-0.93
"ANV",135402,"/Date(1702364080000)/",31900,100,933200,29879000000,-300,true,-0.93
"ANV",135349,"/Date(1702364066000)/",31900,100,933100,29875000000,-300,true,-0.93
"ANV",135232,"/Date(1702363990000)/",31900,200,933000,29872000000,-300,true,-0.93
"ANV",135102,"/Date(1702363901000)/",31950,500,932800,29866000000,-250,false,-0.78
"ANV",135059,"/Date(1702363897000)/",31950,1000,932300,29850000000,-250,false,-0.78
"ANV",135050,"/Date(1702363887000)/",31950,100,931300,29818000000,-250,false,-0.78
"ANV",135008,"/Date(1702363846000)/",31900,1400,931200,29815000000,-300,true,-0.93
"ANV",135008,"/Date(1702363846000)/",31900,2000,929800,29770000000,-300,true,-0.93
"ANV",135008,"/Date(1702363846000)/",31900,1000,927800,29706000000,-300,true,-0.93
"ANV",135008,"/Date(1702363846000)/",31900,600,926800,29674000000,-300,true,-0.93
"ANV",135002,"/Date(1702363838000)/",31950,5000,926200,29655000000,-250,false,-0.78
"ANV",134952,"/Date(1702363829000)/",31900,300,921200,29496000000,-300,true,-0.93
"ANV",134936,"/Date(1702363813000)/",31950,2000,920900,29486000000,-250,false,-0.78
"ANV",134908,"/Date(1702363785000)/",31950,1500,918900,29422000000,-250,false,-0.78
"ANV",134813,"/Date(1702363730000)/",31950,200,917400,29374000000,-250,false,-0.78
"ANV",134757,"/Date(1702363714000)/",31950,200,917200,29368000000,-250,false,-0.78
"ANV",134719,"/Date(1702363675000)/",31900,300,917000,29361000000,-300,true,-0.93
"ANV",134650,"/Date(1702363649000)/",31900,1800,916700,29352000000,-300,true,-0.93
"ANV",134650,"/Date(1702363649000)/",31900,100,914900,29294000000,-300,true,-0.93
"ANV",134650,"/Date(1702363649000)/",31900,300,914800,29291000000,-300,true,-0.93
"ANV",134650,"/Date(1702363649000)/",31900,600,914500,29282000000,-300,true,-0.93
"ANV",134650,"/Date(1702363649000)/",31900,1700,913900,29262000000,-300,true,-0.93
"ANV",134609,"/Date(1702363606000)/",31900,1000,912200,29208000000,-300,true,-0.93
"ANV",134527,"/Date(1702363566000)/",31900,300,911200,29176000000,-300,true,-0.93
"ANV",134527,"/Date(1702363566000)/",31900,1000,910900,29167000000,-300,true,-0.93
"ANV",134527,"/Date(1702363566000)/",31900,300,909900,29135000000,-300,true,-0.93
"ANV",134527,"/Date(1702363566000)/",31900,3400,909600,29125000000,-300,true,-0.93
"ANV",134511,"/Date(1702363549000)/",31900,200,906200,29017000000,-300,true,-0.93
"ANV",134505,"/Date(1702363542000)/",31900,1000,906000,29010000000,-300,true,-0.93
"ANV",134505,"/Date(1702363542000)/",31900,200,905000,28979000000,-300,true,-0.93
"ANV",134505,"/Date(1702363542000)/",31900,200,904800,28972000000,-300,true,-0.93
"ANV",134505,"/Date(1702363542000)/",31900,300,904600,28966000000,-300,true,-0.93
"ANV",134505,"/Date(1702363542000)/",31900,500,904300,28956000000,-300,true,-0.93
"ANV",134505,"/Date(1702363542000)/",31900,200,903800,28940000000,-300,true,-0.93
"ANV",134455,"/Date(1702363534000)/",31900,300,903600,28934000000,-300,false,-0.93
"ANV",134455,"/Date(1702363533000)/",31900,700,903300,28924000000,-300,false,-0.93
"ANV",134455,"/Date(1702363533000)/",31900,2300,902600,28902000000,-300,false,-0.93
"ANV",134358,"/Date(1702363475000)/",31900,500,900300,28829000000,-300,false,-0.93
"ANV",134336,"/Date(1702363453000)/",31900,500,899800,28813000000,-300,false,-0.93
"ANV",134329,"/Date(1702363447000)/",31900,1000,899300,28797000000,-300,false,-0.93
"ANV",134307,"/Date(1702363424000)/",31900,1000,898300,28765000000,-300,false,-0.93
"ANV",134244,"/Date(1702363402000)/",31900,300,897300,28733000000,-300,false,-0.93
"ANV",134244,"/Date(1702363401000)/",31850,200,897000,28723000000,-350,true,-1.09
"ANV",134232,"/Date(1702363388000)/",31850,100,896800,28717000000,-350,true,-1.09
"ANV",134213,"/Date(1702363371000)/",31850,300,896700,28714000000,-350,true,-1.09
"ANV",134213,"/Date(1702363370000)/",31850,2300,896400,28704000000,-350,true,-1.09
"ANV",134213,"/Date(1702363370000)/",31850,100,894100,28631000000,-350,true,-1.09
"ANV",134213,"/Date(1702363370000)/",31850,100,894000,28628000000,-350,true,-1.09
"ANV",134213,"/Date(1702363370000)/",31850,2500,893900,28625000000,-350,true,-1.09
"ANV",134206,"/Date(1702363362000)/",31900,300,891400,28545000000,-300,true,-0.93
"ANV",134200,"/Date(1702363357000)/",31900,100,891100,28535000000,-300,true,-0.93
"ANV",134141,"/Date(1702363336000)/",31900,400,891000,28532000000,-300,true,-0.93
"ANV",134131,"/Date(1702363329000)/",31900,200,890600,28519000000,-300,false,-0.93
"ANV",134131,"/Date(1702363329000)/",31900,1300,890400,28513000000,-300,false,-0.93
"ANV",134131,"/Date(1702363329000)/",31900,1000,889100,28472000000,-300,false,-0.93
"ANV",134125,"/Date(1702363321000)/",31900,300,888100,28440000000,-300,false,-0.93
"ANV",134053,"/Date(1702363290000)/",31900,200,887800,28430000000,-300,true,-0.93
"ANV",134053,"/Date(1702363290000)/",31900,500,887600,28424000000,-300,true,-0.93
"ANV",134050,"/Date(1702363288000)/",31900,300,887100,28408000000,-300,true,-0.93
"ANV",134050,"/Date(1702363288000)/",31900,400,886800,28398000000,-300,true,-0.93
"ANV",134027,"/Date(1702363265000)/",31900,100,886400,28385000000,-300,true,-0.93
"ANV",134027,"/Date(1702363265000)/",31900,100,886300,28382000000,-300,true,-0.93
"ANV",134027,"/Date(1702363265000)/",31900,1000,886200,28379000000,-300,true,-0.93
"ANV",134027,"/Date(1702363265000)/",31900,600,885200,28347000000,-300,true,-0.93
"ANV",134027,"/Date(1702363265000)/",31900,200,884600,28328000000,-300,true,-0.93
"ANV",134027,"/Date(1702363265000)/",31900,5000,884400,28322000000,-300,true,-0.93
"ANV",134027,"/Date(1702363265000)/",31900,1000,879400,28162000000,-300,true,-0.93
"ANV",134027,"/Date(1702363265000)/",31900,3000,878400,28130000000,-300,true,-0.93
"ANV",134027,"/Date(1702363265000)/",31900,2000,875400,28035000000,-300,true,-0.93
"ANV",134027,"/Date(1702363265000)/",31900,1000,873400,27971000000,-300,true,-0.93
"ANV",134027,"/Date(1702363265000)/",31900,200,872400,27939000000,-300,true,-0.93
"ANV",134027,"/Date(1702363265000)/",31900,600,872200,27933000000,-300,true,-0.93
"ANV",134027,"/Date(1702363265000)/",31900,500,871600,27913000000,-300,true,-0.93
"ANV",134027,"/Date(1702363265000)/",31900,100,871100,27897000000,-300,true,-0.93
"ANV",134027,"/Date(1702363265000)/",31900,100,871000,27894000000,-300,true,-0.93
"ANV",134027,"/Date(1702363265000)/",31900,4500,870900,27891000000,-300,true,-0.93
"ANV",134015,"/Date(1702363252000)/",31900,500,866400,27747000000,-300,true,-0.93
"ANV",134008,"/Date(1702363243000)/",31900,500,865900,27732000000,-300,true,-0.93
"ANV",133955,"/Date(1702363232000)/",31900,3000,865400,27716000000,-300,true,-0.93
"ANV",133845,"/Date(1702363162000)/",31900,1500,862400,27620000000,-300,true,-0.93
"ANV",133845,"/Date(1702363162000)/",31900,5000,860900,27572000000,-300,true,-0.93
"ANV",133845,"/Date(1702363162000)/",31900,500,855900,27413000000,-300,true,-0.93
"ANV",133845,"/Date(1702363162000)/",31900,3000,855400,27397000000,-300,true,-0.93
"ANV",133829,"/Date(1702363146000)/",31950,100,852400,27301000000,-250,false,-0.78
"ANV",133829,"/Date(1702363146000)/",31950,100,852300,27298000000,-250,false,-0.78
"ANV",133829,"/Date(1702363146000)/",31950,4500,852200,27294000000,-250,false,-0.78
"ANV",133829,"/Date(1702363146000)/",31950,400,847700,27151000000,-250,false,-0.78
"ANV",133823,"/Date(1702363139000)/",31950,200,847300,27138000000,-250,true,-0.78
"ANV",133823,"/Date(1702363138000)/",31950,100,847100,27132000000,-250,true,-0.78
"ANV",133816,"/Date(1702363133000)/",31950,300,847000,27128000000,-250,true,-0.78
"ANV",133816,"/Date(1702363133000)/",31950,200,846700,27119000000,-250,true,-0.78
"ANV",133807,"/Date(1702363122000)/",31950,1000,846500,27112000000,-250,true,-0.78
"ANV",133801,"/Date(1702363116000)/",31950,3800,845500,27080000000,-250,true,-0.78
"ANV",133801,"/Date(1702363116000)/",31950,500,841700,26959000000,-250,true,-0.78
"ANV",133801,"/Date(1702363116000)/",31950,5000,841200,26943000000,-250,true,-0.78
"ANV",133801,"/Date(1702363116000)/",31950,2000,836200,26783000000,-250,true,-0.78
"ANV",133801,"/Date(1702363116000)/",31950,1000,834200,26719000000,-250,true,-0.78
"ANV",133801,"/Date(1702363116000)/",31950,1100,833200,26687000000,-250,true,-0.78
"ANV",133801,"/Date(1702363116000)/",31950,100,832100,26652000000,-250,true,-0.78
"ANV",133801,"/Date(1702363116000)/",31950,2000,832000,26649000000,-250,true,-0.78
"ANV",133801,"/Date(1702363116000)/",31950,100,830000,26585000000,-250,true,-0.78
"ANV",133801,"/Date(1702363116000)/",31950,4400,829900,26582000000,-250,true,-0.78
"ANV",133745,"/Date(1702363101000)/",31950,600,825500,26441000000,-250,true,-0.78
"ANV",133745,"/Date(1702363101000)/",31950,900,824900,26422000000,-250,true,-0.78
"ANV",133741,"/Date(1702363098000)/",31950,100,824000,26394000000,-250,true,-0.78
"ANV",133725,"/Date(1702363081000)/",31950,2000,823900,26390000000,-250,true,-0.78
"ANV",133719,"/Date(1702363077000)/",31950,1000,821900,26326000000,-250,true,-0.78
"ANV",133606,"/Date(1702363001000)/",31950,100,820900,26294000000,-250,true,-0.78
"ANV",133524,"/Date(1702362962000)/",31950,600,820800,26291000000,-250,true,-0.78
"ANV",133440,"/Date(1702362917000)/",32000,300,820200,26272000000,-200,false,-0.62
"ANV",133440,"/Date(1702362917000)/",32000,2600,819900,26262000000,-200,false,-0.62
"ANV",133440,"/Date(1702362917000)/",32000,100,817300,26179000000,-200,false,-0.62
"ANV",133440,"/Date(1702362917000)/",32000,1000,817200,26176000000,-200,false,-0.62
"ANV",133440,"/Date(1702362917000)/",32000,200,816200,26144000000,-200,false,-0.62
"ANV",133440,"/Date(1702362917000)/",32000,100,816000,26138000000,-200,false,-0.62
"ANV",133404,"/Date(1702362881000)/",32000,1700,815900,26134000000,-200,true,-0.62
"ANV",133404,"/Date(1702362881000)/",32000,300,814200,26080000000,-200,true,-0.62
"ANV",133355,"/Date(1702362872000)/",32050,1600,813900,26070000000,-150,false,-0.47
"ANV",133323,"/Date(1702362838000)/",32050,1000,812300,26019000000,-150,false,-0.47
"ANV",133304,"/Date(1702362819000)/",32000,1000,811300,25987000000,-200,true,-0.62
"ANV",133245,"/Date(1702362802000)/",32000,500,810300,25955000000,-200,true,-0.62
"ANV",133134,"/Date(1702362730000)/",32000,1000,809800,25939000000,-200,true,-0.62
"ANV",133128,"/Date(1702362724000)/",32000,100,808800,25907000000,-200,true,-0.62
"ANV",133103,"/Date(1702362699000)/",32000,1000,808700,25904000000,-200,true,-0.62
"ANV",133103,"/Date(1702362699000)/",32000,1000,807700,25872000000,-200,true,-0.62
"ANV",133103,"/Date(1702362699000)/",32000,100,806700,25840000000,-200,true,-0.62
"ANV",133059,"/Date(1702362695000)/",32000,100,806600,25837000000,-200,false,-0.62
"ANV",133059,"/Date(1702362695000)/",32000,100,806500,25834000000,-200,false,-0.62
"ANV",133059,"/Date(1702362695000)/",32000,800,806400,25830000000,-200,false,-0.62
"ANV",133040,"/Date(1702362676000)/",32000,500,805600,25805000000,-200,false,-0.62
"ANV",133028,"/Date(1702362665000)/",32000,1700,805100,25789000000,-200,false,-0.62
"ANV",133028,"/Date(1702362665000)/",32000,300,803400,25734000000,-200,false,-0.62
"ANV",133024,"/Date(1702362661000)/",32000,300,803100,25725000000,-200,false,-0.62
"ANV",132952,"/Date(1702362629000)/",32000,900,802800,25715000000,-200,false,-0.62
"ANV",132949,"/Date(1702362626000)/",32000,500,801900,25686000000,-200,false,-0.62
"ANV",132949,"/Date(1702362626000)/",32000,3400,801400,25670000000,-200,false,-0.62
"ANV",132943,"/Date(1702362618000)/",32000,500,798000,25562000000,-200,false,-0.62
"ANV",132940,"/Date(1702362616000)/",32000,100,797500,25546000000,-200,false,-0.62
"ANV",132940,"/Date(1702362616000)/",32000,100,797400,25542000000,-200,false,-0.62
"ANV",132933,"/Date(1702362610000)/",32000,5000,797300,25539000000,-200,false,-0.62
"ANV",132927,"/Date(1702362603000)/",32000,2000,792300,25379000000,-200,false,-0.62
"ANV",132911,"/Date(1702362588000)/",32000,100,790300,25315000000,-200,false,-0.62
"ANV",132836,"/Date(1702362552000)/",32000,2000,790200,25312000000,-200,false,-0.62
"ANV",132729,"/Date(1702362486000)/",32000,700,788200,25248000000,-200,false,-0.62
"ANV",132703,"/Date(1702362459000)/",32000,5000,787500,25226000000,-200,false,-0.62
"ANV",132653,"/Date(1702362449000)/",32000,100,782500,25066000000,-200,false,-0.62
"ANV",132653,"/Date(1702362449000)/",32000,400,782400,25062000000,-200,false,-0.62
"ANV",132653,"/Date(1702362449000)/",32000,600,782000,25050000000,-200,false,-0.62
"ANV",132653,"/Date(1702362449000)/",32000,200,781400,25030000000,-200,false,-0.62
"ANV",132653,"/Date(1702362449000)/",32000,100,781200,25024000000,-200,false,-0.62
"ANV",132653,"/Date(1702362449000)/",32000,100,781100,25021000000,-200,false,-0.62
"ANV",132653,"/Date(1702362449000)/",32000,100,781000,25018000000,-200,false,-0.62
"ANV",132653,"/Date(1702362449000)/",32000,1000,780900,25014000000,-200,false,-0.62
"ANV",132653,"/Date(1702362449000)/",32000,500,779900,24982000000,-200,false,-0.62
"ANV",132653,"/Date(1702362449000)/",32000,500,779400,24966000000,-200,false,-0.62
"ANV",132653,"/Date(1702362449000)/",32000,1900,778900,24950000000,-200,false,-0.62
"ANV",132543,"/Date(1702362377000)/",31950,300,777000,24890000000,-250,true,-0.78
"ANV",132537,"/Date(1702362372000)/",31950,300,776700,24880000000,-250,false,-0.78
"ANV",132530,"/Date(1702362367000)/",31950,100,776400,24870000000,-250,false,-0.78
"ANV",132530,"/Date(1702362367000)/",31950,200,776300,24867000000,-250,false,-0.78
"ANV",132527,"/Date(1702362364000)/",31950,300,776100,24861000000,-250,false,-0.78
"ANV",132518,"/Date(1702362352000)/",31950,500,775800,24851000000,-250,false,-0.78
"ANV",132436,"/Date(1702362312000)/",31950,500,775300,24835000000,-250,false,-0.78
"ANV",132436,"/Date(1702362311000)/",31950,1100,774800,24819000000,-250,false,-0.78
"ANV",132433,"/Date(1702362307000)/",31950,1500,773700,24784000000,-250,false,-0.78
"ANV",132407,"/Date(1702362282000)/",31950,5000,772200,24736000000,-250,false,-0.78
"ANV",132355,"/Date(1702362270000)/",31950,400,767200,24576000000,-250,false,-0.78
"ANV",132355,"/Date(1702362269000)/",31950,300,766800,24564000000,-250,false,-0.78
"ANV",132310,"/Date(1702362224000)/",31950,300,766500,24554000000,-250,false,-0.78
"ANV",132245,"/Date(1702362199000)/",31950,100,766200,24545000000,-250,false,-0.78
"ANV",132222,"/Date(1702362179000)/",31950,5600,766100,24541000000,-250,false,-0.78
"ANV",132222,"/Date(1702362179000)/",31950,2400,760500,24362000000,-250,false,-0.78
"ANV",132222,"/Date(1702362179000)/",31950,3000,758100,24286000000,-250,false,-0.78
"ANV",132222,"/Date(1702362179000)/",31950,100,755100,24190000000,-250,false,-0.78
"ANV",132119,"/Date(1702362113000)/",31950,100,755000,24187000000,-250,false,-0.78
"ANV",132119,"/Date(1702362113000)/",31950,3000,754900,24183000000,-250,false,-0.78
"ANV",132119,"/Date(1702362113000)/",31950,1900,751900,24088000000,-250,false,-0.78
"ANV",132109,"/Date(1702362104000)/",31950,1000,750000,24027000000,-250,false,-0.78
"ANV",132053,"/Date(1702362088000)/",31950,2100,749000,23995000000,-250,false,-0.78
"ANV",132053,"/Date(1702362088000)/",31950,900,746900,23928000000,-250,false,-0.78
"ANV",132034,"/Date(1702362070000)/",31950,100,746000,23899000000,-250,false,-0.78
"ANV",132024,"/Date(1702362059000)/",31950,700,745900,23896000000,-250,false,-0.78
"ANV",132021,"/Date(1702362058000)/",31950,100,745200,23874000000,-250,false,-0.78
"ANV",131943,"/Date(1702362019000)/",31950,5000,745100,23870000000,-250,false,-0.78
"ANV",131930,"/Date(1702362004000)/",31950,3300,740100,23711000000,-250,false,-0.78
"ANV",131930,"/Date(1702362004000)/",31950,500,736800,23605000000,-250,false,-0.78
"ANV",131911,"/Date(1702361988000)/",31950,2500,736300,23589000000,-250,true,-0.78
"ANV",131908,"/Date(1702361981000)/",31950,900,733800,23509000000,-250,true,-0.78
"ANV",131908,"/Date(1702361981000)/",31950,200,732900,23481000000,-250,true,-0.78
"ANV",131908,"/Date(1702361981000)/",31950,400,732700,23474000000,-250,true,-0.78
"ANV",131846,"/Date(1702361962000)/",31950,200,732300,23461000000,-250,false,-0.78
"ANV",131846,"/Date(1702361962000)/",31950,100,732100,23455000000,-250,false,-0.78
"ANV",131846,"/Date(1702361962000)/",31950,1300,732000,23452000000,-250,false,-0.78
"ANV",131839,"/Date(1702361953000)/",31950,700,730700,23410000000,-250,false,-0.78
"ANV",131839,"/Date(1702361953000)/",31950,300,730000,23388000000,-250,false,-0.78
"ANV",131801,"/Date(1702361917000)/",31950,200,729700,23378000000,-250,false,-0.78
"ANV",131758,"/Date(1702361912000)/",31950,200,729500,23372000000,-250,false,-0.78
"ANV",131758,"/Date(1702361912000)/",31950,500,729300,23366000000,-250,false,-0.78
"ANV",131748,"/Date(1702361904000)/",31950,500,728800,23350000000,-250,false,-0.78
"ANV",131723,"/Date(1702361878000)/",31900,4600,728300,23334000000,-300,false,-0.93
"ANV",131719,"/Date(1702361874000)/",31900,100,723700,23187000000,-300,false,-0.93
"ANV",131719,"/Date(1702361874000)/",31900,100,723600,23184000000,-300,false,-0.93
"ANV",131719,"/Date(1702361874000)/",31900,200,723500,23180000000,-300,false,-0.93
"ANV",131710,"/Date(1702361864000)/",31900,800,723300,23174000000,-300,true,-0.93
"ANV",131710,"/Date(1702361864000)/",31900,100,722500,23149000000,-300,true,-0.93
"ANV",131710,"/Date(1702361864000)/",31900,2000,722400,23145000000,-300,true,-0.93
"ANV",131710,"/Date(1702361864000)/",31900,5000,720400,23082000000,-300,true,-0.93
"ANV",131710,"/Date(1702361864000)/",31900,100,715400,22922000000,-300,true,-0.93
"ANV",131628,"/Date(1702361823000)/",32000,4100,715300,22919000000,-200,false,-0.62
"ANV",131628,"/Date(1702361823000)/",32000,1800,711200,22788000000,-200,false,-0.62
"ANV",131628,"/Date(1702361823000)/",31950,100,709400,22730000000,-250,false,-0.78
"ANV",131628,"/Date(1702361823000)/",31900,300,709300,22727000000,-300,true,-0.93
"ANV",131619,"/Date(1702361813000)/",31950,200,709000,22717000000,-250,false,-0.78
"ANV",131619,"/Date(1702361813000)/",31950,500,708800,22711000000,-250,false,-0.78
"ANV",131619,"/Date(1702361813000)/",31950,100,708300,22695000000,-250,false,-0.78
"ANV",131619,"/Date(1702361813000)/",31950,200,708200,22692000000,-250,false,-0.78
"ANV",131547,"/Date(1702361781000)/",31900,600,708000,22685000000,-300,false,-0.93
"ANV",131547,"/Date(1702361781000)/",31900,100,707400,22666000000,-300,false,-0.93
"ANV",131531,"/Date(1702361765000)/",31900,200,707300,22663000000,-300,false,-0.93
"ANV",131515,"/Date(1702361748000)/",31900,200,707100,22657000000,-300,false,-0.93
"ANV",131508,"/Date(1702361743000)/",31900,100,706900,22650000000,-300,false,-0.93
"ANV",131502,"/Date(1702361736000)/",31900,600,706800,22647000000,-300,false,-0.93
"ANV",131430,"/Date(1702361706000)/",31900,500,706200,22628000000,-300,false,-0.93
"ANV",131411,"/Date(1702361685000)/",31900,1300,705700,22612000000,-300,false,-0.93
"ANV",131411,"/Date(1702361685000)/",31900,100,704400,22571000000,-300,false,-0.93
"ANV",131358,"/Date(1702361673000)/",31900,600,704300,22567000000,-300,false,-0.93
"ANV",131336,"/Date(1702361651000)/",31900,1300,703700,22548000000,-300,true,-0.93
"ANV",131329,"/Date(1702361645000)/",31900,1500,702400,22507000000,-300,false,-0.93
"ANV",131329,"/Date(1702361645000)/",31900,2200,700900,22459000000,-300,false,-0.93
"ANV",131329,"/Date(1702361643000)/",31900,300,698700,22389000000,-300,false,-0.93
"ANV",131317,"/Date(1702361630000)/",31900,2000,698400,22379000000,-300,true,-0.93
"ANV",131317,"/Date(1702361630000)/",31900,500,696400,22315000000,-300,true,-0.93
"ANV",131223,"/Date(1702361577000)/",31900,500,695900,22299000000,-300,false,-0.93
"ANV",131210,"/Date(1702361563000)/",31850,500,695400,22283000000,-350,true,-1.09
"ANV",131207,"/Date(1702361561000)/",31850,400,694900,22268000000,-350,false,-1.09
"ANV",131207,"/Date(1702361561000)/",31850,600,694500,22255000000,-350,false,-1.09
"ANV",131154,"/Date(1702361549000)/",31850,500,693900,22236000000,-350,false,-1.09
"ANV",131154,"/Date(1702361548000)/",31850,1100,693400,22220000000,-350,false,-1.09
"ANV",131151,"/Date(1702361545000)/",31850,200,692300,22185000000,-350,false,-1.09
"ANV",131138,"/Date(1702361531000)/",31850,300,692100,22178000000,-350,false,-1.09
"ANV",131131,"/Date(1702361526000)/",31850,500,691800,22169000000,-350,false,-1.09
"ANV",131128,"/Date(1702361521000)/",31850,5000,691300,22153000000,-350,false,-1.09
"ANV",131044,"/Date(1702361476000)/",31850,100,686300,21994000000,-350,false,-1.09
"ANV",131031,"/Date(1702361466000)/",31850,200,686200,21990000000,-350,false,-1.09
"ANV",131031,"/Date(1702361466000)/",31850,1000,686000,21984000000,-350,false,-1.09
"ANV",131031,"/Date(1702361466000)/",31850,200,685000,21952000000,-350,false,-1.09
"ANV",131031,"/Date(1702361466000)/",31900,300,684800,21946000000,-300,false,-0.93
"ANV",131028,"/Date(1702361462000)/",31900,200,684500,21936000000,-300,true,-0.93
"ANV",131028,"/Date(1702361462000)/",31900,100,684300,21930000000,-300,true,-0.93
"ANV",131028,"/Date(1702361461000)/",31900,5000,684200,21927000000,-300,true,-0.93
"ANV",131025,"/Date(1702361460000)/",31850,100,679200,21767000000,-350,true,-1.09
"ANV",131025,"/Date(1702361460000)/",31850,2000,679100,21764000000,-350,true,-1.09
"ANV",131025,"/Date(1702361460000)/",31850,500,677100,21700000000,-350,true,-1.09
"ANV",131025,"/Date(1702361460000)/",31850,6000,676600,21684000000,-350,true,-1.09
"ANV",131025,"/Date(1702361460000)/",31850,100,670600,21493000000,-350,true,-1.09
"ANV",131025,"/Date(1702361460000)/",31850,300,670500,21490000000,-350,true,-1.09
"ANV",131025,"/Date(1702361460000)/",31850,1000,670200,21481000000,-350,true,-1.09
"ANV",131009,"/Date(1702361442000)/",31900,5000,669200,21449000000,-300,false,-0.93
"ANV",130959,"/Date(1702361433000)/",31850,4000,664200,21289000000,-350,true,-1.09
"ANV",130959,"/Date(1702361433000)/",31850,5000,660200,21162000000,-350,true,-1.09
"ANV",130959,"/Date(1702361433000)/",31900,1000,655200,21003000000,-300,true,-0.93
"ANV",130950,"/Date(1702361423000)/",31900,4000,654200,20971000000,-300,true,-0.93
"ANV",130950,"/Date(1702361423000)/",31900,1000,650200,20843000000,-300,true,-0.93
"ANV",130950,"/Date(1702361423000)/",31900,100,649200,20811000000,-300,true,-0.93
"ANV",130950,"/Date(1702361423000)/",31900,4800,649100,20808000000,-300,true,-0.93
"ANV",130950,"/Date(1702361423000)/",31950,100,644300,20655000000,-250,true,-0.78
"ANV",130943,"/Date(1702361418000)/",31950,100,644200,20652000000,-250,true,-0.78
"ANV",130943,"/Date(1702361418000)/",31950,1000,644100,20648000000,-250,true,-0.78
"ANV",130943,"/Date(1702361418000)/",31950,500,643100,20616000000,-250,true,-0.78
"ANV",130943,"/Date(1702361418000)/",31950,200,642600,20601000000,-250,true,-0.78
"ANV",130943,"/Date(1702361418000)/",31950,100,642400,20594000000,-250,true,-0.78
"ANV",130943,"/Date(1702361418000)/",31950,500,642300,20591000000,-250,true,-0.78
"ANV",130937,"/Date(1702361410000)/",31900,100,641800,20575000000,-300,true,-0.93
"ANV",130927,"/Date(1702361403000)/",31900,100,641700,20572000000,-300,true,-0.93
"ANV",130921,"/Date(1702361395000)/",31900,400,641600,20569000000,-300,false,-0.93
"ANV",130921,"/Date(1702361395000)/",31900,1000,641200,20556000000,-300,false,-0.93
"ANV",130921,"/Date(1702361395000)/",31900,1000,640200,20524000000,-300,false,-0.93
"ANV",130921,"/Date(1702361395000)/",31900,200,639200,20492000000,-300,false,-0.93
"ANV",130921,"/Date(1702361395000)/",31900,2400,639000,20486000000,-300,false,-0.93
"ANV",130915,"/Date(1702361387000)/",31900,500,636600,20409000000,-300,false,-0.93
"ANV",130911,"/Date(1702361384000)/",31900,500,636100,20393000000,-300,false,-0.93
"ANV",130855,"/Date(1702361370000)/",31900,700,635600,20377000000,-300,false,-0.93
"ANV",130814,"/Date(1702361328000)/",31900,500,634900,20355000000,-300,false,-0.93
"ANV",130739,"/Date(1702361294000)/",31850,100,634400,20339000000,-350,true,-1.09
"ANV",130654,"/Date(1702361247000)/",31850,2400,634300,20336000000,-350,false,-1.09
"ANV",130648,"/Date(1702361241000)/",31850,1000,631900,20259000000,-350,false,-1.09
"ANV",130635,"/Date(1702361228000)/",31850,2600,630900,20227000000,-350,false,-1.09
"ANV",130632,"/Date(1702361224000)/",31850,600,628300,20145000000,-350,false,-1.09
"ANV",130625,"/Date(1702361219000)/",31850,3400,627700,20126000000,-350,true,-1.09
"ANV",130625,"/Date(1702361218000)/",31850,200,624300,20017000000,-350,true,-1.09
"ANV",130613,"/Date(1702361206000)/",31850,4200,624100,20011000000,-350,true,-1.09
"ANV",130613,"/Date(1702361206000)/",31850,200,619900,19877000000,-350,true,-1.09
"ANV",130613,"/Date(1702361206000)/",31850,100,619700,19871000000,-350,true,-1.09
"ANV",130613,"/Date(1702361206000)/",31850,200,619600,19868000000,-350,true,-1.09
"ANV",130613,"/Date(1702361206000)/",31850,500,619400,19861000000,-350,true,-1.09
"ANV",130613,"/Date(1702361206000)/",31850,2800,618900,19845000000,-350,true,-1.09
"ANV",130609,"/Date(1702361202000)/",31850,200,616100,19756000000,-350,true,-1.09
"ANV",130609,"/Date(1702361202000)/",31850,500,615900,19750000000,-350,true,-1.09
"ANV",130609,"/Date(1702361202000)/",31850,400,615400,19734000000,-350,true,-1.09
"ANV",130609,"/Date(1702361202000)/",31850,100,615000,19721000000,-350,true,-1.09
"ANV",130525,"/Date(1702361159000)/",31850,1000,614900,19718000000,-350,true,-1.09
"ANV",130525,"/Date(1702361159000)/",31850,200,613900,19686000000,-350,true,-1.09
"ANV",130525,"/Date(1702361159000)/",31850,300,613700,19680000000,-350,true,-1.09
"ANV",130450,"/Date(1702361122000)/",31900,700,613400,19670000000,-300,false,-0.93
"ANV",130421,"/Date(1702361095000)/",31900,200,612700,19648000000,-300,false,-0.93
"ANV",130233,"/Date(1702360985000)/",31850,700,612500,19641000000,-350,true,-1.09
"ANV",130233,"/Date(1702360985000)/",31850,300,611800,19619000000,-350,true,-1.09
"ANV",130223,"/Date(1702360977000)/",31900,200,611500,19609000000,-300,false,-0.93
"ANV",130207,"/Date(1702360961000)/",31850,100,611300,19603000000,-350,true,-1.09
"ANV",130142,"/Date(1702360934000)/",31850,100,611200,19600000000,-350,true,-1.09
"ANV",130119,"/Date(1702360914000)/",31850,600,611100,19597000000,-350,true,-1.09
"ANV",130041,"/Date(1702360874000)/",31850,200,610500,19578000000,-350,true,-1.09
"ANV",125957,"/Date(1702360823000)/",31850,200,610300,19571000000,-350,true,-1.09
"ANV",125947,"/Date(1702360805000)/",31850,500,610100,19565000000,-350,true,-1.09
"ANV",125947,"/Date(1702360805000)/",31850,1500,609600,19549000000,-350,true,-1.09
"ANV",125941,"/Date(1702360800000)/",31900,200,608100,19501000000,-300,false,-0.93
"ANV",125941,"/Date(1702360800000)/",31900,1500,607900,19495000000,-300,false,-0.93
"ANV",125941,"/Date(1702360800000)/",31950,500,606400,19447000000,-250,false,-0.78
"ANV",112700,"/Date(1702355244000)/",31900,1000,605900,19431000000,-300,true,-0.93
"ANV",112502,"/Date(1702355125000)/",31850,2500,604900,19399000000,-350,true,-1.09
"ANV",112502,"/Date(1702355125000)/",31850,100,602400,19319000000,-350,true,-1.09
"ANV",112502,"/Date(1702355125000)/",31850,100,602300,19316000000,-350,true,-1.09
"ANV",112502,"/Date(1702355125000)/",31850,1000,602200,19313000000,-350,true,-1.09
"ANV",112502,"/Date(1702355125000)/",31850,300,601200,19281000000,-350,true,-1.09
"ANV",112340,"/Date(1702355045000)/",31850,300,600900,19272000000,-350,true,-1.09
"ANV",112340,"/Date(1702355045000)/",31900,1000,600600,19262000000,-300,false,-0.93
"ANV",112340,"/Date(1702355045000)/",31950,600,599600,19230000000,-250,false,-0.78
"ANV",112340,"/Date(1702355045000)/",31950,100,599000,19211000000,-250,false,-0.78
"ANV",112340,"/Date(1702355043000)/",32000,1800,598900,19208000000,-200,false,-0.62
"ANV",112252,"/Date(1702354997000)/",32000,2000,597100,19150000000,-200,false,-0.62
"ANV",112139,"/Date(1702354924000)/",32000,100,595100,19086000000,-200,false,-0.62
"ANV",112110,"/Date(1702354895000)/",32000,300,595000,19083000000,-200,false,-0.62
"ANV",112110,"/Date(1702354895000)/",32000,100,594700,19073000000,-200,false,-0.62
"ANV",112110,"/Date(1702354895000)/",32000,1000,594600,19070000000,-200,false,-0.62
"ANV",112110,"/Date(1702354895000)/",32000,500,593600,19038000000,-200,false,-0.62
"ANV",112110,"/Date(1702354895000)/",32000,1100,593100,19022000000,-200,false,-0.62
"ANV",112035,"/Date(1702354859000)/",31950,200,592000,18987000000,-250,true,-0.78
"ANV",111909,"/Date(1702354773000)/",31900,2000,591800,18981000000,-300,true,-0.93
"ANV",111902,"/Date(1702354767000)/",31900,200,589800,18917000000,-300,false,-0.93
"ANV",111902,"/Date(1702354767000)/",31900,1300,589600,18910000000,-300,false,-0.93
"ANV",111856,"/Date(1702354759000)/",31900,100,588300,18869000000,-300,false,-0.93
"ANV",111856,"/Date(1702354759000)/",31900,400,588200,18866000000,-300,false,-0.93
"ANV",111821,"/Date(1702354724000)/",31900,300,587800,18853000000,-300,false,-0.93
"ANV",111821,"/Date(1702354724000)/",31900,700,587500,18844000000,-300,false,-0.93
"ANV",111730,"/Date(1702354673000)/",31850,3000,586800,18821000000,-350,true,-1.09
"ANV",111652,"/Date(1702354636000)/",31900,1000,583800,18726000000,-300,false,-0.93
"ANV",111601,"/Date(1702354583000)/",31850,1400,582800,18694000000,-350,true,-1.09
"ANV",111601,"/Date(1702354583000)/",31850,100,581400,18649000000,-350,true,-1.09
"ANV",111601,"/Date(1702354583000)/",31850,100,581300,18646000000,-350,true,-1.09
"ANV",111601,"/Date(1702354583000)/",31850,1000,581200,18643000000,-350,true,-1.09
"ANV",111601,"/Date(1702354583000)/",31850,400,580200,18611000000,-350,true,-1.09
"ANV",111403,"/Date(1702354467000)/",31850,300,579800,18598000000,-350,true,-1.09
"ANV",111403,"/Date(1702354467000)/",31850,100,579500,18589000000,-350,true,-1.09
"ANV",111328,"/Date(1702354431000)/",31850,400,579400,18585000000,-350,false,-1.09
"ANV",111328,"/Date(1702354430000)/",31850,200,579000,18573000000,-350,false,-1.09
"ANV",111221,"/Date(1702354365000)/",31800,1000,578800,18566000000,-400,true,-1.24
"ANV",111221,"/Date(1702354365000)/",31800,200,577800,18535000000,-400,true,-1.24
"ANV",111221,"/Date(1702354365000)/",31800,1700,577600,18528000000,-400,true,-1.24
"ANV",111221,"/Date(1702354365000)/",31850,100,575900,18474000000,-350,true,-1.09
"ANV",111127,"/Date(1702354308000)/",31800,300,575800,18471000000,-400,true,-1.24
"ANV",111127,"/Date(1702354308000)/",31800,100,575500,18461000000,-400,true,-1.24
"ANV",111127,"/Date(1702354308000)/",31800,200,575400,18458000000,-400,true,-1.24
"ANV",111127,"/Date(1702354308000)/",31800,100,575200,18452000000,-400,true,-1.24
"ANV",111127,"/Date(1702354308000)/",31800,500,575100,18449000000,-400,true,-1.24
"ANV",111127,"/Date(1702354308000)/",31800,800,574600,18433000000,-400,true,-1.24
"ANV",110957,"/Date(1702354222000)/",31800,1000,573800,18407000000,-400,true,-1.24
"ANV",110957,"/Date(1702354222000)/",31850,100,572800,18376000000,-350,true,-1.09
"ANV",110957,"/Date(1702354222000)/",31850,200,572700,18372000000,-350,true,-1.09
"ANV",110957,"/Date(1702354222000)/",31850,100,572500,18366000000,-350,true,-1.09
"ANV",110957,"/Date(1702354222000)/",31850,1500,572400,18363000000,-350,true,-1.09
"ANV",110957,"/Date(1702354222000)/",31850,1000,570900,18315000000,-350,true,-1.09
"ANV",110957,"/Date(1702354222000)/",31850,100,569900,18283000000,-350,true,-1.09
"ANV",110925,"/Date(1702354190000)/",31850,100,569800,18280000000,-350,true,-1.09
"ANV",110718,"/Date(1702354060000)/",31850,100,569700,18277000000,-350,false,-1.09
"ANV",110712,"/Date(1702354054000)/",31800,3200,569600,18274000000,-400,true,-1.24
"ANV",110712,"/Date(1702354054000)/",31800,700,566400,18172000000,-400,true,-1.24
"ANV",110712,"/Date(1702354054000)/",31800,900,565700,18150000000,-400,true,-1.24
"ANV",110712,"/Date(1702354054000)/",31850,300,564800,18121000000,-350,true,-1.09
"ANV",110705,"/Date(1702354050000)/",31850,100,564500,18111000000,-350,false,-1.09
"ANV",110705,"/Date(1702354047000)/",31850,100,564400,18108000000,-350,false,-1.09
"ANV",110656,"/Date(1702354040000)/",31850,200,564300,18105000000,-350,false,-1.09
"ANV",110653,"/Date(1702354035000)/",31800,600,564100,18099000000,-400,true,-1.24
"ANV",110653,"/Date(1702354035000)/",31800,100,563500,18080000000,-400,true,-1.24
"ANV",110653,"/Date(1702354035000)/",31800,1000,563400,18076000000,-400,true,-1.24
"ANV",110653,"/Date(1702354035000)/",31800,2300,562400,18045000000,-400,true,-1.24
"ANV",110539,"/Date(1702353961000)/",31800,200,560100,17971000000,-400,true,-1.24
"ANV",110533,"/Date(1702353954000)/",31800,400,559900,17965000000,-400,true,-1.24
"ANV",110514,"/Date(1702353936000)/",31850,100,559500,17952000000,-350,false,-1.09
"ANV",110507,"/Date(1702353929000)/",31800,1400,559400,17949000000,-400,true,-1.24
"ANV",110451,"/Date(1702353914000)/",31850,200,558000,17905000000,-350,false,-1.09
"ANV",110432,"/Date(1702353893000)/",31850,100,557800,17898000000,-350,true,-1.09
"ANV",110432,"/Date(1702353893000)/",31850,200,557700,17895000000,-350,true,-1.09
"ANV",110344,"/Date(1702353846000)/",31850,2000,557500,17889000000,-350,true,-1.09
"ANV",110319,"/Date(1702353820000)/",31850,100,555500,17825000000,-350,true,-1.09
"ANV",110306,"/Date(1702353808000)/",31850,600,555400,17822000000,-350,true,-1.09
"ANV",110300,"/Date(1702353802000)/",31850,200,554800,17803000000,-350,true,-1.09
"ANV",110244,"/Date(1702353787000)/",31850,1000,554600,17796000000,-350,true,-1.09
"ANV",110244,"/Date(1702353787000)/",31850,900,553600,17765000000,-350,true,-1.09
"ANV",110225,"/Date(1702353766000)/",31800,500,552700,17736000000,-400,true,-1.24
"ANV",110212,"/Date(1702353756000)/",31800,200,552200,17720000000,-400,true,-1.24
"ANV",110212,"/Date(1702353756000)/",31800,100,552000,17714000000,-400,true,-1.24
"ANV",110212,"/Date(1702353756000)/",31800,500,551900,17710000000,-400,true,-1.24
"ANV",110212,"/Date(1702353756000)/",31800,100,551400,17695000000,-400,true,-1.24
"ANV",110212,"/Date(1702353756000)/",31800,100,551300,17691000000,-400,true,-1.24
"ANV",110212,"/Date(1702353756000)/",31800,2000,551200,17688000000,-400,true,-1.24
"ANV",110212,"/Date(1702353756000)/",31800,1000,549200,17625000000,-400,true,-1.24
"ANV",110212,"/Date(1702353756000)/",31800,1000,548200,17593000000,-400,true,-1.24
"ANV",110212,"/Date(1702353756000)/",31800,200,547200,17561000000,-400,true,-1.24
"ANV",110212,"/Date(1702353756000)/",31800,100,547000,17555000000,-400,true,-1.24
"ANV",110212,"/Date(1702353756000)/",31800,100,546900,17551000000,-400,true,-1.24
"ANV",110212,"/Date(1702353756000)/",31800,500,546800,17548000000,-400,true,-1.24
"ANV",110212,"/Date(1702353756000)/",31800,4100,546300,17532000000,-400,true,-1.24
"ANV",110150,"/Date(1702353733000)/",31800,5900,542200,17402000000,-400,true,-1.24
"ANV",110150,"/Date(1702353733000)/",31800,2000,536300,17214000000,-400,true,-1.24
"ANV",110150,"/Date(1702353733000)/",31800,5000,534300,17151000000,-400,true,-1.24
"ANV",110150,"/Date(1702353733000)/",31800,7100,529300,16992000000,-400,true,-1.24
"ANV",110146,"/Date(1702353728000)/",31850,5000,522200,16766000000,-350,false,-1.09
"ANV",110143,"/Date(1702353725000)/",31800,2900,517200,16607000000,-400,true,-1.24
"ANV",110143,"/Date(1702353725000)/",31800,100,514300,16515000000,-400,true,-1.24
"ANV",110143,"/Date(1702353725000)/",31800,100,514200,16511000000,-400,true,-1.24
"ANV",110143,"/Date(1702353725000)/",31800,900,514100,16508000000,-400,true,-1.24
"ANV",110140,"/Date(1702353724000)/",31800,100,513200,16480000000,-400,true,-1.24
"ANV",110140,"/Date(1702353724000)/",31800,300,513100,16476000000,-400,true,-1.24
"ANV",110140,"/Date(1702353724000)/",31800,200,512800,16467000000,-400,true,-1.24
"ANV",110140,"/Date(1702353724000)/",31800,200,512600,16460000000,-400,true,-1.24
"ANV",110140,"/Date(1702353724000)/",31800,100,512400,16454000000,-400,true,-1.24
"ANV",110140,"/Date(1702353724000)/",31800,100,512300,16451000000,-400,true,-1.24
"ANV",110140,"/Date(1702353724000)/",31800,1500,512200,16448000000,-400,true,-1.24
"ANV",110140,"/Date(1702353724000)/",31800,1000,510700,16400000000,-400,true,-1.24
"ANV",110140,"/Date(1702353724000)/",31800,3600,509700,16368000000,-400,true,-1.24
"ANV",110140,"/Date(1702353724000)/",31800,1000,506100,16254000000,-400,true,-1.24
"ANV",110140,"/Date(1702353724000)/",31800,100,505100,16222000000,-400,true,-1.24
"ANV",110127,"/Date(1702353710000)/",31800,100,505000,16219000000,-400,true,-1.24
"ANV",110127,"/Date(1702353710000)/",31800,900,504900,16216000000,-400,true,-1.24
"ANV",110039,"/Date(1702353660000)/",31800,300,504000,16187000000,-400,true,-1.24
"ANV",110039,"/Date(1702353660000)/",31800,1500,503700,16177000000,-400,true,-1.24
"ANV",110039,"/Date(1702353660000)/",31800,500,502200,16130000000,-400,true,-1.24
"ANV",110039,"/Date(1702353660000)/",31800,100,501700,16114000000,-400,true,-1.24
"ANV",110039,"/Date(1702353660000)/",31800,100,501600,16111000000,-400,true,-1.24
"ANV",110039,"/Date(1702353660000)/",31800,500,501500,16107000000,-400,true,-1.24
"ANV",110039,"/Date(1702353660000)/",31800,100,501000,16092000000,-400,true,-1.24
"ANV",110039,"/Date(1702353660000)/",31800,200,500900,16088000000,-400,true,-1.24
"ANV",110039,"/Date(1702353660000)/",31800,500,500700,16082000000,-400,true,-1.24
"ANV",110039,"/Date(1702353660000)/",31800,200,500200,16066000000,-400,true,-1.24
"ANV",110039,"/Date(1702353660000)/",31800,200,500000,16060000000,-400,true,-1.24
"ANV",110039,"/Date(1702353660000)/",31800,2000,499800,16053000000,-400,true,-1.24
"ANV",110039,"/Date(1702353660000)/",31800,1000,497800,15990000000,-400,true,-1.24
"ANV",110039,"/Date(1702353660000)/",31800,100,496800,15958000000,-400,true,-1.24
"ANV",110029,"/Date(1702353653000)/",31800,900,496700,15955000000,-400,true,-1.24
"ANV",110029,"/Date(1702353653000)/",31800,100,495800,15926000000,-400,true,-1.24
"ANV",110029,"/Date(1702353652000)/",31800,100,495700,15923000000,-400,true,-1.24
"ANV",110029,"/Date(1702353652000)/",31800,100,495600,15920000000,-400,true,-1.24
"ANV",110029,"/Date(1702353652000)/",31800,1000,495500,15917000000,-400,true,-1.24
"ANV",110029,"/Date(1702353652000)/",31800,700,494500,15885000000,-400,true,-1.24
"ANV",110023,"/Date(1702353646000)/",31850,100,493800,15863000000,-350,false,-1.09
"ANV",110023,"/Date(1702353646000)/",31850,1000,493700,15859000000,-350,false,-1.09
"ANV",110023,"/Date(1702353646000)/",31850,400,492700,15828000000,-350,false,-1.09
"ANV",110023,"/Date(1702353646000)/",31850,100,492300,15815000000,-350,false,-1.09
"ANV",110023,"/Date(1702353646000)/",31850,1000,492200,15812000000,-350,false,-1.09
"ANV",110023,"/Date(1702353646000)/",31850,200,491200,15780000000,-350,false,-1.09
"ANV",110023,"/Date(1702353646000)/",31850,100,491000,15773000000,-350,false,-1.09
"ANV",110023,"/Date(1702353646000)/",31850,100,490900,15770000000,-350,false,-1.09
"ANV",110023,"/Date(1702353646000)/",31850,400,490800,15767000000,-350,false,-1.09
"ANV",110023,"/Date(1702353646000)/",31850,100,490400,15754000000,-350,false,-1.09
"ANV",110023,"/Date(1702353646000)/",31850,100,490300,15751000000,-350,false,-1.09
"ANV",110023,"/Date(1702353646000)/",31850,500,490200,15748000000,-350,false,-1.09
"ANV",110023,"/Date(1702353646000)/",31850,1000,489700,15732000000,-350,false,-1.09
"ANV",110023,"/Date(1702353646000)/",31850,1000,488700,15700000000,-350,false,-1.09
"ANV",110023,"/Date(1702353646000)/",31850,200,487700,15668000000,-350,false,-1.09
"ANV",110023,"/Date(1702353646000)/",31850,100,487500,15662000000,-350,false,-1.09
"ANV",110023,"/Date(1702353646000)/",31850,1200,487400,15659000000,-350,false,-1.09
"ANV",110017,"/Date(1702353640000)/",31850,8800,486200,15621000000,-350,true,-1.09
"ANV",110017,"/Date(1702353640000)/",31850,200,477400,15340000000,-350,true,-1.09
"ANV",110017,"/Date(1702353640000)/",31850,400,477200,15334000000,-350,true,-1.09
"ANV",110017,"/Date(1702353640000)/",31850,500,476800,15321000000,-350,true,-1.09
"ANV",110017,"/Date(1702353640000)/",31850,100,476300,15305000000,-350,true,-1.09
"ANV",110001,"/Date(1702353622000)/",31900,500,476200,15302000000,-300,false,-0.93
"ANV",105923,"/Date(1702353585000)/",31850,100,475700,15286000000,-350,true,-1.09
"ANV",105900,"/Date(1702353564000)/",31850,400,475600,15283000000,-350,true,-1.09
"ANV",105900,"/Date(1702353564000)/",31850,100,475200,15270000000,-350,true,-1.09
"ANV",105848,"/Date(1702353551000)/",31850,100,475100,15267000000,-350,true,-1.09
"ANV",105819,"/Date(1702353519000)/",31850,3000,475000,15264000000,-350,true,-1.09
"ANV",105819,"/Date(1702353519000)/",31850,3000,472000,15168000000,-350,true,-1.09
"ANV",105809,"/Date(1702353512000)/",31900,200,469000,15073000000,-300,false,-0.93
"ANV",105743,"/Date(1702353486000)/",31900,100,468800,15066000000,-300,false,-0.93
"ANV",105743,"/Date(1702353486000)/",31900,300,468700,15063000000,-300,false,-0.93
"ANV",105743,"/Date(1702353486000)/",31900,600,468400,15054000000,-300,false,-0.93
"ANV",105728,"/Date(1702353470000)/",31850,4000,467800,15034000000,-350,true,-1.09
"ANV",105728,"/Date(1702353470000)/",31850,2000,463800,14907000000,-350,true,-1.09
"ANV",105728,"/Date(1702353470000)/",31900,100,461800,14843000000,-300,false,-0.93
"ANV",105715,"/Date(1702353455000)/",31900,300,461700,14840000000,-300,false,-0.93
"ANV",105715,"/Date(1702353455000)/",31900,100,461400,14831000000,-300,false,-0.93
"ANV",105715,"/Date(1702353455000)/",31900,600,461300,14827000000,-300,false,-0.93
"ANV",105711,"/Date(1702353452000)/",31850,1000,460700,14808000000,-350,true,-1.09
"ANV",105711,"/Date(1702353452000)/",31850,1000,459700,14776000000,-350,true,-1.09
"ANV",105711,"/Date(1702353452000)/",31850,100,458700,14745000000,-350,true,-1.09
"ANV",105711,"/Date(1702353452000)/",31850,100,458600,14741000000,-350,true,-1.09
"ANV",105711,"/Date(1702353452000)/",31850,1800,458500,14738000000,-350,true,-1.09
"ANV",105705,"/Date(1702353447000)/",31850,1100,456700,14681000000,-350,true,-1.09
"ANV",105532,"/Date(1702353353000)/",31900,100,455600,14646000000,-300,false,-0.93
"ANV",105448,"/Date(1702353308000)/",31900,300,455500,14643000000,-300,false,-0.93
"ANV",105438,"/Date(1702353299000)/",31900,200,455200,14633000000,-300,false,-0.93
"ANV",105432,"/Date(1702353294000)/",31900,800,455000,14627000000,-300,false,-0.93
"ANV",105432,"/Date(1702353294000)/",31900,100,454200,14601000000,-300,false,-0.93
"ANV",105432,"/Date(1702353294000)/",31900,100,454100,14598000000,-300,false,-0.93
"ANV",105429,"/Date(1702353291000)/",31900,200,454000,14595000000,-300,false,-0.93
"ANV",105406,"/Date(1702353268000)/",31900,200,453800,14588000000,-300,false,-0.93
"ANV",105357,"/Date(1702353258000)/",31900,200,453600,14582000000,-300,false,-0.93
"ANV",105350,"/Date(1702353252000)/",31900,200,453400,14576000000,-300,false,-0.93
"ANV",105325,"/Date(1702353227000)/",31900,100,453200,14569000000,-300,false,-0.93
"ANV",105302,"/Date(1702353203000)/",31900,1000,453100,14566000000,-300,false,-0.93
"ANV",105302,"/Date(1702353203000)/",31850,5000,452100,14534000000,-350,true,-1.09
"ANV",105253,"/Date(1702353195000)/",31900,5000,447100,14375000000,-300,false,-0.93
"ANV",105159,"/Date(1702353140000)/",31900,300,442100,14215000000,-300,false,-0.93
"ANV",105111,"/Date(1702353094000)/",31850,200,441800,14206000000,-350,true,-1.09
"ANV",105055,"/Date(1702353077000)/",31850,2100,441600,14199000000,-350,true,-1.09
"ANV",105055,"/Date(1702353077000)/",31850,200,439500,14133000000,-350,true,-1.09
"ANV",105055,"/Date(1702353077000)/",31850,1000,439300,14126000000,-350,true,-1.09
"ANV",105055,"/Date(1702353077000)/",31850,100,438300,14094000000,-350,true,-1.09
"ANV",105055,"/Date(1702353077000)/",31850,600,438200,14091000000,-350,true,-1.09
"ANV",105052,"/Date(1702353072000)/",31850,1400,437600,14072000000,-350,true,-1.09
"ANV",105052,"/Date(1702353072000)/",31850,200,436200,14027000000,-350,true,-1.09
"ANV",105052,"/Date(1702353072000)/",31850,200,436000,14021000000,-350,true,-1.09
"ANV",105052,"/Date(1702353072000)/",31850,100,435800,14015000000,-350,true,-1.09
"ANV",105052,"/Date(1702353072000)/",31850,100,435700,14012000000,-350,true,-1.09
"ANV",105042,"/Date(1702353062000)/",31900,100,435600,14008000000,-300,false,-0.93
"ANV",105036,"/Date(1702353057000)/",31900,100,435500,14005000000,-300,false,-0.93
"ANV",105007,"/Date(1702353028000)/",31900,500,435400,14002000000,-300,false,-0.93
"ANV",104958,"/Date(1702353020000)/",31900,100,434900,13986000000,-300,false,-0.93
"ANV",104954,"/Date(1702353014000)/",31900,300,434800,13983000000,-300,false,-0.93
"ANV",104948,"/Date(1702353010000)/",31900,500,434500,13973000000,-300,false,-0.93
"ANV",104929,"/Date(1702352990000)/",31900,200,434000,13957000000,-300,false,-0.93
"ANV",104926,"/Date(1702352986000)/",31900,500,433800,13951000000,-300,false,-0.93
"ANV",104913,"/Date(1702352975000)/",31850,500,433300,13935000000,-350,true,-1.09
"ANV",104851,"/Date(1702352950000)/",31900,100,432800,13919000000,-300,false,-0.93
"ANV",104851,"/Date(1702352950000)/",31900,300,432700,13916000000,-300,false,-0.93
"ANV",104851,"/Date(1702352950000)/",31900,100,432400,13906000000,-300,false,-0.93
"ANV",104851,"/Date(1702352950000)/",31900,300,432300,13903000000,-300,false,-0.93
"ANV",104851,"/Date(1702352950000)/",31900,200,432000,13894000000,-300,false,-0.93
"ANV",104851,"/Date(1702352950000)/",31900,100,431800,13887000000,-300,false,-0.93
"ANV",104847,"/Date(1702352949000)/",31900,100,431700,13884000000,-300,true,-0.93
"ANV",104847,"/Date(1702352948000)/",31900,2800,431600,13881000000,-300,true,-0.93
"ANV",104847,"/Date(1702352948000)/",31900,200,428800,13791000000,-300,true,-0.93
"ANV",104838,"/Date(1702352940000)/",31900,4800,428600,13785000000,-300,true,-0.93
"ANV",104838,"/Date(1702352940000)/",31900,300,423800,13632000000,-300,true,-0.93
"ANV",104838,"/Date(1702352940000)/",31900,200,423500,13622000000,-300,true,-0.93
"ANV",104838,"/Date(1702352940000)/",31900,2000,423300,13616000000,-300,true,-0.93
"ANV",104838,"/Date(1702352940000)/",31900,700,421300,13552000000,-300,true,-0.93
"ANV",104838,"/Date(1702352940000)/",31950,2000,420600,13530000000,-250,false,-0.78
"ANV",104734,"/Date(1702352876000)/",31900,300,418600,13466000000,-300,true,-0.93
"ANV",104734,"/Date(1702352876000)/",31900,1000,418300,13456000000,-300,true,-0.93
"ANV",104734,"/Date(1702352876000)/",31900,300,417300,13425000000,-300,true,-0.93
"ANV",104734,"/Date(1702352876000)/",31900,500,417000,13415000000,-300,true,-0.93
"ANV",104734,"/Date(1702352876000)/",31900,2000,416500,13399000000,-300,true,-0.93
"ANV",104734,"/Date(1702352876000)/",31900,100,414500,13335000000,-300,true,-0.93
"ANV",104734,"/Date(1702352876000)/",31900,500,414400,13332000000,-300,true,-0.93
"ANV",104734,"/Date(1702352876000)/",31900,100,413900,13316000000,-300,true,-0.93
"ANV",104734,"/Date(1702352876000)/",31900,200,413800,13313000000,-300,true,-0.93
"ANV",104702,"/Date(1702352842000)/",31900,800,413600,13306000000,-300,true,-0.93
"ANV",104702,"/Date(1702352842000)/",31900,1000,412800,13281000000,-300,true,-0.93
"ANV",104702,"/Date(1702352842000)/",31900,100,411800,13249000000,-300,true,-0.93
"ANV",104702,"/Date(1702352842000)/",31900,300,411700,13246000000,-300,true,-0.93
"ANV",104702,"/Date(1702352842000)/",31900,100,411400,13236000000,-300,true,-0.93
"ANV",104637,"/Date(1702352818000)/",32000,100,411300,13233000000,-200,false,-0.62
"ANV",104637,"/Date(1702352818000)/",31900,5800,411200,13230000000,-300,true,-0.93
"ANV",104637,"/Date(1702352818000)/",31900,100,405400,13045000000,-300,true,-0.93
"ANV",104637,"/Date(1702352818000)/",31900,6200,405300,13042000000,-300,true,-0.93
"ANV",104637,"/Date(1702352818000)/",31950,1000,399100,12844000000,-250,false,-0.78
"ANV",104637,"/Date(1702352818000)/",31950,1500,398100,12812000000,-250,false,-0.78
"ANV",104637,"/Date(1702352818000)/",31950,500,396600,12764000000,-250,false,-0.78
"ANV",104637,"/Date(1702352818000)/",31950,600,396100,12748000000,-250,false,-0.78
"ANV",104634,"/Date(1702352815000)/",31950,200,395500,12729000000,-250,true,-0.78
"ANV",104634,"/Date(1702352815000)/",31950,400,395300,12723000000,-250,true,-0.78
"ANV",104634,"/Date(1702352815000)/",31950,100,394900,12710000000,-250,true,-0.78
"ANV",104634,"/Date(1702352815000)/",31950,100,394800,12707000000,-250,true,-0.78
"ANV",104634,"/Date(1702352815000)/",31950,200,394700,12703000000,-250,true,-0.78
"ANV",104618,"/Date(1702352799000)/",32000,100,394500,12697000000,-200,false,-0.62
"ANV",104546,"/Date(1702352766000)/",32000,200,394400,12694000000,-200,false,-0.62
"ANV",104407,"/Date(1702352666000)/",32000,600,394200,12687000000,-200,false,-0.62
"ANV",104351,"/Date(1702352653000)/",32000,1400,393600,12668000000,-200,false,-0.62
"ANV",104300,"/Date(1702352603000)/",32000,1500,392200,12623000000,-200,false,-0.62
"ANV",104251,"/Date(1702352592000)/",32000,2000,390700,12575000000,-200,true,-0.62
"ANV",104251,"/Date(1702352592000)/",32000,1100,388700,12511000000,-200,true,-0.62
"ANV",104206,"/Date(1702352547000)/",32000,500,387600,12476000000,-200,true,-0.62
"ANV",104131,"/Date(1702352512000)/",32100,500,387100,12460000000,-100,false,-0.31
"ANV",104046,"/Date(1702352466000)/",32050,200,386600,12444000000,-150,true,-0.47
"ANV",103949,"/Date(1702352411000)/",32050,100,386400,12438000000,-150,true,-0.47
"ANV",103911,"/Date(1702352372000)/",32050,400,386300,12434000000,-150,true,-0.47
"ANV",103612,"/Date(1702352192000)/",32050,1000,385900,12422000000,-150,true,-0.47
"ANV",103456,"/Date(1702352114000)/",32000,400,384900,12390000000,-200,true,-0.62
"ANV",103405,"/Date(1702352066000)/",32050,100,384500,12377000000,-150,true,-0.47
"ANV",103051,"/Date(1702351871000)/",32050,500,384400,12374000000,-150,true,-0.47
"ANV",102919,"/Date(1702351777000)/",32200,200,383900,12358000000,0,false,0
"ANV",102919,"/Date(1702351777000)/",32100,800,383700,12351000000,-100,false,-0.31
"ANV",102815,"/Date(1702351715000)/",32100,200,382900,12325000000,-100,false,-0.31
"ANV",102815,"/Date(1702351715000)/",32100,100,382700,12319000000,-100,false,-0.31
"ANV",102815,"/Date(1702351715000)/",32100,100,382600,12316000000,-100,false,-0.31
"ANV",102815,"/Date(1702351715000)/",32000,100,382500,12313000000,-200,false,-0.62
"ANV",102740,"/Date(1702351679000)/",31900,2000,382400,12309000000,-300,true,-0.93
"ANV",102705,"/Date(1702351643000)/",31900,1800,380400,12246000000,-300,true,-0.93
"ANV",102705,"/Date(1702351643000)/",31900,100,378600,12188000000,-300,true,-0.93
"ANV",102705,"/Date(1702351643000)/",31900,300,378500,12185000000,-300,true,-0.93
"ANV",102705,"/Date(1702351643000)/",31900,3000,378200,12175000000,-300,true,-0.93
"ANV",102705,"/Date(1702351643000)/",31900,300,375200,12080000000,-300,true,-0.93
"ANV",102705,"/Date(1702351643000)/",31900,200,374900,12070000000,-300,true,-0.93
"ANV",102705,"/Date(1702351643000)/",31900,5000,374700,12064000000,-300,true,-0.93
"ANV",102705,"/Date(1702351643000)/",31900,500,369700,11904000000,-300,true,-0.93
"ANV",102705,"/Date(1702351643000)/",31900,200,369200,11888000000,-300,true,-0.93
"ANV",102705,"/Date(1702351643000)/",31900,300,369000,11882000000,-300,true,-0.93
"ANV",102705,"/Date(1702351643000)/",31900,500,368700,11872000000,-300,true,-0.93
"ANV",102705,"/Date(1702351643000)/",31900,1900,368200,11856000000,-300,true,-0.93
"ANV",102705,"/Date(1702351643000)/",31900,300,366300,11796000000,-300,true,-0.93
"ANV",102705,"/Date(1702351643000)/",31900,2000,366000,11786000000,-300,true,-0.93
"ANV",102705,"/Date(1702351643000)/",31900,1000,364000,11722000000,-300,true,-0.93
"ANV",102705,"/Date(1702351643000)/",31900,100,363000,11691000000,-300,true,-0.93
"ANV",102705,"/Date(1702351643000)/",31900,200,362900,11687000000,-300,true,-0.93
"ANV",102705,"/Date(1702351643000)/",31900,100,362700,11681000000,-300,true,-0.93
"ANV",102705,"/Date(1702351643000)/",31950,100,362600,11678000000,-250,true,-0.78
"ANV",102705,"/Date(1702351643000)/",31950,100,362500,11675000000,-250,true,-0.78
"ANV",102705,"/Date(1702351643000)/",31950,3000,362400,11671000000,-250,true,-0.78
"ANV",102705,"/Date(1702351643000)/",31950,2300,359400,11576000000,-250,true,-0.78
"ANV",102705,"/Date(1702351643000)/",31950,100,357100,11502000000,-250,true,-0.78
"ANV",102705,"/Date(1702351643000)/",31950,100,357000,11499000000,-250,true,-0.78
"ANV",102705,"/Date(1702351643000)/",31950,400,356900,11496000000,-250,true,-0.78
"ANV",102705,"/Date(1702351643000)/",31950,100,356500,11483000000,-250,true,-0.78
"ANV",102705,"/Date(1702351643000)/",31950,100,356400,11480000000,-250,true,-0.78
"ANV",102705,"/Date(1702351643000)/",31950,300,356300,11477000000,-250,true,-0.78
"ANV",102705,"/Date(1702351643000)/",31950,100,356000,11467000000,-250,true,-0.78
"ANV",102621,"/Date(1702351599000)/",32000,500,355900,11464000000,-200,true,-0.62
"ANV",102543,"/Date(1702351561000)/",32000,2600,355400,11448000000,-200,true,-0.62
"ANV",102543,"/Date(1702351561000)/",32000,100,352800,11365000000,-200,true,-0.62
"ANV",102543,"/Date(1702351561000)/",32000,1000,352700,11361000000,-200,true,-0.62
"ANV",102543,"/Date(1702351561000)/",32000,500,351700,11329000000,-200,true,-0.62
"ANV",102543,"/Date(1702351561000)/",32000,500,351200,11313000000,-200,true,-0.62
"ANV",102543,"/Date(1702351561000)/",32000,1200,350700,11297000000,-200,true,-0.62
"ANV",102543,"/Date(1702351561000)/",32000,100,349500,11259000000,-200,true,-0.62
"ANV",102536,"/Date(1702351556000)/",32050,100,349400,11256000000,-150,true,-0.47
"ANV",102536,"/Date(1702351556000)/",32050,300,349300,11253000000,-150,true,-0.47
"ANV",102536,"/Date(1702351556000)/",32050,100,349000,11243000000,-150,true,-0.47
"ANV",102536,"/Date(1702351556000)/",32050,5000,348900,11240000000,-150,true,-0.47
"ANV",102442,"/Date(1702351502000)/",32100,800,343900,11079000000,-100,false,-0.31
"ANV",102436,"/Date(1702351493000)/",32100,100,343100,11054000000,-100,false,-0.31
"ANV",102326,"/Date(1702351424000)/",32100,700,343000,11051000000,-100,false,-0.31
"ANV",102251,"/Date(1702351390000)/",32100,100,342300,11028000000,-100,false,-0.31
"ANV",102228,"/Date(1702351368000)/",32100,100,342200,11025000000,-100,false,-0.31
"ANV",102209,"/Date(1702351349000)/",32100,1000,342100,11022000000,-100,false,-0.31
"ANV",102200,"/Date(1702351338000)/",32100,5000,341100,10990000000,-100,false,-0.31
"ANV",102106,"/Date(1702351283000)/",32100,300,336100,10829000000,-100,false,-0.31
"ANV",102031,"/Date(1702351248000)/",32100,100,335800,10819000000,-100,false,-0.31
"ANV",102012,"/Date(1702351230000)/",32100,1000,335700,10816000000,-100,false,-0.31
"ANV",102008,"/Date(1702351227000)/",32100,400,334700,10784000000,-100,false,-0.31
"ANV",102005,"/Date(1702351224000)/",32100,400,334300,10771000000,-100,false,-0.31
"ANV",102005,"/Date(1702351224000)/",32100,600,333900,10758000000,-100,false,-0.31
"ANV",101949,"/Date(1702351207000)/",32100,200,333300,10739000000,-100,false,-0.31
"ANV",101924,"/Date(1702351184000)/",32050,1000,333100,10733000000,-150,false,-0.47
"ANV",101921,"/Date(1702351180000)/",32050,500,332100,10701000000,-150,false,-0.47
"ANV",101914,"/Date(1702351173000)/",32050,500,331600,10685000000,-150,false,-0.47
"ANV",101908,"/Date(1702351167000)/",32050,1000,331100,10669000000,-150,false,-0.47
"ANV",101908,"/Date(1702351166000)/",32050,100,330100,10637000000,-150,false,-0.47
"ANV",101908,"/Date(1702351165000)/",32000,1000,330000,10633000000,-200,true,-0.62
"ANV",101905,"/Date(1702351162000)/",32050,500,329000,10601000000,-150,false,-0.47
"ANV",101820,"/Date(1702351117000)/",32000,4000,328500,10585000000,-200,false,-0.62
"ANV",101814,"/Date(1702351111000)/",32000,100,324500,10457000000,-200,false,-0.62
"ANV",101814,"/Date(1702351111000)/",32000,900,324400,10454000000,-200,false,-0.62
"ANV",101804,"/Date(1702351104000)/",32000,1000,323500,10425000000,-200,false,-0.62
"ANV",101801,"/Date(1702351100000)/",32000,5700,322500,10393000000,-200,false,-0.62
"ANV",101758,"/Date(1702351095000)/",32000,200,316800,10211000000,-200,false,-0.62
"ANV",101736,"/Date(1702351075000)/",32000,1000,316600,10205000000,-200,false,-0.62
"ANV",101631,"/Date(1702351010000)/",31950,100,315600,10173000000,-250,true,-0.78
"ANV",101446,"/Date(1702350905000)/",31950,300,315500,10169000000,-250,false,-0.78
"ANV",101440,"/Date(1702350898000)/",31950,300,315200,10160000000,-250,false,-0.78
"ANV",101427,"/Date(1702350885000)/",31950,800,314900,10150000000,-250,true,-0.78
"ANV",101424,"/Date(1702350881000)/",31950,4200,314100,10125000000,-250,false,-0.78
"ANV",101408,"/Date(1702350866000)/",31850,3000,309900,9990000000,-350,true,-1.09
"ANV",101402,"/Date(1702350859000)/",31900,100,306900,9895000000,-300,false,-0.93
"ANV",101402,"/Date(1702350858000)/",31900,900,306800,9892000000,-300,false,-0.93
"ANV",101359,"/Date(1702350857000)/",31900,1000,305900,9863000000,-300,false,-0.93
"ANV",101343,"/Date(1702350841000)/",31900,2800,304900,9831000000,-300,false,-0.93
"ANV",101340,"/Date(1702350838000)/",31850,400,302100,9742000000,-350,true,-1.09
"ANV",101340,"/Date(1702350838000)/",31900,5000,301700,9729000000,-300,false,-0.93
"ANV",101340,"/Date(1702350838000)/",31900,1000,296700,9570000000,-300,false,-0.93
"ANV",101340,"/Date(1702350838000)/",31900,300,295700,9538000000,-300,false,-0.93
"ANV",101340,"/Date(1702350838000)/",31900,100,295400,9528000000,-300,false,-0.93
"ANV",101340,"/Date(1702350838000)/",31900,300,295300,9525000000,-300,false,-0.93
"ANV",101340,"/Date(1702350838000)/",31900,500,295000,9515000000,-300,false,-0.93
"ANV",101340,"/Date(1702350838000)/",31900,100,294500,9499000000,-300,false,-0.93
"ANV",101340,"/Date(1702350838000)/",31900,500,294400,9496000000,-300,false,-0.93
"ANV",101340,"/Date(1702350838000)/",31900,100,293900,9480000000,-300,false,-0.93
"ANV",101340,"/Date(1702350838000)/",31900,100,293800,9477000000,-300,false,-0.93
"ANV",101340,"/Date(1702350838000)/",31900,300,293700,9474000000,-300,false,-0.93
"ANV",101340,"/Date(1702350838000)/",31900,1000,293400,9464000000,-300,false,-0.93
"ANV",101336,"/Date(1702350836000)/",31950,100,292400,9432000000,-250,true,-0.78
"ANV",101336,"/Date(1702350836000)/",31950,100,292300,9429000000,-250,true,-0.78
"ANV",101336,"/Date(1702350836000)/",31950,100,292200,9426000000,-250,true,-0.78
"ANV",101336,"/Date(1702350836000)/",31950,500,292100,9423000000,-250,true,-0.78
"ANV",101327,"/Date(1702350826000)/",31950,500,291600,9407000000,-250,true,-0.78
"ANV",101327,"/Date(1702350826000)/",31950,100,291100,9391000000,-250,true,-0.78
"ANV",101327,"/Date(1702350826000)/",31950,200,291000,9388000000,-250,true,-0.78
"ANV",101327,"/Date(1702350826000)/",31950,2000,290800,9381000000,-250,true,-0.78
"ANV",101327,"/Date(1702350826000)/",31950,100,288800,9317000000,-250,true,-0.78
"ANV",101327,"/Date(1702350826000)/",31950,500,288700,9314000000,-250,true,-0.78
"ANV",101327,"/Date(1702350826000)/",31950,200,288200,9298000000,-250,true,-0.78
"ANV",101327,"/Date(1702350826000)/",31950,1000,288000,9292000000,-250,true,-0.78
"ANV",101327,"/Date(1702350826000)/",31950,100,287000,9260000000,-250,true,-0.78
"ANV",101327,"/Date(1702350826000)/",31950,1100,286900,9257000000,-250,true,-0.78
"ANV",101327,"/Date(1702350826000)/",31950,200,285800,9222000000,-250,true,-0.78
"ANV",101327,"/Date(1702350826000)/",31950,1000,285600,9215000000,-250,true,-0.78
"ANV",101327,"/Date(1702350826000)/",31950,800,284600,9183000000,-250,true,-0.78
"ANV",101327,"/Date(1702350826000)/",31950,1000,283800,9158000000,-250,true,-0.78
"ANV",101327,"/Date(1702350826000)/",31950,100,282800,9126000000,-250,true,-0.78
"ANV",101327,"/Date(1702350826000)/",31950,500,282700,9122000000,-250,true,-0.78
"ANV",101327,"/Date(1702350826000)/",31950,1600,282200,9107000000,-250,true,-0.78
"ANV",101327,"/Date(1702350824000)/",32000,2000,280600,9055000000,-200,false,-0.62
"ANV",101320,"/Date(1702350818000)/",32000,1000,278600,8991000000,-200,false,-0.62
"ANV",101308,"/Date(1702350807000)/",32000,5000,277600,8959000000,-200,false,-0.62
"ANV",101217,"/Date(1702350756000)/",31950,400,272600,8799000000,-250,true,-0.78
"ANV",101151,"/Date(1702350729000)/",31950,2000,272200,8787000000,-250,true,-0.78
"ANV",101148,"/Date(1702350727000)/",32000,500,270200,8723000000,-200,false,-0.62
"ANV",101041,"/Date(1702350658000)/",31950,1000,269700,8707000000,-250,true,-0.78
"ANV",100957,"/Date(1702350615000)/",32000,100,268700,8675000000,-200,false,-0.62
"ANV",100957,"/Date(1702350615000)/",32000,1000,268600,8672000000,-200,false,-0.62
"ANV",100957,"/Date(1702350615000)/",32000,100,267600,8640000000,-200,false,-0.62
"ANV",100957,"/Date(1702350615000)/",32000,500,267500,8636000000,-200,false,-0.62
"ANV",100957,"/Date(1702350615000)/",32000,600,267000,8620000000,-200,false,-0.62
"ANV",100957,"/Date(1702350615000)/",32000,300,266400,8601000000,-200,false,-0.62
"ANV",100957,"/Date(1702350615000)/",32000,1500,266100,8592000000,-200,false,-0.62
"ANV",100957,"/Date(1702350615000)/",32000,500,264600,8544000000,-200,false,-0.62
"ANV",100957,"/Date(1702350615000)/",32000,200,264100,8528000000,-200,false,-0.62
"ANV",100957,"/Date(1702350615000)/",32000,500,263900,8521000000,-200,false,-0.62
"ANV",100957,"/Date(1702350615000)/",32000,500,263400,8505000000,-200,false,-0.62
"ANV",100957,"/Date(1702350615000)/",32000,200,262900,8489000000,-200,false,-0.62
"ANV",100957,"/Date(1702350615000)/",32000,500,262700,8483000000,-200,false,-0.62
"ANV",100957,"/Date(1702350615000)/",32000,1000,262200,8467000000,-200,false,-0.62
"ANV",100957,"/Date(1702350615000)/",32000,1000,261200,8435000000,-200,false,-0.62
"ANV",100957,"/Date(1702350615000)/",32000,2000,260200,8403000000,-200,false,-0.62
"ANV",100957,"/Date(1702350615000)/",32000,5000,258200,8339000000,-200,false,-0.62
"ANV",100957,"/Date(1702350615000)/",32000,200,253200,8179000000,-200,false,-0.62
"ANV",100957,"/Date(1702350615000)/",32000,500,253000,8172000000,-200,false,-0.62
"ANV",100957,"/Date(1702350615000)/",32000,400,252500,8156000000,-200,false,-0.62
"ANV",100957,"/Date(1702350615000)/",32000,400,252100,8144000000,-200,false,-0.62
"ANV",100957,"/Date(1702350615000)/",32000,100,251700,8131000000,-200,false,-0.62
"ANV",100957,"/Date(1702350615000)/",32000,100,251600,8128000000,-200,false,-0.62
"ANV",100957,"/Date(1702350615000)/",32000,2000,251500,8124000000,-200,false,-0.62
"ANV",100957,"/Date(1702350615000)/",32000,500,249500,8060000000,-200,false,-0.62
"ANV",100957,"/Date(1702350615000)/",32000,1000,249000,8044000000,-200,false,-0.62
"ANV",100957,"/Date(1702350615000)/",32000,500,248000,8012000000,-200,false,-0.62
"ANV",100957,"/Date(1702350615000)/",32000,1000,247500,7996000000,-200,false,-0.62
"ANV",100957,"/Date(1702350615000)/",32000,500,246500,7964000000,-200,false,-0.62
"ANV",100938,"/Date(1702350596000)/",32050,500,246000,7948000000,-150,false,-0.47
"ANV",100928,"/Date(1702350585000)/",32050,500,245500,7932000000,-150,false,-0.47
"ANV",100857,"/Date(1702350554000)/",32050,100,245000,7916000000,-150,false,-0.47
"ANV",100857,"/Date(1702350554000)/",32050,1000,244900,7913000000,-150,false,-0.47
"ANV",100857,"/Date(1702350554000)/",32050,500,243900,7881000000,-150,false,-0.47
"ANV",100857,"/Date(1702350554000)/",32050,500,243400,7865000000,-150,false,-0.47
"ANV",100857,"/Date(1702350554000)/",32050,100,242900,7849000000,-150,false,-0.47
"ANV",100857,"/Date(1702350554000)/",32050,2900,242800,7846000000,-150,false,-0.47
"ANV",100847,"/Date(1702350545000)/",32050,4100,239900,7753000000,-150,true,-0.47
"ANV",100847,"/Date(1702350545000)/",32050,500,235800,7621000000,-150,true,-0.47
"ANV",100847,"/Date(1702350545000)/",32050,100,235300,7605000000,-150,true,-0.47
"ANV",100815,"/Date(1702350513000)/",32100,1000,235200,7602000000,-100,false,-0.31
"ANV",100803,"/Date(1702350499000)/",32100,100,234200,7570000000,-100,true,-0.31
"ANV",100803,"/Date(1702350499000)/",32100,200,234100,7567000000,-100,true,-0.31
"ANV",100803,"/Date(1702350499000)/",32100,200,233900,7561000000,-100,true,-0.31
"ANV",100803,"/Date(1702350499000)/",32100,1000,233700,7554000000,-100,true,-0.31
"ANV",100803,"/Date(1702350499000)/",32100,800,232700,7522000000,-100,true,-0.31
"ANV",100803,"/Date(1702350499000)/",32100,500,231900,7496000000,-100,true,-0.31
"ANV",100803,"/Date(1702350499000)/",32100,100,231400,7480000000,-100,true,-0.31
"ANV",100803,"/Date(1702350499000)/",32100,5000,231300,7477000000,-100,true,-0.31
"ANV",100803,"/Date(1702350499000)/",32100,300,226300,7317000000,-100,true,-0.31
"ANV",100708,"/Date(1702350445000)/",32200,300,226000,7307000000,0,false,0
"ANV",100624,"/Date(1702350400000)/",32200,200,225700,7297000000,0,false,0
"ANV",100552,"/Date(1702350370000)/",32200,300,225500,7291000000,0,false,0
"ANV",100552,"/Date(1702350370000)/",32200,100,225200,7281000000,0,false,0
"ANV",100552,"/Date(1702350370000)/",32200,100,225100,7278000000,0,false,0
"ANV",100433,"/Date(1702350291000)/",32200,700,225000,7275000000,0,false,0
"ANV",100433,"/Date(1702350290000)/",32200,600,224300,7252000000,0,false,0
"ANV",100401,"/Date(1702350257000)/",32200,100,223700,7233000000,0,true,0
"ANV",100401,"/Date(1702350257000)/",32200,200,223600,7230000000,0,true,0
"ANV",100401,"/Date(1702350257000)/",32200,100,223400,7223000000,0,true,0
"ANV",100401,"/Date(1702350257000)/",32200,100,223300,7220000000,0,true,0
"ANV",100332,"/Date(1702350230000)/",32200,300,223200,7217000000,0,true,0
"ANV",100225,"/Date(1702350163000)/",32200,100,222900,7207000000,0,false,0
"ANV",100200,"/Date(1702350137000)/",32200,100,222800,7204000000,0,true,0
"ANV",100200,"/Date(1702350137000)/",32200,100,222700,7201000000,0,true,0
"ANV",100200,"/Date(1702350137000)/",32200,200,222600,7197000000,0,true,0
"ANV",100141,"/Date(1702350117000)/",32200,300,222400,7191000000,0,true,0
"ANV",100141,"/Date(1702350117000)/",32200,400,222100,7181000000,0,true,0
"ANV",100037,"/Date(1702350053000)/",32200,100,221700,7168000000,0,true,0
"ANV",100018,"/Date(1702350036000)/",32200,200,221600,7165000000,0,true,0
"ANV",95943,"/Date(1702350001000)/",32200,200,221400,7159000000,0,true,0
"ANV",95943,"/Date(1702350001000)/",32200,700,221200,7152000000,0,true,0
"ANV",95830,"/Date(1702349926000)/",32200,300,220500,7130000000,0,true,0
"ANV",95830,"/Date(1702349926000)/",32200,100,220200,7120000000,0,true,0
"ANV",95742,"/Date(1702349877000)/",32200,100,220100,7117000000,0,true,0
"ANV",95729,"/Date(1702349866000)/",32200,2400,220000,7114000000,0,true,0
"ANV",95707,"/Date(1702349842000)/",32200,2500,217600,7036000000,0,true,0
"ANV",95603,"/Date(1702349780000)/",32200,1000,215100,6956000000,0,true,0
"ANV",95603,"/Date(1702349779000)/",32200,100,214100,6924000000,0,true,0
"ANV",95525,"/Date(1702349740000)/",32200,100,214000,6921000000,0,false,0
"ANV",95525,"/Date(1702349740000)/",32200,400,213900,6917000000,0,false,0
"ANV",95456,"/Date(1702349713000)/",32200,100,213500,6904000000,0,false,0
"ANV",95456,"/Date(1702349713000)/",32200,500,213400,6901000000,0,false,0
"ANV",95456,"/Date(1702349713000)/",32200,500,212900,6885000000,0,false,0
"ANV",95453,"/Date(1702349709000)/",32200,500,212400,6869000000,0,true,0
"ANV",95447,"/Date(1702349703000)/",32200,200,211900,6853000000,0,true,0
"ANV",95415,"/Date(1702349671000)/",32200,300,211700,6846000000,0,true,0
"ANV",95415,"/Date(1702349671000)/",32200,2000,211400,6837000000,0,true,0
"ANV",95415,"/Date(1702349671000)/",32200,700,209400,6772000000,0,true,0
"ANV",95415,"/Date(1702349671000)/",32200,1000,208700,6750000000,0,true,0
"ANV",95415,"/Date(1702349671000)/",32200,2000,207700,6718000000,0,true,0
"ANV",95415,"/Date(1702349671000)/",32200,200,205700,6653000000,0,true,0
"ANV",95415,"/Date(1702349671000)/",32200,100,205500,6647000000,0,true,0
"ANV",95415,"/Date(1702349671000)/",32200,100,205400,6644000000,0,true,0
"ANV",95415,"/Date(1702349671000)/",32200,2000,205300,6640000000,0,true,0
"ANV",95415,"/Date(1702349671000)/",32200,1000,203300,6576000000,0,true,0
"ANV",95415,"/Date(1702349671000)/",32200,600,202300,6544000000,0,true,0
"ANV",95402,"/Date(1702349658000)/",32200,200,201700,6524000000,0,true,0
"ANV",95346,"/Date(1702349641000)/",32200,200,201500,6518000000,0,true,0
"ANV",95346,"/Date(1702349641000)/",32200,9800,201300,6512000000,0,true,0
"ANV",95343,"/Date(1702349637000)/",32200,200,191500,6196000000,0,true,0
"ANV",95317,"/Date(1702349614000)/",32200,200,191300,6190000000,0,true,0
"ANV",95311,"/Date(1702349607000)/",32200,14000,191100,6183000000,0,true,0
"ANV",95302,"/Date(1702349597000)/",32200,6800,177100,5732000000,0,true,0
"ANV",95302,"/Date(1702349597000)/",32200,2000,170300,5513000000,0,true,0
"ANV",95302,"/Date(1702349597000)/",32200,100,168300,5449000000,0,true,0
"ANV",95302,"/Date(1702349597000)/",32200,1100,168200,5446000000,0,true,0
"ANV",95233,"/Date(1702349568000)/",32200,100,167100,5410000000,0,true,0
"ANV",95217,"/Date(1702349552000)/",32200,100,167000,5407000000,0,true,0
"ANV",95201,"/Date(1702349537000)/",32200,100,166900,5404000000,0,true,0
"ANV",95123,"/Date(1702349498000)/",32200,600,166800,5401000000,0,true,0
"ANV",95123,"/Date(1702349498000)/",32200,200,166200,5381000000,0,true,0
"ANV",95123,"/Date(1702349498000)/",32200,100,166000,5375000000,0,true,0
"ANV",95123,"/Date(1702349498000)/",32200,100,165900,5372000000,0,true,0
"ANV",95123,"/Date(1702349498000)/",32200,200,165800,5368000000,0,true,0
"ANV",95123,"/Date(1702349498000)/",32200,200,165600,5362000000,0,true,0
"ANV",95123,"/Date(1702349498000)/",32200,100,165400,5356000000,0,true,0
"ANV",95114,"/Date(1702349489000)/",32250,2000,165300,5352000000,50,false,0.16
"ANV",95020,"/Date(1702349434000)/",32250,2000,163300,5288000000,50,false,0.16
"ANV",94919,"/Date(1702349374000)/",32250,900,161300,5223000000,50,true,0.16
"ANV",94919,"/Date(1702349374000)/",32250,600,160400,5194000000,50,true,0.16
"ANV",94919,"/Date(1702349374000)/",32250,1500,159800,5175000000,50,true,0.16
"ANV",94919,"/Date(1702349374000)/",32250,1000,158300,5127000000,50,true,0.16
"ANV",94919,"/Date(1702349374000)/",32250,100,157300,5094000000,50,true,0.16
"ANV",94919,"/Date(1702349374000)/",32250,700,157200,5091000000,50,true,0.16
"ANV",94919,"/Date(1702349374000)/",32250,1000,156500,5069000000,50,true,0.16
"ANV",94919,"/Date(1702349374000)/",32250,100,155500,5036000000,50,true,0.16
"ANV",94919,"/Date(1702349374000)/",32250,2400,155400,5033000000,50,true,0.16
"ANV",94919,"/Date(1702349374000)/",32250,500,153000,4956000000,50,true,0.16
"ANV",94919,"/Date(1702349374000)/",32250,200,152500,4940000000,50,true,0.16
"ANV",94743,"/Date(1702349280000)/",32300,100,152300,4933000000,100,false,0.31
"ANV",94643,"/Date(1702349218000)/",32250,100,152200,4930000000,50,true,0.16
"ANV",94637,"/Date(1702349212000)/",32300,2000,152100,4927000000,100,false,0.31
"ANV",94540,"/Date(1702349154000)/",32300,200,150100,4862000000,100,true,0.31
"ANV",94540,"/Date(1702349154000)/",32300,1000,149900,4856000000,100,true,0.31
"ANV",94540,"/Date(1702349154000)/",32300,800,148900,4823000000,100,true,0.31
"ANV",94540,"/Date(1702349154000)/",32300,2000,148100,4797000000,100,true,0.31
"ANV",94540,"/Date(1702349154000)/",32300,500,146100,4733000000,100,true,0.31
"ANV",94533,"/Date(1702349149000)/",32300,100,145600,4717000000,100,true,0.31
"ANV",94533,"/Date(1702349149000)/",32300,500,145500,4713000000,100,true,0.31
"ANV",94533,"/Date(1702349149000)/",32300,200,145000,4697000000,100,true,0.31
"ANV",94533,"/Date(1702349149000)/",32300,200,144800,4691000000,100,true,0.31
"ANV",94533,"/Date(1702349149000)/",32300,5000,144600,4684000000,100,true,0.31
"ANV",94533,"/Date(1702349149000)/",32300,500,139600,4523000000,100,true,0.31
"ANV",94533,"/Date(1702349149000)/",32300,3000,139100,4507000000,100,true,0.31
"ANV",94533,"/Date(1702349149000)/",32300,200,136100,4410000000,100,true,0.31
"ANV",94533,"/Date(1702349149000)/",32300,300,135900,4403000000,100,true,0.31
"ANV",94514,"/Date(1702349129000)/",32350,1700,135600,4394000000,150,true,0.47
"ANV",94514,"/Date(1702349129000)/",32350,1000,133900,4339000000,150,true,0.47
"ANV",94514,"/Date(1702349129000)/",32350,300,132900,4306000000,150,true,0.47
"ANV",94514,"/Date(1702349129000)/",32350,1000,132600,4297000000,150,true,0.47
