"Stockcode","Package","TradingDate","Price","Vol","TotalVol","TotalVal","Change","IsBuy","PerChange"
"PVS",145939,"/Date(1702367979000)/",39400,2000,1817384,71507422500,-100,false,-0.25
"PVS",145423,"/Date(1702367663000)/",39400,100,1815384,71428622500,-100,false,-0.25
"PVS",145321,"/Date(1702367601000)/",39400,100,1815284,71424682500,-100,false,-0.25
"PVS",145244,"/Date(1702367564000)/",39400,100,1815184,71420742500,-100,false,-0.25
"PVS",145219,"/Date(1702367539000)/",39400,5900,1815084,71416802500,-100,false,-0.25
"PVS",145129,"/Date(1702367489000)/",39400,3000,1809184,71184342500,-100,false,-0.25
"PVS",145007,"/Date(1702367407000)/",39400,300,1806184,71066142500,-100,false,-0.25
"PVS",144822,"/Date(1702367302000)/",39400,300,1805884,71054322500,-100,false,-0.25
"PVS",144705,"/Date(1702367225000)/",39400,1900,1805584,71042502500,-100,false,-0.25
"PVS",144515,"/Date(1702367102000)/",39400,245400,1803684,70967642500,-100,false,-0.25
"PVS",142955,"/Date(1702366195000)/",39300,500,1558284,61298882500,-200,true,-0.51
"PVS",142939,"/Date(1702366179000)/",39400,10000,1557784,61279232500,-100,false,-0.25
"PVS",142910,"/Date(1702366150000)/",39300,500,1547784,60885232500,-200,true,-0.51
"PVS",142909,"/Date(1702366149000)/",39400,5000,1547284,60865582500,-100,false,-0.25
"PVS",142904,"/Date(1702366143000)/",39400,2000,1542284,60668582500,-100,false,-0.25
"PVS",142851,"/Date(1702366130000)/",39300,100,1540284,60589782500,-200,true,-0.51
"PVS",142847,"/Date(1702366126000)/",39300,2100,1540184,60585852500,-200,true,-0.51
"PVS",142802,"/Date(1702366082000)/",39300,400,1538084,60503322500,-200,true,-0.51
"PVS",142758,"/Date(1702366078000)/",39300,33,1537684,60487602500,-200,true,-0.51
"PVS",142758,"/Date(1702366077000)/",39300,200,1537651,60486305600,-200,true,-0.51
"PVS",142755,"/Date(1702366074000)/",39300,8400,1537451,60478445600,-200,true,-0.51
"PVS",142753,"/Date(1702366073000)/",39300,1000,1529051,60148325600,-200,false,-0.51
"PVS",142733,"/Date(1702366052000)/",39300,200,1528051,60109025600,-200,false,-0.51
"PVS",142732,"/Date(1702366051000)/",39300,5000,1527851,60101165600,-200,false,-0.51
"PVS",142711,"/Date(1702366031000)/",39200,100,1522851,59904665600,-300,true,-0.76
"PVS",142658,"/Date(1702366018000)/",39300,100,1522751,59900745600,-200,false,-0.51
"PVS",142656,"/Date(1702366016000)/",39300,1800,1522651,59896815600,-200,false,-0.51
"PVS",142652,"/Date(1702366012000)/",39300,500,1520851,59826075600,-200,false,-0.51
"PVS",142630,"/Date(1702365990000)/",39300,5000,1520351,59806425600,-200,false,-0.51
"PVS",142627,"/Date(1702365987000)/",39300,100,1515351,59609925600,-200,false,-0.51
"PVS",142626,"/Date(1702365986000)/",39300,1400,1515251,59605995600,-200,false,-0.51
"PVS",142619,"/Date(1702365979000)/",39300,500,1513851,59550975600,-200,false,-0.51
"PVS",142605,"/Date(1702365965000)/",39300,500,1513351,59531325600,-200,false,-0.51
"PVS",142603,"/Date(1702365963000)/",39300,2000,1512851,59511675600,-200,false,-0.51
"PVS",142601,"/Date(1702365960000)/",39300,1500,1510851,59433075600,-200,false,-0.51
"PVS",142532,"/Date(1702365932000)/",39200,1000,1509351,59374125600,-300,true,-0.76
"PVS",142531,"/Date(1702365931000)/",39300,4500,1508351,59334925600,-200,false,-0.51
"PVS",142518,"/Date(1702365918000)/",39300,2000,1503851,59158075600,-200,false,-0.51
"PVS",142507,"/Date(1702365907000)/",39300,10000,1501851,59079475600,-200,false,-0.51
"PVS",142504,"/Date(1702365904000)/",39300,3300,1491851,58686475600,-200,false,-0.51
"PVS",142503,"/Date(1702365903000)/",39200,200,1488551,58556785600,-300,true,-0.76
"PVS",142418,"/Date(1702365858000)/",39300,400,1488351,58548945600,-200,false,-0.51
"PVS",142400,"/Date(1702365840000)/",39300,1000,1487951,58533225600,-200,false,-0.51
"PVS",142333,"/Date(1702365813000)/",39300,20000,1486951,58493925600,-200,false,-0.51
"PVS",142325,"/Date(1702365805000)/",39300,800,1466951,57707925600,-200,false,-0.51
"PVS",142254,"/Date(1702365774000)/",39300,200,1466151,57676485600,-200,false,-0.51
"PVS",142231,"/Date(1702365751000)/",39200,100,1465951,57668625600,-300,true,-0.76
"PVS",142201,"/Date(1702365721000)/",39200,1400,1465851,57664705600,-300,true,-0.76
"PVS",142112,"/Date(1702365672000)/",39300,10400,1464451,57609825600,-200,true,-0.51
"PVS",142050,"/Date(1702365650000)/",39300,2500,1454051,57201105600,-200,true,-0.51
"PVS",142043,"/Date(1702365643000)/",39300,100,1451551,57102855600,-200,true,-0.51
"PVS",142026,"/Date(1702365626000)/",39300,2000,1451451,57098925600,-200,true,-0.51
"PVS",142009,"/Date(1702365609000)/",39400,100,1449451,57020325600,-100,false,-0.25
"PVS",141950,"/Date(1702365590000)/",39300,100,1449351,57016385600,-200,true,-0.51
"PVS",141949,"/Date(1702365589000)/",39300,100,1449251,57012455600,-200,false,-0.51
"PVS",141948,"/Date(1702365588000)/",39300,800,1449151,57008525600,-200,false,-0.51
"PVS",141939,"/Date(1702365579000)/",39300,500,1448351,56977085600,-200,true,-0.51
"PVS",141922,"/Date(1702365562000)/",39300,1200,1447851,56957435600,-200,false,-0.51
"PVS",141916,"/Date(1702365556000)/",39300,2100,1446651,56910275600,-200,false,-0.51
"PVS",141913,"/Date(1702365553000)/",39200,600,1444551,56827745600,-300,true,-0.76
"PVS",141912,"/Date(1702365552000)/",39300,500,1443951,56804225600,-200,false,-0.51
"PVS",141908,"/Date(1702365548000)/",39300,7200,1443451,56784575600,-200,false,-0.51
"PVS",141848,"/Date(1702365528000)/",39300,10000,1436251,56501615600,-200,false,-0.51
"PVS",141749,"/Date(1702365469000)/",39300,100,1426251,56108615600,-200,false,-0.51
"PVS",141646,"/Date(1702365406000)/",39300,1000,1426151,56104685600,-200,false,-0.51
"PVS",141612,"/Date(1702365372000)/",39300,2300,1425151,56065385600,-200,true,-0.51
"PVS",141602,"/Date(1702365362000)/",39300,1700,1422851,55974995600,-200,false,-0.51
"PVS",141526,"/Date(1702365326000)/",39300,6400,1421151,55908185600,-200,true,-0.51
"PVS",141520,"/Date(1702365320000)/",39300,100,1414751,55656665600,-200,true,-0.51
"PVS",141517,"/Date(1702365317000)/",39300,400,1414651,55652735600,-200,true,-0.51
"PVS",141439,"/Date(1702365279000)/",39300,3000,1414251,55637015600,-200,true,-0.51
"PVS",141437,"/Date(1702365277000)/",39300,5000,1411251,55519115600,-200,true,-0.51
"PVS",141426,"/Date(1702365266000)/",39300,100,1406251,55322615600,-200,true,-0.51
"PVS",141341,"/Date(1702365221000)/",39300,300,1406151,55318685600,-200,true,-0.51
"PVS",141333,"/Date(1702365213000)/",39300,300,1405851,55306895600,-200,true,-0.51
"PVS",141332,"/Date(1702365212000)/",39300,100,1405551,55295105600,-200,true,-0.51
"PVS",141320,"/Date(1702365200000)/",39300,2900,1405451,55291175600,-200,true,-0.51
"PVS",141239,"/Date(1702365159000)/",39300,100,1402551,55177205600,-200,true,-0.51
"PVS",141238,"/Date(1702365158000)/",39300,100,1402451,55173275600,-200,true,-0.51
"PVS",141218,"/Date(1702365138000)/",39300,7900,1402351,55169345600,-200,true,-0.51
"PVS",141215,"/Date(1702365135000)/",39300,11000,1394451,54858875600,-200,false,-0.51
"PVS",141204,"/Date(1702365124000)/",39200,1000,1383451,54426675600,-300,true,-0.76
"PVS",141144,"/Date(1702365104000)/",39200,100,1382451,54387475600,-300,true,-0.76
"PVS",141141,"/Date(1702365101000)/",39200,300,1382351,54383555600,-300,true,-0.76
"PVS",141124,"/Date(1702365084000)/",39200,5000,1382051,54371795600,-300,true,-0.76
"PVS",141050,"/Date(1702365050000)/",39200,100,1377051,54175795600,-300,true,-0.76
"PVS",141032,"/Date(1702365032000)/",39200,1025,1376951,54171875600,-300,true,-0.76
"PVS",141018,"/Date(1702365018000)/",39200,3600,1375926,54131695600,-300,true,-0.76
"PVS",141008,"/Date(1702365008000)/",39200,500,1372326,53990575600,-300,false,-0.76
"PVS",140935,"/Date(1702364975000)/",39200,200,1371826,53970975600,-300,false,-0.76
"PVS",140932,"/Date(1702364972000)/",39200,100,1371626,53963135600,-300,false,-0.76
"PVS",140905,"/Date(1702364945000)/",39200,300,1371526,53959215600,-300,false,-0.76
"PVS",140852,"/Date(1702364932000)/",39200,200,1371226,53947455600,-300,false,-0.76
"PVS",140838,"/Date(1702364918000)/",39200,400,1371026,53939615600,-300,true,-0.76
"PVS",140837,"/Date(1702364917000)/",39200,7000,1370626,53923935600,-300,true,-0.76
"PVS",140821,"/Date(1702364901000)/",39200,2000,1363626,53649535600,-300,true,-0.76
"PVS",140815,"/Date(1702364895000)/",39200,11000,1361626,53571135600,-300,true,-0.76
"PVS",140808,"/Date(1702364888000)/",39200,100,1350626,53139935600,-300,true,-0.76
"PVS",140803,"/Date(1702364883000)/",39200,2700,1350526,53136015600,-300,true,-0.76
"PVS",140757,"/Date(1702364877000)/",39200,16300,1347826,53030175600,-300,true,-0.76
"PVS",140739,"/Date(1702364859000)/",39200,16000,1331526,52391215600,-300,true,-0.76
"PVS",140715,"/Date(1702364835000)/",39200,100,1315526,51764015600,-300,true,-0.76
"PVS",140621,"/Date(1702364781000)/",39200,100,1315426,51760095600,-300,true,-0.76
"PVS",140552,"/Date(1702364752000)/",39200,3000,1315326,51756175600,-300,true,-0.76
"PVS",140526,"/Date(1702364727000)/",39200,100,1312326,51638575600,-300,true,-0.76
"PVS",140526,"/Date(1702364726000)/",39200,100,1312226,51634655600,-300,true,-0.76
"PVS",140515,"/Date(1702364716000)/",39300,500,1312126,51630735600,-200,false,-0.51
"PVS",140443,"/Date(1702364683000)/",39300,5200,1311626,51611085600,-200,false,-0.51
"PVS",140408,"/Date(1702364648000)/",39300,2200,1306426,51406725600,-200,true,-0.51
"PVS",140403,"/Date(1702364643000)/",39300,2800,1304226,51320265600,-200,true,-0.51
"PVS",140343,"/Date(1702364622000)/",39300,2000,1301426,51210225600,-200,true,-0.51
"PVS",140339,"/Date(1702364619000)/",39300,100,1299426,51131625600,-200,true,-0.51
"PVS",140336,"/Date(1702364616000)/",39300,200,1299326,51127695600,-200,true,-0.51
"PVS",140335,"/Date(1702364614000)/",39300,900,1299126,51119835600,-200,true,-0.51
"PVS",140333,"/Date(1702364612000)/",39300,1000,1298226,51084465600,-200,true,-0.51
"PVS",140330,"/Date(1702364610000)/",39300,5000,1297226,51045165600,-200,true,-0.51
"PVS",140327,"/Date(1702364607000)/",39300,100,1292226,50848665600,-200,true,-0.51
"PVS",140322,"/Date(1702364601000)/",39300,200,1292126,50844735600,-200,true,-0.51
"PVS",140311,"/Date(1702364591000)/",39300,1000,1291926,50836875600,-200,true,-0.51
"PVS",140310,"/Date(1702364589000)/",39300,500,1290926,50797575600,-200,true,-0.51
"PVS",140305,"/Date(1702364584000)/",39300,100,1290426,50777925600,-200,true,-0.51
"PVS",140246,"/Date(1702364565000)/",39300,100,1290326,50773995600,-200,true,-0.51
"PVS",140243,"/Date(1702364562000)/",39300,6000,1290226,50770065600,-200,true,-0.51
"PVS",140232,"/Date(1702364551000)/",39300,100,1284226,50534265600,-200,true,-0.51
"PVS",140152,"/Date(1702364511000)/",39300,100,1284126,50530335600,-200,true,-0.51
"PVS",140125,"/Date(1702364485000)/",39300,800,1284026,50526405600,-200,true,-0.51
"PVS",140058,"/Date(1702364458000)/",39300,100,1283226,50494965600,-200,true,-0.51
"PVS",140037,"/Date(1702364437000)/",39300,1000,1283126,50491035600,-200,true,-0.51
"PVS",140035,"/Date(1702364435000)/",39300,100,1282126,50451735600,-200,true,-0.51
"PVS",140014,"/Date(1702364414000)/",39300,100,1282026,50447805600,-200,true,-0.51
"PVS",140011,"/Date(1702364411000)/",39300,100,1281926,50443875600,-200,true,-0.51
"PVS",135930,"/Date(1702364370000)/",39300,5000,1281826,50439945600,-200,true,-0.51
"PVS",135926,"/Date(1702364366000)/",39400,2000,1276826,50243445600,-100,false,-0.25
"PVS",135914,"/Date(1702364354000)/",39300,2000,1274826,50164645600,-200,true,-0.51
"PVS",135908,"/Date(1702364348000)/",39400,200,1272826,50086045600,-100,false,-0.25
"PVS",135850,"/Date(1702364330000)/",39400,2000,1272626,50078165600,-100,false,-0.25
"PVS",135756,"/Date(1702364276000)/",39400,1000,1270626,49999365600,-100,false,-0.25
"PVS",135642,"/Date(1702364202000)/",39400,4600,1269626,49959965600,-100,false,-0.25
"PVS",135515,"/Date(1702364115000)/",39300,500,1265026,49778725600,-200,true,-0.51
"PVS",135502,"/Date(1702364102000)/",39300,200,1264526,49759075600,-200,true,-0.51
"PVS",135415,"/Date(1702364055000)/",39300,200,1264326,49751215600,-200,true,-0.51
"PVS",135411,"/Date(1702364051000)/",39400,1000,1264126,49743355600,-100,false,-0.25
"PVS",135256,"/Date(1702363976000)/",39300,1000,1263126,49703955600,-200,true,-0.51
"PVS",135241,"/Date(1702363961000)/",39300,2800,1262126,49664655600,-200,true,-0.51
"PVS",135225,"/Date(1702363945000)/",39300,100,1259326,49554615600,-200,true,-0.51
"PVS",135203,"/Date(1702363923000)/",39300,700,1259226,49550685600,-200,true,-0.51
"PVS",135122,"/Date(1702363882000)/",39300,100,1258526,49523175600,-200,true,-0.51
"PVS",135001,"/Date(1702363801000)/",39300,1000,1258426,49519245600,-200,true,-0.51
"PVS",134936,"/Date(1702363776000)/",39300,600,1257426,49479945600,-200,true,-0.51
"PVS",134926,"/Date(1702363766000)/",39300,800,1256826,49456365600,-200,true,-0.51
"PVS",134855,"/Date(1702363735000)/",39300,700,1256026,49424925600,-200,false,-0.51
"PVS",134835,"/Date(1702363715000)/",39300,2300,1255326,49397415600,-200,true,-0.51
"PVS",134822,"/Date(1702363702000)/",39300,5000,1253026,49307025600,-200,true,-0.51
"PVS",134703,"/Date(1702363623000)/",39300,700,1248026,49110525600,-200,true,-0.51
"PVS",134639,"/Date(1702363599000)/",39300,100,1247326,49083015600,-200,true,-0.51
"PVS",134556,"/Date(1702363556000)/",39300,1000,1247226,49079085600,-200,true,-0.51
"PVS",134550,"/Date(1702363550000)/",39300,300,1246226,49039785600,-200,true,-0.51
"PVS",134524,"/Date(1702363524000)/",39300,5000,1245926,49027995600,-200,true,-0.51
"PVS",134457,"/Date(1702363497000)/",39300,1000,1240926,48831495600,-200,true,-0.51
"PVS",134450,"/Date(1702363490000)/",39300,25,1239926,48792195600,-200,true,-0.51
"PVS",134319,"/Date(1702363399000)/",39300,2300,1239901,48791215600,-200,true,-0.51
"PVS",134318,"/Date(1702363398000)/",39300,100,1237601,48700825600,-200,true,-0.51
"PVS",134300,"/Date(1702363380000)/",39300,1300,1237501,48696895600,-200,true,-0.51
"PVS",134209,"/Date(1702363329000)/",39300,20000,1236201,48645805600,-200,true,-0.51
"PVS",134139,"/Date(1702363299000)/",39400,50,1216201,47859805600,-100,false,-0.25
"PVS",134118,"/Date(1702363278000)/",39400,2000,1216151,47857840600,-100,false,-0.25
"PVS",134024,"/Date(1702363225000)/",39300,3000,1214151,47779040600,-200,true,-0.51
"PVS",134021,"/Date(1702363222000)/",39300,5000,1211151,47661140600,-200,true,-0.51
"PVS",134013,"/Date(1702363213000)/",39300,1500,1206151,47464640600,-200,true,-0.51
"PVS",133958,"/Date(1702363199000)/",39300,1000,1204651,47405690600,-200,true,-0.51
"PVS",133926,"/Date(1702363166000)/",39300,1500,1203651,47366390600,-200,true,-0.51
"PVS",133822,"/Date(1702363103000)/",39400,8100,1202151,47307440600,-100,true,-0.25
"PVS",133819,"/Date(1702363100000)/",39400,2500,1194051,46988300600,-100,true,-0.25
"PVS",133814,"/Date(1702363095000)/",39400,1000,1191551,46889800600,-100,true,-0.25
"PVS",133813,"/Date(1702363094000)/",39400,8000,1190551,46850400600,-100,true,-0.25
"PVS",133803,"/Date(1702363083000)/",39400,1000,1182551,46535200600,-100,true,-0.25
"PVS",133749,"/Date(1702363068000)/",39400,3000,1181551,46495800600,-100,true,-0.25
"PVS",133712,"/Date(1702363032000)/",39400,5000,1178551,46377600600,-100,true,-0.25
"PVS",133708,"/Date(1702363028000)/",39500,200,1173551,46180600600,0,false,0
"PVS",133647,"/Date(1702363007000)/",39400,2000,1173351,46172700600,-100,true,-0.25
"PVS",133538,"/Date(1702362938000)/",39400,500,1171351,46093900600,-100,true,-0.25
"PVS",133516,"/Date(1702362916000)/",39400,100,1170851,46074200600,-100,true,-0.25
"PVS",133506,"/Date(1702362906000)/",39400,200,1170751,46070260600,-100,true,-0.25
"PVS",133429,"/Date(1702362869000)/",39400,200,1170551,46062380600,-100,true,-0.25
"PVS",133410,"/Date(1702362850000)/",39500,38,1170351,46054500600,0,false,0
"PVS",133306,"/Date(1702362786000)/",39500,1900,1170313,46052999600,0,false,0
"PVS",133235,"/Date(1702362755000)/",39400,5000,1168413,45977949600,-100,true,-0.25
"PVS",133234,"/Date(1702362754000)/",39400,200,1163413,45780949600,-100,true,-0.25
"PVS",133200,"/Date(1702362720000)/",39400,100,1163213,45773069600,-100,true,-0.25
"PVS",133017,"/Date(1702362617000)/",39400,6400,1163113,45769129600,-100,true,-0.25
"PVS",132941,"/Date(1702362581000)/",39400,200,1156713,45516969600,-100,true,-0.25
"PVS",132837,"/Date(1702362517000)/",39400,5100,1156513,45509089600,-100,true,-0.25
"PVS",132823,"/Date(1702362503000)/",39400,100,1151413,45308149600,-100,true,-0.25
"PVS",132757,"/Date(1702362477000)/",39400,2000,1151313,45304209600,-100,true,-0.25
"PVS",132748,"/Date(1702362468000)/",39400,2000,1149313,45225409600,-100,true,-0.25
"PVS",132730,"/Date(1702362450000)/",39400,2000,1147313,45146609600,-100,true,-0.25
"PVS",132713,"/Date(1702362433000)/",39400,3200,1145313,45067809600,-100,true,-0.25
"PVS",132711,"/Date(1702362431000)/",39400,500,1142113,44941729600,-100,true,-0.25
"PVS",132707,"/Date(1702362427000)/",39400,2000,1141613,44922029600,-100,true,-0.25
"PVS",132643,"/Date(1702362403000)/",39400,50,1139613,44843229600,-100,true,-0.25
"PVS",132634,"/Date(1702362394000)/",39400,500,1139563,44841256500,-100,true,-0.25
"PVS",132611,"/Date(1702362371000)/",39400,5000,1139063,44821556500,-100,true,-0.25
"PVS",132515,"/Date(1702362315000)/",39400,500,1134063,44624556500,-100,true,-0.25
"PVS",132415,"/Date(1702362255000)/",39400,500,1133563,44604856500,-100,true,-0.25
"PVS",132401,"/Date(1702362241000)/",39400,500,1133063,44585156500,-100,false,-0.25
"PVS",132355,"/Date(1702362235000)/",39400,1300,1132563,44565456500,-100,false,-0.25
"PVS",132251,"/Date(1702362171000)/",39400,1000,1131263,44514236500,-100,false,-0.25
"PVS",132238,"/Date(1702362158000)/",39400,1000,1130263,44474836500,-100,false,-0.25
"PVS",132228,"/Date(1702362148000)/",39400,1000,1129263,44435436500,-100,false,-0.25
"PVS",132216,"/Date(1702362136000)/",39400,30000,1128263,44396036500,-100,false,-0.25
"PVS",132157,"/Date(1702362117000)/",39300,20000,1098263,43214036500,-200,true,-0.51
"PVS",132053,"/Date(1702362053000)/",39300,500,1078263,42428036500,-200,true,-0.51
"PVS",132051,"/Date(1702362051000)/",39300,200,1077763,42408386500,-200,true,-0.51
"PVS",132014,"/Date(1702362014000)/",39400,100,1077563,42400526500,-100,false,-0.25
"PVS",132004,"/Date(1702362004000)/",39400,200,1077463,42396586500,-100,false,-0.25
"PVS",131956,"/Date(1702361996000)/",39400,18,1077263,42388706500,-100,false,-0.25
"PVS",131955,"/Date(1702361995000)/",39400,200,1077245,42387999100,-100,false,-0.25
"PVS",131941,"/Date(1702361981000)/",39400,5000,1077045,42380119100,-100,false,-0.25
"PVS",131934,"/Date(1702361974000)/",39300,2500,1072045,42183119100,-200,true,-0.51
"PVS",131931,"/Date(1702361971000)/",39400,10000,1069545,42084869100,-100,false,-0.25
"PVS",131919,"/Date(1702361959000)/",39300,1000,1059545,41690869100,-200,true,-0.51
"PVS",131845,"/Date(1702361925000)/",39400,20000,1058545,41651569100,-100,false,-0.25
"PVS",131828,"/Date(1702361908000)/",39300,100,1038545,40863569100,-200,true,-0.51
"PVS",131731,"/Date(1702361851000)/",39300,500,1038445,40859639100,-200,true,-0.51
"PVS",131647,"/Date(1702361807000)/",39300,100,1037945,40839989100,-200,true,-0.51
"PVS",131643,"/Date(1702361803000)/",39300,3675,1037845,40836059100,-200,true,-0.51
"PVS",131552,"/Date(1702361752000)/",39300,2000,1034170,40691654100,-200,true,-0.51
"PVS",131329,"/Date(1702361609000)/",39300,6600,1032170,40613054100,-200,true,-0.51
"PVS",131301,"/Date(1702361581000)/",39400,200,1025570,40353674100,-100,false,-0.25
"PVS",131208,"/Date(1702361528000)/",39300,47,1025370,40345794100,-200,true,-0.51
"PVS",131204,"/Date(1702361524000)/",39300,200,1025323,40343940900,-200,true,-0.51
"PVS",131100,"/Date(1702361460000)/",39300,500,1025123,40336080900,-200,true,-0.51
"PVS",131058,"/Date(1702361458000)/",39300,500,1024623,40316430900,-200,true,-0.51
"PVS",131053,"/Date(1702361453000)/",39300,1600,1024123,40296780900,-200,false,-0.51
"PVS",131026,"/Date(1702361426000)/",39300,400,1022523,40233900900,-200,false,-0.51
"PVS",130919,"/Date(1702361359000)/",39300,100,1022123,40218180900,-200,false,-0.51
"PVS",130847,"/Date(1702361327000)/",39300,100,1022023,40214250900,-200,false,-0.51
"PVS",130826,"/Date(1702361306000)/",39300,200,1021923,40210320900,-200,false,-0.51
"PVS",130825,"/Date(1702361305000)/",39300,600,1021723,40202460900,-200,false,-0.51
"PVS",130803,"/Date(1702361283000)/",39300,100,1021123,40178880900,-200,true,-0.51
"PVS",130726,"/Date(1702361246000)/",39300,100,1021023,40174950900,-200,false,-0.51
"PVS",130650,"/Date(1702361210000)/",39300,200,1020923,40171020900,-200,true,-0.51
"PVS",130641,"/Date(1702361201000)/",39300,1000,1020723,40163160900,-200,true,-0.51
"PVS",130624,"/Date(1702361184000)/",39300,500,1019723,40123860900,-200,true,-0.51
"PVS",130619,"/Date(1702361179000)/",39300,2000,1019223,40104210900,-200,true,-0.51
"PVS",130604,"/Date(1702361164000)/",39300,800,1017223,40025610900,-200,true,-0.51
"PVS",130558,"/Date(1702361158000)/",39300,500,1016423,39994170900,-200,true,-0.51
"PVS",130502,"/Date(1702361102000)/",39300,200,1015923,39974520900,-200,true,-0.51
"PVS",130449,"/Date(1702361089000)/",39300,400,1015723,39966660900,-200,true,-0.51
"PVS",130416,"/Date(1702361056000)/",39300,3000,1015323,39950940900,-200,true,-0.51
"PVS",130408,"/Date(1702361048000)/",39300,100,1012323,39833040900,-200,true,-0.51
"PVS",130356,"/Date(1702361036000)/",39300,1000,1012223,39829110900,-200,true,-0.51
"PVS",130325,"/Date(1702361005000)/",39300,100,1011223,39789810900,-200,true,-0.51
"PVS",130240,"/Date(1702360960000)/",39300,500,1011123,39785880900,-200,true,-0.51
"PVS",130229,"/Date(1702360949000)/",39300,500,1010623,39766230900,-200,true,-0.51
"PVS",130153,"/Date(1702360913000)/",39300,100,1010123,39746580900,-200,true,-0.51
"PVS",130031,"/Date(1702360831000)/",39300,4500,1010023,39742650900,-200,true,-0.51
"PVS",130020,"/Date(1702360806000)/",39300,1000,1005523,39565800900,-200,true,-0.51
"PVS",130018,"/Date(1702360805000)/",39300,1200,1004523,39526500900,-200,true,-0.51
"PVS",130016,"/Date(1702360804000)/",39400,200,1003323,39479340900,-100,false,-0.25
"PVS",130011,"/Date(1702360803000)/",39400,11400,1003123,39471460900,-100,false,-0.25
"PVS",130008,"/Date(1702360802000)/",39400,100,991723,39023200900,-100,false,-0.25
"PVS",112955,"/Date(1702355394000)/",39400,100,991623,39019260900,-100,false,-0.25
"PVS",112934,"/Date(1702355373000)/",39300,2000,991523,39015320900,-200,true,-0.51
"PVS",112823,"/Date(1702355303000)/",39300,300,989523,38936720900,-200,true,-0.51
"PVS",112754,"/Date(1702355273000)/",39300,2,989223,38924930900,-200,true,-0.51
"PVS",112747,"/Date(1702355266000)/",39300,400,989221,38924852500,-200,true,-0.51
"PVS",112656,"/Date(1702355216000)/",39300,10,988821,38909132500,-200,true,-0.51
"PVS",112558,"/Date(1702355158000)/",39300,2000,988811,38908740500,-200,true,-0.51
"PVS",112426,"/Date(1702355066000)/",39300,8000,986811,38830140500,-200,true,-0.51
"PVS",112407,"/Date(1702355047000)/",39300,1300,978811,38515740500,-200,true,-0.51
"PVS",112406,"/Date(1702355046000)/",39400,100,977511,38464650500,-100,false,-0.25
"PVS",112336,"/Date(1702355016000)/",39300,3000,977411,38460710500,-200,true,-0.51
"PVS",112311,"/Date(1702354991000)/",39300,2400,974411,38342810500,-200,false,-0.51
"PVS",112208,"/Date(1702354928000)/",39300,5900,972011,38248490500,-200,false,-0.51
"PVS",112147,"/Date(1702354907000)/",39300,100,966111,38016620500,-200,false,-0.51
"PVS",112108,"/Date(1702354868000)/",39300,100,966011,38012690500,-200,false,-0.51
"PVS",111950,"/Date(1702354790000)/",39200,60,965911,38008760500,-300,true,-0.76
"PVS",111841,"/Date(1702354721000)/",39200,400,965851,38006405500,-300,true,-0.76
"PVS",111641,"/Date(1702354601000)/",39200,900,965451,37990725500,-300,true,-0.76
"PVS",111514,"/Date(1702354514000)/",39200,3000,964551,37955445500,-300,true,-0.76
"PVS",111453,"/Date(1702354493000)/",39300,200,961551,37837845500,-200,false,-0.51
"PVS",111436,"/Date(1702354476000)/",39200,1000,961351,37829985500,-300,true,-0.76
"PVS",111432,"/Date(1702354472000)/",39200,10000,960351,37790785500,-300,true,-0.76
"PVS",111312,"/Date(1702354392000)/",39200,500,950351,37398785500,-300,true,-0.76
"PVS",111242,"/Date(1702354362000)/",39200,100,949851,37379185500,-300,true,-0.76
"PVS",111158,"/Date(1702354318000)/",39200,49600,949751,37375265500,-300,true,-0.76
"PVS",111103,"/Date(1702354263000)/",39200,2000,900151,35430945500,-300,true,-0.76
"PVS",111013,"/Date(1702354213000)/",39200,400,898151,35352545500,-300,true,-0.76
"PVS",110805,"/Date(1702354085000)/",39200,6000,897751,35336865500,-300,true,-0.76
"PVS",110703,"/Date(1702354023000)/",39300,500,891751,35101665500,-200,true,-0.51
"PVS",110658,"/Date(1702354018000)/",39300,56000,891251,35082015500,-200,true,-0.51
"PVS",110607,"/Date(1702353967000)/",39300,300,835251,32881215500,-200,true,-0.51
"PVS",110551,"/Date(1702353951000)/",39300,1000,834951,32869425500,-200,true,-0.51
"PVS",110547,"/Date(1702353947000)/",39300,6300,833951,32830125500,-200,true,-0.51
"PVS",110533,"/Date(1702353933000)/",39300,10000,827651,32582535500,-200,true,-0.51
"PVS",110526,"/Date(1702353926000)/",39300,3000,817651,32189535500,-200,true,-0.51
"PVS",110457,"/Date(1702353897000)/",39300,8000,814651,32071635500,-200,true,-0.51
"PVS",110454,"/Date(1702353894000)/",39300,600,806651,31757235500,-200,true,-0.51
"PVS",110433,"/Date(1702353873000)/",39300,4000,806051,31733655500,-200,true,-0.51
"PVS",110345,"/Date(1702353825000)/",39300,700,802051,31576455500,-200,true,-0.51
"PVS",110328,"/Date(1702353807000)/",39300,6700,801351,31548945500,-200,true,-0.51
"PVS",110209,"/Date(1702353729000)/",39300,100,794651,31285635500,-200,true,-0.51
"PVS",110135,"/Date(1702353694000)/",39300,100,794551,31281705500,-200,true,-0.51
"PVS",110032,"/Date(1702353631000)/",39300,10000,794451,31277775500,-200,true,-0.51
"PVS",105745,"/Date(1702353464000)/",39400,2300,784451,30884775500,-100,false,-0.25
"PVS",105610,"/Date(1702353369000)/",39300,500,782151,30794155500,-200,true,-0.51
"PVS",105542,"/Date(1702353341000)/",39300,1000,781651,30774505500,-200,true,-0.51
"PVS",105448,"/Date(1702353287000)/",39300,300,780651,30735205500,-200,true,-0.51
"PVS",105340,"/Date(1702353220000)/",39400,100,780351,30723415500,-100,false,-0.25
"PVS",105312,"/Date(1702353192000)/",39400,200,780251,30719475500,-100,false,-0.25
"PVS",105257,"/Date(1702353177000)/",39400,800,780051,30711595500,-100,false,-0.25
"PVS",105225,"/Date(1702353145000)/",39400,2500,779251,30680075500,-100,true,-0.25
"PVS",105209,"/Date(1702353129000)/",39400,200,776751,30581575500,-100,true,-0.25
"PVS",105205,"/Date(1702353125000)/",39400,200,776551,30573695500,-100,true,-0.25
"PVS",105202,"/Date(1702353122000)/",39400,11,776351,30565815500,-100,true,-0.25
"PVS",105147,"/Date(1702353107000)/",39400,100,776340,30565381000,-100,true,-0.25
"PVS",105140,"/Date(1702353100000)/",39400,5000,776240,30561441000,-100,true,-0.25
"PVS",105139,"/Date(1702353099000)/",39400,500,771240,30364441000,-100,true,-0.25
"PVS",105124,"/Date(1702353084000)/",39400,2000,770740,30344741000,-100,true,-0.25
"PVS",105121,"/Date(1702353080000)/",39400,530,768740,30265941000,-100,true,-0.25
"PVS",105103,"/Date(1702353063000)/",39400,2000,768210,30245056000,-100,true,-0.25
"PVS",104933,"/Date(1702352973000)/",39400,1200,766210,30166256000,-100,true,-0.25
"PVS",104925,"/Date(1702352965000)/",39400,1000,765010,30118976000,-100,true,-0.25
"PVS",104923,"/Date(1702352963000)/",39400,700,764010,30079576000,-100,true,-0.25
"PVS",104917,"/Date(1702352957000)/",39400,100,763310,30051996000,-100,true,-0.25
"PVS",104853,"/Date(1702352933000)/",39400,10000,763210,30048056000,-100,true,-0.25
"PVS",104848,"/Date(1702352928000)/",39400,500,753210,29654056000,-100,true,-0.25
"PVS",104836,"/Date(1702352916000)/",39400,2000,752710,29634356000,-100,true,-0.25
"PVS",104835,"/Date(1702352915000)/",39400,5000,750710,29555556000,-100,true,-0.25
"PVS",104811,"/Date(1702352891000)/",39400,500,745710,29358556000,-100,true,-0.25
"PVS",104708,"/Date(1702352828000)/",39400,500,745210,29338856000,-100,true,-0.25
"PVS",104655,"/Date(1702352815000)/",39400,20600,744710,29319156000,-100,false,-0.25
"PVS",104653,"/Date(1702352813000)/",39300,500,724110,28507526000,-200,true,-0.51
"PVS",104620,"/Date(1702352780000)/",39300,600,723610,28487876000,-200,true,-0.51
"PVS",104548,"/Date(1702352748000)/",39300,2400,723010,28464296000,-200,true,-0.51
"PVS",104544,"/Date(1702352744000)/",39300,500,720610,28369976000,-200,true,-0.51
"PVS",104430,"/Date(1702352670000)/",39400,1500,720110,28350326000,-100,false,-0.25
"PVS",104255,"/Date(1702352575000)/",39400,100,718610,28291226000,-100,false,-0.25
"PVS",104214,"/Date(1702352534000)/",39400,100,718510,28287286000,-100,false,-0.25
"PVS",104135,"/Date(1702352495000)/",39400,2300,718410,28283346000,-100,true,-0.25
"PVS",104046,"/Date(1702352446000)/",39400,400,716110,28192726000,-100,false,-0.25
"PVS",104002,"/Date(1702352402000)/",39400,200,715710,28176966000,-100,false,-0.25
"PVS",103958,"/Date(1702352398000)/",39400,2000,715510,28169086000,-100,false,-0.25
"PVS",103901,"/Date(1702352341000)/",39400,30000,713510,28090286000,-100,false,-0.25
"PVS",103854,"/Date(1702352334000)/",39300,200,683510,26908286000,-200,true,-0.51
"PVS",103849,"/Date(1702352329000)/",39300,13,683310,26900426000,-200,true,-0.51
"PVS",103645,"/Date(1702352205000)/",39300,47,683297,26899915100,-200,true,-0.51
"PVS",103623,"/Date(1702352183000)/",39300,1000,683250,26898063300,-200,true,-0.51
"PVS",103536,"/Date(1702352136000)/",39300,3000,682250,26858763300,-200,true,-0.51
"PVS",103516,"/Date(1702352116000)/",39300,100,679250,26740863300,-200,true,-0.51
"PVS",103408,"/Date(1702352048000)/",39300,2000,679150,26736933300,-200,true,-0.51
"PVS",103403,"/Date(1702352043000)/",39400,100,677150,26658333300,-100,false,-0.25
"PVS",103214,"/Date(1702351933000)/",39300,1000,677050,26654393300,-200,true,-0.51
"PVS",103116,"/Date(1702351875000)/",39300,600,676050,26615093300,-200,true,-0.51
"PVS",103053,"/Date(1702351852000)/",39300,1000,675450,26591513300,-200,true,-0.51
"PVS",103025,"/Date(1702351824000)/",39400,500,674450,26552213300,-100,false,-0.25
"PVS",102909,"/Date(1702351748000)/",39400,100,673950,26532513300,-100,false,-0.25
"PVS",102847,"/Date(1702351726000)/",39400,100,673850,26528573300,-100,false,-0.25
"PVS",102838,"/Date(1702351717000)/",39400,500,673750,26524633300,-100,false,-0.25
"PVS",102835,"/Date(1702351714000)/",39400,800,673250,26504933300,-100,false,-0.25
"PVS",102731,"/Date(1702351650000)/",39400,6,672450,26473413300,-100,false,-0.25
"PVS",102727,"/Date(1702351646000)/",39400,3000,672444,26473176900,-100,false,-0.25
"PVS",102605,"/Date(1702351564000)/",39300,400,669444,26354976900,-200,true,-0.51
"PVS",102548,"/Date(1702351547000)/",39400,100,669044,26339256900,-100,true,-0.25
"PVS",102544,"/Date(1702351543000)/",39400,200,668944,26335316900,-100,true,-0.25
"PVS",102536,"/Date(1702351535000)/",39400,250,668744,26327436900,-100,true,-0.25
"PVS",102523,"/Date(1702351523000)/",39400,200,668494,26317586900,-100,true,-0.25
"PVS",102522,"/Date(1702351522000)/",39400,200,668294,26309706900,-100,true,-0.25
"PVS",102520,"/Date(1702351519000)/",39400,9600,668094,26301826900,-100,true,-0.25
"PVS",102507,"/Date(1702351506000)/",39400,9200,658494,25923586900,-100,true,-0.25
"PVS",102449,"/Date(1702351489000)/",39400,600,649294,25561106900,-100,true,-0.25
"PVS",102428,"/Date(1702351468000)/",39400,200,648694,25537466900,-100,true,-0.25
"PVS",102427,"/Date(1702351466000)/",39500,1000,648494,25529586900,0,false,0
"PVS",102422,"/Date(1702351461000)/",39400,30000,647494,25490086900,-100,true,-0.25
"PVS",102353,"/Date(1702351432000)/",39400,100,617494,24308086900,-100,true,-0.25
"PVS",102254,"/Date(1702351374000)/",39400,200,617394,24304146900,-100,true,-0.25
"PVS",102150,"/Date(1702351310000)/",39500,100,617194,24296266900,0,false,0
"PVS",102147,"/Date(1702351307000)/",39400,5000,617094,24292316900,-100,true,-0.25
"PVS",101711,"/Date(1702351031000)/",39500,100,612094,24095316900,0,false,0
"PVS",101638,"/Date(1702350998000)/",39500,500,611994,24091366900,0,false,0
"PVS",101623,"/Date(1702350983000)/",39500,200,611494,24071616900,0,false,0
"PVS",101547,"/Date(1702350947000)/",39500,4100,611294,24063716900,0,true,0
"PVS",101544,"/Date(1702350944000)/",39500,1000,607194,23901766900,0,true,0
"PVS",101538,"/Date(1702350938000)/",39500,500,606194,23862266900,0,true,0
"PVS",101525,"/Date(1702350925000)/",39500,8000,605694,23842516900,0,true,0
"PVS",101511,"/Date(1702350911000)/",39500,2000,597694,23526516900,0,true,0
"PVS",101441,"/Date(1702350881000)/",39500,4400,595694,23447516900,0,false,0
"PVS",101344,"/Date(1702350824000)/",39500,300,591294,23273716900,0,true,0
"PVS",101337,"/Date(1702350817000)/",39500,2000,590994,23261866900,0,true,0
"PVS",101328,"/Date(1702350808000)/",39500,1000,588994,23182866900,0,true,0
"PVS",101322,"/Date(1702350802000)/",39500,500,587994,23143366900,0,true,0
"PVS",101313,"/Date(1702350793000)/",39500,1200,587494,23123616900,0,false,0
"PVS",101309,"/Date(1702350789000)/",39500,400,586294,23076216900,0,false,0
"PVS",101250,"/Date(1702350770000)/",39500,200,585894,23060416900,0,false,0
"PVS",101246,"/Date(1702350766000)/",39500,300,585694,23052516900,0,true,0
"PVS",101238,"/Date(1702350758000)/",39500,6500,585394,23040666900,0,true,0
"PVS",101227,"/Date(1702350747000)/",39500,1000,578894,22783916900,0,true,0
"PVS",101207,"/Date(1702350727000)/",39500,1000,577894,22744416900,0,true,0
"PVS",101203,"/Date(1702350723000)/",39500,100,576894,22704916900,0,true,0
"PVS",101117,"/Date(1702350677000)/",39500,1000,576794,22700966900,0,true,0
"PVS",101114,"/Date(1702350674000)/",39500,300,575794,22661466900,0,true,0
"PVS",101019,"/Date(1702350619000)/",39500,12200,575494,22649616900,0,false,0
"PVS",101011,"/Date(1702350611000)/",39500,100,563294,22167716900,0,false,0
"PVS",100954,"/Date(1702350594000)/",39500,100,563194,22163766900,0,false,0
"PVS",100936,"/Date(1702350576000)/",39500,100,563094,22159816900,0,false,0
"PVS",100921,"/Date(1702350561000)/",39500,200,562994,22155866900,0,false,0
"PVS",100857,"/Date(1702350537000)/",39500,19,562794,22147966900,0,false,0
"PVS",100723,"/Date(1702350443000)/",39500,500,562775,22147218300,0,false,0
"PVS",100713,"/Date(1702350433000)/",39500,100,562275,22127468300,0,false,0
"PVS",100659,"/Date(1702350419000)/",39500,100,562175,22123518300,0,false,0
"PVS",100632,"/Date(1702350392000)/",39500,100,562075,22119568300,0,false,0
"PVS",100617,"/Date(1702350376000)/",39500,23000,561975,22115618300,0,false,0
"PVS",100616,"/Date(1702350375000)/",39500,9,538975,21207118300,0,false,0
"PVS",100506,"/Date(1702350305000)/",39500,1000,538966,21206763700,0,false,0
"PVS",100438,"/Date(1702350277000)/",39500,1500,537966,21167263700,0,false,0
"PVS",100347,"/Date(1702350226000)/",39400,5000,536466,21108013700,-100,true,-0.25
"PVS",100235,"/Date(1702350154000)/",39400,900,531466,20911013700,-100,true,-0.25
"PVS",100226,"/Date(1702350145000)/",39400,35700,530566,20875553700,-100,true,-0.25
"PVS",100203,"/Date(1702350122000)/",39400,100,494866,19468973700,-100,false,-0.25
"PVS",100201,"/Date(1702350120000)/",39300,5100,494766,19465033700,-200,true,-0.51
"PVS",100108,"/Date(1702350067000)/",39300,200,489666,19264193700,-200,true,-0.51
"PVS",100040,"/Date(1702350040000)/",39300,500,489466,19256333700,-200,true,-0.51
"PVS",100013,"/Date(1702350013000)/",39300,200,488966,19236683700,-200,true,-0.51
"PVS",100012,"/Date(1702350012000)/",39300,900,488766,19228823700,-200,true,-0.51
"PVS",95916,"/Date(1702349956000)/",39300,1900,487866,19193453700,-200,true,-0.51
"PVS",95915,"/Date(1702349955000)/",39300,2000,485966,19118783700,-200,true,-0.51
"PVS",95836,"/Date(1702349915000)/",39300,6500,483966,19040183700,-200,true,-0.51
"PVS",95818,"/Date(1702349898000)/",39300,200,477466,18784733700,-200,true,-0.51
"PVS",95708,"/Date(1702349828000)/",39300,1000,477266,18776873700,-200,true,-0.51
"PVS",95615,"/Date(1702349775000)/",39300,10000,476266,18737573700,-200,true,-0.51
"PVS",95549,"/Date(1702349749000)/",39300,1000,466266,18344573700,-200,true,-0.51
"PVS",95513,"/Date(1702349713000)/",39400,1200,465266,18305273700,-100,false,-0.25
"PVS",95444,"/Date(1702349684000)/",39300,2500,464066,18257993700,-200,true,-0.51
"PVS",95443,"/Date(1702349683000)/",39300,3000,461566,18159743700,-200,true,-0.51
"PVS",95432,"/Date(1702349672000)/",39300,500,458566,18041843700,-200,true,-0.51
"PVS",95409,"/Date(1702349649000)/",39300,200,458066,18022193700,-200,true,-0.51
"PVS",95340,"/Date(1702349620000)/",39300,300,457866,18014333700,-200,true,-0.51
"PVS",95259,"/Date(1702349579000)/",39300,400,457566,18002543700,-200,true,-0.51
"PVS",95243,"/Date(1702349563000)/",39300,500,457166,17986823700,-200,true,-0.51
"PVS",95218,"/Date(1702349538000)/",39400,1400,456666,17967173700,-100,false,-0.25
"PVS",95216,"/Date(1702349536000)/",39400,700,455266,17912013700,-100,false,-0.25
"PVS",95212,"/Date(1702349532000)/",39400,200,454566,17884433700,-100,false,-0.25
"PVS",95206,"/Date(1702349526000)/",39400,500,454366,17876553700,-100,false,-0.25
"PVS",95204,"/Date(1702349524000)/",39400,500,453866,17856853700,-100,false,-0.25
"PVS",95159,"/Date(1702349519000)/",39400,200,453366,17837153700,-100,false,-0.25
"PVS",95153,"/Date(1702349513000)/",39400,1700,453166,17829273700,-100,false,-0.25
"PVS",95146,"/Date(1702349506000)/",39400,200,451466,17762293700,-100,false,-0.25
"PVS",95139,"/Date(1702349499000)/",39400,200,451266,17754413700,-100,false,-0.25
"PVS",95125,"/Date(1702349485000)/",39400,200,451066,17746533700,-100,false,-0.25
"PVS",95108,"/Date(1702349468000)/",39300,500,450866,17738653700,-200,true,-0.51
"PVS",95101,"/Date(1702349461000)/",39300,1000,450366,17719003700,-200,true,-0.51
"PVS",95045,"/Date(1702349445000)/",39300,1000,449366,17679703700,-200,true,-0.51
"PVS",95025,"/Date(1702349425000)/",39300,500,448366,17640403700,-200,true,-0.51
"PVS",95010,"/Date(1702349410000)/",39300,2000,447866,17620753700,-200,true,-0.51
"PVS",95008,"/Date(1702349408000)/",39300,100,445866,17542153700,-200,true,-0.51
"PVS",95005,"/Date(1702349405000)/",39300,200,445766,17538223700,-200,true,-0.51
"PVS",94959,"/Date(1702349399000)/",39300,1300,445566,17530363700,-200,true,-0.51
"PVS",94957,"/Date(1702349397000)/",39300,500,444266,17479273700,-200,true,-0.51
"PVS",94933,"/Date(1702349373000)/",39300,200,443766,17459623700,-200,true,-0.51
"PVS",94920,"/Date(1702349360000)/",39300,100,443566,17451763700,-200,true,-0.51
"PVS",94908,"/Date(1702349348000)/",39300,100,443466,17447833700,-200,true,-0.51
"PVS",94904,"/Date(1702349344000)/",39300,1000,443366,17443903700,-200,true,-0.51
"PVS",94843,"/Date(1702349323000)/",39300,1100,442366,17404603700,-200,true,-0.51
"PVS",94829,"/Date(1702349309000)/",39300,1000,441266,17361373700,-200,true,-0.51
"PVS",94802,"/Date(1702349282000)/",39300,300,440266,17322073700,-200,true,-0.51
"PVS",94723,"/Date(1702349243000)/",39300,200,439966,17310283700,-200,true,-0.51
"PVS",94712,"/Date(1702349232000)/",39300,2000,439766,17302423700,-200,true,-0.51
"PVS",94711,"/Date(1702349231000)/",39300,200,437766,17223823700,-200,true,-0.51
"PVS",94632,"/Date(1702349192000)/",39300,200,437566,17215963700,-200,true,-0.51
"PVS",94602,"/Date(1702349162000)/",39300,1000,437366,17208103700,-200,true,-0.51
"PVS",94601,"/Date(1702349161000)/",39300,100,436366,17168803700,-200,true,-0.51
"PVS",94551,"/Date(1702349151000)/",39300,400,436266,17164873700,-200,true,-0.51
"PVS",94524,"/Date(1702349124000)/",39300,600,435866,17149153700,-200,true,-0.51
"PVS",94454,"/Date(1702349094000)/",39300,200,435266,17125573700,-200,true,-0.51
"PVS",94444,"/Date(1702349084000)/",39300,500,435066,17117713700,-200,true,-0.51
"PVS",94419,"/Date(1702349058000)/",39300,6200,434566,17098063700,-200,true,-0.51
"PVS",94306,"/Date(1702348985000)/",39300,5000,428366,16854403700,-200,true,-0.51
"PVS",94246,"/Date(1702348965000)/",39300,1200,423366,16657903700,-200,true,-0.51
"PVS",94204,"/Date(1702348923000)/",39300,1000,422166,16610743700,-200,true,-0.51
"PVS",94136,"/Date(1702348895000)/",39300,4,421166,16571443700,-200,true,-0.51
"PVS",94037,"/Date(1702348836000)/",39300,100,421162,16571286500,-200,true,-0.51
"PVS",94024,"/Date(1702348823000)/",39300,5,421062,16567356500,-200,true,-0.51
"PVS",94011,"/Date(1702348810000)/",39300,100,421057,16567160000,-200,true,-0.51
"PVS",93933,"/Date(1702348773000)/",39300,100,420957,16563230000,-200,true,-0.51
"PVS",93848,"/Date(1702348728000)/",39300,3400,420857,16559300000,-200,false,-0.51
"PVS",93842,"/Date(1702348722000)/",39300,2000,417457,16425680000,-200,false,-0.51
"PVS",93813,"/Date(1702348693000)/",39300,200,415457,16347080000,-200,false,-0.51
"PVS",93812,"/Date(1702348692000)/",39300,15000,415257,16339220000,-200,false,-0.51
"PVS",93806,"/Date(1702348686000)/",39200,5000,400257,15749720000,-300,true,-0.76
"PVS",93739,"/Date(1702348659000)/",39200,400,395257,15553720000,-300,true,-0.76
"PVS",93727,"/Date(1702348647000)/",39200,1600,394857,15538040000,-300,true,-0.76
"PVS",93705,"/Date(1702348625000)/",39200,500,393257,15475320000,-300,true,-0.76
"PVS",93635,"/Date(1702348595000)/",39300,100,392757,15455720000,-200,false,-0.51
"PVS",93440,"/Date(1702348480000)/",39200,800,392657,15451790000,-300,true,-0.76
"PVS",93335,"/Date(1702348415000)/",39200,900,391857,15420430000,-300,true,-0.76
"PVS",93259,"/Date(1702348379000)/",39300,1000,390957,15385150000,-200,false,-0.51
"PVS",93243,"/Date(1702348363000)/",39300,100,389957,15345850000,-200,false,-0.51
"PVS",93216,"/Date(1702348336000)/",39300,2000,389857,15341920000,-200,true,-0.51
"PVS",93150,"/Date(1702348310000)/",39100,100,387857,15263320000,-400,true,-1.01
"PVS",93128,"/Date(1702348288000)/",39000,100000,387757,15259410000,-500,false,-1.27
"PVS",93056,"/Date(1702348256000)/",39300,1700,287757,11346830000,-200,false,-0.51
"PVS",93032,"/Date(1702348232000)/",39300,43300,286057,11280020000,-200,true,-0.51
"PVS",93029,"/Date(1702348229000)/",39400,3200,242757,9578330000,-100,false,-0.25
"PVS",93000,"/Date(1702348200000)/",39400,500,239557,9452470000,-100,true,-0.25
"PVS",92711,"/Date(1702348031000)/",39300,80000,239057,9432770000,-200,true,-0.51
"PVS",92708,"/Date(1702348028000)/",39500,1100,159057,6286180000,0,false,0
"PVS",92636,"/Date(1702347996000)/",39500,5000,157957,6242730000,0,false,0
"PVS",92618,"/Date(1702347978000)/",39400,12000,152957,6045230000,-100,true,-0.25
"PVS",92608,"/Date(1702347968000)/",39500,7500,140957,5572430000,0,false,0
"PVS",92531,"/Date(1702347931000)/",39400,10000,133457,5276180000,-100,true,-0.25
"PVS",92515,"/Date(1702347914000)/",39400,500,123457,4882180000,-100,true,-0.25
"PVS",92509,"/Date(1702347908000)/",39400,100,122957,4862480000,-100,true,-0.25
"PVS",92445,"/Date(1702347884000)/",39400,500,122857,4858540000,-100,true,-0.25
"PVS",92437,"/Date(1702347876000)/",39500,8000,122357,4838830000,0,true,0
"PVS",92421,"/Date(1702347860000)/",39500,200,114357,4522830000,0,true,0
"PVS",92357,"/Date(1702347836000)/",39500,500,114157,4514930000,0,true,0
"PVS",92341,"/Date(1702347820000)/",39500,300,113657,4495180000,0,false,0
"PVS",92338,"/Date(1702347817000)/",39500,5000,113357,4483330000,0,false,0
"PVS",92335,"/Date(1702347814000)/",39500,200,108357,4285830000,0,false,0
"PVS",92333,"/Date(1702347813000)/",39500,2000,108157,4277930000,0,false,0
"PVS",92326,"/Date(1702347805000)/",39500,900,106157,4198930000,0,false,0
"PVS",92308,"/Date(1702347787000)/",39500,200,105257,4163380000,0,false,0
"PVS",92255,"/Date(1702347775000)/",39500,900,105057,4155480000,0,false,0
"PVS",92241,"/Date(1702347760000)/",39400,100,104157,4119930000,-100,true,-0.25
"PVS",92213,"/Date(1702347733000)/",39400,100,104057,4115990000,-100,true,-0.25
"PVS",92201,"/Date(1702347720000)/",39400,1000,103957,4112050000,-100,true,-0.25
"PVS",92008,"/Date(1702347608000)/",39400,3,102957,4072650000,-100,true,-0.25
"PVS",91958,"/Date(1702347598000)/",39400,1300,102954,4072530000,-100,true,-0.25
"PVS",91909,"/Date(1702347549000)/",39500,5006,101654,4021310000,0,false,0
"PVS",91906,"/Date(1702347546000)/",39500,1100,96648,3823572500,0,true,0
"PVS",91903,"/Date(1702347543000)/",39500,1000,95548,3780122500,0,true,0
"PVS",91856,"/Date(1702347536000)/",39500,15,94548,3740622500,0,true,0
"PVS",91854,"/Date(1702347534000)/",39500,5000,94533,3740030000,0,true,0
"PVS",91852,"/Date(1702347532000)/",39500,1000,89533,3542530000,0,true,0
"PVS",91843,"/Date(1702347523000)/",39500,100,88533,3503030000,0,true,0
"PVS",91838,"/Date(1702347518000)/",39500,1000,88433,3499080000,0,true,0
"PVS",91834,"/Date(1702347514000)/",39500,3400,87433,3459580000,0,true,0
"PVS",91826,"/Date(1702347506000)/",39500,70,84033,3325280000,0,true,0
"PVS",91814,"/Date(1702347494000)/",39500,1000,83963,3322501000,0,true,0
"PVS",91805,"/Date(1702347485000)/",39600,300,82963,3283001000,100,false,0.25
"PVS",91640,"/Date(1702347400000)/",39600,100,82663,3271121000,100,false,0.25
"PVS",91618,"/Date(1702347378000)/",39600,100,82563,3267161000,100,false,0.25
"PVS",91616,"/Date(1702347376000)/",39600,100,82463,3263201000,100,false,0.25
"PVS",91547,"/Date(1702347347000)/",39600,100,82363,3259241000,100,false,0.25
"PVS",91503,"/Date(1702347303000)/",39600,600,82263,3255281000,100,false,0.25
"PVS",91449,"/Date(1702347289000)/",39600,1600,81663,3231521000,100,false,0.25
"PVS",91421,"/Date(1702347261000)/",39600,1000,80063,3168161000,100,true,0.25
"PVS",91418,"/Date(1702347258000)/",39600,100,79063,3128561000,100,true,0.25
"PVS",91349,"/Date(1702347229000)/",39600,1400,78963,3124601000,100,false,0.25
"PVS",91305,"/Date(1702347185000)/",39500,4000,77563,3069161000,0,true,0
"PVS",91220,"/Date(1702347140000)/",39500,100,73563,2911161000,0,true,0
"PVS",91151,"/Date(1702347111000)/",39500,2000,73463,2907211000,0,true,0
"PVS",91121,"/Date(1702347081000)/",39500,4000,71463,2828211000,0,true,0
"PVS",91110,"/Date(1702347070000)/",39600,800,67463,2670211000,100,false,0.25
"PVS",90907,"/Date(1702346947000)/",39500,3800,66663,2638531000,0,true,0
"PVS",90856,"/Date(1702346936000)/",39500,4000,62863,2488431000,0,true,0
"PVS",90843,"/Date(1702346923000)/",39500,500,58863,2330431000,0,true,0
"PVS",90826,"/Date(1702346906000)/",39500,10000,58363,2310681000,0,true,0
"PVS",90815,"/Date(1702346895000)/",39600,200,48363,1915271000,100,true,0.25
"PVS",90805,"/Date(1702346885000)/",39600,3000,48163,1907351000,100,true,0.25
"PVS",90752,"/Date(1702346872000)/",39600,100,45163,1788551000,100,true,0.25
"PVS",90745,"/Date(1702346865000)/",39600,100,45063,1784591000,100,true,0.25
"PVS",90733,"/Date(1702346853000)/",39600,3000,44963,1780631000,100,true,0.25
"PVS",90713,"/Date(1702346833000)/",39600,200,41963,1661831000,100,true,0.25
"PVS",90659,"/Date(1702346819000)/",39600,100,41763,1653911000,100,true,0.25
"PVS",90632,"/Date(1702346792000)/",39700,1300,41663,1649951000,200,false,0.51
"PVS",90525,"/Date(1702346725000)/",39700,2000,40363,1598341000,200,false,0.51
"PVS",90511,"/Date(1702346710000)/",39700,200,38363,1518941000,200,false,0.51
"PVS",90424,"/Date(1702346663000)/",39700,100,38163,1511001000,200,false,0.51
"PVS",90422,"/Date(1702346661000)/",39700,100,38063,1507031000,200,false,0.51
"PVS",90418,"/Date(1702346657000)/",39700,1100,37963,1503061000,200,false,0.51
"PVS",90413,"/Date(1702346652000)/",39700,1800,36863,1459391000,200,false,0.51
"PVS",90318,"/Date(1702346597000)/",39700,2800,35063,1387931000,200,false,0.51
"PVS",90254,"/Date(1702346573000)/",39700,100,32263,1276771000,200,false,0.51
"PVS",90245,"/Date(1702346564000)/",39700,3000,32163,1272801000,200,false,0.51
"PVS",90242,"/Date(1702346561000)/",39700,200,29163,1153701000,200,false,0.51
"PVS",90235,"/Date(1702346555000)/",39700,600,28963,1145761000,200,false,0.51
"PVS",90232,"/Date(1702346551000)/",39700,100,28363,1121941000,200,false,0.51
"PVS",90216,"/Date(1702346536000)/",39700,2100,28263,1117971000,200,false,0.51
"PVS",90147,"/Date(1702346507000)/",39700,1000,26163,1034601000,200,false,0.51
"PVS",90142,"/Date(1702346502000)/",39700,100,25163,994901000,200,false,0.51
"PVS",90139,"/Date(1702346497000)/",39700,1400,25063,990931000,200,false,0.51
"PVS",90139,"/Date(1702346496000)/",39700,3600,23663,935351000,200,false,0.51
"PVS",90130,"/Date(1702346463000)/",39700,100,20063,792431000,200,false,0.51
"PVS",90128,"/Date(1702346455000)/",39700,2300,19963,788461000,200,false,0.51
"PVS",90127,"/Date(1702346451000)/",39600,3000,17663,697151000,100,true,0.25
"PVS",90126,"/Date(1702346449000)/",39700,3000,14663,578351000,200,false,0.51
"PVS",90121,"/Date(1702346435000)/",39600,200,11663,459251000,100,true,0.25
"PVS",90120,"/Date(1702346434000)/",39600,31,11463,451331000,100,true,0.25
"PVS",90119,"/Date(1702346433000)/",39600,22,11432,450104000,100,true,0.25
"PVS",90118,"/Date(1702346431000)/",39600,2000,11410,449235000,100,true,0.25
"PVS",90103,"/Date(1702346419000)/",39600,100,9410,370035000,100,true,0.25
"PVS",90057,"/Date(1702346416000)/",39600,100,9310,366075000,100,true,0.25
"PVS",90047,"/Date(1702346411000)/",39600,1300,9210,362115000,100,true,0.25
"PVS",90043,"/Date(1702346410000)/",39600,200,7910,310535000,100,true,0.25
"PVS",90025,"/Date(1702346405000)/",39600,100,7710,302615000,100,true,0.25
"PVS",90019,"/Date(1702346404000)/",39600,1010,7610,298655000,100,true,0.25
"PVS",90014,"/Date(1702346403000)/",39600,3000,6600,258660000,100,true,0.25
"PVS",90007,"/Date(1702346401000)/",39500,3600,3600,139860000,0,false,0
