"Stockcode","Package","TradingDate","Price","Vol","TotalVol","TotalVal","Change","IsBuy","PerChange"
"VPB",144421,"/Date(1702367101000)/",19450,839600,6823800,131759000000,50,false,0.26
"VPB",142915,"/Date(1702366196000)/",19400,2200,5984200,115429000000,0,false,0
"VPB",142915,"/Date(1702366196000)/",19400,100,5982000,115386000000,0,false,0
"VPB",142915,"/Date(1702366196000)/",19400,20000,5981900,115384000000,0,false,0
"VPB",142915,"/Date(1702366196000)/",19400,200,5961900,114996000000,0,false,0
"VPB",142905,"/Date(1702366187000)/",19400,1800,5961700,114992000000,0,false,0
"VPB",142905,"/Date(1702366187000)/",19400,20700,5959900,114957000000,0,false,0
"VPB",142856,"/Date(1702366178000)/",19400,22500,5939200,114556000000,0,false,0
"VPB",142840,"/Date(1702366161000)/",19400,6800,5916700,114119000000,0,false,0
"VPB",142837,"/Date(1702366157000)/",19400,15700,5909900,113987000000,0,true,0
"VPB",142837,"/Date(1702366156000)/",19350,10000,5894200,113683000000,-50,true,-0.26
"VPB",142830,"/Date(1702366152000)/",19400,4300,5884200,113489000000,0,false,0
"VPB",142827,"/Date(1702366149000)/",19400,200,5879900,113406000000,0,false,0
"VPB",142827,"/Date(1702366149000)/",19400,300,5879700,113402000000,0,false,0
"VPB",142827,"/Date(1702366149000)/",19400,1900,5879400,113396000000,0,false,0
"VPB",142827,"/Date(1702366149000)/",19400,2000,5877500,113359000000,0,false,0
"VPB",142827,"/Date(1702366149000)/",19400,2000,5875500,113320000000,0,false,0
"VPB",142827,"/Date(1702366149000)/",19400,10000,5873500,113282000000,0,false,0
"VPB",142827,"/Date(1702366149000)/",19400,100,5863500,113088000000,0,false,0
"VPB",142827,"/Date(1702366149000)/",19400,300,5863400,113086000000,0,false,0
"VPB",142827,"/Date(1702366149000)/",19400,200,5863100,113080000000,0,false,0
"VPB",142827,"/Date(1702366149000)/",19400,1000,5862900,113076000000,0,false,0
"VPB",142827,"/Date(1702366149000)/",19400,200,5861900,113057000000,0,false,0
"VPB",142817,"/Date(1702366139000)/",19400,1000,5861700,113053000000,0,false,0
"VPB",142817,"/Date(1702366139000)/",19400,500,5860700,113033000000,0,false,0
"VPB",142817,"/Date(1702366139000)/",19400,100,5860200,113024000000,0,false,0
"VPB",142817,"/Date(1702366139000)/",19400,200,5860100,113022000000,0,false,0
"VPB",142817,"/Date(1702366139000)/",19400,5000,5859900,113018000000,0,false,0
"VPB",142817,"/Date(1702366139000)/",19400,1000,5854900,112921000000,0,false,0
"VPB",142817,"/Date(1702366139000)/",19400,200,5853900,112901000000,0,false,0
"VPB",142817,"/Date(1702366139000)/",19400,800,5853700,112898000000,0,false,0
"VPB",142817,"/Date(1702366139000)/",19400,100,5852900,112882000000,0,false,0
"VPB",142817,"/Date(1702366139000)/",19400,3000,5852800,112880000000,0,false,0
"VPB",142817,"/Date(1702366139000)/",19400,200,5849800,112822000000,0,false,0
"VPB",142817,"/Date(1702366139000)/",19400,2400,5849600,112818000000,0,false,0
"VPB",142817,"/Date(1702366139000)/",19400,1000,5847200,112771000000,0,false,0
"VPB",142817,"/Date(1702366139000)/",19400,1000,5846200,112752000000,0,false,0
"VPB",142817,"/Date(1702366139000)/",19400,1300,5845200,112733000000,0,false,0
"VPB",142817,"/Date(1702366139000)/",19400,300,5843900,112707000000,0,false,0
"VPB",142817,"/Date(1702366139000)/",19400,2000,5843600,112702000000,0,false,0
"VPB",142817,"/Date(1702366139000)/",19400,700,5841600,112663000000,0,false,0
"VPB",142817,"/Date(1702366139000)/",19400,100,5840900,112649000000,0,false,0
"VPB",142817,"/Date(1702366139000)/",19400,1600,5840800,112647000000,0,false,0
"VPB",142817,"/Date(1702366138000)/",19400,900,5839200,112616000000,0,false,0
"VPB",142817,"/Date(1702366138000)/",19400,200,5838300,112599000000,0,false,0
"VPB",142814,"/Date(1702366136000)/",19400,800,5838100,112595000000,0,false,0
"VPB",142814,"/Date(1702366136000)/",19400,1000,5837300,112579000000,0,false,0
"VPB",142814,"/Date(1702366136000)/",19400,200,5836300,112560000000,0,false,0
"VPB",142808,"/Date(1702366129000)/",19400,2800,5836100,112556000000,0,false,0
"VPB",142808,"/Date(1702366129000)/",19400,1000,5833300,112502000000,0,false,0
"VPB",142808,"/Date(1702366129000)/",19400,300,5832300,112482000000,0,false,0
"VPB",142808,"/Date(1702366129000)/",19400,10900,5832000,112477000000,0,false,0
"VPB",142801,"/Date(1702366124000)/",19400,100,5821100,112265000000,0,false,0
"VPB",142755,"/Date(1702366116000)/",19400,300,5821000,112263000000,0,false,0
"VPB",142755,"/Date(1702366116000)/",19400,15000,5820700,112257000000,0,false,0
"VPB",142745,"/Date(1702366105000)/",19400,15000,5805700,111966000000,0,false,0
"VPB",142736,"/Date(1702366098000)/",19400,8700,5790700,111675000000,0,false,0
"VPB",142736,"/Date(1702366098000)/",19400,500,5782000,111507000000,0,false,0
"VPB",142736,"/Date(1702366098000)/",19400,1500,5781500,111497000000,0,false,0
"VPB",142736,"/Date(1702366098000)/",19400,100,5780000,111468000000,0,false,0
"VPB",142736,"/Date(1702366098000)/",19400,2500,5779900,111466000000,0,false,0
"VPB",142736,"/Date(1702366098000)/",19400,1700,5777400,111417000000,0,false,0
"VPB",142729,"/Date(1702366091000)/",19350,1000,5775700,111384000000,-50,true,-0.26
"VPB",142729,"/Date(1702366090000)/",19400,10000,5774700,111365000000,0,false,0
"VPB",142729,"/Date(1702366090000)/",19400,300,5764700,111171000000,0,false,0
"VPB",142729,"/Date(1702366090000)/",19400,4700,5764400,111165000000,0,false,0
"VPB",142720,"/Date(1702366080000)/",19350,2300,5759700,111074000000,-50,false,-0.26
"VPB",142720,"/Date(1702366080000)/",19350,700,5757400,111029000000,-50,false,-0.26
"VPB",142716,"/Date(1702366077000)/",19250,200,5756700,111016000000,-150,true,-0.77
"VPB",142716,"/Date(1702366076000)/",19250,1100,5756500,111012000000,-150,true,-0.77
"VPB",142716,"/Date(1702366076000)/",19300,1100,5755400,110991000000,-100,true,-0.52
"VPB",142713,"/Date(1702366074000)/",19250,200,5754300,110970000000,-150,true,-0.77
"VPB",142713,"/Date(1702366073000)/",19250,1400,5754100,110966000000,-150,true,-0.77
"VPB",142713,"/Date(1702366073000)/",19300,800,5752700,110939000000,-100,true,-0.52
"VPB",142710,"/Date(1702366070000)/",19250,200,5751900,110923000000,-150,true,-0.77
"VPB",142710,"/Date(1702366069000)/",19250,400,5751700,110920000000,-150,true,-0.77
"VPB",142710,"/Date(1702366069000)/",19250,100,5751300,110912000000,-150,true,-0.77
"VPB",142710,"/Date(1702366069000)/",19250,100,5751200,110910000000,-150,true,-0.77
"VPB",142710,"/Date(1702366069000)/",19250,600,5751100,110908000000,-150,true,-0.77
"VPB",142710,"/Date(1702366069000)/",19250,1000,5750500,110896000000,-150,true,-0.77
"VPB",142707,"/Date(1702366068000)/",19250,100,5749500,110877000000,-150,true,-0.77
"VPB",142707,"/Date(1702366067000)/",19250,1800,5749400,110875000000,-150,true,-0.77
"VPB",142707,"/Date(1702366066000)/",19400,15000,5747600,110841000000,0,false,0
"VPB",142707,"/Date(1702366066000)/",19250,2200,5732600,110550000000,-150,true,-0.77
"VPB",142703,"/Date(1702366063000)/",19250,200,5730400,110507000000,-150,true,-0.77
"VPB",142700,"/Date(1702366062000)/",19250,700,5730200,110503000000,-150,true,-0.77
"VPB",142700,"/Date(1702366062000)/",19250,1000,5729500,110490000000,-150,true,-0.77
"VPB",142700,"/Date(1702366062000)/",19250,300,5728500,110471000000,-150,true,-0.77
"VPB",142700,"/Date(1702366062000)/",19250,200,5728200,110465000000,-150,true,-0.77
"VPB",142700,"/Date(1702366060000)/",19250,200,5728000,110461000000,-150,true,-0.77
"VPB",142657,"/Date(1702366059000)/",19250,2300,5727800,110457000000,-150,true,-0.77
"VPB",142657,"/Date(1702366059000)/",19250,100,5725500,110413000000,-150,true,-0.77
"VPB",142657,"/Date(1702366058000)/",19250,1600,5725400,110411000000,-150,true,-0.77
"VPB",142657,"/Date(1702366057000)/",19400,10300,5723800,110380000000,0,false,0
"VPB",142657,"/Date(1702366057000)/",19400,200,5713500,110180000000,0,false,0
"VPB",142657,"/Date(1702366057000)/",19400,700,5713300,110177000000,0,false,0
"VPB",142657,"/Date(1702366057000)/",19400,100,5712600,110163000000,0,false,0
"VPB",142657,"/Date(1702366057000)/",19400,200,5712500,110161000000,0,false,0
"VPB",142657,"/Date(1702366057000)/",19400,3500,5712300,110157000000,0,false,0
"VPB",142657,"/Date(1702366057000)/",19250,400,5708800,110089000000,-150,true,-0.77
"VPB",142654,"/Date(1702366056000)/",19250,200,5708400,110082000000,-150,true,-0.77
"VPB",142654,"/Date(1702366056000)/",19250,200,5708200,110078000000,-150,true,-0.77
"VPB",142654,"/Date(1702366056000)/",19250,300,5708000,110074000000,-150,true,-0.77
"VPB",142654,"/Date(1702366056000)/",19250,1000,5707700,110068000000,-150,true,-0.77
"VPB",142654,"/Date(1702366056000)/",19250,900,5706700,110049000000,-150,true,-0.77
"VPB",142654,"/Date(1702366056000)/",19250,1000,5705800,110031000000,-150,true,-0.77
"VPB",142654,"/Date(1702366056000)/",19250,200,5704800,110012000000,-150,true,-0.77
"VPB",142654,"/Date(1702366056000)/",19250,100,5704600,110008000000,-150,true,-0.77
"VPB",142654,"/Date(1702366055000)/",19250,600,5704500,110006000000,-150,true,-0.77
"VPB",142654,"/Date(1702366055000)/",19300,900,5703900,109995000000,-100,true,-0.52
"VPB",142654,"/Date(1702366055000)/",19300,100,5703000,109978000000,-100,true,-0.52
"VPB",142654,"/Date(1702366055000)/",19300,100,5702900,109976000000,-100,true,-0.52
"VPB",142654,"/Date(1702366055000)/",19300,500,5702800,109974000000,-100,true,-0.52
"VPB",142651,"/Date(1702366053000)/",19300,200,5702300,109964000000,-100,true,-0.52
"VPB",142651,"/Date(1702366052000)/",19300,2300,5702100,109960000000,-100,true,-0.52
"VPB",142647,"/Date(1702366049000)/",19300,300,5699800,109916000000,-100,true,-0.52
"VPB",142647,"/Date(1702366048000)/",19300,2200,5699500,109910000000,-100,true,-0.52
"VPB",142647,"/Date(1702366048000)/",19300,800,5697300,109868000000,-100,true,-0.52
"VPB",142647,"/Date(1702366047000)/",19400,7500,5696500,109852000000,0,false,0
"VPB",142644,"/Date(1702366046000)/",19300,200,5689000,109707000000,-100,true,-0.52
"VPB",142644,"/Date(1702366045000)/",19300,1800,5688800,109703000000,-100,true,-0.52
"VPB",142644,"/Date(1702366045000)/",19300,400,5687000,109668000000,-100,true,-0.52
"VPB",142641,"/Date(1702366042000)/",19300,200,5686600,109660000000,-100,true,-0.52
"VPB",142641,"/Date(1702366041000)/",19300,400,5686400,109656000000,-100,true,-0.52
"VPB",142641,"/Date(1702366041000)/",19300,500,5686000,109649000000,-100,true,-0.52
"VPB",142641,"/Date(1702366041000)/",19300,1000,5685500,109639000000,-100,true,-0.52
"VPB",142641,"/Date(1702366041000)/",19300,400,5684500,109620000000,-100,true,-0.52
"VPB",142638,"/Date(1702366040000)/",19300,800,5684100,109612000000,-100,true,-0.52
"VPB",142638,"/Date(1702366039000)/",19400,7500,5683300,109597000000,0,false,0
"VPB",142638,"/Date(1702366038000)/",19300,200,5675800,109451000000,-100,true,-0.52
"VPB",142638,"/Date(1702366037000)/",19300,2200,5675600,109447000000,-100,true,-0.52
"VPB",142635,"/Date(1702366035000)/",19300,200,5673400,109405000000,-100,true,-0.52
"VPB",142635,"/Date(1702366034000)/",19300,2200,5673200,109401000000,-100,true,-0.52
"VPB",142631,"/Date(1702366033000)/",19300,300,5671000,109358000000,-100,true,-0.52
"VPB",142631,"/Date(1702366032000)/",19300,3100,5670700,109353000000,-100,true,-0.52
"VPB",142631,"/Date(1702366031000)/",19300,300,5667600,109293000000,-100,true,-0.52
"VPB",142628,"/Date(1702366030000)/",19300,700,5667300,109287000000,-100,true,-0.52
"VPB",142628,"/Date(1702366030000)/",19300,100,5666600,109274000000,-100,true,-0.52
"VPB",142628,"/Date(1702366030000)/",19300,1000,5666500,109272000000,-100,true,-0.52
"VPB",142628,"/Date(1702366030000)/",19300,500,5665500,109252000000,-100,true,-0.52
"VPB",142628,"/Date(1702366030000)/",19300,800,5665000,109243000000,-100,true,-0.52
"VPB",142628,"/Date(1702366029000)/",19400,7500,5664200,109227000000,0,false,0
"VPB",142628,"/Date(1702366028000)/",19300,200,5656700,109082000000,-100,true,-0.52
"VPB",142625,"/Date(1702366027000)/",19300,2000,5656500,109078000000,-100,true,-0.52
"VPB",142625,"/Date(1702366027000)/",19300,200,5654500,109039000000,-100,true,-0.52
"VPB",142625,"/Date(1702366026000)/",19300,100,5654300,109035000000,-100,true,-0.52
"VPB",142625,"/Date(1702366025000)/",19300,1800,5654200,109033000000,-100,true,-0.52
"VPB",142625,"/Date(1702366025000)/",19400,16600,5652400,108999000000,0,false,0
"VPB",142622,"/Date(1702366024000)/",19300,200,5635800,108677000000,-100,true,-0.52
"VPB",142622,"/Date(1702366023000)/",19300,200,5635600,108673000000,-100,true,-0.52
"VPB",142622,"/Date(1702366023000)/",19300,2200,5635400,108669000000,-100,true,-0.52
"VPB",142619,"/Date(1702366021000)/",19300,200,5633200,108626000000,-100,true,-0.52
"VPB",142619,"/Date(1702366020000)/",19300,2300,5633000,108623000000,-100,true,-0.52
"VPB",142619,"/Date(1702366019000)/",19300,200,5630700,108578000000,-100,true,-0.52
"VPB",142615,"/Date(1702366017000)/",19300,2200,5630500,108574000000,-100,true,-0.52
"VPB",142612,"/Date(1702366014000)/",19300,200,5628300,108532000000,-100,true,-0.52
"VPB",142612,"/Date(1702366013000)/",19250,100,5628100,108528000000,-150,true,-0.77
"VPB",142612,"/Date(1702366013000)/",19300,2100,5628000,108526000000,-100,true,-0.52
"VPB",142612,"/Date(1702366012000)/",19300,900,5625900,108486000000,-100,true,-0.52
"VPB",142612,"/Date(1702366012000)/",19300,500,5625000,108468000000,-100,true,-0.52
"VPB",142609,"/Date(1702366011000)/",19400,7400,5624500,108459000000,0,false,0
"VPB",142609,"/Date(1702366011000)/",19400,500,5617100,108315000000,0,false,0
"VPB",142609,"/Date(1702366010000)/",19300,200,5616600,108305000000,-100,true,-0.52
"VPB",142609,"/Date(1702366009000)/",19300,1300,5616400,108301000000,-100,true,-0.52
"VPB",142609,"/Date(1702366009000)/",19300,1000,5615100,108276000000,-100,true,-0.52
"VPB",142606,"/Date(1702366007000)/",19250,300,5614100,108257000000,-150,true,-0.77
"VPB",142606,"/Date(1702366007000)/",19250,100,5613800,108251000000,-150,true,-0.77
"VPB",142606,"/Date(1702366007000)/",19250,100,5613700,108249000000,-150,true,-0.77
"VPB",142606,"/Date(1702366007000)/",19250,300,5613600,108247000000,-150,true,-0.77
"VPB",142606,"/Date(1702366006000)/",19250,200,5613300,108242000000,-150,true,-0.77
"VPB",142606,"/Date(1702366006000)/",19400,7900,5613100,108238000000,0,false,0
"VPB",142606,"/Date(1702366005000)/",19250,200,5605200,108085000000,-150,true,-0.77
"VPB",142606,"/Date(1702366005000)/",19250,500,5605000,108081000000,-150,true,-0.77
"VPB",142603,"/Date(1702366005000)/",19250,900,5604500,108071000000,-150,true,-0.77
"VPB",142603,"/Date(1702366005000)/",19300,600,5603600,108054000000,-100,true,-0.52
"VPB",142603,"/Date(1702366004000)/",19300,100,5603000,108042000000,-100,true,-0.52
"VPB",142603,"/Date(1702366003000)/",19300,1000,5602900,108040000000,-100,true,-0.52
"VPB",142603,"/Date(1702366002000)/",19400,1600,5601900,108021000000,0,false,0
"VPB",142603,"/Date(1702366002000)/",19400,500,5600300,107990000000,0,false,0
"VPB",142603,"/Date(1702366002000)/",19400,500,5599800,107980000000,0,false,0
"VPB",142603,"/Date(1702366002000)/",19400,500,5599300,107971000000,0,false,0
"VPB",142603,"/Date(1702366002000)/",19400,600,5598800,107961000000,0,false,0
"VPB",142603,"/Date(1702366002000)/",19400,1000,5598200,107949000000,0,false,0
"VPB",142603,"/Date(1702366002000)/",19400,2800,5597200,107930000000,0,false,0
"VPB",142603,"/Date(1702366002000)/",19300,2300,5594400,107875000000,-100,true,-0.52
"VPB",142559,"/Date(1702366000000)/",19250,700,5592100,107831000000,-150,true,-0.77
"VPB",142559,"/Date(1702366000000)/",19300,100,5591400,107818000000,-100,true,-0.52
"VPB",142559,"/Date(1702365999000)/",19400,7200,5591300,107816000000,0,false,0
"VPB",142559,"/Date(1702365999000)/",19400,300,5584100,107676000000,0,false,0
"VPB",142559,"/Date(1702365999000)/",19400,400,5583800,107670000000,0,false,0
"VPB",142559,"/Date(1702365999000)/",19250,200,5583400,107662000000,-150,true,-0.77
"VPB",142556,"/Date(1702365998000)/",19250,2200,5583200,107659000000,-150,true,-0.77
"VPB",142556,"/Date(1702365996000)/",19250,200,5581000,107616000000,-150,true,-0.77
"VPB",142553,"/Date(1702365995000)/",19250,800,5580800,107612000000,-150,true,-0.77
"VPB",142553,"/Date(1702365995000)/",19250,100,5580000,107597000000,-150,true,-0.77
"VPB",142553,"/Date(1702365995000)/",19250,200,5579900,107595000000,-150,true,-0.77
"VPB",142553,"/Date(1702365995000)/",19300,1100,5579700,107591000000,-100,false,-0.52
"VPB",142553,"/Date(1702365994000)/",19300,800,5578600,107570000000,-100,false,-0.52
"VPB",142553,"/Date(1702365993000)/",19400,600,5577800,107555000000,0,false,0
"VPB",142553,"/Date(1702365993000)/",19400,100,5577200,107543000000,0,false,0
"VPB",142553,"/Date(1702365993000)/",19400,100,5577100,107541000000,0,false,0
"VPB",142553,"/Date(1702365993000)/",19400,600,5577000,107539000000,0,false,0
"VPB",142553,"/Date(1702365993000)/",19400,5100,5576400,107527000000,0,false,0
"VPB",142553,"/Date(1702365993000)/",19400,500,5571300,107428000000,0,false,0
"VPB",142553,"/Date(1702365993000)/",19400,900,5570800,107419000000,0,false,0
"VPB",142553,"/Date(1702365993000)/",19250,100,5569900,107401000000,-150,true,-0.77
"VPB",142550,"/Date(1702365992000)/",19250,1000,5569800,107399000000,-150,true,-0.77
"VPB",142550,"/Date(1702365991000)/",19400,1100,5568800,107380000000,0,false,0
"VPB",142550,"/Date(1702365991000)/",19400,6400,5567700,107359000000,0,false,0
"VPB",142550,"/Date(1702365991000)/",19250,700,5561300,107235000000,-150,true,-0.77
"VPB",142550,"/Date(1702365991000)/",19250,400,5560600,107221000000,-150,true,-0.77
"VPB",142550,"/Date(1702365991000)/",19250,100,5560200,107213000000,-150,true,-0.77
"VPB",142550,"/Date(1702365991000)/",19250,1100,5560100,107211000000,-150,true,-0.77
"VPB",142550,"/Date(1702365991000)/",19250,100,5559000,107190000000,-150,true,-0.77
"VPB",142550,"/Date(1702365990000)/",19400,1000,5558900,107188000000,0,false,0
"VPB",142550,"/Date(1702365989000)/",19250,300,5557900,107169000000,-150,true,-0.77
"VPB",142547,"/Date(1702365988000)/",19250,500,5557600,107163000000,-150,true,-0.77
"VPB",142547,"/Date(1702365988000)/",19250,1000,5557100,107154000000,-150,true,-0.77
"VPB",142547,"/Date(1702365988000)/",19250,200,5556100,107134000000,-150,true,-0.77
"VPB",142547,"/Date(1702365988000)/",19250,500,5555900,107130000000,-150,true,-0.77
"VPB",142547,"/Date(1702365988000)/",19250,800,5555400,107121000000,-150,true,-0.77
"VPB",142547,"/Date(1702365987000)/",19400,2600,5554600,107105000000,0,false,0
"VPB",142547,"/Date(1702365987000)/",19400,100,5552000,107055000000,0,false,0
"VPB",142547,"/Date(1702365987000)/",19400,100,5551900,107053000000,0,false,0
"VPB",142547,"/Date(1702365987000)/",19400,100,5551800,107051000000,0,false,0
"VPB",142547,"/Date(1702365987000)/",19400,5000,5551700,107049000000,0,false,0
"VPB",142544,"/Date(1702365985000)/",19250,200,5546700,106952000000,-150,true,-0.77
"VPB",142544,"/Date(1702365984000)/",19250,2200,5546500,106948000000,-150,true,-0.77
"VPB",142544,"/Date(1702365983000)/",19250,100,5544300,106906000000,-150,true,-0.77
"VPB",142540,"/Date(1702365982000)/",19250,1200,5544200,106904000000,-150,true,-0.77
"VPB",142540,"/Date(1702365981000)/",19250,2300,5543000,106881000000,-150,true,-0.77
"VPB",142540,"/Date(1702365981000)/",19250,700,5540700,106837000000,-150,true,-0.77
"VPB",142540,"/Date(1702365981000)/",19300,100,5540000,106823000000,-100,false,-0.52
"VPB",142540,"/Date(1702365981000)/",19400,7900,5539900,106821000000,0,false,0
"VPB",142540,"/Date(1702365980000)/",19400,3500,5532000,106668000000,0,false,0
"VPB",142540,"/Date(1702365980000)/",19400,4000,5528500,106600000000,0,false,0
"VPB",142540,"/Date(1702365978000)/",19250,200,5524500,106523000000,-150,true,-0.77
"VPB",142537,"/Date(1702365977000)/",19250,2200,5524300,106519000000,-150,true,-0.77
"VPB",142537,"/Date(1702365976000)/",19250,800,5522100,106476000000,-150,true,-0.77
"VPB",142537,"/Date(1702365975000)/",19250,200,5521300,106461000000,-150,true,-0.77
"VPB",142537,"/Date(1702365975000)/",19400,1000,5521100,106457000000,0,false,0
"VPB",142537,"/Date(1702365975000)/",19400,300,5520100,106438000000,0,false,0
"VPB",142537,"/Date(1702365975000)/",19400,6600,5519800,106432000000,0,false,0
"VPB",142537,"/Date(1702365974000)/",19250,2200,5513200,106304000000,-150,true,-0.77
"VPB",142537,"/Date(1702365972000)/",19250,100,5511000,106261000000,-150,true,-0.77
"VPB",142537,"/Date(1702365971000)/",19250,1100,5510900,106260000000,-150,true,-0.77
"VPB",142534,"/Date(1702365970000)/",19250,2300,5509800,106238000000,-150,true,-0.77
"VPB",142534,"/Date(1702365970000)/",19250,800,5507500,106194000000,-150,true,-0.77
"VPB",142534,"/Date(1702365970000)/",19400,7500,5506700,106179000000,0,false,0
"VPB",142534,"/Date(1702365969000)/",19400,5900,5499200,106033000000,0,false,0
"VPB",142534,"/Date(1702365969000)/",19400,1200,5493300,105919000000,0,false,0
"VPB",142534,"/Date(1702365969000)/",19400,600,5492100,105895000000,0,false,0
"VPB",142534,"/Date(1702365969000)/",19400,200,5491500,105884000000,0,false,0
"VPB",142534,"/Date(1702365967000)/",19250,600,5491300,105880000000,-150,true,-0.77
"VPB",142534,"/Date(1702365966000)/",19250,2200,5490700,105868000000,-150,true,-0.77
"VPB",142534,"/Date(1702365966000)/",19250,3500,5488500,105826000000,-150,true,-0.77
"VPB",142531,"/Date(1702365965000)/",19400,19800,5485000,105759000000,0,false,0
"VPB",142531,"/Date(1702365965000)/",19400,500,5465200,105375000000,0,false,0
"VPB",142531,"/Date(1702365965000)/",19400,100,5464700,105365000000,0,false,0
"VPB",142531,"/Date(1702365965000)/",19400,100,5464600,105363000000,0,false,0
"VPB",142531,"/Date(1702365965000)/",19350,200,5464500,105361000000,-50,false,-0.26
"VPB",142531,"/Date(1702365965000)/",19350,500,5464300,105357000000,-50,false,-0.26
"VPB",142531,"/Date(1702365965000)/",19350,7500,5463800,105347000000,-50,false,-0.26
"VPB",142531,"/Date(1702365965000)/",19350,3900,5456300,105202000000,-50,false,-0.26
"VPB",142531,"/Date(1702365965000)/",19250,100,5452400,105127000000,-150,true,-0.77
"VPB",142531,"/Date(1702365964000)/",19250,1100,5452300,105125000000,-150,true,-0.77
"VPB",142531,"/Date(1702365964000)/",19250,2200,5451200,105104000000,-150,true,-0.77
"VPB",142531,"/Date(1702365964000)/",19250,100,5449000,105061000000,-150,true,-0.77
"VPB",142531,"/Date(1702365963000)/",19350,7900,5448900,105059000000,-50,false,-0.26
"VPB",142521,"/Date(1702365962000)/",19250,1000,5441000,104907000000,-150,true,-0.77
"VPB",142518,"/Date(1702365959000)/",19250,1300,5440000,104887000000,-150,true,-0.77
"VPB",142518,"/Date(1702365959000)/",19250,1000,5438700,104862000000,-150,true,-0.77
"VPB",142518,"/Date(1702365959000)/",19350,200,5437700,104843000000,-50,false,-0.26
"VPB",142518,"/Date(1702365959000)/",19350,7300,5437500,104839000000,-50,false,-0.26
"VPB",142518,"/Date(1702365957000)/",19250,300,5430200,104698000000,-150,true,-0.77
"VPB",142514,"/Date(1702365956000)/",19250,700,5429900,104692000000,-150,true,-0.77
"VPB",142514,"/Date(1702365956000)/",19250,1000,5429200,104679000000,-150,true,-0.77
"VPB",142514,"/Date(1702365956000)/",19250,500,5428200,104659000000,-150,true,-0.77
"VPB",142514,"/Date(1702365956000)/",19250,800,5427700,104650000000,-150,true,-0.77
"VPB",142514,"/Date(1702365955000)/",19350,200,5426900,104634000000,-50,false,-0.26
"VPB",142514,"/Date(1702365955000)/",19350,4000,5426700,104631000000,-50,false,-0.26
"VPB",142514,"/Date(1702365955000)/",19350,3700,5422700,104553000000,-50,false,-0.26
"VPB",142511,"/Date(1702365953000)/",19250,200,5419000,104482000000,-150,true,-0.77
"VPB",142511,"/Date(1702365952000)/",19250,2200,5418800,104478000000,-150,true,-0.77
"VPB",142511,"/Date(1702365951000)/",19250,100,5416600,104435000000,-150,true,-0.77
"VPB",142508,"/Date(1702365950000)/",19250,1100,5416500,104433000000,-150,true,-0.77
"VPB",142508,"/Date(1702365949000)/",19250,2300,5415400,104412000000,-150,true,-0.77
"VPB",142508,"/Date(1702365949000)/",19350,6300,5413100,104368000000,-50,false,-0.26
"VPB",142508,"/Date(1702365949000)/",19350,1600,5406800,104246000000,-50,false,-0.26
"VPB",142508,"/Date(1702365948000)/",19250,700,5405200,104215000000,-150,true,-0.77
"VPB",142508,"/Date(1702365948000)/",19300,100,5404500,104202000000,-100,false,-0.52
"VPB",142505,"/Date(1702365947000)/",19300,200,5404400,104200000000,-100,false,-0.52
"VPB",142505,"/Date(1702365947000)/",19300,3600,5404200,104196000000,-100,false,-0.52
"VPB",142505,"/Date(1702365947000)/",19300,3600,5400600,104126000000,-100,false,-0.52
"VPB",142505,"/Date(1702365947000)/",19300,500,5397000,104057000000,-100,false,-0.52
"VPB",142505,"/Date(1702365946000)/",19250,700,5396500,104047000000,-150,true,-0.77
"VPB",142505,"/Date(1702365945000)/",19300,3900,5395800,104034000000,-100,false,-0.52
"VPB",142505,"/Date(1702365945000)/",19300,1100,5391900,103958000000,-100,false,-0.52
"VPB",142505,"/Date(1702365945000)/",19250,1400,5390800,103937000000,-150,true,-0.77
"VPB",142505,"/Date(1702365945000)/",19250,800,5389400,103910000000,-150,true,-0.77
"VPB",142505,"/Date(1702365944000)/",19250,100,5388600,103895000000,-150,true,-0.77
"VPB",142502,"/Date(1702365943000)/",19250,1100,5388500,103893000000,-150,true,-0.77
"VPB",142502,"/Date(1702365942000)/",19250,1000,5387400,103872000000,-150,true,-0.77
"VPB",142502,"/Date(1702365942000)/",19250,200,5386400,103853000000,-150,true,-0.77
"VPB",142502,"/Date(1702365942000)/",19250,500,5386200,103849000000,-150,true,-0.77
"VPB",142502,"/Date(1702365942000)/",19250,600,5385700,103839000000,-150,true,-0.77
"VPB",142502,"/Date(1702365942000)/",19300,7900,5385100,103828000000,-100,false,-0.52
"VPB",142458,"/Date(1702365939000)/",19250,200,5377200,103675000000,-150,true,-0.77
"VPB",142458,"/Date(1702365938000)/",19250,1700,5377000,103671000000,-150,true,-0.77
"VPB",142458,"/Date(1702365938000)/",19250,100,5375300,103638000000,-150,true,-0.77
"VPB",142458,"/Date(1702365938000)/",19250,200,5375200,103637000000,-150,true,-0.77
"VPB",142458,"/Date(1702365938000)/",19250,200,5375000,103633000000,-150,true,-0.77
"VPB",142455,"/Date(1702365936000)/",19250,300,5374800,103629000000,-150,true,-0.77
"VPB",142455,"/Date(1702365935000)/",19250,700,5374500,103623000000,-150,true,-0.77
"VPB",142455,"/Date(1702365935000)/",19250,100,5373800,103610000000,-150,true,-0.77
"VPB",142455,"/Date(1702365935000)/",19250,100,5373700,103608000000,-150,true,-0.77
"VPB",142455,"/Date(1702365935000)/",19250,200,5373600,103606000000,-150,true,-0.77
"VPB",142455,"/Date(1702365935000)/",19250,100,5373400,103602000000,-150,true,-0.77
"VPB",142455,"/Date(1702365935000)/",19250,1000,5373300,103600000000,-150,true,-0.77
"VPB",142455,"/Date(1702365935000)/",19250,800,5372300,103581000000,-150,true,-0.77
"VPB",142455,"/Date(1702365935000)/",19300,7500,5371500,103565000000,-100,false,-0.52
"VPB",142452,"/Date(1702365932000)/",19300,100,5364000,103421000000,-100,false,-0.52
"VPB",142452,"/Date(1702365932000)/",19250,200,5363900,103419000000,-150,true,-0.77
"VPB",142449,"/Date(1702365931000)/",19250,2300,5363700,103415000000,-150,true,-0.77
"VPB",142449,"/Date(1702365931000)/",19250,300,5361400,103371000000,-150,true,-0.77
"VPB",142449,"/Date(1702365930000)/",19300,3000,5361100,103365000000,-100,false,-0.52
"VPB",142446,"/Date(1702365928000)/",19250,300,5358100,103307000000,-150,true,-0.77
"VPB",142446,"/Date(1702365928000)/",19300,600,5357800,103301000000,-100,false,-0.52
"VPB",142446,"/Date(1702365927000)/",19250,1100,5357200,103289000000,-150,true,-0.77
"VPB",142446,"/Date(1702365927000)/",19250,100,5356100,103268000000,-150,true,-0.77
"VPB",142446,"/Date(1702365927000)/",19250,1000,5356000,103266000000,-150,true,-0.77
"VPB",142446,"/Date(1702365926000)/",19250,100,5355000,103247000000,-150,true,-0.77
"VPB",142446,"/Date(1702365926000)/",19250,400,5354900,103245000000,-150,true,-0.77
"VPB",142446,"/Date(1702365926000)/",19250,400,5354500,103238000000,-150,true,-0.77
"VPB",142446,"/Date(1702365925000)/",19300,7500,5354100,103230000000,-100,false,-0.52
"VPB",142446,"/Date(1702365925000)/",19250,600,5346600,103085000000,-150,true,-0.77
"VPB",142446,"/Date(1702365925000)/",19250,100,5346000,103074000000,-150,true,-0.77
"VPB",142446,"/Date(1702365925000)/",19250,400,5345900,103072000000,-150,true,-0.77
"VPB",142442,"/Date(1702365924000)/",19250,500,5345500,103064000000,-150,true,-0.77
"VPB",142442,"/Date(1702365924000)/",19250,1000,5345000,103054000000,-150,true,-0.77
"VPB",142442,"/Date(1702365924000)/",19250,100,5344000,103035000000,-150,true,-0.77
"VPB",142442,"/Date(1702365924000)/",19250,600,5343900,103033000000,-150,true,-0.77
"VPB",142442,"/Date(1702365924000)/",19300,7900,5343300,103022000000,-100,false,-0.52
"VPB",142439,"/Date(1702365921000)/",19250,200,5335400,102869000000,-150,true,-0.77
"VPB",142439,"/Date(1702365920000)/",19250,2300,5335200,102865000000,-150,true,-0.77
"VPB",142439,"/Date(1702365919000)/",19250,200,5332900,102821000000,-150,true,-0.77
"VPB",142436,"/Date(1702365917000)/",19250,2200,5332700,102817000000,-150,true,-0.77
"VPB",142436,"/Date(1702365916000)/",19250,800,5330500,102775000000,-150,true,-0.77
"VPB",142436,"/Date(1702365915000)/",19300,7500,5329700,102759000000,-100,false,-0.52
"VPB",142433,"/Date(1702365914000)/",19250,400,5322200,102615000000,-150,true,-0.77
"VPB",142433,"/Date(1702365913000)/",19250,2200,5321800,102607000000,-150,true,-0.77
"VPB",142433,"/Date(1702365913000)/",19250,2300,5319600,102565000000,-150,true,-0.77
"VPB",142430,"/Date(1702365911000)/",19250,200,5317300,102520000000,-150,true,-0.77
"VPB",142430,"/Date(1702365910000)/",19250,2300,5317100,102516000000,-150,true,-0.77
"VPB",142426,"/Date(1702365907000)/",19250,200,5314800,102472000000,-150,true,-0.77
"VPB",142426,"/Date(1702365906000)/",19250,2200,5314600,102468000000,-150,true,-0.77
"VPB",142423,"/Date(1702365903000)/",19250,2200,5312400,102426000000,-150,true,-0.77
"VPB",142420,"/Date(1702365900000)/",19300,4900,5310200,102384000000,-100,false,-0.52
"VPB",142420,"/Date(1702365900000)/",19300,2600,5305300,102289000000,-100,false,-0.52
"VPB",142417,"/Date(1702365899000)/",19250,2300,5302700,102239000000,-150,true,-0.77
"VPB",142417,"/Date(1702365898000)/",19250,100,5300400,102195000000,-150,true,-0.77
"VPB",142417,"/Date(1702365897000)/",19250,1100,5300300,102193000000,-150,true,-0.77
"VPB",142414,"/Date(1702365896000)/",19250,200,5299200,102171000000,-150,true,-0.77
"VPB",142414,"/Date(1702365896000)/",19300,100,5299000,102168000000,-100,false,-0.52
"VPB",142414,"/Date(1702365896000)/",19300,10000,5298900,102166000000,-100,false,-0.52
"VPB",142414,"/Date(1702365895000)/",19250,1700,5288900,101973000000,-150,true,-0.77
"VPB",142414,"/Date(1702365895000)/",19250,100,5287200,101940000000,-150,true,-0.77
"VPB",142414,"/Date(1702365895000)/",19250,400,5287100,101938000000,-150,true,-0.77
"VPB",142410,"/Date(1702365893000)/",19250,200,5286700,101930000000,-150,true,-0.77
"VPB",142410,"/Date(1702365892000)/",19250,400,5286500,101926000000,-150,true,-0.77
"VPB",142410,"/Date(1702365892000)/",19250,100,5286100,101919000000,-150,true,-0.77
"VPB",142410,"/Date(1702365892000)/",19250,1000,5286000,101917000000,-150,true,-0.77
"VPB",142410,"/Date(1702365892000)/",19250,800,5285000,101898000000,-150,true,-0.77
"VPB",142407,"/Date(1702365889000)/",19250,200,5284200,101882000000,-150,true,-0.77
"VPB",142407,"/Date(1702365888000)/",19250,1000,5284000,101878000000,-150,true,-0.77
"VPB",142407,"/Date(1702365888000)/",19250,200,5283000,101859000000,-150,true,-0.77
"VPB",142407,"/Date(1702365888000)/",19250,1000,5282800,101855000000,-150,true,-0.77
"VPB",142407,"/Date(1702365888000)/",19300,400,5281800,101836000000,-100,false,-0.52
"VPB",142407,"/Date(1702365887000)/",19250,800,5281400,101828000000,-150,true,-0.77
"VPB",142404,"/Date(1702365886000)/",19250,200,5280600,101813000000,-150,true,-0.77
"VPB",142404,"/Date(1702365886000)/",19300,4200,5280400,101809000000,-100,false,-0.52
"VPB",142404,"/Date(1702365886000)/",19300,3300,5276200,101728000000,-100,false,-0.52
"VPB",142404,"/Date(1702365885000)/",19250,500,5272900,101664000000,-150,true,-0.77
"VPB",142404,"/Date(1702365885000)/",19250,1000,5272400,101655000000,-150,true,-0.77
"VPB",142404,"/Date(1702365885000)/",19250,700,5271400,101635000000,-150,true,-0.77
"VPB",142401,"/Date(1702365882000)/",19250,200,5270700,101622000000,-150,true,-0.77
"VPB",142401,"/Date(1702365881000)/",19250,1100,5270500,101618000000,-150,true,-0.77
"VPB",142401,"/Date(1702365881000)/",19250,1000,5269400,101597000000,-150,true,-0.77
"VPB",142401,"/Date(1702365881000)/",19250,200,5268400,101578000000,-150,true,-0.77
"VPB",142358,"/Date(1702365879000)/",19250,200,5268200,101574000000,-150,true,-0.77
"VPB",142358,"/Date(1702365878000)/",19250,800,5268000,101570000000,-150,true,-0.77
"VPB",142358,"/Date(1702365878000)/",19250,1400,5267200,101555000000,-150,true,-0.77
"VPB",142354,"/Date(1702365876000)/",19250,200,5265800,101528000000,-150,true,-0.77
"VPB",142354,"/Date(1702365874000)/",19250,2200,5265600,101524000000,-150,true,-0.77
"VPB",142351,"/Date(1702365872000)/",19300,4200,5263400,101481000000,-100,false,-0.52
"VPB",142351,"/Date(1702365872000)/",19300,3000,5259200,101400000000,-100,false,-0.52
"VPB",142351,"/Date(1702365872000)/",19300,100,5256200,101342000000,-100,false,-0.52
"VPB",142351,"/Date(1702365872000)/",19300,200,5256100,101341000000,-100,false,-0.52
"VPB",142351,"/Date(1702365872000)/",19250,200,5255900,101337000000,-150,true,-0.77
"VPB",142351,"/Date(1702365871000)/",19250,2300,5255700,101333000000,-150,true,-0.77
"VPB",142348,"/Date(1702365868000)/",19250,200,5253400,101289000000,-150,true,-0.77
"VPB",142345,"/Date(1702365867000)/",19250,2300,5253200,101285000000,-150,true,-0.77
"VPB",142345,"/Date(1702365865000)/",19250,100,5250900,101240000000,-150,true,-0.77
"VPB",142345,"/Date(1702365864000)/",19250,1500,5250800,101239000000,-150,true,-0.77
"VPB",142342,"/Date(1702365862000)/",19250,100,5249300,101210000000,-150,true,-0.77
"VPB",142342,"/Date(1702365861000)/",19250,100,5249200,101208000000,-150,true,-0.77
"VPB",142339,"/Date(1702365860000)/",19250,1500,5249100,101206000000,-150,true,-0.77
"VPB",142332,"/Date(1702365854000)/",19300,100,5247600,101177000000,-100,false,-0.52
"VPB",142332,"/Date(1702365853000)/",19300,100,5247500,101175000000,-100,false,-0.52
"VPB",142303,"/Date(1702365824000)/",19300,100,5247400,101173000000,-100,false,-0.52
"VPB",142253,"/Date(1702365815000)/",19300,900,5247300,101171000000,-100,false,-0.52
"VPB",142241,"/Date(1702365801000)/",19300,100,5246400,101154000000,-100,false,-0.52
"VPB",142225,"/Date(1702365787000)/",19300,200,5246300,101152000000,-100,false,-0.52
"VPB",142225,"/Date(1702365787000)/",19300,200,5246100,101148000000,-100,false,-0.52
"VPB",142225,"/Date(1702365787000)/",19300,100,5245900,101144000000,-100,false,-0.52
"VPB",142212,"/Date(1702365772000)/",19300,100,5245800,101142000000,-100,false,-0.52
"VPB",142205,"/Date(1702365768000)/",19300,1000,5245700,101140000000,-100,false,-0.52
"VPB",142202,"/Date(1702365763000)/",19300,300,5244700,101121000000,-100,false,-0.52
"VPB",142202,"/Date(1702365763000)/",19300,100,5244400,101115000000,-100,false,-0.52
"VPB",142202,"/Date(1702365763000)/",19300,100,5244300,101113000000,-100,false,-0.52
"VPB",142149,"/Date(1702365751000)/",19300,100,5244200,101111000000,-100,false,-0.52
"VPB",142143,"/Date(1702365742000)/",19300,300,5244100,101109000000,-100,false,-0.52
"VPB",142143,"/Date(1702365742000)/",19300,1000,5243800,101104000000,-100,false,-0.52
"VPB",142130,"/Date(1702365730000)/",19300,800,5242800,101084000000,-100,true,-0.52
"VPB",142127,"/Date(1702365729000)/",19300,200,5242000,101069000000,-100,true,-0.52
"VPB",142127,"/Date(1702365729000)/",19300,7700,5241800,101065000000,-100,true,-0.52
"VPB",142055,"/Date(1702365696000)/",19300,200,5234100,100916000000,-100,false,-0.52
"VPB",142055,"/Date(1702365695000)/",19300,2100,5233900,100912000000,-100,false,-0.52
"VPB",142042,"/Date(1702365683000)/",19300,200,5231800,100872000000,-100,true,-0.52
"VPB",142042,"/Date(1702365683000)/",19300,200,5231600,100868000000,-100,true,-0.52
"VPB",142036,"/Date(1702365676000)/",19300,100,5231400,100864000000,-100,false,-0.52
"VPB",142036,"/Date(1702365676000)/",19300,100,5231300,100862000000,-100,false,-0.52
"VPB",142036,"/Date(1702365676000)/",19300,100,5231200,100860000000,-100,false,-0.52
"VPB",142036,"/Date(1702365676000)/",19300,200,5231100,100858000000,-100,false,-0.52
"VPB",142036,"/Date(1702365676000)/",19300,300,5230900,100855000000,-100,false,-0.52
"VPB",142036,"/Date(1702365675000)/",19300,1000,5230600,100849000000,-100,false,-0.52
"VPB",142030,"/Date(1702365672000)/",19300,1000,5229600,100830000000,-100,false,-0.52
"VPB",142026,"/Date(1702365668000)/",19300,1000,5228600,100810000000,-100,false,-0.52
"VPB",142020,"/Date(1702365661000)/",19300,500,5227600,100791000000,-100,false,-0.52
"VPB",142017,"/Date(1702365658000)/",19300,2000,5227100,100781000000,-100,false,-0.52
"VPB",142011,"/Date(1702365651000)/",19300,700,5225100,100743000000,-100,false,-0.52
"VPB",142011,"/Date(1702365651000)/",19300,300,5224400,100729000000,-100,false,-0.52
"VPB",142011,"/Date(1702365651000)/",19300,300,5224100,100723000000,-100,false,-0.52
"VPB",142011,"/Date(1702365651000)/",19300,100,5223800,100718000000,-100,false,-0.52
"VPB",142011,"/Date(1702365651000)/",19300,3000,5223700,100716000000,-100,false,-0.52
"VPB",142011,"/Date(1702365651000)/",19300,500,5220700,100658000000,-100,false,-0.52
"VPB",142011,"/Date(1702365651000)/",19300,3000,5220200,100648000000,-100,false,-0.52
"VPB",142011,"/Date(1702365651000)/",19300,500,5217200,100590000000,-100,false,-0.52
"VPB",142011,"/Date(1702365651000)/",19300,700,5216700,100581000000,-100,false,-0.52
"VPB",142011,"/Date(1702365651000)/",19300,5000,5216000,100567000000,-100,false,-0.52
"VPB",142011,"/Date(1702365651000)/",19300,500,5211000,100471000000,-100,false,-0.52
"VPB",142011,"/Date(1702365651000)/",19300,500,5210500,100461000000,-100,false,-0.52
"VPB",142011,"/Date(1702365651000)/",19300,100,5210000,100451000000,-100,false,-0.52
"VPB",142011,"/Date(1702365651000)/",19300,4000,5209900,100449000000,-100,false,-0.52
"VPB",142011,"/Date(1702365651000)/",19300,7500,5205900,100372000000,-100,false,-0.52
"VPB",142011,"/Date(1702365651000)/",19300,2000,5198400,100227000000,-100,false,-0.52
"VPB",142011,"/Date(1702365651000)/",19300,6300,5196400,100189000000,-100,false,-0.52
"VPB",141958,"/Date(1702365638000)/",19300,3700,5190100,100067000000,-100,false,-0.52
"VPB",141958,"/Date(1702365638000)/",19300,21300,5186400,99996000000,-100,false,-0.52
"VPB",141948,"/Date(1702365627000)/",19300,3100,5165100,99585000000,-100,false,-0.52
"VPB",141945,"/Date(1702365626000)/",19300,3000,5162000,99525000000,-100,false,-0.52
"VPB",141942,"/Date(1702365623000)/",19300,1000,5159000,99467000000,-100,false,-0.52
"VPB",141942,"/Date(1702365623000)/",19300,3000,5158000,99448000000,-100,false,-0.52
"VPB",141942,"/Date(1702365623000)/",19300,25000,5155000,99390000000,-100,false,-0.52
"VPB",141939,"/Date(1702365620000)/",19250,100,5130000,98907000000,-150,true,-0.77
"VPB",141939,"/Date(1702365619000)/",19250,1000,5129900,98905000000,-150,true,-0.77
"VPB",141854,"/Date(1702365576000)/",19250,300,5128900,98886000000,-150,true,-0.77
"VPB",141854,"/Date(1702365575000)/",19250,3200,5128600,98880000000,-150,true,-0.77
"VPB",141854,"/Date(1702365574000)/",19300,3600,5125400,98819000000,-100,false,-0.52
"VPB",141854,"/Date(1702365574000)/",19300,3400,5121800,98749000000,-100,false,-0.52
"VPB",141835,"/Date(1702365555000)/",19300,5000,5118400,98684000000,-100,false,-0.52
"VPB",141806,"/Date(1702365526000)/",19300,1000,5113400,98587000000,-100,false,-0.52
"VPB",141753,"/Date(1702365513000)/",19300,400,5112400,98568000000,-100,false,-0.52
"VPB",141740,"/Date(1702365502000)/",19300,500,5112000,98560000000,-100,false,-0.52
"VPB",141718,"/Date(1702365478000)/",19300,1000,5111500,98550000000,-100,false,-0.52
"VPB",141715,"/Date(1702365474000)/",19300,1000,5110500,98531000000,-100,false,-0.52
"VPB",141649,"/Date(1702365451000)/",19300,10000,5109500,98512000000,-100,false,-0.52
"VPB",141643,"/Date(1702365444000)/",19300,1000,5099500,98319000000,-100,true,-0.52
"VPB",141643,"/Date(1702365444000)/",19300,1100,5098500,98300000000,-100,true,-0.52
"VPB",141643,"/Date(1702365444000)/",19300,200,5097400,98278000000,-100,true,-0.52
"VPB",141630,"/Date(1702365430000)/",19350,1000,5097200,98274000000,-50,false,-0.26
"VPB",141624,"/Date(1702365425000)/",19350,4900,5096200,98255000000,-50,false,-0.26
"VPB",141624,"/Date(1702365425000)/",19350,1000,5091300,98160000000,-50,false,-0.26
"VPB",141624,"/Date(1702365425000)/",19350,500,5090300,98141000000,-50,false,-0.26
"VPB",141624,"/Date(1702365425000)/",19350,100,5089800,98131000000,-50,false,-0.26
"VPB",141624,"/Date(1702365425000)/",19350,900,5089700,98129000000,-50,false,-0.26
"VPB",141624,"/Date(1702365425000)/",19350,800,5088800,98112000000,-50,false,-0.26
"VPB",141624,"/Date(1702365425000)/",19350,800,5088000,98096000000,-50,false,-0.26
"VPB",141624,"/Date(1702365425000)/",19350,800,5087200,98081000000,-50,false,-0.26
"VPB",141624,"/Date(1702365425000)/",19350,800,5086400,98065000000,-50,false,-0.26
"VPB",141624,"/Date(1702365425000)/",19350,800,5085600,98050000000,-50,false,-0.26
"VPB",141624,"/Date(1702365425000)/",19350,800,5084800,98034000000,-50,false,-0.26
"VPB",141624,"/Date(1702365425000)/",19350,7500,5084000,98019000000,-50,false,-0.26
"VPB",141624,"/Date(1702365425000)/",19350,500,5076500,97874000000,-50,false,-0.26
"VPB",141624,"/Date(1702365425000)/",19350,100,5076000,97864000000,-50,false,-0.26
"VPB",141624,"/Date(1702365425000)/",19350,3000,5075900,97862000000,-50,false,-0.26
"VPB",141624,"/Date(1702365425000)/",19350,100,5072900,97804000000,-50,false,-0.26
"VPB",141624,"/Date(1702365425000)/",19350,300,5072800,97802000000,-50,false,-0.26
"VPB",141624,"/Date(1702365425000)/",19350,100,5072500,97796000000,-50,false,-0.26
"VPB",141624,"/Date(1702365425000)/",19350,800,5072400,97795000000,-50,false,-0.26
"VPB",141624,"/Date(1702365425000)/",19350,800,5071600,97779000000,-50,false,-0.26
"VPB",141624,"/Date(1702365425000)/",19300,500,5070800,97764000000,-100,false,-0.52
"VPB",141624,"/Date(1702365425000)/",19300,14100,5070300,97754000000,-100,false,-0.52
"VPB",141611,"/Date(1702365410000)/",19300,100,5056200,97482000000,-100,false,-0.52
"VPB",141605,"/Date(1702365405000)/",19300,500,5056100,97480000000,-100,true,-0.52
"VPB",141605,"/Date(1702365405000)/",19300,300,5055600,97470000000,-100,true,-0.52
"VPB",141605,"/Date(1702365405000)/",19300,5000,5055300,97464000000,-100,true,-0.52
"VPB",141602,"/Date(1702365402000)/",19300,800,5050300,97368000000,-100,true,-0.52
"VPB",141602,"/Date(1702365401000)/",19300,200,5049500,97352000000,-100,true,-0.52
"VPB",141602,"/Date(1702365401000)/",19300,200,5049300,97349000000,-100,true,-0.52
"VPB",141602,"/Date(1702365401000)/",19300,100,5049100,97345000000,-100,true,-0.52
"VPB",141602,"/Date(1702365401000)/",19300,100,5049000,97343000000,-100,true,-0.52
"VPB",141602,"/Date(1702365401000)/",19300,2100,5048900,97341000000,-100,true,-0.52
"VPB",141602,"/Date(1702365401000)/",19300,500,5046800,97300000000,-100,true,-0.52
"VPB",141602,"/Date(1702365401000)/",19300,100,5046300,97291000000,-100,true,-0.52
"VPB",141602,"/Date(1702365401000)/",19300,1000,5046200,97289000000,-100,true,-0.52
"VPB",141602,"/Date(1702365401000)/",19300,500,5045200,97269000000,-100,true,-0.52
"VPB",141602,"/Date(1702365401000)/",19300,2700,5044700,97260000000,-100,true,-0.52
"VPB",141558,"/Date(1702365398000)/",19300,800,5042000,97208000000,-100,true,-0.52
"VPB",141555,"/Date(1702365397000)/",19300,300,5041200,97192000000,-100,true,-0.52
"VPB",141555,"/Date(1702365396000)/",19300,6200,5040900,97187000000,-100,true,-0.52
"VPB",141555,"/Date(1702365396000)/",19300,100,5034700,97067000000,-100,true,-0.52
"VPB",141555,"/Date(1702365396000)/",19300,100,5034600,97065000000,-100,true,-0.52
"VPB",141555,"/Date(1702365396000)/",19300,300,5034500,97063000000,-100,true,-0.52
"VPB",141555,"/Date(1702365396000)/",19300,500,5034200,97057000000,-100,true,-0.52
"VPB",141555,"/Date(1702365396000)/",19300,1200,5033700,97048000000,-100,true,-0.52
"VPB",141555,"/Date(1702365396000)/",19300,1000,5032500,97024000000,-100,true,-0.52
"VPB",141555,"/Date(1702365396000)/",19300,600,5031500,97005000000,-100,true,-0.52
"VPB",141542,"/Date(1702365384000)/",19300,300,5030900,96994000000,-100,true,-0.52
"VPB",141542,"/Date(1702365382000)/",19300,100,5030600,96988000000,-100,true,-0.52
"VPB",141542,"/Date(1702365382000)/",19300,600,5030500,96986000000,-100,true,-0.52
"VPB",141542,"/Date(1702365382000)/",19300,1300,5029900,96974000000,-100,true,-0.52
"VPB",141542,"/Date(1702365382000)/",19350,1000,5028600,96949000000,-50,false,-0.26
"VPB",141517,"/Date(1702365358000)/",19350,200,5027600,96930000000,-50,false,-0.26
"VPB",141510,"/Date(1702365349000)/",19350,1500,5027400,96926000000,-50,false,-0.26
"VPB",141510,"/Date(1702365349000)/",19350,2000,5025900,96897000000,-50,false,-0.26
"VPB",141510,"/Date(1702365349000)/",19350,500,5023900,96858000000,-50,false,-0.26
"VPB",141510,"/Date(1702365349000)/",19350,10000,5023400,96848000000,-50,false,-0.26
"VPB",141510,"/Date(1702365349000)/",19350,2000,5013400,96655000000,-50,false,-0.26
"VPB",141510,"/Date(1702365349000)/",19350,100,5011400,96616000000,-50,false,-0.26
"VPB",141510,"/Date(1702365349000)/",19350,1900,5011300,96614000000,-50,false,-0.26
"VPB",141458,"/Date(1702365339000)/",19350,1000,5009400,96578000000,-50,false,-0.26
"VPB",141455,"/Date(1702365334000)/",19350,100,5008400,96558000000,-50,false,-0.26
"VPB",141455,"/Date(1702365334000)/",19350,800,5008300,96556000000,-50,false,-0.26
"VPB",141451,"/Date(1702365330000)/",19350,1000,5007500,96541000000,-50,false,-0.26
"VPB",141426,"/Date(1702365307000)/",19350,100,5006500,96521000000,-50,false,-0.26
"VPB",141407,"/Date(1702365286000)/",19350,1000,5006400,96520000000,-50,false,-0.26
"VPB",141319,"/Date(1702365238000)/",19350,4700,5005400,96500000000,-50,false,-0.26
"VPB",141319,"/Date(1702365238000)/",19350,3200,5000700,96409000000,-50,false,-0.26
"VPB",141319,"/Date(1702365237000)/",19350,1000,4997500,96347000000,-50,false,-0.26
"VPB",141303,"/Date(1702365223000)/",19350,7900,4996500,96328000000,-50,false,-0.26
"VPB",141256,"/Date(1702365216000)/",19350,5500,4988600,96175000000,-50,false,-0.26
"VPB",141256,"/Date(1702365216000)/",19350,100,4983100,96069000000,-50,false,-0.26
"VPB",141256,"/Date(1702365216000)/",19350,200,4983000,96067000000,-50,false,-0.26
"VPB",141256,"/Date(1702365216000)/",19350,1000,4982800,96063000000,-50,false,-0.26
"VPB",141256,"/Date(1702365216000)/",19350,300,4981800,96044000000,-50,false,-0.26
"VPB",141256,"/Date(1702365216000)/",19350,100,4981500,96038000000,-50,false,-0.26
"VPB",141256,"/Date(1702365216000)/",19350,100,4981400,96036000000,-50,false,-0.26
"VPB",141256,"/Date(1702365216000)/",19350,600,4981300,96034000000,-50,false,-0.26
"VPB",141253,"/Date(1702365213000)/",19350,100,4980700,96022000000,-50,false,-0.26
"VPB",141250,"/Date(1702365210000)/",19350,7900,4980600,96020000000,-50,false,-0.26
"VPB",141247,"/Date(1702365207000)/",19350,200,4972700,95867000000,-50,false,-0.26
"VPB",141247,"/Date(1702365205000)/",19350,7900,4972500,95864000000,-50,false,-0.26
"VPB",141237,"/Date(1702365198000)/",19350,7900,4964600,95711000000,-50,false,-0.26
"VPB",141234,"/Date(1702365193000)/",19350,5400,4956700,95558000000,-50,false,-0.26
"VPB",141234,"/Date(1702365193000)/",19350,2500,4951300,95453000000,-50,false,-0.26
"VPB",141231,"/Date(1702365192000)/",19300,100,4948800,95405000000,-100,true,-0.52
"VPB",141231,"/Date(1702365191000)/",19300,600,4948700,95403000000,-100,true,-0.52
"VPB",141231,"/Date(1702365190000)/",19300,500,4948100,95391000000,-100,true,-0.52
"VPB",141231,"/Date(1702365190000)/",19300,3100,4947600,95382000000,-100,true,-0.52
"VPB",141231,"/Date(1702365190000)/",19300,800,4944500,95322000000,-100,true,-0.52
"VPB",141231,"/Date(1702365190000)/",19300,200,4943700,95307000000,-100,true,-0.52
"VPB",141231,"/Date(1702365190000)/",19300,800,4943500,95303000000,-100,true,-0.52
"VPB",141231,"/Date(1702365190000)/",19300,100,4942700,95287000000,-100,true,-0.52
"VPB",141231,"/Date(1702365189000)/",19300,700,4942600,95285000000,-100,true,-0.52
"VPB",141231,"/Date(1702365189000)/",19300,300,4941900,95272000000,-100,true,-0.52
"VPB",141224,"/Date(1702365185000)/",19300,500,4941600,95266000000,-100,false,-0.52
"VPB",141224,"/Date(1702365185000)/",19300,500,4941100,95256000000,-100,false,-0.52
"VPB",141224,"/Date(1702365185000)/",19300,800,4940600,95247000000,-100,false,-0.52
"VPB",141224,"/Date(1702365185000)/",19300,300,4939800,95231000000,-100,false,-0.52
"VPB",141224,"/Date(1702365185000)/",19300,100,4939500,95225000000,-100,false,-0.52
"VPB",141224,"/Date(1702365185000)/",19300,800,4939400,95224000000,-100,false,-0.52
"VPB",141224,"/Date(1702365185000)/",19300,900,4938600,95208000000,-100,false,-0.52
"VPB",141224,"/Date(1702365185000)/",19300,100,4937700,95191000000,-100,false,-0.52
"VPB",141224,"/Date(1702365185000)/",19300,500,4937600,95189000000,-100,false,-0.52
"VPB",141224,"/Date(1702365185000)/",19300,800,4937100,95179000000,-100,false,-0.52
"VPB",141224,"/Date(1702365185000)/",19300,100,4936300,95164000000,-100,false,-0.52
"VPB",141224,"/Date(1702365185000)/",19300,200,4936200,95162000000,-100,false,-0.52
"VPB",141224,"/Date(1702365185000)/",19300,800,4936000,95158000000,-100,false,-0.52
"VPB",141224,"/Date(1702365185000)/",19300,800,4935200,95143000000,-100,false,-0.52
"VPB",141224,"/Date(1702365185000)/",19300,800,4934400,95127000000,-100,false,-0.52
"VPB",141224,"/Date(1702365185000)/",19300,1000,4933600,95112000000,-100,false,-0.52
"VPB",141224,"/Date(1702365185000)/",19300,800,4932600,95092000000,-100,false,-0.52
"VPB",141224,"/Date(1702365185000)/",19300,500,4931800,95077000000,-100,false,-0.52
"VPB",141224,"/Date(1702365185000)/",19300,800,4931300,95067000000,-100,false,-0.52
"VPB",141224,"/Date(1702365185000)/",19300,800,4930500,95052000000,-100,false,-0.52
"VPB",141224,"/Date(1702365185000)/",19300,100,4929700,95036000000,-100,false,-0.52
"VPB",141224,"/Date(1702365185000)/",19300,900,4929600,95034000000,-100,false,-0.52
"VPB",141224,"/Date(1702365185000)/",19300,100,4928700,95017000000,-100,false,-0.52
"VPB",141224,"/Date(1702365185000)/",19300,12000,4928600,95015000000,-100,false,-0.52
"VPB",141224,"/Date(1702365185000)/",19300,7900,4916600,94784000000,-100,false,-0.52
"VPB",141218,"/Date(1702365177000)/",19300,5000,4908700,94631000000,-100,false,-0.52
"VPB",141218,"/Date(1702365177000)/",19300,400,4903700,94535000000,-100,false,-0.52
"VPB",141218,"/Date(1702365177000)/",19300,2000,4903300,94527000000,-100,false,-0.52
"VPB",141218,"/Date(1702365177000)/",19300,100,4901300,94488000000,-100,false,-0.52
"VPB",141218,"/Date(1702365177000)/",19300,400,4901200,94486000000,-100,false,-0.52
"VPB",141218,"/Date(1702365177000)/",19300,2000,4900800,94479000000,-100,false,-0.52
"VPB",141212,"/Date(1702365172000)/",19300,7900,4898800,94440000000,-100,false,-0.52
"VPB",141205,"/Date(1702365164000)/",19300,7900,4890900,94288000000,-100,false,-0.52
"VPB",141156,"/Date(1702365156000)/",19300,100,4883000,94135000000,-100,false,-0.52
"VPB",141156,"/Date(1702365156000)/",19300,7900,4882900,94133000000,-100,false,-0.52
"VPB",141146,"/Date(1702365146000)/",19300,5000,4875000,93981000000,-100,false,-0.52
"VPB",141146,"/Date(1702365145000)/",19300,7900,4870000,93884000000,-100,false,-0.52
"VPB",141143,"/Date(1702365143000)/",19300,3000,4862100,93732000000,-100,false,-0.52
"VPB",141143,"/Date(1702365141000)/",19300,1000,4859100,93674000000,-100,false,-0.52
"VPB",141133,"/Date(1702365132000)/",19300,7900,4858100,93654000000,-100,false,-0.52
"VPB",141127,"/Date(1702365125000)/",19300,8600,4850200,93502000000,-100,false,-0.52
"VPB",141124,"/Date(1702365123000)/",19300,1000,4841600,93336000000,-100,false,-0.52
"VPB",141117,"/Date(1702365117000)/",19300,7900,4840600,93317000000,-100,false,-0.52
"VPB",141105,"/Date(1702365103000)/",19300,7900,4832700,93164000000,-100,false,-0.52
"VPB",141058,"/Date(1702365096000)/",19300,3600,4824800,93012000000,-100,false,-0.52
"VPB",141058,"/Date(1702365096000)/",19300,4300,4821200,92942000000,-100,false,-0.52
"VPB",141055,"/Date(1702365093000)/",19300,900,4816900,92859000000,-100,false,-0.52
"VPB",141052,"/Date(1702365091000)/",19300,3200,4816000,92842000000,-100,false,-0.52
"VPB",141052,"/Date(1702365091000)/",19300,300,4812800,92780000000,-100,false,-0.52
"VPB",141052,"/Date(1702365091000)/",19300,900,4812500,92774000000,-100,false,-0.52
"VPB",141052,"/Date(1702365091000)/",19300,100,4811600,92757000000,-100,false,-0.52
"VPB",141052,"/Date(1702365091000)/",19300,700,4811500,92755000000,-100,false,-0.52
"VPB",141052,"/Date(1702365091000)/",19300,200,4810800,92742000000,-100,false,-0.52
"VPB",141052,"/Date(1702365091000)/",19300,100,4810600,92738000000,-100,false,-0.52
"VPB",141052,"/Date(1702365091000)/",19300,200,4810500,92736000000,-100,false,-0.52
"VPB",141052,"/Date(1702365091000)/",19300,1000,4810300,92732000000,-100,false,-0.52
"VPB",141052,"/Date(1702365091000)/",19300,1200,4809300,92713000000,-100,false,-0.52
"VPB",141039,"/Date(1702365079000)/",19300,2300,4808100,92689000000,-100,false,-0.52
"VPB",141039,"/Date(1702365079000)/",19300,1200,4805800,92645000000,-100,false,-0.52
"VPB",141039,"/Date(1702365079000)/",19300,800,4804600,92622000000,-100,false,-0.52
"VPB",141039,"/Date(1702365079000)/",19300,2000,4803800,92606000000,-100,false,-0.52
"VPB",141039,"/Date(1702365079000)/",19300,1600,4801800,92568000000,-100,false,-0.52
"VPB",141026,"/Date(1702365067000)/",19300,7900,4800200,92537000000,-100,false,-0.52
"VPB",141017,"/Date(1702365055000)/",19300,4200,4792300,92385000000,-100,false,-0.52
"VPB",141017,"/Date(1702365055000)/",19300,300,4788100,92303000000,-100,false,-0.52
"VPB",141017,"/Date(1702365055000)/",19300,2000,4787800,92298000000,-100,false,-0.52
"VPB",141017,"/Date(1702365055000)/",19300,1400,4785800,92259000000,-100,false,-0.52
"VPB",141007,"/Date(1702365045000)/",19300,1000,4784400,92232000000,-100,false,-0.52
"VPB",141004,"/Date(1702365044000)/",19300,5100,4783400,92213000000,-100,false,-0.52
"VPB",141004,"/Date(1702365044000)/",19300,100,4778300,92114000000,-100,false,-0.52
"VPB",141004,"/Date(1702365044000)/",19300,2700,4778200,92112000000,-100,false,-0.52
"VPB",141004,"/Date(1702365043000)/",19250,300,4775500,92060000000,-150,true,-0.77
"VPB",141001,"/Date(1702365039000)/",19250,700,4775200,92055000000,-150,true,-0.77
"VPB",140954,"/Date(1702365034000)/",19250,100,4774500,92041000000,-150,true,-0.77
"VPB",140906,"/Date(1702364987000)/",19250,100,4774400,92039000000,-150,true,-0.77
"VPB",140906,"/Date(1702364986000)/",19250,1000,4774300,92037000000,-150,true,-0.77
"VPB",140906,"/Date(1702364985000)/",19250,4800,4773300,92018000000,-150,true,-0.77
"VPB",140906,"/Date(1702364985000)/",19250,2000,4768500,91926000000,-150,true,-0.77
"VPB",140906,"/Date(1702364985000)/",19250,1000,4766500,91887000000,-150,true,-0.77
"VPB",140906,"/Date(1702364985000)/",19250,100,4765500,91868000000,-150,true,-0.77
"VPB",140906,"/Date(1702364985000)/",19250,900,4765400,91866000000,-150,true,-0.77
"VPB",140906,"/Date(1702364985000)/",19250,700,4764500,91849000000,-150,true,-0.77
"VPB",140831,"/Date(1702364950000)/",19300,100,4763800,91835000000,-100,false,-0.52
"VPB",140812,"/Date(1702364931000)/",19250,100,4763700,91833000000,-150,true,-0.77
"VPB",140806,"/Date(1702364925000)/",19300,500,4763600,91831000000,-100,false,-0.52
"VPB",140806,"/Date(1702364925000)/",19300,100,4763100,91822000000,-100,false,-0.52
"VPB",140806,"/Date(1702364925000)/",19300,400,4763000,91820000000,-100,false,-0.52
"VPB",140721,"/Date(1702364880000)/",19250,100,4762600,91812000000,-150,true,-0.77
"VPB",140652,"/Date(1702364852000)/",19300,100,4762500,91810000000,-100,false,-0.52
"VPB",140652,"/Date(1702364852000)/",19300,800,4762400,91808000000,-100,false,-0.52
"VPB",140642,"/Date(1702364843000)/",19300,100,4761600,91793000000,-100,false,-0.52
"VPB",140639,"/Date(1702364838000)/",19300,100,4761500,91791000000,-100,false,-0.52
"VPB",140639,"/Date(1702364838000)/",19300,100,4761400,91789000000,-100,false,-0.52
"VPB",140639,"/Date(1702364838000)/",19300,100,4761300,91787000000,-100,false,-0.52
"VPB",140636,"/Date(1702364834000)/",19300,1900,4761200,91785000000,-100,false,-0.52
"VPB",140636,"/Date(1702364834000)/",19300,500,4759300,91748000000,-100,false,-0.52
"VPB",140636,"/Date(1702364834000)/",19300,500,4758800,91739000000,-100,false,-0.52
"VPB",140610,"/Date(1702364811000)/",19250,100,4758300,91729000000,-150,true,-0.77
"VPB",140610,"/Date(1702364810000)/",19250,1700,4758200,91727000000,-150,true,-0.77
"VPB",140604,"/Date(1702364804000)/",19300,1000,4756500,91694000000,-100,false,-0.52
"VPB",140516,"/Date(1702364757000)/",19300,1000,4755500,91675000000,-100,false,-0.52
"VPB",140513,"/Date(1702364751000)/",19300,100,4754500,91656000000,-100,false,-0.52
"VPB",140506,"/Date(1702364746000)/",19250,300,4754400,91654000000,-150,true,-0.77
"VPB",140447,"/Date(1702364727000)/",19250,200,4754100,91648000000,-150,true,-0.77
"VPB",140447,"/Date(1702364726000)/",19250,2000,4753900,91644000000,-150,true,-0.77
"VPB",140447,"/Date(1702364725000)/",19250,4800,4751900,91606000000,-150,true,-0.77
"VPB",140447,"/Date(1702364725000)/",19250,2000,4747100,91513000000,-150,true,-0.77
"VPB",140447,"/Date(1702364725000)/",19250,10000,4745100,91475000000,-150,true,-0.77
"VPB",140447,"/Date(1702364725000)/",19250,1700,4735100,91282000000,-150,true,-0.77
"VPB",140422,"/Date(1702364700000)/",19250,100,4733400,91249000000,-150,true,-0.77
"VPB",140419,"/Date(1702364699000)/",19250,200,4733300,91248000000,-150,true,-0.77
"VPB",140419,"/Date(1702364699000)/",19250,800,4733100,91244000000,-150,true,-0.77
"VPB",140302,"/Date(1702364622000)/",19250,200,4732300,91228000000,-150,true,-0.77
"VPB",140302,"/Date(1702364622000)/",19250,100,4732100,91224000000,-150,true,-0.77
"VPB",140302,"/Date(1702364621000)/",19250,500,4732000,91223000000,-150,true,-0.77
"VPB",140302,"/Date(1702364621000)/",19250,100,4731500,91213000000,-150,true,-0.77
"VPB",140302,"/Date(1702364621000)/",19250,2000,4731400,91211000000,-150,true,-0.77
"VPB",140302,"/Date(1702364621000)/",19250,100,4729400,91172000000,-150,true,-0.77
"VPB",140302,"/Date(1702364621000)/",19250,300,4729300,91171000000,-150,true,-0.77
"VPB",140252,"/Date(1702364612000)/",19300,300,4729000,91165000000,-100,false,-0.52
"VPB",140252,"/Date(1702364612000)/",19300,900,4728700,91159000000,-100,false,-0.52
"VPB",140239,"/Date(1702364599000)/",19300,100,4727800,91142000000,-100,false,-0.52
"VPB",140204,"/Date(1702364562000)/",19250,700,4727700,91140000000,-150,true,-0.77
"VPB",140204,"/Date(1702364562000)/",19250,100,4727000,91126000000,-150,true,-0.77
"VPB",140204,"/Date(1702364561000)/",19250,7900,4726900,91124000000,-150,true,-0.77
"VPB",140148,"/Date(1702364546000)/",19250,900,4719000,90972000000,-150,true,-0.77
"VPB",140145,"/Date(1702364544000)/",19250,9000,4718100,90955000000,-150,true,-0.77
"VPB",140142,"/Date(1702364540000)/",19300,200,4709100,90782000000,-100,false,-0.52
"VPB",140129,"/Date(1702364529000)/",19250,100,4708900,90778000000,-150,true,-0.77
"VPB",140129,"/Date(1702364528000)/",19250,1500,4708800,90776000000,-150,true,-0.77
"VPB",140116,"/Date(1702364515000)/",19300,1000,4707300,90747000000,-100,false,-0.52
"VPB",140028,"/Date(1702364467000)/",19300,1000,4706300,90728000000,-100,false,-0.52
"VPB",135940,"/Date(1702364419000)/",19300,1000,4705300,90708000000,-100,false,-0.52
"VPB",135937,"/Date(1702364414000)/",19300,400,4704300,90689000000,-100,false,-0.52
"VPB",135937,"/Date(1702364414000)/",19300,400,4703900,90681000000,-100,false,-0.52
"VPB",135918,"/Date(1702364396000)/",19250,200,4703500,90674000000,-150,true,-0.77
"VPB",135915,"/Date(1702364395000)/",19250,300,4703300,90670000000,-150,true,-0.77
"VPB",135915,"/Date(1702364395000)/",19250,300,4703000,90664000000,-150,true,-0.77
"VPB",135915,"/Date(1702364395000)/",19250,600,4702700,90658000000,-150,true,-0.77
"VPB",135915,"/Date(1702364395000)/",19250,100,4702100,90647000000,-150,true,-0.77
"VPB",135915,"/Date(1702364395000)/",19250,1000,4702000,90645000000,-150,true,-0.77
"VPB",135915,"/Date(1702364394000)/",19250,4000,4701000,90626000000,-150,true,-0.77
"VPB",135915,"/Date(1702364394000)/",19250,200,4697000,90549000000,-150,true,-0.77
"VPB",135915,"/Date(1702364394000)/",19250,1000,4696800,90545000000,-150,true,-0.77
"VPB",135915,"/Date(1702364394000)/",19250,500,4695800,90525000000,-150,true,-0.77
"VPB",135915,"/Date(1702364394000)/",19250,900,4695300,90516000000,-150,true,-0.77
"VPB",135915,"/Date(1702364394000)/",19250,300,4694400,90498000000,-150,true,-0.77
"VPB",135915,"/Date(1702364394000)/",19250,500,4694100,90493000000,-150,true,-0.77
"VPB",135915,"/Date(1702364394000)/",19250,700,4693600,90483000000,-150,true,-0.77
"VPB",135915,"/Date(1702364394000)/",19250,13200,4692900,90470000000,-150,true,-0.77
"VPB",135915,"/Date(1702364392000)/",19300,300,4679700,90216000000,-100,false,-0.52
"VPB",135911,"/Date(1702364390000)/",19300,300,4679400,90210000000,-100,false,-0.52
"VPB",135911,"/Date(1702364389000)/",19250,100,4679100,90204000000,-150,true,-0.77
"VPB",135908,"/Date(1702364388000)/",19250,1000,4679000,90202000000,-150,true,-0.77
"VPB",135852,"/Date(1702364370000)/",19300,900,4678000,90183000000,-100,false,-0.52
"VPB",135849,"/Date(1702364368000)/",19300,300,4677100,90165000000,-100,false,-0.52
"VPB",135833,"/Date(1702364352000)/",19250,200,4676800,90160000000,-150,true,-0.77
"VPB",135833,"/Date(1702364350000)/",19250,700,4676600,90156000000,-150,true,-0.77
"VPB",135833,"/Date(1702364350000)/",19250,500,4675900,90142000000,-150,true,-0.77
"VPB",135833,"/Date(1702364350000)/",19250,1000,4675400,90133000000,-150,true,-0.77
"VPB",135833,"/Date(1702364350000)/",19250,400,4674400,90113000000,-150,true,-0.77
"VPB",135830,"/Date(1702364349000)/",19250,4600,4674000,90106000000,-150,true,-0.77
"VPB",135830,"/Date(1702364349000)/",19250,100,4669400,90017000000,-150,true,-0.77
"VPB",135830,"/Date(1702364349000)/",19250,100,4669300,90015000000,-150,true,-0.77
"VPB",135830,"/Date(1702364349000)/",19250,1000,4669200,90013000000,-150,true,-0.77
"VPB",135830,"/Date(1702364349000)/",19250,500,4668200,89994000000,-150,true,-0.77
"VPB",135830,"/Date(1702364349000)/",19250,100,4667700,89984000000,-150,true,-0.77
"VPB",135830,"/Date(1702364349000)/",19250,400,4667600,89982000000,-150,true,-0.77
"VPB",135830,"/Date(1702364349000)/",19250,5000,4667200,89975000000,-150,true,-0.77
"VPB",135830,"/Date(1702364349000)/",19250,100,4662200,89879000000,-150,true,-0.77
"VPB",135830,"/Date(1702364349000)/",19250,500,4662100,89877000000,-150,true,-0.77
"VPB",135830,"/Date(1702364349000)/",19250,100,4661600,89867000000,-150,true,-0.77
"VPB",135830,"/Date(1702364349000)/",19250,100,4661500,89865000000,-150,true,-0.77
"VPB",135830,"/Date(1702364349000)/",19250,100,4661400,89863000000,-150,true,-0.77
"VPB",135830,"/Date(1702364349000)/",19250,1000,4661300,89861000000,-150,true,-0.77
"VPB",135830,"/Date(1702364349000)/",19250,600,4660300,89842000000,-150,true,-0.77
"VPB",135830,"/Date(1702364349000)/",19250,200,4659700,89830000000,-150,true,-0.77
"VPB",135830,"/Date(1702364349000)/",19250,300,4659500,89827000000,-150,true,-0.77
"VPB",135830,"/Date(1702364349000)/",19250,100,4659200,89821000000,-150,true,-0.77
"VPB",135830,"/Date(1702364349000)/",19250,1000,4659100,89819000000,-150,true,-0.77
"VPB",135830,"/Date(1702364349000)/",19250,1000,4658100,89800000000,-150,true,-0.77
"VPB",135830,"/Date(1702364349000)/",19250,100,4657100,89780000000,-150,true,-0.77
"VPB",135830,"/Date(1702364349000)/",19250,100,4657000,89778000000,-150,true,-0.77
"VPB",135830,"/Date(1702364349000)/",19250,100,4656900,89777000000,-150,true,-0.77
"VPB",135830,"/Date(1702364349000)/",19250,1000,4656800,89775000000,-150,true,-0.77
"VPB",135830,"/Date(1702364349000)/",19250,1000,4655800,89755000000,-150,true,-0.77
"VPB",135830,"/Date(1702364349000)/",19250,500,4654800,89736000000,-150,true,-0.77
"VPB",135830,"/Date(1702364349000)/",19250,4000,4654300,89726000000,-150,true,-0.77
"VPB",135830,"/Date(1702364349000)/",19250,800,4650300,89649000000,-150,true,-0.77
"VPB",135830,"/Date(1702364348000)/",19250,200,4649500,89634000000,-150,true,-0.77
"VPB",135830,"/Date(1702364348000)/",19250,1000,4649300,89630000000,-150,true,-0.77
"VPB",135830,"/Date(1702364348000)/",19250,200,4648300,89611000000,-150,true,-0.77
"VPB",135830,"/Date(1702364348000)/",19250,1000,4648100,89607000000,-150,true,-0.77
"VPB",135830,"/Date(1702364348000)/",19250,1000,4647100,89588000000,-150,true,-0.77
"VPB",135830,"/Date(1702364348000)/",19250,200,4646100,89569000000,-150,true,-0.77
"VPB",135830,"/Date(1702364348000)/",19250,400,4645900,89565000000,-150,true,-0.77
"VPB",135830,"/Date(1702364348000)/",19250,1000,4645500,89557000000,-150,true,-0.77
"VPB",135830,"/Date(1702364348000)/",19250,200,4644500,89538000000,-150,true,-0.77
"VPB",135830,"/Date(1702364348000)/",19250,300,4644300,89534000000,-150,true,-0.77
"VPB",135830,"/Date(1702364348000)/",19250,500,4644000,89528000000,-150,true,-0.77
"VPB",135830,"/Date(1702364348000)/",19250,100,4643500,89519000000,-150,true,-0.77
"VPB",135830,"/Date(1702364348000)/",19250,900,4643400,89517000000,-150,true,-0.77
"VPB",135830,"/Date(1702364348000)/",19250,200,4642500,89499000000,-150,true,-0.77
"VPB",135830,"/Date(1702364348000)/",19250,700,4642300,89495000000,-150,true,-0.77
"VPB",135827,"/Date(1702364345000)/",19300,100,4641600,89482000000,-100,false,-0.52
"VPB",135824,"/Date(1702364341000)/",19300,100,4641500,89480000000,-100,false,-0.52
"VPB",135820,"/Date(1702364339000)/",19300,100,4641400,89478000000,-100,true,-0.52
"VPB",135820,"/Date(1702364339000)/",19300,500,4641300,89476000000,-100,true,-0.52
"VPB",135817,"/Date(1702364335000)/",19300,400,4640800,89467000000,-100,true,-0.52
"VPB",135814,"/Date(1702364333000)/",19300,100,4640400,89459000000,-100,true,-0.52
"VPB",135814,"/Date(1702364333000)/",19300,1000,4640300,89457000000,-100,true,-0.52
"VPB",135814,"/Date(1702364333000)/",19300,1000,4639300,89438000000,-100,true,-0.52
"VPB",135814,"/Date(1702364333000)/",19300,1800,4638300,89418000000,-100,true,-0.52
"VPB",135814,"/Date(1702364332000)/",19300,200,4636500,89384000000,-100,true,-0.52
"VPB",135814,"/Date(1702364331000)/",19300,2000,4636300,89380000000,-100,true,-0.52
"VPB",135814,"/Date(1702364331000)/",19300,100,4634300,89341000000,-100,true,-0.52
"VPB",135804,"/Date(1702364324000)/",19300,100,4634200,89339000000,-100,true,-0.52
"VPB",135804,"/Date(1702364323000)/",19300,800,4634100,89337000000,-100,true,-0.52
"VPB",135804,"/Date(1702364323000)/",19300,400,4633300,89322000000,-100,true,-0.52
"VPB",135736,"/Date(1702364293000)/",19300,900,4632900,89314000000,-100,true,-0.52
"VPB",135657,"/Date(1702364257000)/",19300,100,4632000,89297000000,-100,true,-0.52
"VPB",135657,"/Date(1702364255000)/",19300,1000,4631900,89295000000,-100,true,-0.52
"VPB",135654,"/Date(1702364253000)/",19300,700,4630900,89275000000,-100,false,-0.52
"VPB",135654,"/Date(1702364252000)/",19300,100,4630200,89262000000,-100,false,-0.52
"VPB",135654,"/Date(1702364252000)/",19300,200,4630100,89260000000,-100,false,-0.52
"VPB",135654,"/Date(1702364252000)/",19300,6600,4629900,89256000000,-100,false,-0.52
"VPB",135641,"/Date(1702364241000)/",19300,100,4623300,89129000000,-100,false,-0.52
"VPB",135628,"/Date(1702364226000)/",19300,1000,4623200,89127000000,-100,false,-0.52
"VPB",135619,"/Date(1702364218000)/",19300,200,4622200,89108000000,-100,false,-0.52
"VPB",135612,"/Date(1702364212000)/",19300,100,4622000,89104000000,-100,true,-0.52
"VPB",135612,"/Date(1702364212000)/",19300,2000,4621900,89102000000,-100,true,-0.52
"VPB",135609,"/Date(1702364208000)/",19300,100,4619900,89063000000,-100,true,-0.52
"VPB",135609,"/Date(1702364207000)/",19300,800,4619800,89061000000,-100,true,-0.52
"VPB",135609,"/Date(1702364207000)/",19300,200,4619000,89046000000,-100,true,-0.52
"VPB",135609,"/Date(1702364207000)/",19300,100,4618800,89042000000,-100,true,-0.52
"VPB",135603,"/Date(1702364201000)/",19300,100,4618700,89040000000,-100,false,-0.52
"VPB",135557,"/Date(1702364194000)/",19300,100,4618600,89038000000,-100,false,-0.52
"VPB",135557,"/Date(1702364194000)/",19300,100,4618500,89036000000,-100,false,-0.52
"VPB",135557,"/Date(1702364194000)/",19300,200,4618400,89034000000,-100,false,-0.52
"VPB",135557,"/Date(1702364194000)/",19300,200,4618200,89030000000,-100,false,-0.52
"VPB",135557,"/Date(1702364194000)/",19300,500,4618000,89027000000,-100,false,-0.52
"VPB",135557,"/Date(1702364194000)/",19300,100,4617500,89017000000,-100,false,-0.52
"VPB",135557,"/Date(1702364194000)/",19300,100,4617400,89015000000,-100,false,-0.52
"VPB",135557,"/Date(1702364194000)/",19300,6700,4617300,89013000000,-100,false,-0.52
"VPB",135550,"/Date(1702364190000)/",19300,300,4610600,88884000000,-100,false,-0.52
"VPB",135544,"/Date(1702364181000)/",19300,500,4610300,88878000000,-100,false,-0.52
"VPB",135544,"/Date(1702364181000)/",19300,200,4609800,88868000000,-100,false,-0.52
"VPB",135544,"/Date(1702364181000)/",19300,3800,4609600,88864000000,-100,false,-0.52
"VPB",135541,"/Date(1702364180000)/",19300,300,4605800,88791000000,-100,false,-0.52
"VPB",135541,"/Date(1702364179000)/",19300,900,4605500,88785000000,-100,false,-0.52
"VPB",135541,"/Date(1702364177000)/",19300,100,4604600,88768000000,-100,false,-0.52
"VPB",135537,"/Date(1702364175000)/",19300,1000,4604500,88766000000,-100,false,-0.52
"VPB",135515,"/Date(1702364153000)/",19300,1000,4603500,88747000000,-100,false,-0.52
"VPB",135509,"/Date(1702364147000)/",19300,300,4602500,88727000000,-100,false,-0.52
"VPB",135509,"/Date(1702364146000)/",19300,2000,4602200,88722000000,-100,false,-0.52
"VPB",135506,"/Date(1702364143000)/",19300,500,4600200,88683000000,-100,false,-0.52
"VPB",135453,"/Date(1702364131000)/",19300,1100,4599700,88673000000,-100,false,-0.52
"VPB",135453,"/Date(1702364131000)/",19300,100,4598600,88652000000,-100,false,-0.52
"VPB",135453,"/Date(1702364131000)/",19300,200,4598500,88650000000,-100,false,-0.52
"VPB",135453,"/Date(1702364131000)/",19300,1000,4598300,88646000000,-100,false,-0.52
"VPB",135453,"/Date(1702364131000)/",19300,100,4597300,88627000000,-100,false,-0.52
"VPB",135453,"/Date(1702364131000)/",19300,2500,4597200,88625000000,-100,false,-0.52
"VPB",135453,"/Date(1702364129000)/",19300,1000,4594700,88577000000,-100,false,-0.52
"VPB",135424,"/Date(1702364103000)/",19300,100,4593700,88558000000,-100,false,-0.52
"VPB",135418,"/Date(1702364096000)/",19300,300,4593600,88556000000,-100,false,-0.52
"VPB",135405,"/Date(1702364082000)/",19300,200,4593300,88550000000,-100,false,-0.52
"VPB",135405,"/Date(1702364081000)/",19300,900,4593100,88546000000,-100,false,-0.52
"VPB",135405,"/Date(1702364081000)/",19300,100,4592200,88529000000,-100,false,-0.52
"VPB",135402,"/Date(1702364080000)/",19300,2500,4592100,88527000000,-100,false,-0.52
"VPB",135349,"/Date(1702364067000)/",19300,100,4589600,88478000000,-100,false,-0.52
"VPB",135330,"/Date(1702364047000)/",19300,500,4589500,88476000000,-100,false,-0.52
"VPB",135327,"/Date(1702364045000)/",19300,16800,4589000,88467000000,-100,false,-0.52
"VPB",135327,"/Date(1702364045000)/",19300,1000,4572200,88143000000,-100,false,-0.52
"VPB",135327,"/Date(1702364045000)/",19300,200,4571200,88123000000,-100,false,-0.52
"VPB",135327,"/Date(1702364045000)/",19300,100,4571000,88119000000,-100,false,-0.52
"VPB",135327,"/Date(1702364045000)/",19300,100,4570900,88117000000,-100,false,-0.52
"VPB",135327,"/Date(1702364045000)/",19300,2600,4570800,88116000000,-100,false,-0.52
"VPB",135327,"/Date(1702364045000)/",19300,300,4568200,88065000000,-100,false,-0.52
"VPB",135327,"/Date(1702364045000)/",19300,48000,4567900,88060000000,-100,false,-0.52
"VPB",135327,"/Date(1702364045000)/",19300,8000,4519900,87133000000,-100,false,-0.52
"VPB",135327,"/Date(1702364045000)/",19300,1200,4511900,86979000000,-100,false,-0.52
"VPB",135327,"/Date(1702364045000)/",19300,21700,4510700,86956000000,-100,false,-0.52
"VPB",135327,"/Date(1702364044000)/",19300,100,4489000,86537000000,-100,false,-0.52
"VPB",135317,"/Date(1702364033000)/",19300,1000,4488900,86535000000,-100,false,-0.52
"VPB",135313,"/Date(1702364030000)/",19300,600,4487900,86516000000,-100,false,-0.52
"VPB",135301,"/Date(1702364018000)/",19300,2000,4487300,86504000000,-100,false,-0.52
"VPB",135254,"/Date(1702364012000)/",19300,300,4485300,86465000000,-100,false,-0.52
"VPB",135251,"/Date(1702364009000)/",19300,200,4485000,86460000000,-100,false,-0.52
"VPB",135251,"/Date(1702364008000)/",19300,300,4484800,86456000000,-100,false,-0.52
"VPB",135229,"/Date(1702363985000)/",19300,1000,4484500,86450000000,-100,false,-0.52
"VPB",135209,"/Date(1702363968000)/",19300,100,4483500,86431000000,-100,false,-0.52
"VPB",135150,"/Date(1702363948000)/",19300,100,4483400,86429000000,-100,false,-0.52
"VPB",135147,"/Date(1702363945000)/",19300,100,4483300,86427000000,-100,false,-0.52
"VPB",135144,"/Date(1702363942000)/",19300,100,4483200,86425000000,-100,false,-0.52
"VPB",135141,"/Date(1702363940000)/",19300,100,4483100,86423000000,-100,false,-0.52
"VPB",135141,"/Date(1702363937000)/",19300,900,4483000,86421000000,-100,false,-0.52
"VPB",135138,"/Date(1702363937000)/",19300,100,4482100,86404000000,-100,false,-0.52
"VPB",135138,"/Date(1702363934000)/",19300,100,4482000,86402000000,-100,false,-0.52
"VPB",135134,"/Date(1702363931000)/",19300,100,4481900,86400000000,-100,false,-0.52
"VPB",135131,"/Date(1702363928000)/",19300,100,4481800,86398000000,-100,false,-0.52
"VPB",135131,"/Date(1702363928000)/",19300,100,4481700,86396000000,-100,false,-0.52
"VPB",135128,"/Date(1702363925000)/",19300,100,4481600,86394000000,-100,false,-0.52
"VPB",135125,"/Date(1702363923000)/",19300,100,4481500,86392000000,-100,false,-0.52
"VPB",135115,"/Date(1702363914000)/",19300,200,4481400,86390000000,-100,false,-0.52
"VPB",135109,"/Date(1702363907000)/",19300,500,4481200,86386000000,-100,false,-0.52
"VPB",135109,"/Date(1702363905000)/",19300,2000,4480700,86377000000,-100,false,-0.52
"VPB",135053,"/Date(1702363890000)/",19300,1000,4478700,86338000000,-100,false,-0.52
"VPB",135047,"/Date(1702363885000)/",19300,1700,4477700,86319000000,-100,false,-0.52
"VPB",135034,"/Date(1702363873000)/",19300,100,4476000,86286000000,-100,false,-0.52
"VPB",135024,"/Date(1702363861000)/",19300,200,4475900,86284000000,-100,false,-0.52
"VPB",135002,"/Date(1702363840000)/",19350,1000,4475700,86280000000,-50,false,-0.26
"VPB",134955,"/Date(1702363834000)/",19350,3100,4474700,86261000000,-50,false,-0.26
"VPB",134949,"/Date(1702363826000)/",19250,200,4471600,86201000000,-150,true,-0.77
"VPB",134914,"/Date(1702363792000)/",19350,1000,4471400,86197000000,-50,false,-0.26
"VPB",134845,"/Date(1702363762000)/",19350,5000,4470400,86178000000,-50,false,-0.26
"VPB",134845,"/Date(1702363762000)/",19350,100,4465400,86081000000,-50,false,-0.26
"VPB",134845,"/Date(1702363762000)/",19350,2200,4465300,86079000000,-50,false,-0.26
"VPB",134845,"/Date(1702363762000)/",19300,100,4463100,86036000000,-100,false,-0.52
"VPB",134845,"/Date(1702363762000)/",19300,500,4463000,86034000000,-100,false,-0.52
"VPB",134842,"/Date(1702363760000)/",19300,200,4462500,86025000000,-100,false,-0.52
"VPB",134839,"/Date(1702363757000)/",19300,100,4462300,86021000000,-100,false,-0.52
"VPB",134839,"/Date(1702363757000)/",19300,100,4462200,86019000000,-100,false,-0.52
"VPB",134839,"/Date(1702363757000)/",19300,800,4462100,86017000000,-100,false,-0.52
"VPB",134832,"/Date(1702363750000)/",19300,1000,4461300,86002000000,-100,false,-0.52
"VPB",134832,"/Date(1702363750000)/",19300,800,4460300,85982000000,-100,false,-0.52
"VPB",134832,"/Date(1702363750000)/",19300,100,4459500,85967000000,-100,false,-0.52
"VPB",134832,"/Date(1702363750000)/",19300,5500,4459400,85965000000,-100,false,-0.52
"VPB",134832,"/Date(1702363750000)/",19300,500,4453900,85859000000,-100,false,-0.52
"VPB",134826,"/Date(1702363745000)/",19250,200,4453400,85849000000,-150,true,-0.77
"VPB",134826,"/Date(1702363744000)/",19250,2000,4453200,85845000000,-150,true,-0.77
"VPB",134823,"/Date(1702363739000)/",19300,300,4451200,85807000000,-100,false,-0.52
"VPB",134823,"/Date(1702363739000)/",19300,100,4450900,85801000000,-100,false,-0.52
"VPB",134823,"/Date(1702363739000)/",19300,600,4450800,85799000000,-100,false,-0.52
"VPB",134820,"/Date(1702363739000)/",19300,100,4450200,85787000000,-100,false,-0.52
"VPB",134820,"/Date(1702363735000)/",19300,100,4450100,85786000000,-100,false,-0.52
"VPB",134820,"/Date(1702363735000)/",19300,800,4450000,85784000000,-100,false,-0.52
"VPB",134820,"/Date(1702363735000)/",19300,800,4449200,85768000000,-100,false,-0.52
"VPB",134816,"/Date(1702363735000)/",19300,300,4448400,85753000000,-100,false,-0.52
"VPB",134816,"/Date(1702363735000)/",19300,200,4448100,85747000000,-100,false,-0.52
"VPB",134816,"/Date(1702363735000)/",19300,100,4447900,85743000000,-100,false,-0.52
"VPB",134816,"/Date(1702363735000)/",19300,600,4447800,85741000000,-100,false,-0.52
"VPB",134816,"/Date(1702363735000)/",19300,100,4447200,85730000000,-100,false,-0.52
"VPB",134816,"/Date(1702363735000)/",19300,100,4447100,85728000000,-100,false,-0.52
"VPB",134816,"/Date(1702363735000)/",19300,4800,4447000,85726000000,-100,false,-0.52
"VPB",134816,"/Date(1702363734000)/",19300,600,4442200,85633000000,-100,false,-0.52
"VPB",134813,"/Date(1702363730000)/",19250,900,4441600,85621000000,-150,true,-0.77
"VPB",134810,"/Date(1702363726000)/",19300,4600,4440700,85604000000,-100,false,-0.52
"VPB",134810,"/Date(1702363726000)/",19300,100,4436100,85515000000,-100,false,-0.52
"VPB",134810,"/Date(1702363726000)/",19300,3200,4436000,85513000000,-100,false,-0.52
"VPB",134807,"/Date(1702363725000)/",19300,1000,4432800,85452000000,-100,false,-0.52
"VPB",134807,"/Date(1702363724000)/",19300,300,4431800,85432000000,-100,false,-0.52
"VPB",134807,"/Date(1702363723000)/",19300,35500,4431500,85427000000,-100,false,-0.52
"VPB",134807,"/Date(1702363723000)/",19300,14500,4396000,84741000000,-100,false,-0.52
"VPB",134804,"/Date(1702363721000)/",19300,100,4381500,84462000000,-100,false,-0.52
"VPB",134757,"/Date(1702363716000)/",19300,7900,4381400,84460000000,-100,false,-0.52
"VPB",134754,"/Date(1702363713000)/",19300,100,4373500,84307000000,-100,false,-0.52
"VPB",134751,"/Date(1702363708000)/",19300,1000,4373400,84305000000,-100,false,-0.52
"VPB",134748,"/Date(1702363706000)/",19300,1400,4372400,84286000000,-100,false,-0.52
"VPB",134748,"/Date(1702363706000)/",19300,1000,4371000,84259000000,-100,false,-0.52
"VPB",134748,"/Date(1702363706000)/",19300,200,4370000,84240000000,-100,false,-0.52
"VPB",134748,"/Date(1702363706000)/",19300,100,4369800,84236000000,-100,false,-0.52
"VPB",134748,"/Date(1702363706000)/",19300,5200,4369700,84234000000,-100,false,-0.52
"VPB",134745,"/Date(1702363703000)/",19300,600,4364500,84134000000,-100,false,-0.52
"VPB",134738,"/Date(1702363696000)/",19300,900,4363900,84122000000,-100,false,-0.52
"VPB",134735,"/Date(1702363692000)/",19300,3300,4363000,84105000000,-100,false,-0.52
"VPB",134735,"/Date(1702363692000)/",19300,300,4359700,84041000000,-100,false,-0.52
"VPB",134735,"/Date(1702363692000)/",19300,100,4359400,84035000000,-100,false,-0.52
"VPB",134735,"/Date(1702363692000)/",19300,1200,4359300,84033000000,-100,false,-0.52
"VPB",134735,"/Date(1702363692000)/",19300,3000,4358100,84010000000,-100,false,-0.52
"VPB",134709,"/Date(1702363666000)/",19300,7000,4355100,83952000000,-100,false,-0.52
"VPB",134709,"/Date(1702363666000)/",19300,900,4348100,83817000000,-100,false,-0.52
"VPB",134650,"/Date(1702363648000)/",19300,1000,4347200,83800000000,-100,false,-0.52
"VPB",134609,"/Date(1702363607000)/",19300,100,4346200,83780000000,-100,false,-0.52
"VPB",134609,"/Date(1702363605000)/",19300,1000,4346100,83778000000,-100,false,-0.52
"VPB",134602,"/Date(1702363600000)/",19300,1000,4345100,83759000000,-100,false,-0.52
"VPB",134531,"/Date(1702363569000)/",19300,400,4344100,83740000000,-100,false,-0.52
"VPB",134527,"/Date(1702363563000)/",19300,500,4343700,83732000000,-100,false,-0.52
"VPB",134524,"/Date(1702363560000)/",19300,1000,4343200,83722000000,-100,false,-0.52
"VPB",134508,"/Date(1702363545000)/",19250,200,4342200,83703000000,-150,true,-0.77
"VPB",134508,"/Date(1702363544000)/",19250,2000,4342000,83699000000,-150,true,-0.77
"VPB",134505,"/Date(1702363541000)/",19300,800,4340000,83661000000,-100,false,-0.52
"VPB",134430,"/Date(1702363507000)/",19250,200,4339200,83645000000,-150,true,-0.77
"VPB",134430,"/Date(1702363506000)/",19250,1900,4339000,83641000000,-150,true,-0.77
"VPB",134427,"/Date(1702363504000)/",19250,100,4337100,83605000000,-150,true,-0.77
"VPB",134411,"/Date(1702363489000)/",19250,500,4337000,83603000000,-150,true,-0.77
"VPB",134404,"/Date(1702363481000)/",19250,100,4336500,83593000000,-150,true,-0.77
"VPB",134401,"/Date(1702363480000)/",19250,1500,4336400,83591000000,-150,true,-0.77
"VPB",134355,"/Date(1702363472000)/",19250,200,4334900,83563000000,-150,true,-0.77
"VPB",134355,"/Date(1702363471000)/",19250,300,4334700,83559000000,-150,true,-0.77
"VPB",134352,"/Date(1702363470000)/",19250,2400,4334400,83553000000,-150,true,-0.77
"VPB",134352,"/Date(1702363470000)/",19250,3000,4332000,83507000000,-150,true,-0.77
"VPB",134342,"/Date(1702363461000)/",19250,400,4329000,83449000000,-150,true,-0.77
"VPB",134342,"/Date(1702363460000)/",19250,3700,4328600,83441000000,-150,true,-0.77
"VPB",134336,"/Date(1702363454000)/",19250,100,4324900,83370000000,-150,true,-0.77
"VPB",134336,"/Date(1702363453000)/",19250,1500,4324800,83368000000,-150,true,-0.77
"VPB",134316,"/Date(1702363432000)/",19250,100,4323300,83339000000,-150,true,-0.77
"VPB",134310,"/Date(1702363427000)/",19250,100,4323200,83337000000,-150,true,-0.77
"VPB",134310,"/Date(1702363426000)/",19250,1500,4323100,83335000000,-150,true,-0.77
"VPB",134241,"/Date(1702363400000)/",19250,100,4321600,83307000000,-150,true,-0.77
"VPB",134241,"/Date(1702363399000)/",19250,1500,4321500,83305000000,-150,true,-0.77
"VPB",134216,"/Date(1702363373000)/",19250,100,4320000,83276000000,-150,true,-0.77
"VPB",134216,"/Date(1702363372000)/",19250,1500,4319900,83274000000,-150,true,-0.77
"VPB",134150,"/Date(1702363347000)/",19250,100,4318400,83245000000,-150,true,-0.77
"VPB",134150,"/Date(1702363346000)/",19250,1500,4318300,83243000000,-150,true,-0.77
"VPB",134144,"/Date(1702363342000)/",19250,300,4316800,83214000000,-150,true,-0.77
"VPB",134144,"/Date(1702363341000)/",19250,1100,4316500,83208000000,-150,true,-0.77
"VPB",134144,"/Date(1702363341000)/",19250,2000,4315400,83187000000,-150,true,-0.77
"VPB",134144,"/Date(1702363341000)/",19250,200,4313400,83149000000,-150,true,-0.77
"VPB",134122,"/Date(1702363318000)/",19300,500,4313200,83145000000,-100,false,-0.52
"VPB",134059,"/Date(1702363295000)/",19250,200,4312700,83135000000,-150,true,-0.77
"VPB",134056,"/Date(1702363293000)/",19250,2000,4312500,83131000000,-150,true,-0.77
"VPB",134056,"/Date(1702363293000)/",19250,100,4310500,83093000000,-150,true,-0.77
"VPB",134056,"/Date(1702363292000)/",19250,1500,4310400,83091000000,-150,true,-0.77
"VPB",134027,"/Date(1702363266000)/",19250,100,4308900,83062000000,-150,true,-0.77
"VPB",134027,"/Date(1702363265000)/",19250,1500,4308800,83060000000,-150,true,-0.77
"VPB",134011,"/Date(1702363249000)/",19250,100,4307300,83031000000,-150,true,-0.77
"VPB",134011,"/Date(1702363249000)/",19250,200,4307200,83029000000,-150,true,-0.77
"VPB",134011,"/Date(1702363248000)/",19250,2600,4307000,83025000000,-150,true,-0.77
"VPB",134002,"/Date(1702363239000)/",19250,100,4304400,82975000000,-150,true,-0.77
"VPB",134002,"/Date(1702363238000)/",19250,1400,4304300,82973000000,-150,true,-0.77
"VPB",134002,"/Date(1702363238000)/",19250,100,4302900,82947000000,-150,true,-0.77
"VPB",133936,"/Date(1702363213000)/",19250,100,4302800,82945000000,-150,true,-0.77
"VPB",133936,"/Date(1702363212000)/",19250,1500,4302700,82943000000,-150,true,-0.77
"VPB",133933,"/Date(1702363211000)/",19250,100,4301200,82914000000,-150,true,-0.77
"VPB",133933,"/Date(1702363210000)/",19250,1600,4301100,82912000000,-150,true,-0.77
"VPB",133933,"/Date(1702363209000)/",19250,15000,4299500,82881000000,-150,true,-0.77
"VPB",133927,"/Date(1702363202000)/",19250,300,4284500,82592000000,-150,true,-0.77
"VPB",133908,"/Date(1702363186000)/",19250,100,4284200,82587000000,-150,true,-0.77
"VPB",133908,"/Date(1702363185000)/",19250,1500,4284100,82585000000,-150,true,-0.77
"VPB",133904,"/Date(1702363181000)/",19250,600,4282600,82556000000,-150,true,-0.77
"VPB",133904,"/Date(1702363180000)/",19250,5500,4282000,82544000000,-150,true,-0.77
"VPB",133901,"/Date(1702363179000)/",19250,50000,4276500,82438000000,-150,true,-0.77
"VPB",133842,"/Date(1702363159000)/",19250,100,4226500,81476000000,-150,true,-0.77
"VPB",133842,"/Date(1702363158000)/",19250,1500,4226400,81474000000,-150,true,-0.77
"VPB",133813,"/Date(1702363132000)/",19250,100,4224900,81445000000,-150,true,-0.77
"VPB",133813,"/Date(1702363131000)/",19250,1500,4224800,81443000000,-150,true,-0.77
"VPB",133754,"/Date(1702363110000)/",19250,100,4223300,81414000000,-150,true,-0.77
"VPB",133751,"/Date(1702363108000)/",19250,1000,4223200,81412000000,-150,true,-0.77
"VPB",133732,"/Date(1702363087000)/",19300,200,4222200,81393000000,-100,false,-0.52
"VPB",133729,"/Date(1702363086000)/",19300,300,4222000,81389000000,-100,false,-0.52
"VPB",133725,"/Date(1702363082000)/",19300,300,4221700,81383000000,-100,false,-0.52
"VPB",133725,"/Date(1702363081000)/",19300,400,4221400,81378000000,-100,false,-0.52
"VPB",133722,"/Date(1702363079000)/",19300,300,4221000,81370000000,-100,false,-0.52
"VPB",133719,"/Date(1702363077000)/",19300,1300,4220700,81364000000,-100,false,-0.52
"VPB",133713,"/Date(1702363070000)/",19300,1000,4219400,81339000000,-100,false,-0.52
"VPB",133713,"/Date(1702363070000)/",19300,1000,4218400,81320000000,-100,false,-0.52
"VPB",133713,"/Date(1702363070000)/",19300,1200,4217400,81300000000,-100,false,-0.52
"VPB",133644,"/Date(1702363042000)/",19300,300,4216200,81277000000,-100,false,-0.52
"VPB",133644,"/Date(1702363042000)/",19300,700,4215900,81271000000,-100,false,-0.52
"VPB",133641,"/Date(1702363038000)/",19250,100,4215200,81258000000,-150,true,-0.77
"VPB",133641,"/Date(1702363037000)/",19250,700,4215100,81256000000,-150,true,-0.77
"VPB",133641,"/Date(1702363036000)/",19300,300,4214400,81243000000,-100,false,-0.52
"VPB",133641,"/Date(1702363036000)/",19250,7200,4214100,81237000000,-150,true,-0.77
"VPB",133628,"/Date(1702363025000)/",19250,100,4206900,81098000000,-150,true,-0.77
"VPB",133628,"/Date(1702363024000)/",19250,1500,4206800,81096000000,-150,true,-0.77
"VPB",133622,"/Date(1702363018000)/",19250,100,4205300,81067000000,-150,true,-0.77
"VPB",133602,"/Date(1702362999000)/",19250,200,4205200,81065000000,-150,true,-0.77
"VPB",133602,"/Date(1702362998000)/",19250,2300,4205000,81062000000,-150,true,-0.77
"VPB",133559,"/Date(1702362997000)/",19250,1500,4202700,81017000000,-150,true,-0.77
"VPB",133559,"/Date(1702362997000)/",19250,5600,4201200,80988000000,-150,true,-0.77
"VPB",133559,"/Date(1702362997000)/",19250,1400,4195600,80881000000,-150,true,-0.77
"VPB",133559,"/Date(1702362997000)/",19250,100,4194200,80854000000,-150,true,-0.77
"VPB",133559,"/Date(1702362997000)/",19250,1000,4194100,80852000000,-150,true,-0.77
"VPB",133559,"/Date(1702362997000)/",19250,500,4193100,80833000000,-150,true,-0.77
"VPB",133559,"/Date(1702362997000)/",19250,3000,4192600,80823000000,-150,true,-0.77
"VPB",133559,"/Date(1702362997000)/",19250,100,4189600,80765000000,-150,true,-0.77
"VPB",133559,"/Date(1702362997000)/",19250,1000,4189500,80763000000,-150,true,-0.77
"VPB",133559,"/Date(1702362997000)/",19250,1000,4188500,80744000000,-150,true,-0.77
"VPB",133559,"/Date(1702362997000)/",19250,300,4187500,80725000000,-150,true,-0.77
"VPB",133559,"/Date(1702362997000)/",19250,400,4187200,80719000000,-150,true,-0.77
"VPB",133559,"/Date(1702362997000)/",19250,300,4186800,80711000000,-150,true,-0.77
"VPB",133559,"/Date(1702362997000)/",19250,1000,4186500,80705000000,-150,true,-0.77
"VPB",133559,"/Date(1702362997000)/",19250,100,4185500,80686000000,-150,true,-0.77
"VPB",133559,"/Date(1702362997000)/",19250,100,4185400,80684000000,-150,true,-0.77
"VPB",133559,"/Date(1702362997000)/",19250,1000,4185300,80682000000,-150,true,-0.77
"VPB",133559,"/Date(1702362997000)/",19250,100,4184300,80663000000,-150,true,-0.77
"VPB",133559,"/Date(1702362997000)/",19250,1000,4184200,80661000000,-150,true,-0.77
"VPB",133559,"/Date(1702362997000)/",19250,500,4183200,80642000000,-150,true,-0.77
"VPB",133559,"/Date(1702362997000)/",19250,1500,4182700,80632000000,-150,true,-0.77
"VPB",133534,"/Date(1702362971000)/",19250,100,4181200,80603000000,-150,true,-0.77
"VPB",133534,"/Date(1702362970000)/",19250,1500,4181100,80602000000,-150,true,-0.77
"VPB",133511,"/Date(1702362947000)/",19250,200,4179600,80573000000,-150,true,-0.77
"VPB",133508,"/Date(1702362946000)/",19250,1700,4179400,80569000000,-150,true,-0.77
"VPB",133508,"/Date(1702362946000)/",19250,300,4177700,80536000000,-150,true,-0.77
"VPB",133508,"/Date(1702362945000)/",19250,100,4177400,80530000000,-150,true,-0.77
"VPB",133508,"/Date(1702362944000)/",19250,600,4177300,80528000000,-150,true,-0.77
"VPB",133508,"/Date(1702362944000)/",19250,900,4176700,80517000000,-150,true,-0.77
"VPB",133443,"/Date(1702362918000)/",19250,200,4175800,80499000000,-150,true,-0.77
"VPB",133440,"/Date(1702362917000)/",19250,1500,4175600,80496000000,-150,true,-0.77
"VPB",133440,"/Date(1702362917000)/",19250,400,4174100,80467000000,-150,true,-0.77
"VPB",133440,"/Date(1702362915000)/",19250,1000,4173700,80459000000,-150,true,-0.77
"VPB",133440,"/Date(1702362915000)/",19250,600,4172700,80440000000,-150,true,-0.77
"VPB",133440,"/Date(1702362915000)/",19250,2300,4172100,80428000000,-150,true,-0.77
"VPB",133414,"/Date(1702362889000)/",19300,100,4169800,80384000000,-100,false,-0.52
"VPB",133404,"/Date(1702362880000)/",19300,1000,4169700,80382000000,-100,false,-0.52
"VPB",133404,"/Date(1702362880000)/",19300,1000,4168700,80363000000,-100,false,-0.52
"VPB",133404,"/Date(1702362880000)/",19300,200,4167700,80343000000,-100,false,-0.52
"VPB",133404,"/Date(1702362880000)/",19300,1000,4167500,80340000000,-100,false,-0.52
"VPB",133404,"/Date(1702362880000)/",19300,600,4166500,80320000000,-100,false,-0.52
"VPB",133404,"/Date(1702362880000)/",19300,500,4165900,80309000000,-100,false,-0.52
"VPB",133404,"/Date(1702362880000)/",19300,5400,4165400,80299000000,-100,false,-0.52
"VPB",133348,"/Date(1702362864000)/",19300,100,4160000,80195000000,-100,true,-0.52
"VPB",133345,"/Date(1702362863000)/",19300,1500,4159900,80193000000,-100,true,-0.52
"VPB",133345,"/Date(1702362862000)/",19300,200,4158400,80164000000,-100,true,-0.52
"VPB",133345,"/Date(1702362861000)/",19300,2000,4158200,80160000000,-100,true,-0.52
"VPB",133320,"/Date(1702362837000)/",19300,100,4156200,80122000000,-100,true,-0.52
"VPB",133320,"/Date(1702362836000)/",19300,700,4156100,80120000000,-100,true,-0.52
"VPB",133320,"/Date(1702362836000)/",19300,800,4155400,80106000000,-100,true,-0.52
"VPB",133304,"/Date(1702362821000)/",19300,100,4154600,80091000000,-100,true,-0.52
"VPB",133254,"/Date(1702362810000)/",19300,100,4154500,80089000000,-100,true,-0.52
"VPB",133251,"/Date(1702362809000)/",19300,300,4154400,80087000000,-100,true,-0.52
"VPB",133251,"/Date(1702362809000)/",19300,1000,4154100,80081000000,-100,true,-0.52
"VPB",133251,"/Date(1702362809000)/",19300,200,4153100,80062000000,-100,true,-0.52
"VPB",133242,"/Date(1702362797000)/",19300,100,4152900,80058000000,-100,true,-0.52
"VPB",133238,"/Date(1702362796000)/",19300,200,4152800,80056000000,-100,true,-0.52
"VPB",133238,"/Date(1702362796000)/",19300,800,4152600,80052000000,-100,true,-0.52
"VPB",133229,"/Date(1702362784000)/",19300,100,4151800,80037000000,-100,true,-0.52
"VPB",133226,"/Date(1702362783000)/",19300,1100,4151700,80035000000,-100,true,-0.52
"VPB",133226,"/Date(1702362783000)/",19300,400,4150600,80013000000,-100,true,-0.52
"VPB",133200,"/Date(1702362757000)/",19300,100,4150200,80006000000,-100,true,-0.52
"VPB",133200,"/Date(1702362756000)/",19300,500,4150100,80004000000,-100,true,-0.52
"VPB",133200,"/Date(1702362756000)/",19300,900,4149600,79994000000,-100,true,-0.52
"VPB",133200,"/Date(1702362756000)/",19300,100,4148700,79977000000,-100,true,-0.52
"VPB",133157,"/Date(1702362753000)/",19300,200,4148600,79975000000,-100,true,-0.52
"VPB",133147,"/Date(1702362744000)/",19300,200,4148400,79971000000,-100,true,-0.52
"VPB",133147,"/Date(1702362743000)/",19300,100,4148200,79967000000,-100,true,-0.52
"VPB",133147,"/Date(1702362743000)/",19300,1900,4148100,79965000000,-100,true,-0.52
"VPB",133138,"/Date(1702362734000)/",19300,300,4146200,79929000000,-100,true,-0.52
"VPB",133138,"/Date(1702362733000)/",19350,500,4145900,79923000000,-50,false,-0.26
"VPB",133138,"/Date(1702362733000)/",19300,2800,4145400,79913000000,-100,true,-0.52
"VPB",133138,"/Date(1702362733000)/",19300,500,4142600,79859000000,-100,true,-0.52
"VPB",133138,"/Date(1702362732000)/",19300,1500,4142100,79849000000,-100,true,-0.52
"VPB",133138,"/Date(1702362732000)/",19300,500,4140600,79820000000,-100,true,-0.52
"VPB",133138,"/Date(1702362732000)/",19300,1000,4140100,79811000000,-100,true,-0.52
"VPB",133138,"/Date(1702362732000)/",19300,5000,4139100,79791000000,-100,true,-0.52
"VPB",133138,"/Date(1702362732000)/",19300,3000,4134100,79695000000,-100,true,-0.52
"VPB",133138,"/Date(1702362732000)/",19300,5000,4131100,79637000000,-100,true,-0.52
"VPB",133138,"/Date(1702362732000)/",19300,14000,4126100,79541000000,-100,true,-0.52
"VPB",133134,"/Date(1702362730000)/",19300,100,4112100,79270000000,-100,true,-0.52
"VPB",133131,"/Date(1702362729000)/",19300,1400,4112000,79268000000,-100,true,-0.52
"VPB",133128,"/Date(1702362725000)/",19300,200,4110600,79241000000,-100,true,-0.52
"VPB",133128,"/Date(1702362724000)/",19300,2600,4110400,79238000000,-100,true,-0.52
"VPB",133125,"/Date(1702362723000)/",19300,23700,4107800,79187000000,-100,true,-0.52
"VPB",133106,"/Date(1702362703000)/",19300,100,4084100,78730000000,-100,true,-0.52
"VPB",133106,"/Date(1702362702000)/",19300,1500,4084000,78728000000,-100,true,-0.52
"VPB",133053,"/Date(1702362690000)/",19300,800,4082500,78699000000,-100,true,-0.52
"VPB",133040,"/Date(1702362676000)/",19300,100,4081700,78684000000,-100,true,-0.52
"VPB",133040,"/Date(1702362675000)/",19300,500,4081600,78682000000,-100,true,-0.52
"VPB",133040,"/Date(1702362675000)/",19300,100,4081100,78672000000,-100,true,-0.52
"VPB",133040,"/Date(1702362675000)/",19300,900,4081000,78670000000,-100,true,-0.52
"VPB",133034,"/Date(1702362671000)/",19300,100,4080100,78653000000,-100,true,-0.52
"VPB",133028,"/Date(1702362663000)/",19300,100,4080000,78651000000,-100,false,-0.52
"VPB",133024,"/Date(1702362660000)/",19300,100,4079900,78649000000,-100,false,-0.52
"VPB",133024,"/Date(1702362659000)/",19300,1900,4079800,78647000000,-100,false,-0.52
"VPB",133021,"/Date(1702362658000)/",19300,200,4077900,78610000000,-100,true,-0.52
"VPB",133018,"/Date(1702362654000)/",19300,300,4077700,78606000000,-100,false,-0.52
"VPB",133018,"/Date(1702362653000)/",19300,3100,4077400,78601000000,-100,false,-0.52
"VPB",133015,"/Date(1702362652000)/",19300,1000,4074300,78541000000,-100,false,-0.52
"VPB",133015,"/Date(1702362652000)/",19300,1500,4073300,78522000000,-100,false,-0.52
"VPB",133015,"/Date(1702362652000)/",19300,1000,4071800,78493000000,-100,false,-0.52
"VPB",133015,"/Date(1702362651000)/",19300,2800,4070800,78473000000,-100,false,-0.52
"VPB",133015,"/Date(1702362651000)/",19300,300,4068000,78419000000,-100,false,-0.52
"VPB",133015,"/Date(1702362651000)/",19300,2700,4067700,78413000000,-100,false,-0.52
"VPB",133015,"/Date(1702362651000)/",19300,100,4065000,78361000000,-100,false,-0.52
"VPB",133015,"/Date(1702362651000)/",19300,500,4064900,78359000000,-100,false,-0.52
"VPB",133015,"/Date(1702362651000)/",19300,100,4064400,78350000000,-100,false,-0.52
"VPB",133015,"/Date(1702362651000)/",19300,100,4064300,78348000000,-100,false,-0.52
"VPB",133015,"/Date(1702362651000)/",19300,4400,4064200,78346000000,-100,false,-0.52
"VPB",133015,"/Date(1702362651000)/",19300,1500,4059800,78261000000,-100,false,-0.52
"VPB",133015,"/Date(1702362651000)/",19300,1500,4058300,78232000000,-100,false,-0.52
"VPB",133015,"/Date(1702362651000)/",19300,800,4056800,78203000000,-100,false,-0.52
"VPB",133015,"/Date(1702362651000)/",19300,1500,4056000,78188000000,-100,false,-0.52
"VPB",133015,"/Date(1702362651000)/",19300,1500,4054500,78159000000,-100,false,-0.52
"VPB",133015,"/Date(1702362651000)/",19300,100,4053000,78130000000,-100,false,-0.52
"VPB",133015,"/Date(1702362651000)/",19300,200,4052900,78128000000,-100,false,-0.52
"VPB",133015,"/Date(1702362651000)/",19300,1200,4052700,78124000000,-100,false,-0.52
"VPB",133015,"/Date(1702362651000)/",19300,100,4051500,78101000000,-100,false,-0.52
"VPB",133015,"/Date(1702362651000)/",19300,1500,4051400,78099000000,-100,false,-0.52
"VPB",133015,"/Date(1702362651000)/",19300,1200,4049900,78070000000,-100,false,-0.52
"VPB",133015,"/Date(1702362651000)/",19300,100,4048700,78047000000,-100,false,-0.52
"VPB",133015,"/Date(1702362651000)/",19300,500,4048600,78045000000,-100,false,-0.52
"VPB",133015,"/Date(1702362651000)/",19300,100,4048100,78035000000,-100,false,-0.52
"VPB",133015,"/Date(1702362651000)/",19300,1500,4048000,78033000000,-100,false,-0.52
"VPB",133015,"/Date(1702362651000)/",19300,100,4046500,78004000000,-100,false,-0.52
"VPB",133015,"/Date(1702362651000)/",19300,100,4046400,78002000000,-100,false,-0.52
"VPB",133015,"/Date(1702362651000)/",19300,500,4046300,78000000000,-100,false,-0.52
"VPB",133015,"/Date(1702362649000)/",19300,300,4045800,77991000000,-100,false,-0.52
"VPB",133015,"/Date(1702362649000)/",19300,1000,4045500,77985000000,-100,false,-0.52
"VPB",133015,"/Date(1702362649000)/",19300,100,4044500,77966000000,-100,false,-0.52
"VPB",133015,"/Date(1702362649000)/",19300,1500,4044400,77964000000,-100,false,-0.52
"VPB",133015,"/Date(1702362649000)/",19300,600,4042900,77935000000,-100,false,-0.52
"VPB",133015,"/Date(1702362649000)/",19300,1000,4042300,77923000000,-100,false,-0.52
"VPB",133015,"/Date(1702362649000)/",19300,1500,4041300,77904000000,-100,false,-0.52
"VPB",133015,"/Date(1702362649000)/",19300,100,4039800,77875000000,-100,false,-0.52
"VPB",133015,"/Date(1702362649000)/",19300,1500,4039700,77873000000,-100,false,-0.52
"VPB",133015,"/Date(1702362649000)/",19300,300,4038200,77844000000,-100,false,-0.52
"VPB",133012,"/Date(1702362649000)/",19300,300,4037900,77838000000,-100,false,-0.52
"VPB",133012,"/Date(1702362649000)/",19300,1000,4037600,77833000000,-100,false,-0.52
"VPB",133012,"/Date(1702362647000)/",19300,500,4036600,77813000000,-100,false,-0.52
"VPB",133012,"/Date(1702362647000)/",19300,400,4036100,77804000000,-100,false,-0.52
"VPB",133012,"/Date(1702362647000)/",19300,100,4035700,77796000000,-100,false,-0.52
"VPB",133012,"/Date(1702362647000)/",19300,1500,4035600,77794000000,-100,false,-0.52
"VPB",133012,"/Date(1702362647000)/",19300,1500,4034100,77765000000,-100,false,-0.52
"VPB",133012,"/Date(1702362647000)/",19300,2000,4032600,77736000000,-100,false,-0.52
"VPB",133012,"/Date(1702362647000)/",19300,800,4030600,77697000000,-100,false,-0.52
"VPB",133012,"/Date(1702362647000)/",19300,2700,4029800,77682000000,-100,false,-0.52
"VPB",133012,"/Date(1702362647000)/",19300,500,4027100,77630000000,-100,false,-0.52
"VPB",133012,"/Date(1702362647000)/",19300,4900,4026600,77620000000,-100,false,-0.52
"VPB",133012,"/Date(1702362647000)/",19300,2000,4021700,77526000000,-100,false,-0.52
"VPB",133012,"/Date(1702362647000)/",19300,400,4019700,77487000000,-100,false,-0.52
"VPB",133012,"/Date(1702362647000)/",19300,500,4019300,77479000000,-100,false,-0.52
"VPB",133012,"/Date(1702362647000)/",19300,2200,4018800,77470000000,-100,false,-0.52
"VPB",133012,"/Date(1702362647000)/",19300,100,4016600,77427000000,-100,false,-0.52
"VPB",133012,"/Date(1702362647000)/",19300,200,4016500,77425000000,-100,false,-0.52
"VPB",133012,"/Date(1702362647000)/",19300,900,4016300,77421000000,-100,false,-0.52
"VPB",133012,"/Date(1702362647000)/",19300,400,4015400,77404000000,-100,false,-0.52
"VPB",133012,"/Date(1702362647000)/",19300,300,4015000,77396000000,-100,false,-0.52
"VPB",133012,"/Date(1702362647000)/",19300,13100,4014700,77391000000,-100,false,-0.52
"VPB",133012,"/Date(1702362646000)/",19300,100,4001600,77138000000,-100,false,-0.52
