"id","symbol","truncTime","matchType","matchVol","matchPrice","accumulatedVolume","createdAt","updatedAt"
157028652,"CTF","1702280689","unknown","9200","31100","1262300","2023-12-11T07:45:04.874Z","2023-12-11T07:45:04.874Z"
157016186,"CTF","1702279515","b","5000","31150","1253100","2023-12-11T07:25:29.830Z","2023-12-11T07:25:29.830Z"
157009839,"CTF","1702279336","b","1500","31150","1246600","2023-12-11T07:22:31.852Z","2023-12-11T07:22:31.852Z"
157009625,"CTF","1702279330","b","1300","31150","1246600","2023-12-11T07:22:25.821Z","2023-12-11T07:22:25.821Z"
157009361,"CTF","1702279323","b","1000","31150","1245300","2023-12-11T07:22:17.823Z","2023-12-11T07:22:17.823Z"
157009231,"CTF","1702279320","b","1200","31150","1244300","2023-12-11T07:22:14.814Z","2023-12-11T07:22:14.814Z"
157008901,"CTF","1702279310","b","1000","31150","1241600","2023-12-11T07:22:04.809Z","2023-12-11T07:22:04.809Z"
157008900,"CTF","1702279310","b","500","31100","1241600","2023-12-11T07:22:04.809Z","2023-12-11T07:22:04.809Z"
156973577,"CTF","1702278353","b","500","31100","1241600","2023-12-11T07:06:08.836Z","2023-12-11T07:06:08.836Z"
156973576,"CTF","1702278353","b","1000","31100","1241600","2023-12-11T07:06:08.836Z","2023-12-11T07:06:08.836Z"
156964424,"CTF","1702278010","s","5000","31050","1240100","2023-12-11T07:00:25.782Z","2023-12-11T07:00:25.782Z"
156960658,"CTF","1702277837","b","1000","31000","1235100","2023-12-11T06:57:31.791Z","2023-12-11T06:57:31.791Z"
156956325,"CTF","1702277709","b","5000","31000","1234100","2023-12-11T06:55:24.804Z","2023-12-11T06:55:24.804Z"
156955030,"CTF","1702277671","b","2000","31000","1227100","2023-12-11T06:54:46.787Z","2023-12-11T06:54:46.787Z"
156954858,"CTF","1702277667","b","1000","31000","1227100","2023-12-11T06:54:41.805Z","2023-12-11T06:54:41.805Z"
156952593,"CTF","1702277606","b","1300","31000","1226100","2023-12-11T06:53:40.787Z","2023-12-11T06:53:40.787Z"
156952424,"CTF","1702277602","b","1500","31000","1224800","2023-12-11T06:53:37.801Z","2023-12-11T06:53:37.801Z"
156952208,"CTF","1702277597","s","2700","30800","1223300","2023-12-11T06:53:31.837Z","2023-12-11T06:53:31.837Z"
156952207,"CTF","1702277597","s","100","30800","1223300","2023-12-11T06:53:31.837Z","2023-12-11T06:53:31.837Z"
156952206,"CTF","1702277597","s","4200","30800","1223300","2023-12-11T06:53:31.837Z","2023-12-11T06:53:31.837Z"
156952205,"CTF","1702277597","s","5000","30850","1223300","2023-12-11T06:53:31.837Z","2023-12-11T06:53:31.837Z"
156952064,"CTF","1702277593","b","1200","31000","1211300","2023-12-11T06:53:28.788Z","2023-12-11T06:53:28.788Z"
156951755,"CTF","1702277585","b","2000","31000","1210100","2023-12-11T06:53:20.783Z","2023-12-11T06:53:20.783Z"
156941558,"CTF","1702277406","s","59000","30800","1208100","2023-12-11T06:50:21.799Z","2023-12-11T06:50:21.799Z"
156941223,"CTF","1702277400","s","7000","30800","1149100","2023-12-11T06:50:15.783Z","2023-12-11T06:50:15.783Z"
156941222,"CTF","1702277400","s","17500","30800","1149100","2023-12-11T06:50:15.783Z","2023-12-11T06:50:15.783Z"
156941221,"CTF","1702277400","s","17500","30800","1149100","2023-12-11T06:50:15.783Z","2023-12-11T06:50:15.783Z"
156941220,"CTF","1702277400","s","10000","30800","1149100","2023-12-11T06:50:15.783Z","2023-12-11T06:50:15.783Z"
156941219,"CTF","1702277400","s","3600","30800","1149100","2023-12-11T06:50:15.783Z","2023-12-11T06:50:15.783Z"
156941218,"CTF","1702277400","s","200","30800","1149100","2023-12-11T06:50:15.783Z","2023-12-11T06:50:15.783Z"
156941217,"CTF","1702277400","s","100","30800","1149100","2023-12-11T06:50:15.783Z","2023-12-11T06:50:15.783Z"
156941216,"CTF","1702277400","s","5000","30800","1149100","2023-12-11T06:50:15.783Z","2023-12-11T06:50:15.783Z"
156941215,"CTF","1702277400","s","200","30800","1149100","2023-12-11T06:50:15.783Z","2023-12-11T06:50:15.783Z"
156941214,"CTF","1702277400","s","4500","30800","1149100","2023-12-11T06:50:15.783Z","2023-12-11T06:50:15.783Z"
156941213,"CTF","1702277400","s","200","30850","1149100","2023-12-11T06:50:15.783Z","2023-12-11T06:50:15.783Z"
156941212,"CTF","1702277400","s","4200","30850","1149100","2023-12-11T06:50:15.783Z","2023-12-11T06:50:15.783Z"
156932716,"CTF","1702277175","b","1400","30900","1079100","2023-12-11T06:46:30.796Z","2023-12-11T06:46:30.796Z"
156930173,"CTF","1702277083","s","6800","30800","1077700","2023-12-11T06:44:57.794Z","2023-12-11T06:44:57.794Z"
156930172,"CTF","1702277083","s","4200","30800","1077700","2023-12-11T06:44:57.794Z","2023-12-11T06:44:57.794Z"
156929760,"CTF","1702277065","s","800","30800","1026700","2023-12-11T06:44:40.784Z","2023-12-11T06:44:40.784Z"
156929759,"CTF","1702277065","s","10000","30800","1026700","2023-12-11T06:44:40.784Z","2023-12-11T06:44:40.784Z"
156929758,"CTF","1702277065","s","15000","30800","1026700","2023-12-11T06:44:40.784Z","2023-12-11T06:44:40.784Z"
156929757,"CTF","1702277065","s","6000","30800","1026700","2023-12-11T06:44:40.784Z","2023-12-11T06:44:40.784Z"
156929756,"CTF","1702277065","s","6000","30800","1026700","2023-12-11T06:44:40.784Z","2023-12-11T06:44:40.784Z"
156929755,"CTF","1702277065","s","2200","30800","1026700","2023-12-11T06:44:40.784Z","2023-12-11T06:44:40.784Z"
156929550,"CTF","1702277059","s","1500","30800","1026700","2023-12-11T06:44:34.790Z","2023-12-11T06:44:34.790Z"
156928780,"CTF","1702277036","s","6300","30800","1025200","2023-12-11T06:44:11.825Z","2023-12-11T06:44:11.825Z"
156928779,"CTF","1702277036","s","15000","30800","1025200","2023-12-11T06:44:11.825Z","2023-12-11T06:44:11.825Z"
156928778,"CTF","1702277036","s","13200","30800","1025200","2023-12-11T06:44:11.825Z","2023-12-11T06:44:11.825Z"
156928777,"CTF","1702277036","s","2200","30800","1025200","2023-12-11T06:44:11.825Z","2023-12-11T06:44:11.825Z"
156928776,"CTF","1702277036","s","25000","30800","1025200","2023-12-11T06:44:11.825Z","2023-12-11T06:44:11.825Z"
156927311,"CTF","1702276988","s","2000","30850","963500","2023-12-11T06:43:23.791Z","2023-12-11T06:43:23.791Z"
156927310,"CTF","1702276988","s","300","30850","963500","2023-12-11T06:43:23.791Z","2023-12-11T06:43:23.791Z"
156927309,"CTF","1702276988","s","900","30850","963500","2023-12-11T06:43:23.791Z","2023-12-11T06:43:23.791Z"
156927308,"CTF","1702276988","s","1000","30850","963500","2023-12-11T06:43:23.791Z","2023-12-11T06:43:23.791Z"
156927307,"CTF","1702276988","s","1600","30850","963500","2023-12-11T06:43:23.791Z","2023-12-11T06:43:23.791Z"
156927306,"CTF","1702276988","s","1900","30850","963500","2023-12-11T06:43:23.791Z","2023-12-11T06:43:23.791Z"
156927305,"CTF","1702276988","s","400","30850","963500","2023-12-11T06:43:23.791Z","2023-12-11T06:43:23.791Z"
156927304,"CTF","1702276988","s","2500","30850","963500","2023-12-11T06:43:23.791Z","2023-12-11T06:43:23.791Z"
156927303,"CTF","1702276988","s","1300","30850","963500","2023-12-11T06:43:23.791Z","2023-12-11T06:43:23.791Z"
156927302,"CTF","1702276988","s","2600","30850","963500","2023-12-11T06:43:23.791Z","2023-12-11T06:43:23.791Z"
156927301,"CTF","1702276988","s","5000","30850","963500","2023-12-11T06:43:23.791Z","2023-12-11T06:43:23.791Z"
156927300,"CTF","1702276988","s","5000","30850","963500","2023-12-11T06:43:23.791Z","2023-12-11T06:43:23.791Z"
156927299,"CTF","1702276988","s","8500","30850","963500","2023-12-11T06:43:23.791Z","2023-12-11T06:43:23.791Z"
156927298,"CTF","1702276988","s","14000","30850","963500","2023-12-11T06:43:23.791Z","2023-12-11T06:43:23.791Z"
156927297,"CTF","1702276988","s","1500","30850","963500","2023-12-11T06:43:23.791Z","2023-12-11T06:43:23.791Z"
156924771,"CTF","1702276911","s","1500","30850","915000","2023-12-11T06:42:06.799Z","2023-12-11T06:42:06.799Z"
156923154,"CTF","1702276871","s","8000","30850","913500","2023-12-11T06:41:25.789Z","2023-12-11T06:41:25.789Z"
156923153,"CTF","1702276871","s","9700","30850","913500","2023-12-11T06:41:25.789Z","2023-12-11T06:41:25.789Z"
156921066,"CTF","1702276805","s","300","30850","895800","2023-12-11T06:40:19.786Z","2023-12-11T06:40:19.786Z"
156921065,"CTF","1702276805","s","1300","30850","895800","2023-12-11T06:40:19.786Z","2023-12-11T06:40:19.786Z"
156918051,"CTF","1702276737","s","10700","30850","894200","2023-12-11T06:39:11.800Z","2023-12-11T06:39:11.800Z"
156918050,"CTF","1702276737","s","5000","30850","894200","2023-12-11T06:39:11.800Z","2023-12-11T06:39:11.800Z"
156918049,"CTF","1702276737","s","5000","30850","894200","2023-12-11T06:39:11.800Z","2023-12-11T06:39:11.800Z"
156918048,"CTF","1702276737","s","10000","30850","894200","2023-12-11T06:39:11.800Z","2023-12-11T06:39:11.800Z"
156918047,"CTF","1702276737","s","11000","30850","894200","2023-12-11T06:39:11.800Z","2023-12-11T06:39:11.800Z"
156918046,"CTF","1702276737","s","4000","30850","894200","2023-12-11T06:39:11.800Z","2023-12-11T06:39:11.800Z"
156918045,"CTF","1702276737","s","11000","30850","894200","2023-12-11T06:39:11.800Z","2023-12-11T06:39:11.800Z"
156918044,"CTF","1702276737","s","13100","30850","894200","2023-12-11T06:39:11.800Z","2023-12-11T06:39:11.800Z"
156913820,"CTF","1702276591","s","6900","30850","824400","2023-12-11T06:36:45.776Z","2023-12-11T06:36:45.776Z"
156913171,"CTF","1702276569","s","200","30900","817500","2023-12-11T06:36:23.775Z","2023-12-11T06:36:23.775Z"
156913170,"CTF","1702276569","s","8500","30900","817500","2023-12-11T06:36:23.775Z","2023-12-11T06:36:23.775Z"
156913169,"CTF","1702276569","s","14000","30900","817500","2023-12-11T06:36:23.775Z","2023-12-11T06:36:23.775Z"
156913168,"CTF","1702276569","s","5000","30900","817500","2023-12-11T06:36:23.775Z","2023-12-11T06:36:23.775Z"
156913167,"CTF","1702276569","s","6100","30900","817500","2023-12-11T06:36:23.775Z","2023-12-11T06:36:23.775Z"
156913166,"CTF","1702276569","s","2200","30900","817500","2023-12-11T06:36:23.775Z","2023-12-11T06:36:23.775Z"
156912257,"CTF","1702276538","b","100","30950","781500","2023-12-11T06:35:53.770Z","2023-12-11T06:35:53.770Z"
156912211,"CTF","1702276535","s","2800","30900","781400","2023-12-11T06:35:50.786Z","2023-12-11T06:35:50.786Z"
156912210,"CTF","1702276535","s","10000","30900","781400","2023-12-11T06:35:50.786Z","2023-12-11T06:35:50.786Z"
156912209,"CTF","1702276535","s","1000","30900","781400","2023-12-11T06:35:50.786Z","2023-12-11T06:35:50.786Z"
156912208,"CTF","1702276535","s","14000","30900","781400","2023-12-11T06:35:50.786Z","2023-12-11T06:35:50.786Z"
156912207,"CTF","1702276535","s","5000","30900","781400","2023-12-11T06:35:50.786Z","2023-12-11T06:35:50.786Z"
156912206,"CTF","1702276535","s","6000","30900","781400","2023-12-11T06:35:50.786Z","2023-12-11T06:35:50.786Z"
156912205,"CTF","1702276535","s","4100","30900","781400","2023-12-11T06:35:50.786Z","2023-12-11T06:35:50.786Z"
156912203,"CTF","1702276535","s","7000","30900","738500","2023-12-11T06:35:50.786Z","2023-12-11T06:35:50.786Z"
156912202,"CTF","1702276535","s","100","30900","738500","2023-12-11T06:35:50.786Z","2023-12-11T06:35:50.786Z"
156912201,"CTF","1702276535","s","20000","30900","738500","2023-12-11T06:35:50.786Z","2023-12-11T06:35:50.786Z"
156891024,"CTF","1702275749","b","200","30950","711400","2023-12-11T06:22:45.761Z","2023-12-11T06:22:45.761Z"
156889731,"CTF","1702275701","s","200","30950","699000","2023-12-11T06:21:55.760Z","2023-12-11T06:21:55.760Z"
156889730,"CTF","1702275701","s","5500","30950","699000","2023-12-11T06:21:55.760Z","2023-12-11T06:21:55.760Z"
