"id","symbol","truncTime","matchType","matchVol","matchPrice","accumulatedVolume","createdAt","updatedAt"
157028826,"OGC","1702280693","unknown","6400","7170","288400","2023-12-11T07:45:07.954Z","2023-12-11T07:45:07.954Z"
157027237,"OGC","1702279769","b","2800","7190","288400","2023-12-11T07:29:43.825Z","2023-12-11T07:29:43.825Z"
157021511,"OGC","1702279653","s","600","7180","285600","2023-12-11T07:27:47.848Z","2023-12-11T07:27:47.848Z"
157021510,"OGC","1702279653","s","1000","7180","285600","2023-12-11T07:27:47.848Z","2023-12-11T07:27:47.848Z"
157021509,"OGC","1702279653","s","1500","7180","285600","2023-12-11T07:27:47.848Z","2023-12-11T07:27:47.848Z"
157021508,"OGC","1702279653","s","1000","7180","285600","2023-12-11T07:27:47.848Z","2023-12-11T07:27:47.848Z"
157021507,"OGC","1702279653","s","200","7180","285600","2023-12-11T07:27:47.848Z","2023-12-11T07:27:47.848Z"
157021506,"OGC","1702279653","s","200","7180","285600","2023-12-11T07:27:47.848Z","2023-12-11T07:27:47.848Z"
157020138,"OGC","1702279624","s","1500","7190","281100","2023-12-11T07:27:18.821Z","2023-12-11T07:27:18.821Z"
157013468,"OGC","1702279439","s","1000","7180","279600","2023-12-11T07:24:13.840Z","2023-12-11T07:24:13.840Z"
157011962,"OGC","1702279396","s","8500","7180","268600","2023-12-11T07:23:32.821Z","2023-12-11T07:23:32.821Z"
157011961,"OGC","1702279396","s","1000","7190","268600","2023-12-11T07:23:32.821Z","2023-12-11T07:23:32.821Z"
157011960,"OGC","1702279396","s","500","7190","268600","2023-12-11T07:23:32.821Z","2023-12-11T07:23:32.821Z"
157005852,"OGC","1702279225","s","1000","7190","268600","2023-12-11T07:20:39.806Z","2023-12-11T07:20:39.806Z"
157005484,"OGC","1702279212","s","5000","7200","267600","2023-12-11T07:20:27.811Z","2023-12-11T07:20:27.811Z"
157005483,"OGC","1702279212","s","2000","7200","267600","2023-12-11T07:20:27.811Z","2023-12-11T07:20:27.811Z"
157005482,"OGC","1702279212","s","300","7200","267600","2023-12-11T07:20:27.811Z","2023-12-11T07:20:27.811Z"
157003907,"OGC","1702279164","s","1500","7200","258800","2023-12-11T07:19:39.823Z","2023-12-11T07:19:39.823Z"
157003675,"OGC","1702279156","s","700","7200","258800","2023-12-11T07:19:30.832Z","2023-12-11T07:19:30.832Z"
156997071,"OGC","1702278956","s","300","7240","258100","2023-12-11T07:16:11.803Z","2023-12-11T07:16:11.803Z"
156993903,"OGC","1702278866","b","700","7240","257100","2023-12-11T07:14:41.803Z","2023-12-11T07:14:41.803Z"
156991766,"OGC","1702278806","s","100","7200","257000","2023-12-11T07:13:41.806Z","2023-12-11T07:13:41.806Z"
156987346,"OGC","1702278688","b","100","7200","257000","2023-12-11T07:11:42.827Z","2023-12-11T07:11:42.827Z"
156986406,"OGC","1702278668","b","4100","7200","256900","2023-12-11T07:11:22.808Z","2023-12-11T07:11:22.808Z"
156985965,"OGC","1702278660","b","100","7200","252800","2023-12-11T07:11:14.822Z","2023-12-11T07:11:14.822Z"
156984930,"OGC","1702278638","b","500","7200","252700","2023-12-11T07:10:53.807Z","2023-12-11T07:10:53.807Z"
156980241,"OGC","1702278543","b","200","7250","252200","2023-12-11T07:09:18.794Z","2023-12-11T07:09:18.794Z"
156980240,"OGC","1702278543","b","100","7250","252200","2023-12-11T07:09:18.794Z","2023-12-11T07:09:18.794Z"
156980239,"OGC","1702278543","b","1900","7250","252200","2023-12-11T07:09:18.794Z","2023-12-11T07:09:18.794Z"
156980238,"OGC","1702278543","b","100","7240","252200","2023-12-11T07:09:18.794Z","2023-12-11T07:09:18.794Z"
156980237,"OGC","1702278543","b","200","7240","252200","2023-12-11T07:09:18.794Z","2023-12-11T07:09:18.794Z"
156980236,"OGC","1702278543","b","200","7230","252200","2023-12-11T07:09:18.794Z","2023-12-11T07:09:18.794Z"
156980235,"OGC","1702278543","b","100","7230","252200","2023-12-11T07:09:18.794Z","2023-12-11T07:09:18.794Z"
156980234,"OGC","1702278543","b","100","7230","252200","2023-12-11T07:09:18.794Z","2023-12-11T07:09:18.794Z"
156979599,"OGC","1702278527","s","500","7180","249300","2023-12-11T07:09:02.799Z","2023-12-11T07:09:02.799Z"
156979598,"OGC","1702278527","s","1000","7180","249300","2023-12-11T07:09:02.799Z","2023-12-11T07:09:02.799Z"
156979597,"OGC","1702278527","s","500","7180","249300","2023-12-11T07:09:02.799Z","2023-12-11T07:09:02.799Z"
156979218,"OGC","1702278516","b","2000","7230","247300","2023-12-11T07:08:51.794Z","2023-12-11T07:08:51.794Z"
156979217,"OGC","1702278516","b","100","7210","247300","2023-12-11T07:08:51.794Z","2023-12-11T07:08:51.794Z"
156972522,"OGC","1702278320","s","1000","7180","245200","2023-12-11T07:05:35.782Z","2023-12-11T07:05:35.782Z"
156961697,"OGC","1702277874","b","1000","7200","243200","2023-12-11T06:58:09.774Z","2023-12-11T06:58:09.774Z"
156961232,"OGC","1702277857","b","1000","7200","243200","2023-12-11T06:57:52.778Z","2023-12-11T06:57:52.778Z"
156961231,"OGC","1702277857","b","600","7200","243200","2023-12-11T06:57:52.778Z","2023-12-11T06:57:52.778Z"
156960674,"OGC","1702277837","b","100","7200","241600","2023-12-11T06:57:32.783Z","2023-12-11T06:57:32.783Z"
156957634,"OGC","1702277748","s","4300","7200","237200","2023-12-11T06:56:03.790Z","2023-12-11T06:56:03.790Z"
156955765,"OGC","1702277690","s","700","7200","237200","2023-12-11T06:55:04.785Z","2023-12-11T06:55:04.785Z"
156955764,"OGC","1702277690","s","1000","7200","237200","2023-12-11T06:55:04.785Z","2023-12-11T06:55:04.785Z"
156955763,"OGC","1702277690","s","2800","7200","237200","2023-12-11T06:55:04.785Z","2023-12-11T06:55:04.785Z"
156955762,"OGC","1702277690","s","500","7220","237200","2023-12-11T06:55:04.785Z","2023-12-11T06:55:04.785Z"
156953852,"OGC","1702277636","b","1000","7220","231200","2023-12-11T06:54:11.806Z","2023-12-11T06:54:11.806Z"
156943315,"OGC","1702277436","b","200","7200","229000","2023-12-11T06:50:51.780Z","2023-12-11T06:50:51.780Z"
156943314,"OGC","1702277436","b","2000","7200","229000","2023-12-11T06:50:51.780Z","2023-12-11T06:50:51.780Z"
156942535,"OGC","1702277424","s","700","7160","229000","2023-12-11T06:50:39.797Z","2023-12-11T06:50:39.797Z"
156941679,"OGC","1702277408","s","1400","7160","228300","2023-12-11T06:50:23.800Z","2023-12-11T06:50:23.800Z"
156936715,"OGC","1702277314","b","19300","7150","226900","2023-12-11T06:48:49.776Z","2023-12-11T06:48:49.776Z"
156936639,"OGC","1702277310","b","500","7150","207600","2023-12-11T06:48:45.790Z","2023-12-11T06:48:45.790Z"
156935683,"OGC","1702277283","b","1300","7150","207100","2023-12-11T06:48:17.819Z","2023-12-11T06:48:17.819Z"
156934772,"OGC","1702277256","b","2000","7150","203800","2023-12-11T06:47:51.779Z","2023-12-11T06:47:51.779Z"
156934619,"OGC","1702277250","b","100","7150","203800","2023-12-11T06:47:45.794Z","2023-12-11T06:47:45.794Z"
156934394,"OGC","1702277242","s","200","7150","203700","2023-12-11T06:47:37.779Z","2023-12-11T06:47:37.779Z"
156934393,"OGC","1702277242","s","500","7150","203700","2023-12-11T06:47:37.779Z","2023-12-11T06:47:37.779Z"
156934392,"OGC","1702277242","s","1000","7150","203700","2023-12-11T06:47:37.779Z","2023-12-11T06:47:37.779Z"
156934391,"OGC","1702277242","s","2000","7150","203700","2023-12-11T06:47:37.779Z","2023-12-11T06:47:37.779Z"
156934390,"OGC","1702277242","s","300","7150","203700","2023-12-11T06:47:37.779Z","2023-12-11T06:47:37.779Z"
156931720,"OGC","1702277140","s","2700","7150","192800","2023-12-11T06:45:55.775Z","2023-12-11T06:45:55.775Z"
156931719,"OGC","1702277140","s","1000","7150","192800","2023-12-11T06:45:55.775Z","2023-12-11T06:45:55.775Z"
156931718,"OGC","1702277140","s","3200","7160","192800","2023-12-11T06:45:55.775Z","2023-12-11T06:45:55.775Z"
156930044,"OGC","1702277078","b","1800","7190","192800","2023-12-11T06:44:52.779Z","2023-12-11T06:44:52.779Z"
156929957,"OGC","1702277074","s","2000","7150","191000","2023-12-11T06:44:49.776Z","2023-12-11T06:44:49.776Z"
156929956,"OGC","1702277074","s","8000","7150","191000","2023-12-11T06:44:49.776Z","2023-12-11T06:44:49.776Z"
156929908,"OGC","1702277071","b","200","7190","181000","2023-12-11T06:44:46.774Z","2023-12-11T06:44:46.774Z"
156929163,"OGC","1702277048","s","100","7150","180700","2023-12-11T06:44:23.787Z","2023-12-11T06:44:23.787Z"
156928031,"OGC","1702277011","b","1900","7150","180700","2023-12-11T06:43:45.783Z","2023-12-11T06:43:45.783Z"
156927348,"OGC","1702276989","b","100","7150","178800","2023-12-11T06:43:24.801Z","2023-12-11T06:43:24.801Z"
156927347,"OGC","1702276989","b","900","7150","178800","2023-12-11T06:43:24.801Z","2023-12-11T06:43:24.801Z"
156927115,"OGC","1702276982","b","200","7150","177800","2023-12-11T06:43:17.773Z","2023-12-11T06:43:17.773Z"
156926927,"OGC","1702276975","b","1000","7150","176600","2023-12-11T06:43:10.774Z","2023-12-11T06:43:10.774Z"
156925937,"OGC","1702276945","s","200","7150","176600","2023-12-11T06:42:39.806Z","2023-12-11T06:42:39.806Z"
156925936,"OGC","1702276945","s","100","7150","176600","2023-12-11T06:42:39.806Z","2023-12-11T06:42:39.806Z"
156925935,"OGC","1702276945","s","10000","7150","176600","2023-12-11T06:42:39.806Z","2023-12-11T06:42:39.806Z"
156925934,"OGC","1702276945","s","500","7150","151700","2023-12-11T06:42:39.806Z","2023-12-11T06:42:39.806Z"
156925933,"OGC","1702276945","s","1000","7150","151700","2023-12-11T06:42:39.806Z","2023-12-11T06:42:39.806Z"
156925932,"OGC","1702276945","s","500","7150","151700","2023-12-11T06:42:39.806Z","2023-12-11T06:42:39.806Z"
156925931,"OGC","1702276945","s","300","7150","151700","2023-12-11T06:42:39.806Z","2023-12-11T06:42:39.806Z"
156925930,"OGC","1702276945","s","5000","7150","151700","2023-12-11T06:42:39.806Z","2023-12-11T06:42:39.806Z"
156925929,"OGC","1702276945","s","400","7170","151700","2023-12-11T06:42:39.806Z","2023-12-11T06:42:39.806Z"
156925928,"OGC","1702276945","s","1000","7170","151700","2023-12-11T06:42:39.806Z","2023-12-11T06:42:39.806Z"
156925927,"OGC","1702276945","s","500","7170","151700","2023-12-11T06:42:39.806Z","2023-12-11T06:42:39.806Z"
156925926,"OGC","1702276945","s","500","7180","151700","2023-12-11T06:42:39.806Z","2023-12-11T06:42:39.806Z"
156925925,"OGC","1702276945","s","500","7180","151700","2023-12-11T06:42:39.806Z","2023-12-11T06:42:39.806Z"
156925924,"OGC","1702276945","s","3800","7180","151700","2023-12-11T06:42:39.806Z","2023-12-11T06:42:39.806Z"
156925923,"OGC","1702276945","s","300","7180","151700","2023-12-11T06:42:39.806Z","2023-12-11T06:42:39.806Z"
156925922,"OGC","1702276945","s","300","7180","151700","2023-12-11T06:42:39.806Z","2023-12-11T06:42:39.806Z"
156925877,"OGC","1702276944","s","300","7180","151700","2023-12-11T06:42:38.780Z","2023-12-11T06:42:38.780Z"
156923859,"OGC","1702276889","s","500","7190","151400","2023-12-11T06:41:44.782Z","2023-12-11T06:41:44.782Z"
156923858,"OGC","1702276889","s","100","7190","151400","2023-12-11T06:41:44.782Z","2023-12-11T06:41:44.782Z"
156923857,"OGC","1702276889","s","100","7200","151400","2023-12-11T06:41:44.782Z","2023-12-11T06:41:44.782Z"
156920924,"OGC","1702276799","s","400","7190","150700","2023-12-11T06:40:13.782Z","2023-12-11T06:40:13.782Z"
156920923,"OGC","1702276799","s","500","7190","150700","2023-12-11T06:40:13.782Z","2023-12-11T06:40:13.782Z"
156920922,"OGC","1702276799","s","600","7190","150700","2023-12-11T06:40:13.782Z","2023-12-11T06:40:13.782Z"
