"id","symbol","truncTime","matchType","matchVol","matchPrice","accumulatedVolume","createdAt","updatedAt"
157028906,"POW","1702280693","unknown","123800","11600","2423300","2023-12-11T07:45:08.841Z","2023-12-11T07:45:08.841Z"
157027911,"POW","1702279780","b","100","11650","2299500","2023-12-11T07:29:55.835Z","2023-12-11T07:29:55.835Z"
157027910,"POW","1702279780","b","1000","11650","2299500","2023-12-11T07:29:55.835Z","2023-12-11T07:29:55.835Z"
157027909,"POW","1702279780","b","2000","11650","2299500","2023-12-11T07:29:55.835Z","2023-12-11T07:29:55.835Z"
157027908,"POW","1702279780","b","300","11650","2299500","2023-12-11T07:29:55.835Z","2023-12-11T07:29:55.835Z"
157027259,"POW","1702279769","b","200","11650","2296100","2023-12-11T07:29:44.841Z","2023-12-11T07:29:44.841Z"
157026530,"POW","1702279756","b","100","11650","2295900","2023-12-11T07:29:31.843Z","2023-12-11T07:29:31.843Z"
157025682,"POW","1702279743","b","800","11650","2295800","2023-12-11T07:29:18.848Z","2023-12-11T07:29:18.848Z"
157025315,"POW","1702279736","b","100","11650","2294900","2023-12-11T07:29:11.835Z","2023-12-11T07:29:11.835Z"
157024987,"POW","1702279731","b","200","11650","2294900","2023-12-11T07:29:06.845Z","2023-12-11T07:29:06.845Z"
157024860,"POW","1702279728","b","300","11650","2294700","2023-12-11T07:29:03.838Z","2023-12-11T07:29:03.838Z"
157024859,"POW","1702279728","b","500","11650","2294700","2023-12-11T07:29:03.838Z","2023-12-11T07:29:03.838Z"
157023829,"POW","1702279705","b","200","11650","2293900","2023-12-11T07:28:40.827Z","2023-12-11T07:28:40.827Z"
157022798,"POW","1702279681","b","200","11650","2293700","2023-12-11T07:28:15.829Z","2023-12-11T07:28:15.829Z"
157021682,"POW","1702279656","s","19000","11600","2293500","2023-12-11T07:27:50.860Z","2023-12-11T07:27:50.860Z"
157021681,"POW","1702279656","s","100","11600","2293500","2023-12-11T07:27:50.860Z","2023-12-11T07:27:50.860Z"
157021680,"POW","1702279656","s","2000","11600","2293500","2023-12-11T07:27:50.860Z","2023-12-11T07:27:50.860Z"
157021679,"POW","1702279656","s","900","11600","2293500","2023-12-11T07:27:50.860Z","2023-12-11T07:27:50.860Z"
157021678,"POW","1702279656","s","1000","11600","2293500","2023-12-11T07:27:50.860Z","2023-12-11T07:27:50.860Z"
157021677,"POW","1702279656","s","100","11600","2293500","2023-12-11T07:27:50.860Z","2023-12-11T07:27:50.860Z"
157021676,"POW","1702279656","s","300","11600","2293500","2023-12-11T07:27:50.860Z","2023-12-11T07:27:50.860Z"
157021675,"POW","1702279656","s","5000","11600","2293500","2023-12-11T07:27:50.860Z","2023-12-11T07:27:50.860Z"
157021674,"POW","1702279656","s","100","11600","2293500","2023-12-11T07:27:50.860Z","2023-12-11T07:27:50.860Z"
157021673,"POW","1702279656","s","2000","11600","2293500","2023-12-11T07:27:50.860Z","2023-12-11T07:27:50.860Z"
157021672,"POW","1702279656","s","2000","11600","2293500","2023-12-11T07:27:50.860Z","2023-12-11T07:27:50.860Z"
157021671,"POW","1702279656","s","400","11600","2293500","2023-12-11T07:27:50.860Z","2023-12-11T07:27:50.860Z"
157021670,"POW","1702279656","s","300","11600","2293500","2023-12-11T07:27:50.860Z","2023-12-11T07:27:50.860Z"
157021669,"POW","1702279656","s","2000","11600","2293500","2023-12-11T07:27:50.860Z","2023-12-11T07:27:50.860Z"
157021668,"POW","1702279656","s","100","11600","2293500","2023-12-11T07:27:50.860Z","2023-12-11T07:27:50.860Z"
157021667,"POW","1702279656","s","500","11600","2293500","2023-12-11T07:27:50.860Z","2023-12-11T07:27:50.860Z"
157021666,"POW","1702279656","s","1000","11600","2293500","2023-12-11T07:27:50.860Z","2023-12-11T07:27:50.860Z"
157021665,"POW","1702279656","s","8000","11600","2293500","2023-12-11T07:27:50.860Z","2023-12-11T07:27:50.860Z"
157021664,"POW","1702279656","s","6300","11600","2293500","2023-12-11T07:27:50.860Z","2023-12-11T07:27:50.860Z"
157021663,"POW","1702279656","s","1000","11600","2293500","2023-12-11T07:27:50.860Z","2023-12-11T07:27:50.860Z"
157021662,"POW","1702279656","s","500","11600","2293500","2023-12-11T07:27:50.860Z","2023-12-11T07:27:50.860Z"
157021661,"POW","1702279656","s","8800","11600","2293500","2023-12-11T07:27:50.860Z","2023-12-11T07:27:50.860Z"
157021660,"POW","1702279656","s","2000","11600","2293500","2023-12-11T07:27:50.860Z","2023-12-11T07:27:50.860Z"
157021659,"POW","1702279656","s","400","11600","2293500","2023-12-11T07:27:50.860Z","2023-12-11T07:27:50.860Z"
157021658,"POW","1702279656","s","3000","11600","2293500","2023-12-11T07:27:50.860Z","2023-12-11T07:27:50.860Z"
157021657,"POW","1702279656","s","500","11600","2293500","2023-12-11T07:27:50.860Z","2023-12-11T07:27:50.860Z"
157021656,"POW","1702279656","s","4000","11600","2293500","2023-12-11T07:27:50.860Z","2023-12-11T07:27:50.860Z"
157021655,"POW","1702279656","s","2000","11600","2293500","2023-12-11T07:27:50.860Z","2023-12-11T07:27:50.860Z"
157021654,"POW","1702279656","s","9700","11600","2293500","2023-12-11T07:27:50.860Z","2023-12-11T07:27:50.860Z"
157021585,"POW","1702279654","b","300","11650","2210500","2023-12-11T07:27:49.836Z","2023-12-11T07:27:49.836Z"
157021262,"POW","1702279649","b","200","11650","2210000","2023-12-11T07:27:43.834Z","2023-12-11T07:27:43.834Z"
157021138,"POW","1702279645","b","100","11650","2210000","2023-12-11T07:27:40.825Z","2023-12-11T07:27:40.825Z"
157021137,"POW","1702279645","b","100","11650","2210000","2023-12-11T07:27:40.825Z","2023-12-11T07:27:40.825Z"
157021098,"POW","1702279644","b","100","11650","2209800","2023-12-11T07:27:39.826Z","2023-12-11T07:27:39.826Z"
157020320,"POW","1702279629","b","100","11650","2209700","2023-12-11T07:27:24.838Z","2023-12-11T07:27:24.838Z"
157019992,"POW","1702279620","b","1000","11650","2208600","2023-12-11T07:27:15.827Z","2023-12-11T07:27:15.827Z"
157019624,"POW","1702279610","b","100","11650","2208600","2023-12-11T07:27:05.857Z","2023-12-11T07:27:05.857Z"
157019435,"POW","1702279604","b","700","11650","2208500","2023-12-11T07:26:58.826Z","2023-12-11T07:26:58.826Z"
157019434,"POW","1702279604","b","100","11650","2208500","2023-12-11T07:26:58.826Z","2023-12-11T07:26:58.826Z"
157019433,"POW","1702279604","b","200","11650","2208500","2023-12-11T07:26:58.826Z","2023-12-11T07:26:58.826Z"
157018437,"POW","1702279579","b","900","11650","2207500","2023-12-11T07:26:34.815Z","2023-12-11T07:26:34.815Z"
157017921,"POW","1702279568","b","100","11650","2206600","2023-12-11T07:26:23.828Z","2023-12-11T07:26:23.828Z"
157017303,"POW","1702279549","s","6100","11650","2206500","2023-12-11T07:26:04.824Z","2023-12-11T07:26:04.824Z"
157016582,"POW","1702279527","b","1600","11700","2180400","2023-12-11T07:25:42.831Z","2023-12-11T07:25:42.831Z"
157016581,"POW","1702279527","b","100","11700","2180400","2023-12-11T07:25:42.831Z","2023-12-11T07:25:42.831Z"
157016580,"POW","1702279527","b","2000","11700","2180400","2023-12-11T07:25:42.831Z","2023-12-11T07:25:42.831Z"
157016579,"POW","1702279527","b","100","11700","2180400","2023-12-11T07:25:42.831Z","2023-12-11T07:25:42.831Z"
157016578,"POW","1702279527","b","700","11700","2180400","2023-12-11T07:25:42.831Z","2023-12-11T07:25:42.831Z"
157016577,"POW","1702279527","b","500","11700","2180400","2023-12-11T07:25:42.831Z","2023-12-11T07:25:42.831Z"
157016576,"POW","1702279527","b","200","11700","2180400","2023-12-11T07:25:42.831Z","2023-12-11T07:25:42.831Z"
157016575,"POW","1702279527","b","100","11700","2180400","2023-12-11T07:25:42.831Z","2023-12-11T07:25:42.831Z"
157016574,"POW","1702279527","b","300","11700","2180400","2023-12-11T07:25:42.831Z","2023-12-11T07:25:42.831Z"
157016573,"POW","1702279527","b","1700","11700","2180400","2023-12-11T07:25:42.831Z","2023-12-11T07:25:42.831Z"
157016572,"POW","1702279527","b","300","11700","2180400","2023-12-11T07:25:42.831Z","2023-12-11T07:25:42.831Z"
157016571,"POW","1702279527","b","300","11700","2180400","2023-12-11T07:25:42.831Z","2023-12-11T07:25:42.831Z"
157016570,"POW","1702279527","b","1000","11700","2180400","2023-12-11T07:25:42.831Z","2023-12-11T07:25:42.831Z"
157016569,"POW","1702279527","b","100","11650","2180400","2023-12-11T07:25:42.831Z","2023-12-11T07:25:42.831Z"
157016568,"POW","1702279527","b","5500","11650","2180400","2023-12-11T07:25:42.831Z","2023-12-11T07:25:42.831Z"
157016567,"POW","1702279527","b","5500","11650","2180400","2023-12-11T07:25:42.831Z","2023-12-11T07:25:42.831Z"
157016476,"POW","1702279525","s","1300","11600","2177800","2023-12-11T07:25:39.830Z","2023-12-11T07:25:39.830Z"
157016475,"POW","1702279525","s","200","11600","2177800","2023-12-11T07:25:39.830Z","2023-12-11T07:25:39.830Z"
157016474,"POW","1702279525","s","1100","11600","2177800","2023-12-11T07:25:39.830Z","2023-12-11T07:25:39.830Z"
157016473,"POW","1702279524","s","100","11600","2177800","2023-12-11T07:25:39.830Z","2023-12-11T07:25:39.830Z"
157016472,"POW","1702279524","s","100","11600","2177800","2023-12-11T07:25:39.830Z","2023-12-11T07:25:39.830Z"
157015306,"POW","1702279493","s","1000","11650","2177600","2023-12-11T07:25:07.821Z","2023-12-11T07:25:07.821Z"
157014473,"POW","1702279470","s","4000","11650","2176600","2023-12-11T07:24:45.820Z","2023-12-11T07:24:45.820Z"
157014472,"POW","1702279470","s","1000","11650","2176600","2023-12-11T07:24:45.820Z","2023-12-11T07:24:45.820Z"
157014200,"POW","1702279460","s","100","11650","2171600","2023-12-11T07:24:35.835Z","2023-12-11T07:24:35.835Z"
157014199,"POW","1702279460","s","200","11650","2171600","2023-12-11T07:24:35.835Z","2023-12-11T07:24:35.835Z"
157014198,"POW","1702279460","s","100","11650","2171600","2023-12-11T07:24:35.835Z","2023-12-11T07:24:35.835Z"
157013233,"POW","1702279432","s","1300","11650","2171200","2023-12-11T07:24:06.842Z","2023-12-11T07:24:06.842Z"
157012840,"POW","1702279422","b","800","11700","2169900","2023-12-11T07:23:57.819Z","2023-12-11T07:23:57.819Z"
157012403,"POW","1702279409","b","800","11700","2169100","2023-12-11T07:23:44.822Z","2023-12-11T07:23:44.822Z"
157012240,"POW","1702279404","s","1000","11650","2168300","2023-12-11T07:23:39.827Z","2023-12-11T07:23:39.827Z"
157012192,"POW","1702279403","s","200","11650","2167300","2023-12-11T07:23:38.831Z","2023-12-11T07:23:38.831Z"
157011994,"POW","1702279397","b","3600","11650","2167100","2023-12-11T07:23:32.821Z","2023-12-11T07:23:32.821Z"
157011843,"POW","1702279394","s","200","11650","2163500","2023-12-11T07:23:28.842Z","2023-12-11T07:23:28.842Z"
157011842,"POW","1702279394","s","100","11650","2163500","2023-12-11T07:23:28.842Z","2023-12-11T07:23:28.842Z"
157011841,"POW","1702279394","s","700","11650","2163500","2023-12-11T07:23:28.842Z","2023-12-11T07:23:28.842Z"
157011840,"POW","1702279394","s","400","11650","2163500","2023-12-11T07:23:28.842Z","2023-12-11T07:23:28.842Z"
157011606,"POW","1702279387","s","100","11650","2162100","2023-12-11T07:23:21.833Z","2023-12-11T07:23:21.833Z"
157011327,"POW","1702279381","b","800","11700","2162000","2023-12-11T07:23:15.836Z","2023-12-11T07:23:15.836Z"
157011292,"POW","1702279379","s","500","11650","2161200","2023-12-11T07:23:14.816Z","2023-12-11T07:23:14.816Z"
157011291,"POW","1702279379","s","100","11650","2161200","2023-12-11T07:23:14.816Z","2023-12-11T07:23:14.816Z"
157011290,"POW","1702279379","s","2900","11650","2161200","2023-12-11T07:23:14.816Z","2023-12-11T07:23:14.816Z"
157011245,"POW","1702279378","s","100","11650","2157700","2023-12-11T07:23:12.818Z","2023-12-11T07:23:12.818Z"
