"id","symbol","truncTime","matchType","matchVol","matchPrice","accumulatedVolume","createdAt","updatedAt"
157028778,"QCG","1702280692","unknown","126400","11000","1140900","2023-12-11T07:45:07.954Z","2023-12-11T07:45:07.954Z"
157027490,"QCG","1702279772","b","100","11100","1140800","2023-12-11T07:29:47.828Z","2023-12-11T07:29:47.828Z"
157027482,"QCG","1702279772","b","3000","11100","1137800","2023-12-11T07:29:47.828Z","2023-12-11T07:29:47.828Z"
157026961,"QCG","1702279763","b","200","11100","1137600","2023-12-11T07:29:38.834Z","2023-12-11T07:29:38.834Z"
157026946,"QCG","1702279763","b","1900","11100","1135600","2023-12-11T07:29:37.830Z","2023-12-11T07:29:37.830Z"
157026945,"QCG","1702279763","b","100","11100","1135600","2023-12-11T07:29:37.830Z","2023-12-11T07:29:37.830Z"
157025824,"QCG","1702279745","s","200","11100","1131300","2023-12-11T07:29:20.844Z","2023-12-11T07:29:20.844Z"
157025823,"QCG","1702279745","s","800","11100","1131300","2023-12-11T07:29:20.844Z","2023-12-11T07:29:20.844Z"
157025822,"QCG","1702279745","s","100","11100","1131300","2023-12-11T07:29:20.844Z","2023-12-11T07:29:20.844Z"
157025821,"QCG","1702279745","s","1000","11100","1131300","2023-12-11T07:29:20.844Z","2023-12-11T07:29:20.844Z"
157025820,"QCG","1702279745","s","100","11100","1131300","2023-12-11T07:29:20.844Z","2023-12-11T07:29:20.844Z"
157025819,"QCG","1702279745","s","1000","11100","1131300","2023-12-11T07:29:20.844Z","2023-12-11T07:29:20.844Z"
157025818,"QCG","1702279745","s","500","11100","1131300","2023-12-11T07:29:20.844Z","2023-12-11T07:29:20.844Z"
157025817,"QCG","1702279745","s","100","11100","1131300","2023-12-11T07:29:20.844Z","2023-12-11T07:29:20.844Z"
157025816,"QCG","1702279745","s","500","11100","1131300","2023-12-11T07:29:20.844Z","2023-12-11T07:29:20.844Z"
157025397,"QCG","1702279738","s","200","11100","1131100","2023-12-11T07:29:13.848Z","2023-12-11T07:29:13.848Z"
157024509,"QCG","1702279723","s","300","11100","1130100","2023-12-11T07:28:57.825Z","2023-12-11T07:28:57.825Z"
157024508,"QCG","1702279723","s","700","11100","1130100","2023-12-11T07:28:57.825Z","2023-12-11T07:28:57.825Z"
157023875,"QCG","1702279707","b","100","11150","1130000","2023-12-11T07:28:41.829Z","2023-12-11T07:28:41.829Z"
157023690,"QCG","1702279702","b","1000","11150","1129000","2023-12-11T07:28:36.839Z","2023-12-11T07:28:36.839Z"
157023330,"QCG","1702279693","s","200","11100","1127500","2023-12-11T07:28:28.849Z","2023-12-11T07:28:28.849Z"
157023329,"QCG","1702279693","s","100","11100","1127500","2023-12-11T07:28:28.849Z","2023-12-11T07:28:28.849Z"
157023328,"QCG","1702279693","s","300","11100","1127500","2023-12-11T07:28:28.849Z","2023-12-11T07:28:28.849Z"
157023327,"QCG","1702279693","s","900","11100","1127500","2023-12-11T07:28:28.849Z","2023-12-11T07:28:28.849Z"
157023142,"QCG","1702279689","s","2100","11100","1123500","2023-12-11T07:28:24.834Z","2023-12-11T07:28:24.834Z"
157023141,"QCG","1702279689","s","600","11100","1123500","2023-12-11T07:28:24.834Z","2023-12-11T07:28:24.834Z"
157023140,"QCG","1702279689","s","200","11100","1123500","2023-12-11T07:28:24.834Z","2023-12-11T07:28:24.834Z"
157023139,"QCG","1702279689","s","600","11100","1123500","2023-12-11T07:28:24.834Z","2023-12-11T07:28:24.834Z"
157023138,"QCG","1702279689","s","500","11100","1123500","2023-12-11T07:28:24.834Z","2023-12-11T07:28:24.834Z"
157022820,"QCG","1702279681","s","100","11100","1121500","2023-12-11T07:28:16.825Z","2023-12-11T07:28:16.825Z"
157022819,"QCG","1702279681","s","1900","11100","1121500","2023-12-11T07:28:16.825Z","2023-12-11T07:28:16.825Z"
157022736,"QCG","1702279679","s","100","11100","1121400","2023-12-11T07:28:13.827Z","2023-12-11T07:28:13.827Z"
157020766,"QCG","1702279637","s","100","11100","1101400","2023-12-11T07:27:31.832Z","2023-12-11T07:27:31.832Z"
157020765,"QCG","1702279637","s","10000","11100","1101400","2023-12-11T07:27:31.832Z","2023-12-11T07:27:31.832Z"
157020764,"QCG","1702279637","s","9900","11100","1101400","2023-12-11T07:27:31.832Z","2023-12-11T07:27:31.832Z"
157020334,"QCG","1702279629","s","4400","11100","1097000","2023-12-11T07:27:24.838Z","2023-12-11T07:27:24.838Z"
157019609,"QCG","1702279610","s","2500","11100","1094500","2023-12-11T07:27:05.857Z","2023-12-11T07:27:05.857Z"
157019517,"QCG","1702279607","b","100","11150","1094400","2023-12-11T07:27:01.831Z","2023-12-11T07:27:01.831Z"
157014766,"QCG","1702279478","s","200","11100","1094200","2023-12-11T07:24:53.816Z","2023-12-11T07:24:53.816Z"
157013936,"QCG","1702279453","s","500","11100","1089200","2023-12-11T07:24:28.840Z","2023-12-11T07:24:28.840Z"
157013935,"QCG","1702279453","s","1700","11100","1089200","2023-12-11T07:24:27.824Z","2023-12-11T07:24:27.824Z"
157013934,"QCG","1702279453","s","2800","11150","1089200","2023-12-11T07:24:27.824Z","2023-12-11T07:24:27.824Z"
157013895,"QCG","1702279453","b","200","11150","1089000","2023-12-11T07:24:27.824Z","2023-12-11T07:24:27.824Z"
157013010,"QCG","1702279426","s","100","11100","1088900","2023-12-11T07:24:01.829Z","2023-12-11T07:24:01.829Z"
157012602,"QCG","1702279415","s","100","11100","1069900","2023-12-11T07:23:50.863Z","2023-12-11T07:23:50.863Z"
157012601,"QCG","1702279415","s","1000","11100","1069900","2023-12-11T07:23:50.863Z","2023-12-11T07:23:50.863Z"
157012600,"QCG","1702279415","s","7200","11100","1069900","2023-12-11T07:23:50.863Z","2023-12-11T07:23:50.863Z"
157012599,"QCG","1702279415","s","1200","11100","1069900","2023-12-11T07:23:50.863Z","2023-12-11T07:23:50.863Z"
157012598,"QCG","1702279415","s","200","11100","1069900","2023-12-11T07:23:50.863Z","2023-12-11T07:23:50.863Z"
157012597,"QCG","1702279415","s","1500","11100","1069900","2023-12-11T07:23:50.863Z","2023-12-11T07:23:50.863Z"
157012596,"QCG","1702279415","s","100","11100","1069900","2023-12-11T07:23:50.863Z","2023-12-11T07:23:50.863Z"
157012595,"QCG","1702279415","s","900","11100","1069900","2023-12-11T07:23:50.863Z","2023-12-11T07:23:50.863Z"
157012594,"QCG","1702279415","s","2200","11100","1069900","2023-12-11T07:23:50.863Z","2023-12-11T07:23:50.863Z"
157012593,"QCG","1702279415","s","1000","11150","1069900","2023-12-11T07:23:50.863Z","2023-12-11T07:23:50.863Z"
157012592,"QCG","1702279415","s","1700","11150","1069900","2023-12-11T07:23:50.863Z","2023-12-11T07:23:50.863Z"
157012591,"QCG","1702279415","s","1900","11150","1069900","2023-12-11T07:23:50.863Z","2023-12-11T07:23:50.863Z"
157012162,"QCG","1702279401","s","100","11150","1069900","2023-12-11T07:23:36.824Z","2023-12-11T07:23:36.824Z"
157012161,"QCG","1702279401","s","400","11150","1069900","2023-12-11T07:23:36.824Z","2023-12-11T07:23:36.824Z"
157012160,"QCG","1702279401","s","500","11150","1069900","2023-12-11T07:23:36.824Z","2023-12-11T07:23:36.824Z"
157011277,"QCG","1702279379","s","4000","11150","1064900","2023-12-11T07:23:13.815Z","2023-12-11T07:23:13.815Z"
157011221,"QCG","1702279377","b","2000","11200","1064900","2023-12-11T07:23:11.842Z","2023-12-11T07:23:11.842Z"
157010916,"QCG","1702279367","b","1500","11150","1061400","2023-12-11T07:23:01.817Z","2023-12-11T07:23:01.817Z"
157010410,"QCG","1702279352","b","600","11150","1060800","2023-12-11T07:22:47.826Z","2023-12-11T07:22:47.826Z"
157010200,"QCG","1702279346","b","7900","11150","1052800","2023-12-11T07:22:41.835Z","2023-12-11T07:22:41.835Z"
157010199,"QCG","1702279346","b","100","11150","1052800","2023-12-11T07:22:41.835Z","2023-12-11T07:22:41.835Z"
157009213,"QCG","1702279320","s","100","11100","1052600","2023-12-11T07:22:14.814Z","2023-12-11T07:22:14.814Z"
157009212,"QCG","1702279320","s","100","11100","1052600","2023-12-11T07:22:14.814Z","2023-12-11T07:22:14.814Z"
157009058,"QCG","1702279315","s","100","11100","1052500","2023-12-11T07:22:09.820Z","2023-12-11T07:22:09.820Z"
157007972,"QCG","1702279285","s","600","11100","1051900","2023-12-11T07:21:40.816Z","2023-12-11T07:21:40.816Z"
157007859,"QCG","1702279281","b","1000","11150","1051900","2023-12-11T07:21:36.809Z","2023-12-11T07:21:36.809Z"
157006918,"QCG","1702279253","s","200","11150","1050000","2023-12-11T07:21:07.825Z","2023-12-11T07:21:07.825Z"
157006917,"QCG","1702279253","s","500","11150","1050000","2023-12-11T07:21:07.825Z","2023-12-11T07:21:07.825Z"
157006916,"QCG","1702279253","s","200","11150","1050000","2023-12-11T07:21:07.825Z","2023-12-11T07:21:07.825Z"
157006377,"QCG","1702279242","b","1000","11200","1048000","2023-12-11T07:20:56.830Z","2023-12-11T07:20:56.830Z"
157006376,"QCG","1702279242","b","1000","11200","1048000","2023-12-11T07:20:56.830Z","2023-12-11T07:20:56.830Z"
157005010,"QCG","1702279198","b","200","11200","1048000","2023-12-11T07:20:13.810Z","2023-12-11T07:20:13.810Z"
157005009,"QCG","1702279198","b","100","11200","1048000","2023-12-11T07:20:13.810Z","2023-12-11T07:20:13.810Z"
157005008,"QCG","1702279198","b","100","11200","1048000","2023-12-11T07:20:13.810Z","2023-12-11T07:20:13.810Z"
157000615,"QCG","1702279066","b","600","11250","1037600","2023-12-11T07:18:01.825Z","2023-12-11T07:18:01.825Z"
157000614,"QCG","1702279066","b","200","11250","1037600","2023-12-11T07:18:01.825Z","2023-12-11T07:18:01.825Z"
157000613,"QCG","1702279066","b","1000","11250","1037600","2023-12-11T07:18:01.825Z","2023-12-11T07:18:01.825Z"
157000612,"QCG","1702279066","b","1600","11250","1037600","2023-12-11T07:18:01.825Z","2023-12-11T07:18:01.825Z"
157000611,"QCG","1702279066","b","5000","11200","1037600","2023-12-11T07:18:01.825Z","2023-12-11T07:18:01.825Z"
157000610,"QCG","1702279066","b","1600","11200","1037600","2023-12-11T07:18:01.825Z","2023-12-11T07:18:01.825Z"
157000198,"QCG","1702279053","b","2600","11200","1027600","2023-12-11T07:17:47.823Z","2023-12-11T07:17:47.823Z"
157000197,"QCG","1702279053","b","1000","11200","1027600","2023-12-11T07:17:47.823Z","2023-12-11T07:17:47.823Z"
157000196,"QCG","1702279053","b","2000","11200","1027600","2023-12-11T07:17:47.823Z","2023-12-11T07:17:47.823Z"
157000195,"QCG","1702279053","b","1300","11200","1027600","2023-12-11T07:17:47.823Z","2023-12-11T07:17:47.823Z"
157000194,"QCG","1702279053","b","100","11150","1027600","2023-12-11T07:17:47.823Z","2023-12-11T07:17:47.823Z"
157000193,"QCG","1702279053","b","2900","11150","1027600","2023-12-11T07:17:47.823Z","2023-12-11T07:17:47.823Z"
157000192,"QCG","1702279053","b","100","11150","1027600","2023-12-11T07:17:47.823Z","2023-12-11T07:17:47.823Z"
156999842,"QCG","1702279043","b","3000","11150","1024600","2023-12-11T07:17:37.812Z","2023-12-11T07:17:37.812Z"
156999093,"QCG","1702279019","b","100","11150","1024500","2023-12-11T07:17:14.807Z","2023-12-11T07:17:14.807Z"
156998771,"QCG","1702279009","b","400","11150","1024100","2023-12-11T07:17:04.809Z","2023-12-11T07:17:04.809Z"
156998624,"QCG","1702279004","b","600","11150","1021100","2023-12-11T07:16:59.798Z","2023-12-11T07:16:59.798Z"
156998623,"QCG","1702279004","b","2400","11150","1021100","2023-12-11T07:16:59.798Z","2023-12-11T07:16:59.798Z"
156998320,"QCG","1702278994","b","100","11150","1021000","2023-12-11T07:16:48.808Z","2023-12-11T07:16:48.808Z"
156997646,"QCG","1702278974","s","500","11150","1020500","2023-12-11T07:16:29.798Z","2023-12-11T07:16:29.798Z"
156997546,"QCG","1702278971","s","1000","11150","1019500","2023-12-11T07:16:25.801Z","2023-12-11T07:16:25.801Z"
156997137,"QCG","1702278958","s","100","11150","1019400","2023-12-11T07:16:12.819Z","2023-12-11T07:16:12.819Z"
