"id","symbol","truncTime","matchType","matchVol","matchPrice","accumulatedVolume","createdAt","updatedAt"
157028805,"VIB","1702280692","unknown","73500","19200","2135100","2023-12-11T07:45:07.954Z","2023-12-11T07:45:07.954Z"
157026949,"VIB","1702279763","b","5000","19200","2130100","2023-12-11T07:29:37.830Z","2023-12-11T07:29:37.830Z"
157026601,"VIB","1702279757","s","200","19150","2130100","2023-12-11T07:29:32.897Z","2023-12-11T07:29:32.897Z"
157025713,"VIB","1702279744","b","4200","19200","2125700","2023-12-11T07:29:18.848Z","2023-12-11T07:29:18.848Z"
157024282,"VIB","1702279717","b","200","19200","2125500","2023-12-11T07:28:51.834Z","2023-12-11T07:28:51.834Z"
157023882,"VIB","1702279707","s","5800","19150","2117400","2023-12-11T07:28:41.829Z","2023-12-11T07:28:41.829Z"
157023881,"VIB","1702279707","s","1000","19150","2117400","2023-12-11T07:28:41.829Z","2023-12-11T07:28:41.829Z"
157023880,"VIB","1702279707","s","1300","19150","2117400","2023-12-11T07:28:41.829Z","2023-12-11T07:28:41.829Z"
157023851,"VIB","1702279706","s","500","19150","2117400","2023-12-11T07:28:41.829Z","2023-12-11T07:28:41.829Z"
157023722,"VIB","1702279702","s","1000","19150","2116900","2023-12-11T07:28:37.834Z","2023-12-11T07:28:37.834Z"
157022839,"VIB","1702279682","b","13700","19150","2102200","2023-12-11T07:28:16.825Z","2023-12-11T07:28:16.825Z"
157022719,"VIB","1702279678","b","1000","19150","2102200","2023-12-11T07:28:13.827Z","2023-12-11T07:28:13.827Z"
157022426,"VIB","1702279672","b","1000","19150","2101200","2023-12-11T07:28:06.829Z","2023-12-11T07:28:06.829Z"
157021958,"VIB","1702279663","b","400","19150","2100200","2023-12-11T07:27:57.838Z","2023-12-11T07:27:57.838Z"
157021957,"VIB","1702279663","b","100","19150","2100200","2023-12-11T07:27:57.838Z","2023-12-11T07:27:57.838Z"
157021731,"VIB","1702279658","b","2000","19150","2097700","2023-12-11T07:27:52.829Z","2023-12-11T07:27:52.829Z"
157021578,"VIB","1702279654","b","8600","19150","2089100","2023-12-11T07:27:49.836Z","2023-12-11T07:27:49.836Z"
157021354,"VIB","1702279650","b","1000","19150","2089100","2023-12-11T07:27:44.841Z","2023-12-11T07:27:44.841Z"
157021344,"VIB","1702279650","s","800","19150","2088100","2023-12-11T07:27:44.841Z","2023-12-11T07:27:44.841Z"
157021343,"VIB","1702279650","s","200","19150","2088100","2023-12-11T07:27:44.841Z","2023-12-11T07:27:44.841Z"
157021274,"VIB","1702279649","s","300","19150","2086700","2023-12-11T07:27:43.834Z","2023-12-11T07:27:43.834Z"
157021273,"VIB","1702279649","s","100","19150","2086700","2023-12-11T07:27:43.834Z","2023-12-11T07:27:43.834Z"
157021196,"VIB","1702279647","s","200","19150","2086500","2023-12-11T07:27:42.829Z","2023-12-11T07:27:42.829Z"
157020754,"VIB","1702279636","s","2800","19150","2066500","2023-12-11T07:27:31.832Z","2023-12-11T07:27:31.832Z"
157020753,"VIB","1702279636","s","1300","19150","2066500","2023-12-11T07:27:31.832Z","2023-12-11T07:27:31.832Z"
157020752,"VIB","1702279636","s","1000","19150","2066500","2023-12-11T07:27:31.832Z","2023-12-11T07:27:31.832Z"
157020751,"VIB","1702279636","s","500","19150","2066500","2023-12-11T07:27:31.832Z","2023-12-11T07:27:31.832Z"
157020750,"VIB","1702279636","s","1000","19150","2066500","2023-12-11T07:27:31.832Z","2023-12-11T07:27:31.832Z"
157020749,"VIB","1702279636","s","400","19150","2066500","2023-12-11T07:27:31.832Z","2023-12-11T07:27:31.832Z"
157020748,"VIB","1702279636","s","600","19150","2066500","2023-12-11T07:27:31.832Z","2023-12-11T07:27:31.832Z"
157020747,"VIB","1702279636","s","300","19150","2066500","2023-12-11T07:27:31.832Z","2023-12-11T07:27:31.832Z"
157020746,"VIB","1702279636","s","10000","19150","2066500","2023-12-11T07:27:31.832Z","2023-12-11T07:27:31.832Z"
157020745,"VIB","1702279636","s","100","19150","2066500","2023-12-11T07:27:31.832Z","2023-12-11T07:27:31.832Z"
157020744,"VIB","1702279636","s","2000","19150","2066500","2023-12-11T07:27:31.832Z","2023-12-11T07:27:31.832Z"
157018341,"VIB","1702279577","s","500","19150","2066500","2023-12-11T07:26:31.831Z","2023-12-11T07:26:31.831Z"
157016914,"VIB","1702279538","s","200","19150","2065800","2023-12-11T07:25:53.817Z","2023-12-11T07:25:53.817Z"
157016105,"VIB","1702279513","s","25000","19150","2065800","2023-12-11T07:25:27.822Z","2023-12-11T07:25:27.822Z"
157016025,"VIB","1702279510","b","22300","19150","2018500","2023-12-11T07:25:24.820Z","2023-12-11T07:25:24.820Z"
157015792,"VIB","1702279503","b","200","19150","2018500","2023-12-11T07:25:18.817Z","2023-12-11T07:25:18.817Z"
157015430,"VIB","1702279496","b","400","19150","2017900","2023-12-11T07:25:10.843Z","2023-12-11T07:25:10.843Z"
157015180,"VIB","1702279489","b","200","19150","2017700","2023-12-11T07:25:04.821Z","2023-12-11T07:25:04.821Z"
157014718,"VIB","1702279476","b","100","19150","2017700","2023-12-11T07:24:51.834Z","2023-12-11T07:24:51.834Z"
157014539,"VIB","1702279472","b","5000","19150","2012600","2023-12-11T07:24:47.813Z","2023-12-11T07:24:47.813Z"
157014498,"VIB","1702279470","b","200","19150","2012400","2023-12-11T07:24:45.820Z","2023-12-11T07:24:45.820Z"
157013686,"VIB","1702279447","b","100","19150","2012300","2023-12-11T07:24:21.859Z","2023-12-11T07:24:21.859Z"
157013180,"VIB","1702279431","b","100","19150","2012300","2023-12-11T07:24:05.849Z","2023-12-11T07:24:05.849Z"
157013116,"VIB","1702279429","b","500","19150","2011700","2023-12-11T07:24:04.833Z","2023-12-11T07:24:04.833Z"
157013072,"VIB","1702279428","s","200","19100","2011500","2023-12-11T07:24:03.824Z","2023-12-11T07:24:03.824Z"
157012948,"VIB","1702279424","s","100","19150","2011400","2023-12-11T07:23:59.811Z","2023-12-11T07:23:59.811Z"
157012947,"VIB","1702279424","s","100","19150","2011400","2023-12-11T07:23:59.811Z","2023-12-11T07:23:59.811Z"
157012946,"VIB","1702279424","s","100","19150","2011400","2023-12-11T07:23:59.811Z","2023-12-11T07:23:59.811Z"
157012945,"VIB","1702279424","s","10000","19150","2011400","2023-12-11T07:23:59.811Z","2023-12-11T07:23:59.811Z"
157012944,"VIB","1702279424","s","100","19150","2011400","2023-12-11T07:23:59.811Z","2023-12-11T07:23:59.811Z"
157012943,"VIB","1702279424","s","200","19150","2011400","2023-12-11T07:23:59.811Z","2023-12-11T07:23:59.811Z"
157012942,"VIB","1702279424","s","300","19150","2011400","2023-12-11T07:23:59.811Z","2023-12-11T07:23:59.811Z"
157011800,"VIB","1702279392","s","200","19150","2000600","2023-12-11T07:23:26.818Z","2023-12-11T07:23:26.818Z"
157011799,"VIB","1702279392","s","100","19150","2000600","2023-12-11T07:23:26.818Z","2023-12-11T07:23:26.818Z"
157011798,"VIB","1702279392","s","200","19150","2000600","2023-12-11T07:23:26.818Z","2023-12-11T07:23:26.818Z"
157010473,"VIB","1702279353","s","100","19150","1998100","2023-12-11T07:22:48.822Z","2023-12-11T07:22:48.822Z"
157010472,"VIB","1702279353","s","1000","19150","1998100","2023-12-11T07:22:48.822Z","2023-12-11T07:22:48.822Z"
157010471,"VIB","1702279353","s","900","19150","1998100","2023-12-11T07:22:48.822Z","2023-12-11T07:22:48.822Z"
157009592,"VIB","1702279329","s","100","19150","1998100","2023-12-11T07:22:24.817Z","2023-12-11T07:22:24.817Z"
157009591,"VIB","1702279329","s","1900","19150","1998100","2023-12-11T07:22:24.817Z","2023-12-11T07:22:24.817Z"
157009368,"VIB","1702279323","s","5700","19150","1990400","2023-12-11T07:22:17.823Z","2023-12-11T07:22:17.823Z"
157009211,"VIB","1702279319","s","600","19150","1989800","2023-12-11T07:22:14.814Z","2023-12-11T07:22:14.814Z"
157009205,"VIB","1702279319","s","200","19150","1989800","2023-12-11T07:22:13.813Z","2023-12-11T07:22:13.813Z"
157009135,"VIB","1702279317","s","1000","19150","1988600","2023-12-11T07:22:12.821Z","2023-12-11T07:22:12.821Z"
157008876,"VIB","1702279309","s","600","19150","1988600","2023-12-11T07:22:03.819Z","2023-12-11T07:22:03.819Z"
157007733,"VIB","1702279278","s","6800","19100","1988000","2023-12-11T07:21:32.828Z","2023-12-11T07:21:32.828Z"
157007634,"VIB","1702279275","b","1000","19200","1980200","2023-12-11T07:21:30.832Z","2023-12-11T07:21:30.832Z"
157007025,"VIB","1702279256","s","4300","19100","1980200","2023-12-11T07:21:11.822Z","2023-12-11T07:21:11.822Z"
157007024,"VIB","1702279256","s","2500","19150","1980200","2023-12-11T07:21:11.822Z","2023-12-11T07:21:11.822Z"
157006390,"VIB","1702279242","s","7500","19150","1965900","2023-12-11T07:20:57.821Z","2023-12-11T07:20:57.821Z"
157006254,"VIB","1702279239","s","1700","19100","1965900","2023-12-11T07:20:54.815Z","2023-12-11T07:20:54.815Z"
157006253,"VIB","1702279239","s","5100","19150","1965900","2023-12-11T07:20:54.815Z","2023-12-11T07:20:54.815Z"
157006048,"VIB","1702279232","s","1400","19150","1959100","2023-12-11T07:20:46.806Z","2023-12-11T07:20:46.806Z"
157006047,"VIB","1702279232","s","500","19150","1959100","2023-12-11T07:20:46.806Z","2023-12-11T07:20:46.806Z"
157006046,"VIB","1702279232","s","4900","19150","1959100","2023-12-11T07:20:46.806Z","2023-12-11T07:20:46.806Z"
157005363,"VIB","1702279209","s","200","19150","1952300","2023-12-11T07:20:24.819Z","2023-12-11T07:20:24.819Z"
157005222,"VIB","1702279205","s","5000","19150","1952100","2023-12-11T07:20:19.809Z","2023-12-11T07:20:19.809Z"
157004996,"VIB","1702279198","s","6800","19150","1947100","2023-12-11T07:20:13.810Z","2023-12-11T07:20:13.810Z"
157004437,"VIB","1702279182","s","3100","19150","1940300","2023-12-11T07:19:56.811Z","2023-12-11T07:19:56.811Z"
157004436,"VIB","1702279182","s","200","19150","1940300","2023-12-11T07:19:56.811Z","2023-12-11T07:19:56.811Z"
157004435,"VIB","1702279182","s","100","19150","1940300","2023-12-11T07:19:56.811Z","2023-12-11T07:19:56.811Z"
157004434,"VIB","1702279182","s","300","19150","1940300","2023-12-11T07:19:56.811Z","2023-12-11T07:19:56.811Z"
157004433,"VIB","1702279182","s","100","19150","1940300","2023-12-11T07:19:56.811Z","2023-12-11T07:19:56.811Z"
157004432,"VIB","1702279182","s","100","19150","1940300","2023-12-11T07:19:56.811Z","2023-12-11T07:19:56.811Z"
157004431,"VIB","1702279182","s","100","19150","1940300","2023-12-11T07:19:56.811Z","2023-12-11T07:19:56.811Z"
157004430,"VIB","1702279182","s","3000","19150","1940300","2023-12-11T07:19:56.811Z","2023-12-11T07:19:56.811Z"
157004429,"VIB","1702279182","s","200","19150","1940300","2023-12-11T07:19:56.811Z","2023-12-11T07:19:56.811Z"
157004428,"VIB","1702279182","s","300","19150","1940300","2023-12-11T07:19:56.811Z","2023-12-11T07:19:56.811Z"
157004093,"VIB","1702279171","s","2500","19150","1930300","2023-12-11T07:19:46.811Z","2023-12-11T07:19:46.811Z"
157003720,"VIB","1702279157","s","6900","19150","1923400","2023-12-11T07:19:31.832Z","2023-12-11T07:19:31.832Z"
157003526,"VIB","1702279150","s","7500","19150","1915900","2023-12-11T07:19:25.831Z","2023-12-11T07:19:25.831Z"
157003193,"VIB","1702279137","s","6800","19150","1915900","2023-12-11T07:19:12.809Z","2023-12-11T07:19:12.809Z"
157002350,"VIB","1702279112","s","5600","19150","1909100","2023-12-11T07:18:47.817Z","2023-12-11T07:18:47.817Z"
157002325,"VIB","1702279112","s","600","19150","1902900","2023-12-11T07:18:47.817Z","2023-12-11T07:18:47.817Z"
157002024,"VIB","1702279105","s","4400","19150","1895400","2023-12-11T07:18:40.828Z","2023-12-11T07:18:40.828Z"
157002023,"VIB","1702279105","s","3100","19150","1895400","2023-12-11T07:18:40.828Z","2023-12-11T07:18:40.828Z"
157001922,"VIB","1702279102","s","1900","19150","1888600","2023-12-11T07:18:37.819Z","2023-12-11T07:18:37.819Z"
