"price","change","match_qtty","side","time","total_vol"
8870,0,16300,"sd","09:15:01",16300
8870,0,700,"bu","09:15:31",17000
8890,20,2100,"sd","09:17:13",19100
8890,20,1000,"bu","09:17:23",20100
8890,20,4000,"bu","09:17:30",24100
8870,0,3000,"bu","09:17:46",27100
8890,20,1300,"bu","09:17:48",28400
8890,20,500,"bu","09:18:15",28900
8870,0,5700,"bu","09:18:23",34600
8870,0,300,"bu","09:18:28",34900
8880,10,200,"sd","09:18:37",35100
8880,10,2800,"bu","09:19:02",37900
8880,10,500,"sd","09:19:12",38400
8890,20,3000,"bu","09:19:15",41400
8880,10,2000,"bu","09:19:29",43400
8890,20,15000,"sd","09:19:50",58400
8880,10,16400,"sd","09:19:55",74800
8880,10,10000,"bu","09:20:08",84800
8880,10,9800,"bu","09:20:31",94600
8880,10,1000,"sd","09:20:48",95600
8870,0,2000,"sd","09:21:06",97600
8870,0,200,"sd","09:21:36",97800
8880,10,700,"sd","09:21:43",98500
8870,0,500,"bu","09:21:48",99000
8880,10,100,"sd","09:21:59",99100
8880,10,3000,"bu","09:22:10",102100
8880,10,500,"bu","09:22:16",102600
8850,-20,23000,"bu","09:22:40",125600
8880,10,3700,"bu","09:22:48",129300
8880,10,100,"bu","09:23:25",129400
8880,10,400,"sd","09:23:55",129800
8880,10,2000,"sd","09:24:36",131800
8880,10,500,"bu","09:24:46",132300
8880,10,2000,"bu","09:25:29",134300
8880,10,400,"sd","09:25:33",134700
8880,10,6500,"bu","09:25:36",141200
8880,10,7000,"bu","09:25:50",148200
8880,10,200,"bu","09:26:17",148400
8850,-20,4600,"bu","09:27:08",153000
8850,-20,3000,"sd","09:27:50",156000
8870,0,7000,"bu","09:28:25",163000
8850,-20,30000,"sd","09:28:28",193000
8850,-20,100,"sd","09:28:38",193100
8850,-20,7000,"bu","09:29:05",200100
8850,-20,5000,"sd","09:29:17",205100
8850,-20,18400,"sd","09:29:44",223500
8850,-20,600,"sd","09:30:08",224100
8850,-20,200,"bu","09:30:16",224300
8850,-20,700,"sd","09:30:17",225000
8850,-20,100,"sd","09:30:30",225100
8850,-20,900,"bu","09:30:57",226000
8850,-20,2100,"sd","09:30:58",228100
8850,-20,100,"bu","09:30:59",228200
8850,-20,500,"sd","09:31:02",228700
8850,-20,200,"bu","09:31:09",228900
8850,-20,100,"sd","09:31:11",229000
8850,-20,2000,"bu","09:31:11",231000
8850,-20,300,"bu","09:31:21",231300
8850,-20,4000,"sd","09:31:33",235300
8850,-20,100,"sd","09:31:39",235400
8850,-20,300,"bu","09:32:11",235700
8850,-20,100,"bu","09:32:12",235800
8850,-20,10000,"bu","09:32:20",245800
8850,-20,1200,"bu","09:32:34",247000
8850,-20,2000,"bu","09:32:43",249000
8850,-20,12300,"sd","09:32:46",261300
8850,-20,5000,"sd","09:33:07",266300
8870,0,300,"bu","09:33:27",266600
8870,0,2000,"bu","09:34:08",268600
8870,0,200,"bu","09:34:10",268800
8880,10,1000,"sd","09:34:20",269800
8870,0,800,"bu","09:34:31",270600
8870,0,100,"bu","09:34:41",270700
8870,0,400,"sd","09:35:01",271100
8870,0,5400,"sd","09:35:12",276500
8870,0,100,"bu","09:35:23",276600
8860,-10,1000,"bu","09:35:33",277600
8860,-10,700,"bu","09:35:52",278300
8850,-20,300,"bu","09:36:01",278600
8850,-20,7200,"bu","09:36:02",285800
8860,-10,100,"sd","09:36:06",285900
8860,-10,500,"sd","09:36:23",286400
8860,-10,600,"sd","09:36:26",287000
8870,0,5000,"sd","09:36:27",292000
8860,-10,3400,"sd","09:36:29",295400
8860,-10,7800,"bu","09:36:53",303200
8860,-10,700,"sd","09:36:56",303900
8860,-10,1500,"bu","09:36:59",305400
8860,-10,300,"sd","09:37:00",305700
8870,0,3700,"sd","09:37:23",309400
8860,-10,6000,"sd","09:37:26",315400
8870,0,1000,"sd","09:37:31",316400
8880,10,400,"sd","09:37:34",316800
8880,10,100,"sd","09:37:47",316900
8880,10,27900,"bu","09:37:48",344800
8880,10,7200,"bu","09:37:57",352000
8890,20,12000,"sd","09:38:30",364000
8890,20,5000,"bu","09:38:34",369600
8900,30,94400,"bu","09:38:39",464000
8900,30,5000,"sd","09:38:42",469000
8900,30,2200,"bu","09:38:45",471200
8900,30,1000,"sd","09:39:02",472200
8900,30,50000,"bu","09:39:04",522200
8900,30,5000,"sd","09:39:06",527200
8900,30,3000,"sd","09:39:18",530200
8900,30,10000,"sd","09:39:21",540200
8900,30,8900,"sd","09:39:23",549100
8920,50,100,"sd","09:39:26",549200
8920,50,2000,"bu","09:39:45",551200
8920,50,10100,"bu","09:39:53",561300
8930,60,1100,"bu","09:39:57",562400
8930,60,1200,"sd","09:40:03",563600
8920,50,4100,"sd","09:40:06",567700
8930,60,100,"sd","09:40:08",567800
8930,60,900,"bu","09:40:10",568700
8940,70,100,"sd","09:40:12",568800
8940,70,500,"sd","09:40:32",569300
8950,80,11000,"sd","09:40:42",580300
8940,70,1000,"bu","09:40:45",581300
8930,60,100,"sd","09:40:47",581400
8930,60,1100,"sd","09:41:00",582500
8970,100,40000,"sd","09:41:01",622500
8950,80,500,"bu","09:41:15",623000
8950,80,1500,"sd","09:41:19",624500
8950,80,800,"bu","09:41:26",625300
8950,80,100,"bu","09:41:44",625400
8970,100,40000,"sd","09:41:50",665400
8970,100,3000,"sd","09:42:01",668400
8960,90,4900,"bu","09:42:21",673300
8970,100,1000,"bu","09:42:24",674300
8960,90,6300,"sd","09:42:26",680600
8960,90,700,"sd","09:42:29",681300
8960,90,100,"bu","09:42:33",681400
8960,90,1000,"sd","09:42:36",682400
8960,90,100,"bu","09:42:37",682500
8970,100,4200,"bu","09:42:43",686700
8970,100,1800,"bu","09:42:44",688500
8970,100,5000,"bu","09:43:14",693500
8960,90,7600,"bu","09:43:19",701100
8950,80,14100,"sd","09:43:42",715200
8950,80,200,"sd","09:43:48",715400
8950,80,1000,"sd","09:43:53",716400
8950,80,100,"sd","09:44:04",716500
8950,80,600,"bu","09:44:11",717100
8950,80,100,"bu","09:44:12",717200
8950,80,500,"sd","09:44:48",717700
8950,80,15000,"bu","09:44:52",732700
8950,80,4800,"bu","09:45:02",737500
8960,90,100,"sd","09:45:07",737600
8950,80,3200,"sd","09:45:26",740800
8950,80,2800,"sd","09:45:30",743600
8950,80,10000,"bu","09:45:41",753600
8950,80,100,"bu","09:46:02",753700
8940,70,300,"bu","09:46:28",754000
8930,60,1000,"sd","09:46:54",755000
8930,60,6600,"sd","09:47:04",761600
8940,70,100,"sd","09:47:10",761700
8930,60,1000,"sd","09:47:26",762700
8930,60,10000,"sd","09:47:32",772700
8930,60,300,"bu","09:47:37",773000
8930,60,400,"sd","09:47:45",773400
8930,60,300,"sd","09:47:47",773700
8930,60,500,"bu","09:47:52",774200
8930,60,1000,"bu","09:47:56",775200
8920,50,30000,"bu","09:48:12",805200
8930,60,5000,"sd","09:48:13",810200
8920,50,3100,"sd","09:48:45",813300
8930,60,1200,"sd","09:48:55",814500
8930,60,100,"bu","09:48:57",814600
8920,50,7500,"sd","09:49:26",822100
8920,50,5000,"sd","09:49:34",827100
8910,40,30600,"bu","09:49:40",857700
8920,50,9900,"bu","09:49:40",867600
8920,50,21900,"sd","09:49:42",889500
8930,60,100,"sd","09:49:55",889600
8930,60,1500,"bu","09:50:01",891100
8920,50,200,"bu","09:50:02",891300
8920,50,22900,"sd","09:50:06",914200
8920,50,100,"bu","09:50:16",914300
8920,50,1000,"sd","09:50:42",915300
8910,40,1300,"bu","09:51:12",916600
8910,40,200,"bu","09:51:25",916800
8910,40,1000,"sd","09:51:29",917800
8910,40,2000,"bu","09:51:32",919800
8920,50,100,"sd","09:51:36",919900
8910,40,6700,"bu","09:51:38",926600
8910,40,1000,"bu","09:51:42",927600
8910,40,1100,"bu","09:51:47",928700
8910,40,1200,"bu","09:51:49",929900
8920,50,100,"bu","09:52:03",930000
8920,50,1000,"bu","09:52:18",931000
8920,50,27000,"sd","09:52:24",958000
8930,60,100,"sd","09:52:30",958100
8930,60,6000,"bu","09:52:45",964100
8920,50,2000,"bu","09:52:54",966100
8920,50,10000,"bu","09:53:00",976100
8930,60,100,"bu","09:53:11",976200
8920,50,500,"sd","09:53:13",976700
8930,60,100,"sd","09:53:15",976800
8930,60,1000,"sd","09:53:58",977800
8930,60,24100,"sd","09:54:46",1001900
8940,70,100,"sd","09:54:59",1002000
8930,60,300,"bu","09:55:30",1002300
8940,70,1900,"sd","09:55:32",1004200
8940,70,1800,"sd","09:55:37",1006000
8930,60,1100,"bu","09:56:19",1007100
8940,70,2600,"sd","09:56:26",1009700
8930,60,100,"sd","09:56:33",1009800
8940,70,600,"sd","09:56:35",1010400
8940,70,100,"bu","09:56:48",1010500
8930,60,2000,"sd","09:57:13",1012500
8940,70,100,"sd","09:57:23",1012600
8940,70,1000,"bu","09:57:59",1013600
8940,70,2000,"sd","09:58:40",1015600
8930,60,100,"sd","09:59:14",1015700
8930,60,1600,"sd","09:59:44",1017300
8940,70,30000,"sd","09:59:49",1047300
8940,70,1100,"bu","10:00:16",1048400
8940,70,2800,"sd","10:00:30",1051200
8940,70,700,"bu","10:00:31",1051900
8940,70,400,"bu","10:00:36",1052300
8950,80,5000,"bu","10:00:38",1057300
8940,70,100,"sd","10:00:47",1057400
8940,70,300,"sd","10:01:00",1057700
8940,70,1900,"bu","10:01:03",1059600
8950,80,1000,"sd","10:01:13",1098300
8950,80,5800,"bu","10:01:14",1104100
8950,80,2100,"bu","10:01:20",1106200
8960,90,100,"bu","10:01:24",1106300
8960,90,1200,"sd","10:01:34",1107500
8950,80,100,"sd","10:01:43",1107600
8960,90,17000,"sd","10:01:53",1124600
8950,80,500,"sd","10:01:57",1125100
8960,90,100,"sd","10:02:04",1125200
8950,80,4000,"bu","10:02:07",1129200
8950,80,5400,"bu","10:02:14",1134600
8950,80,100,"bu","10:02:19",1134700
8950,80,500,"sd","10:02:19",1135200
8950,80,2000,"bu","10:02:21",1137200
8950,80,600,"sd","10:02:23",1137800
8950,80,1400,"sd","10:02:30",1139200
8940,70,200,"sd","10:02:44",1139400
8950,80,5600,"sd","10:02:50",1145000
8950,80,3500,"sd","10:03:41",1148500
8940,70,1500,"sd","10:03:43",1150000
8930,60,10000,"bu","10:03:52",1160000
8950,80,100,"sd","10:04:17",1160100
8940,70,500,"bu","10:04:24",1160600
8940,70,5000,"bu","10:04:49",1165600
8940,70,200,"bu","10:04:50",1165800
8950,80,10000,"bu","10:04:56",1175800
8950,80,1300,"bu","10:05:12",1177100
8950,80,1500,"sd","10:05:12",1178600
8950,80,2000,"sd","10:05:21",1180600
8950,80,400,"sd","10:06:05",1181000
8940,70,1000,"sd","10:06:08",1182000
8950,80,1100,"sd","10:06:12",1183100
8940,70,1500,"bu","10:07:06",1184600
8940,70,300,"sd","10:07:16",1184900
8950,80,200,"sd","10:07:18",1185100
8940,70,20000,"bu","10:07:20",1205100
8940,70,5300,"bu","10:07:27",1210400
8940,70,1000,"bu","10:07:34",1211400
8940,70,18700,"sd","10:07:52",1230100
8940,70,5000,"bu","10:08:00",1235100
8940,70,200,"sd","10:08:07",1235300
8930,60,300,"sd","10:08:56",1235600
8930,60,10000,"sd","10:09:01",1245600
8930,60,4500,"bu","10:09:41",1250100
8940,70,2200,"bu","10:09:43",1252300
8930,60,100,"bu","10:10:19",1252400
8940,70,30100,"bu","10:10:28",1282500
8930,60,100,"bu","10:10:31",1282600
8940,70,6000,"bu","10:12:17",1288600
8930,60,100,"bu","10:12:33",1288700
8940,70,300,"bu","10:13:07",1289000
8940,70,400,"sd","10:13:18",1289400
8940,70,5000,"sd","10:13:19",1294400
8940,70,100,"bu","10:13:32",1294500
8940,70,1200,"sd","10:14:08",1295700
8940,70,200,"sd","10:15:01",1295900
8930,60,1000,"sd","10:15:07",1296900
8940,70,500,"sd","10:15:09",1297400
8940,70,200,"sd","10:15:10",1297600
8940,70,17900,"bu","10:15:13",1315500
8950,80,100,"bu","10:15:25",1315600
8940,70,2100,"bu","10:15:26",1317700
8940,70,500,"sd","10:15:27",1318200
8930,60,20000,"bu","10:15:33",1338200
8940,70,200,"sd","10:15:37",1338400
8940,70,500,"bu","10:16:26",1338900
8940,70,20000,"sd","10:17:36",1358900
8930,60,500,"bu","10:17:39",1359400
8940,70,100,"bu","10:17:44",1359500
8940,70,500,"sd","10:17:47",1360000
8940,70,100,"sd","10:18:00",1360100
8940,70,4100,"bu","10:18:19",1364200
8940,70,1000,"bu","10:18:31",1365200
8940,70,100,"sd","10:18:34",1365300
8940,70,5000,"sd","10:18:36",1370300
8930,60,23700,"bu","10:19:17",1394000
8930,60,500,"bu","10:19:24",1394500
8930,60,100,"bu","10:19:37",1394600
8930,60,200,"bu","10:19:55",1394800
8930,60,5000,"bu","10:20:06",1399800
8930,60,500,"bu","10:20:36",1400300
8930,60,100,"sd","10:21:58",1400400
8930,60,5800,"sd","10:22:30",1406200
8930,60,2000,"bu","10:22:39",1408200
8930,60,100,"bu","10:22:59",1408300
8920,50,7100,"bu","10:23:03",1415400
8930,60,100,"sd","10:23:08",1415500
8930,60,900,"sd","10:23:21",1416400
8930,60,500,"bu","10:23:51",1416900
8930,60,700,"sd","10:23:52",1417600
8940,70,100,"bu","10:24:14",1417700
8940,70,14900,"bu","10:24:15",1432600
8940,70,100,"bu","10:24:31",1432700
8940,70,2100,"bu","10:24:37",1434800
8940,70,3000,"bu","10:25:34",1437800
8940,70,1600,"bu","10:26:02",1439400
8940,70,1000,"sd","10:26:08",1440400
8940,70,100,"bu","10:26:12",1440500
8940,70,1500,"sd","10:26:13",1442000
8940,70,100,"bu","10:26:32",1442100
8940,70,500,"sd","10:26:38",1442600
8940,70,200,"sd","10:27:00",1442800
8940,70,500,"bu","10:27:05",1443300
8940,70,500,"sd","10:27:47",1443800
8950,80,100,"sd","10:27:54",1443900
8950,80,2000,"sd","10:28:18",1445900
8940,70,2500,"bu","10:28:34",1448400
8950,80,63000,"sd","10:28:38",1511400
8950,80,10000,"sd","10:28:41",1521400
8950,80,500,"bu","10:28:42",1521900
8950,80,10000,"sd","10:28:43",1531900
8940,70,500,"bu","10:28:46",1532400
8950,80,100,"bu","10:29:00",1532500
8950,80,10000,"bu","10:29:01",1542500
8950,80,2000,"bu","10:29:09",1544500
8950,80,12000,"bu","10:29:27",1556500
8950,80,300,"bu","10:29:57",1556800
8940,70,1000,"bu","10:30:11",1557800
8950,80,9000,"bu","10:30:28",1566800
8950,80,31700,"bu","10:30:33",1598500
8950,80,1400,"bu","10:30:44",1599900
8950,80,1000,"sd","10:30:48",1600900
8960,90,800,"bu","10:30:49",1601700
8950,80,500,"sd","10:30:58",1602200
8960,90,20000,"sd","10:31:04",1622200
8960,90,8700,"bu","10:31:14",1630900
8960,90,35400,"bu","10:31:20",1666300
8960,90,2000,"bu","10:31:22",1668300
8970,100,88100,"bu","10:31:42",1756400
8970,100,100,"sd","10:31:43",1756600
8970,100,500,"bu","10:31:45",1757100
8970,100,1000,"bu","10:31:47",1758100
8970,100,100,"bu","10:31:56",1758200
8970,100,900,"sd","10:32:14",1759100
8970,100,6100,"sd","10:32:15",1765200
8970,100,1000,"bu","10:32:40",1766200
8970,100,7000,"bu","10:32:40",1773200
8970,100,100,"sd","10:32:50",1773300
8970,100,500,"bu","10:32:52",1773800
8970,100,300,"sd","10:32:56",1774100
8970,100,11000,"bu","10:33:01",1785100
8970,100,800,"bu","10:33:10",1785900
8970,100,300,"bu","10:33:11",1786200
8970,100,100,"sd","10:33:14",1786300
8970,100,600,"bu","10:33:31",1786900
8970,100,1300,"bu","10:33:53",1788200
8970,100,2000,"bu","10:34:10",1790200
8970,100,600,"sd","10:34:26",1790800
8970,100,10000,"bu","10:34:52",1800800
8970,100,19000,"bu","10:34:54",1819800
8970,100,9000,"sd","10:34:55",1828800
8970,100,2000,"bu","10:34:57",1830800
8970,100,100,"bu","10:36:06",1830900
8970,100,2100,"sd","10:36:08",1833000
8970,100,200,"sd","10:36:11",1833200
8970,100,5100,"sd","10:36:12",1838300
8970,100,500,"sd","10:36:18",1838800
8970,100,20000,"bu","10:36:21",1858800
8970,100,1000,"sd","10:36:25",1859800
8950,80,50000,"sd","10:36:49",1909800
8970,100,100,"sd","10:37:28",1909900
8970,100,1000,"sd","10:38:59",1910900
8970,100,30000,"bu","10:39:14",1940900
8960,90,400,"bu","10:39:15",1941300
8960,90,1500,"sd","10:40:47",1942800
8970,100,4600,"sd","10:40:51",1947400
8970,100,2000,"bu","10:40:58",1949400
8970,100,500,"sd","10:41:07",1949900
8970,100,7000,"sd","10:41:09",1956900
8970,100,200,"bu","10:41:14",1957100
8970,100,6600,"bu","10:41:19",1963700
8970,100,100,"bu","10:42:03",1963800
8970,100,500,"sd","10:42:11",1964300
8970,100,3700,"sd","10:42:31",1968000
8970,100,100,"sd","10:42:35",1968100
8980,110,1600,"bu","10:42:49",1969700
8980,110,30000,"bu","10:43:00",1999700
8980,110,1200,"bu","10:43:07",2000900
8980,110,40000,"sd","10:43:10",2040900
8980,110,5000,"bu","10:43:15",2045900
8980,110,100,"bu","10:43:19",2046000
8980,110,500,"bu","10:43:27",2046500
8980,110,1000,"bu","10:43:32",2047500
8980,110,800,"sd","10:43:43",2048300
8980,110,200,"sd","10:43:44",2048500
8980,110,5000,"sd","10:44:01",2053500
9000,130,280400,"sd","10:44:09",2333900
9000,130,2700,"sd","10:44:10",2336600
9000,130,1400,"bu","10:44:21",2338000
9010,140,600,"sd","10:44:23",2338600
9010,140,10000,"bu","10:44:26",2348600
9000,130,4000,"sd","10:44:38",2352600
9010,140,100,"bu","10:44:40",2352700
9030,160,10100,"sd","10:44:56",2362800
9020,150,2600,"sd","10:45:00",2372800
9020,150,100,"bu","10:45:01",2372900
9030,160,20000,"sd","10:45:04",2392900
9020,150,200,"sd","10:45:05",2393100
9030,160,6000,"sd","10:45:10",2399100
9040,170,15000,"bu","10:45:12",2414100
9030,160,2000,"bu","10:45:16",2416100
9040,170,30300,"bu","10:45:23",2446400
9040,170,2100,"sd","10:45:25",2448500
9040,170,2500,"bu","10:45:26",2451000
9050,180,500,"sd","10:45:31",2451500
9050,180,27500,"bu","10:45:36",2479000
9050,180,7600,"sd","10:45:37",2486600
9050,180,13000,"bu","10:45:40",2499600
9080,210,500,"sd","10:45:43",2500100
9090,220,6000,"sd","10:45:45",2506100
9090,220,500,"sd","10:45:49",2506600
9050,180,7600,"sd","10:45:50",2514200
9080,210,100,"sd","10:45:51",2514300
9080,210,900,"sd","10:45:57",2515200
9080,210,4100,"bu","10:45:58",2519300
9080,210,2500,"bu","10:46:04",2521800
9090,220,51000,"sd","10:46:10",2572800
9080,210,1000,"sd","10:46:20",2573800
9090,220,3000,"bu","10:46:25",2576800
9100,230,6000,"bu","10:46:25",2582800
9090,220,500,"bu","10:46:29",2583300
9090,220,100,"sd","10:46:34",2583400
9100,230,2100,"bu","10:46:41",2585500
9100,230,100,"sd","10:46:43",2585600
9090,220,10600,"bu","10:46:50",2596200
9090,220,23600,"bu","10:46:53",2619800
9090,220,10100,"bu","10:46:55",2629900
9080,210,3800,"sd","10:47:02",2633700
9080,210,300,"bu","10:47:05",2634000
9080,210,1800,"bu","10:47:10",2635800
9080,210,100,"bu","10:47:13",2635900
9090,220,32000,"sd","10:47:17",2667900
9090,220,2000,"sd","10:47:18",2669900
9080,210,900,"sd","10:47:19",2670800
9100,230,1500,"sd","10:47:22",2672300
9090,220,1200,"sd","10:47:23",2673500
9090,220,1000,"bu","10:47:25",2674500
9090,220,3100,"sd","10:47:26",2677600
9090,220,200,"sd","10:47:29",2677800
9090,220,100,"sd","10:47:41",2677900
9080,210,1000,"sd","10:47:48",2678900
9090,220,8300,"sd","10:47:50",2687200
9090,220,11000,"sd","10:47:56",2698200
9090,220,11200,"bu","10:48:04",2709400
9090,220,5100,"bu","10:48:06",2714500
9080,210,35700,"bu","10:48:08",2750200
9090,220,100,"bu","10:48:11",2750300
9090,220,10000,"sd","10:48:14",2760300
9080,210,11000,"bu","10:48:23",2771300
9090,220,700,"sd","10:48:26",2772000
9090,220,9000,"bu","10:48:31",2781000
9090,220,100,"sd","10:48:34",2781100
9090,220,2700,"bu","10:48:39",2783800
9080,210,3500,"sd","10:48:43",2787300
9080,210,1000,"sd","10:48:46",2788300
9090,220,600,"bu","10:48:50",2788900
9080,210,2700,"bu","10:49:10",2791600
9080,210,100,"sd","10:49:14",2791700
9080,210,1000,"bu","10:49:15",2792700
9080,210,100,"sd","10:49:17",2792800
9080,210,200,"sd","10:49:26",2793000
9080,210,2000,"bu","10:49:27",2795000
9080,210,900,"bu","10:49:30",2795900
9080,210,1000,"sd","10:49:31",2796900
9080,210,400,"bu","10:49:32",2797300
9080,210,1000,"bu","10:49:41",2798300
9080,210,10000,"bu","10:49:43",2808300
9080,210,10600,"bu","10:49:48",2818900
9080,210,200,"sd","10:49:50",2819100
9080,210,700,"sd","10:50:00",2819800
9080,210,2300,"bu","10:50:18",2822100
9080,210,5000,"sd","10:50:20",2827100
9080,210,2700,"sd","10:50:23",2829800
9080,210,700,"sd","10:50:25",2830500
9080,210,5000,"sd","10:50:40",2835500
9080,210,4900,"bu","10:50:45",2840400
9090,220,500,"sd","10:50:54",2840900
9070,200,1000,"bu","10:51:24",2841900
9080,210,5000,"sd","10:51:29",2846900
9070,200,2000,"bu","10:51:33",2848900
9090,220,3600,"bu","10:51:37",2852500
9080,210,400,"sd","10:51:41",2852900
9080,210,10000,"bu","10:51:50",2862900
9070,200,200,"sd","10:51:55",2863100
9090,220,9000,"bu","10:51:57",2872100
9070,200,1000,"sd","10:51:59",2873100
9070,200,7100,"sd","10:52:04",2880200
9080,210,2000,"sd","10:52:07",2882200
9090,220,8400,"bu","10:52:09",2890600
9080,210,800,"bu","10:52:15",2891400
9080,210,100,"sd","10:52:21",2891500
9070,200,2100,"sd","10:52:28",2893600
9080,210,1000,"bu","10:52:33",2894600
9080,210,10000,"bu","10:52:47",2904600
9080,210,600,"bu","10:53:06",2905200
9080,210,24200,"bu","10:53:15",2929400
9080,210,1000,"bu","10:53:17",2930400
9080,210,500,"sd","10:53:20",2930900
9080,210,1500,"sd","10:53:24",2932400
9080,210,300,"sd","10:53:25",2932700
9080,210,1000,"bu","10:53:27",2933700
9080,210,500,"bu","10:53:32",2934200
9080,210,100,"sd","10:53:34",2934300
9080,210,900,"sd","10:53:36",2935200
9070,200,100,"bu","10:53:51",2935300
9070,200,500,"sd","10:54:03",2935800
9070,200,1000,"bu","10:54:08",2936800
9070,200,500,"bu","10:54:09",2937300
9070,200,4000,"sd","10:54:15",2941300
9070,200,10000,"bu","10:54:17",2951300
9070,200,300,"sd","10:54:21",2951600
9070,200,2000,"sd","10:54:27",2953600
9080,210,200,"sd","10:54:31",2953800
9070,200,700,"sd","10:54:45",2954500
9070,200,16500,"bu","10:54:59",2971000
9070,200,100,"bu","10:55:16",2971100
9060,190,11400,"bu","10:55:18",2982500
9060,190,400,"sd","10:55:23",2982900
9050,180,20000,"sd","10:55:52",3002900
9050,180,100,"sd","10:55:54",3003000
9050,180,200,"sd","10:56:01",3003200
9050,180,2000,"sd","10:56:04",3005200
9050,180,100,"sd","10:56:15",3005300
9050,180,8800,"bu","10:56:30",3014100
9050,180,2000,"bu","10:56:41",3016100
9050,180,100,"bu","10:56:44",3016200
9050,180,8300,"bu","10:56:45",3024500
9050,180,1700,"bu","10:56:52",3026200
9050,180,500,"bu","10:57:02",3026700
9050,180,800,"bu","10:57:04",3027500
9040,170,2100,"bu","10:57:19",3029600
9040,170,1000,"sd","10:57:30",3030600
9040,170,3500,"sd","10:57:42",3034100
9040,170,200,"bu","10:57:43",3034300
9040,170,400,"bu","10:57:48",3034700
9040,170,100,"sd","10:58:08",3034800
9040,170,7300,"bu","10:58:46",3042100
9030,160,1000,"sd","10:59:02",3043100
9030,160,1000,"sd","10:59:21",3044100
9030,160,2700,"sd","10:59:28",3046800
9030,160,5000,"bu","10:59:29",3051800
9030,160,100,"bu","10:59:55",3051900
9030,160,500,"bu","11:00:59",3052400
9030,160,600,"bu","11:01:44",3053000
9030,160,400,"sd","11:02:01",3053400
9040,170,500,"sd","11:02:35",3053900
9030,160,500,"sd","11:02:41",3054400
9030,160,1200,"sd","11:02:50",3055600
9030,160,1700,"sd","11:02:55",3057300
9030,160,500,"sd","11:03:02",3057800
9020,150,5000,"sd","11:03:34",3062800
9030,160,1000,"sd","11:03:35",3063800
9030,160,1400,"sd","11:03:59",3065200
9030,160,500,"sd","11:04:02",3065700
9030,160,1000,"sd","11:04:06",3066700
9020,150,100,"bu","11:04:19",3066800
9030,160,2000,"bu","11:04:22",3068800
9030,160,200,"sd","11:04:39",3069000
9030,160,100,"bu","11:04:45",3069100
9030,160,10200,"bu","11:05:17",3079300
9030,160,4800,"sd","11:05:29",3084100
9030,160,2200,"sd","11:06:23",3086300
9030,160,1000,"sd","11:06:35",3087300
9030,160,900,"bu","11:06:40",3088200
9030,160,1000,"sd","11:07:07",3089200
9030,160,100,"bu","11:07:09",3089300
9030,160,600,"bu","11:08:16",3089900
9020,150,1100,"sd","11:09:11",3091000
9020,150,10000,"sd","11:09:18",3101000
9020,150,1400,"bu","11:10:15",3102400
9020,150,200,"bu","11:10:19",3102600
9020,150,2200,"bu","11:10:26",3104800
9020,150,1000,"bu","11:10:55",3105800
9020,150,200,"bu","11:10:56",3106000
9020,150,11500,"bu","11:11:07",3117500
9010,140,5100,"sd","11:12:04",3122600
9020,150,100,"bu","11:12:23",3122700
9020,150,300,"sd","11:12:57",3123000
9020,150,100,"bu","11:13:38",3123100
9020,150,4000,"bu","11:14:02",3127100
9010,140,1000,"sd","11:14:12",3128100
9020,150,2000,"sd","11:15:01",3130100
9020,150,100,"bu","11:16:02",3130200
9010,140,5000,"bu","11:16:14",3135200
9010,140,1000,"sd","11:17:09",3136200
9020,150,19500,"sd","11:18:06",3155700
9020,150,5000,"sd","11:18:40",3160700
9020,150,3500,"bu","11:18:42",3164200
9020,150,3000,"bu","11:19:03",3167200
9020,150,2700,"bu","11:19:07",3169900
9020,150,200,"bu","11:19:09",3170100
9020,150,100,"bu","11:19:14",3170200
9020,150,200,"sd","11:19:15",3170400
9020,150,1000,"bu","11:19:48",3171400
9020,150,2000,"sd","11:20:11",3173400
9030,160,3000,"bu","11:20:31",3176400
9010,140,20000,"bu","11:20:33",3196400
9030,160,3000,"sd","11:20:57",3199400
9020,150,2200,"sd","11:21:36",3201600
9020,150,500,"bu","11:21:43",3202100
9010,140,5000,"sd","11:21:48",3207100
9010,140,1000,"sd","11:22:10",3208100
9010,140,2000,"sd","11:22:22",3210100
9020,150,1000,"sd","11:22:23",3211100
9020,150,1200,"bu","11:23:05",3212300
9020,150,600,"bu","11:23:53",3212900
9020,150,12000,"sd","11:24:00",3224900
9020,150,1400,"sd","11:24:42",3226300
9020,150,200,"sd","11:24:57",3226500
9020,150,1000,"sd","11:25:00",3227500
9020,150,2400,"bu","11:25:09",3229900
9020,150,10000,"bu","11:26:09",3239900
9020,150,18600,"bu","11:27:01",3258500
9020,150,100,"sd","11:27:39",3258600
9030,160,10000,"bu","11:27:47",3268600
9020,150,500,"sd","11:28:34",3269100
9020,150,200,"sd","11:28:45",3269300
9020,150,500,"bu","11:28:56",3269800
9020,150,200,"bu","11:29:05",3270000
9020,150,500,"bu","13:00:13",3270500
9020,150,1000,"sd","13:00:14",3271500
9020,150,1000,"bu","13:00:15",3272500
9020,150,1500,"sd","13:00:17",3274000
9010,140,10000,"bu","13:00:24",3284000
9010,140,1000,"sd","13:00:25",3285000
9020,150,17600,"bu","13:00:29",3302600
9010,140,400,"bu","13:00:31",3303000
9010,140,200,"bu","13:00:39",3303200
9020,150,1000,"sd","13:00:41",3304200
9020,150,200,"sd","13:00:42",3304400
9020,150,8000,"sd","13:00:59",3312400
9020,150,1100,"sd","13:01:02",3313500
9010,140,1500,"bu","13:01:06",3315000
9010,140,100,"bu","13:01:20",3315100
9010,140,2000,"bu","13:01:32",3317100
9020,150,26400,"sd","13:02:23",3343500
9010,140,100,"bu","13:02:51",3343600
9010,140,400,"sd","13:03:21",3344000
9010,140,1000,"sd","13:03:41",3345000
9010,140,2600,"sd","13:03:53",3347600
9010,140,200,"bu","13:03:59",3347800
9010,140,500,"bu","13:04:21",3348300
9010,140,2500,"bu","13:05:14",3350800
9010,140,13700,"sd","13:05:17",3364500
9010,140,1300,"bu","13:05:24",3365800
9010,140,5300,"bu","13:07:38",3371100
9010,140,100,"sd","13:07:48",3371200
9010,140,1000,"sd","13:08:45",3372200
9020,150,20000,"sd","13:09:08",3392200
9000,130,60000,"bu","13:09:18",3452200
9000,130,100,"sd","13:09:45",3452300
9010,140,300,"sd","13:09:47",3452600
9020,150,1600,"bu","13:10:18",3454200
9020,150,100,"sd","13:10:30",3454300
9020,150,200,"sd","13:10:41",3454500
9020,150,3200,"bu","13:11:08",3457700
9020,150,17000,"sd","13:11:16",3474700
9020,150,2000,"bu","13:11:21",3476700
9020,150,3700,"bu","13:11:25",3480400
9020,150,2000,"bu","13:11:37",3482400
9020,150,4400,"sd","13:11:42",3486800
9020,150,300,"bu","13:11:58",3487100
9020,150,12500,"sd","13:12:13",3499600
9020,150,4000,"bu","13:12:39",3503600
9020,150,5000,"bu","13:13:18",3508600
9020,150,1000,"bu","13:13:24",3509600
9020,150,1000,"sd","13:13:25",3510600
9020,150,14100,"bu","13:13:29",3524700
9020,150,5000,"bu","13:13:39",3529700
9020,150,2000,"sd","13:13:48",3531700
9020,150,1200,"bu","13:14:02",3532900
9030,160,50000,"sd","13:14:03",3582900
9030,160,600,"sd","13:14:24",3583500
9030,160,10000,"bu","13:14:44",3593500
9030,160,500,"sd","13:14:58",3594000
9030,160,3800,"bu","13:15:06",3597800
9030,160,200,"sd","13:15:15",3598000
9040,170,600,"bu","13:15:24",3598600
9030,160,2000,"bu","13:15:28",3600600
9040,170,6200,"bu","13:15:52",3606800
9040,170,4000,"bu","13:16:09",3610800
9030,160,1000,"bu","13:16:14",3611800
9040,170,36200,"bu","13:16:22",3648000
9040,170,10000,"bu","13:16:30",3658000
9040,170,200,"bu","13:16:31",3658200
9040,170,1600,"bu","13:16:44",3659800
9040,170,3000,"sd","13:17:03",3662800
9040,170,3700,"sd","13:17:38",3666500
9040,170,1300,"sd","13:17:58",3667800
9040,170,1000,"bu","13:18:13",3668800
9040,170,200,"sd","13:18:16",3669000
9040,170,2000,"bu","13:18:17",3671000
9040,170,10000,"sd","13:18:27",3681000
9040,170,100,"bu","13:18:29",3681100
9040,170,1000,"sd","13:18:32",3682100
9040,170,1200,"bu","13:18:53",3683300
9040,170,1800,"sd","13:19:03",3685100
9040,170,600,"sd","13:19:11",3685700
9040,170,200,"sd","13:19:20",3685900
9040,170,9200,"sd","13:19:27",3695100
9040,170,100,"sd","13:19:57",3695200
9040,170,300,"sd","13:20:35",3695500
9040,170,2000,"bu","13:20:42",3697500
9040,170,100,"bu","13:20:46",3697600
9040,170,5000,"sd","13:21:10",3702600
9030,160,100,"bu","13:21:13",3702700
9030,160,200,"bu","13:21:18",3702900
9040,170,100,"sd","13:21:29",3703000
9030,160,400,"sd","13:21:32",3703400
9040,170,4700,"sd","13:21:33",3708100
9040,170,9800,"bu","13:21:48",3717900
9040,170,2000,"bu","13:22:29",3719900
9040,170,5000,"sd","13:22:49",3724900
9050,180,2000,"sd","13:22:53",3726900
9050,180,5000,"sd","13:22:59",3731900
9040,170,200,"sd","13:23:01",3732100
9040,170,5600,"sd","13:24:20",3737700
9040,170,3000,"bu","13:24:38",3740700
9050,180,15000,"bu","13:24:40",3755700
9040,170,500,"bu","13:24:44",3756200
9050,180,5000,"sd","13:25:03",3761200
9050,180,500,"bu","13:25:25",3761700
9050,180,100,"sd","13:25:47",3761800
9050,180,200,"bu","13:26:09",3762000
9050,180,300,"bu","13:26:14",3762300
9050,180,50000,"bu","13:26:17",3812300
9050,180,1000,"bu","13:26:19",3813300
9050,180,29700,"bu","13:26:22",3843000
9060,190,1100,"sd","13:26:41",3844100
9060,190,200,"sd","13:26:51",3844300
9060,190,3000,"bu","13:26:54",3847300
9060,190,1900,"bu","13:26:57",3849200
9060,190,400,"bu","13:27:04",3849600
9060,190,7600,"bu","13:27:07",3857200
9060,190,8000,"bu","13:27:08",3865200
9060,190,500,"bu","13:27:10",3865700
9060,190,1000,"sd","13:27:14",3866700
9060,190,10000,"sd","13:27:16",3876700
9060,190,15100,"sd","13:27:18",3891800
9060,190,5000,"bu","13:27:19",3896800
9060,190,2500,"sd","13:27:22",3899300
9060,190,1200,"bu","13:27:23",3900500
9060,190,800,"sd","13:27:25",3901300
9060,190,100,"sd","13:27:28",3901400
9050,180,100100,"bu","13:27:56",4001500
9070,200,16100,"bu","13:28:02",4017600
9070,200,5000,"sd","13:28:10",4022600
9070,200,400,"bu","13:28:12",4023000
9070,200,5000,"bu","13:28:13",4028000
9070,200,100,"sd","13:28:26",4028100
9070,200,1700,"bu","13:28:34",4029800
9070,200,1000,"bu","13:28:35",4030800
9070,200,500,"bu","13:28:39",4031300
9070,200,200,"sd","13:28:41",4031500
9070,200,1600,"sd","13:28:42",4033100
9070,200,1000,"sd","13:28:43",4034100
9050,180,39000,"sd","13:29:44",4073100
9050,180,300,"bu","13:30:07",4073400
9050,180,1000,"bu","13:30:13",4074400
9050,180,2700,"sd","13:30:14",4077100
9050,180,1300,"bu","13:30:17",4078400
9050,180,100,"bu","13:30:23",4078500
9050,180,900,"bu","13:30:32",4079400
9050,180,100,"sd","13:30:48",4079500
9050,180,1000,"bu","13:30:56",4080500
9050,180,200,"bu","13:31:09",4080700
9050,180,4000,"bu","13:31:25",4084700
9050,180,300,"sd","13:31:32",4085000
9050,180,1000,"sd","13:32:06",4086000
9050,180,6500,"bu","13:33:06",4092500
9050,180,100,"bu","13:33:08",4092600
9050,180,2000,"bu","13:33:20",4094600
9040,170,10000,"sd","13:33:28",4104600
9050,180,4000,"bu","13:33:45",4108600
9050,180,1700,"sd","13:34:02",4110300
9050,180,9000,"sd","13:34:12",4119300
9050,180,1000,"sd","13:34:14",4120300
9050,180,1400,"bu","13:34:21",4121700
9050,180,100,"sd","13:34:43",4121800
9050,180,500,"bu","13:34:59",4122300
9040,170,1000,"bu","13:35:43",4123300
9050,180,5000,"bu","13:35:45",4128300
9040,170,1200,"bu","13:36:12",4129500
9040,170,500,"bu","13:36:15",4130000
9040,170,6700,"sd","13:36:24",4136700
9040,170,500,"sd","13:37:34",4137200
9040,170,1000,"sd","13:37:48",4138200
9040,170,100,"bu","13:37:49",4138300
9050,180,30000,"bu","13:38:09",4168300
9040,170,500,"sd","13:39:26",4168800
9040,170,5000,"bu","13:39:44",4173800
9040,170,200,"bu","13:39:58",4174000
9040,170,13300,"sd","13:39:59",4187300
9030,160,1000,"sd","13:40:18",4188300
9040,170,200,"sd","13:40:32",4188500
9030,160,5000,"sd","13:40:33",4193500
9030,160,100,"sd","13:41:17",4193600
9040,170,10000,"sd","13:41:27",4203600
9030,160,200,"sd","13:41:36",4203800
9030,160,12000,"bu","13:41:40",4215800
9030,160,3000,"sd","13:41:43",4218800
9030,160,200,"bu","13:41:45",4219000
9030,160,700,"sd","13:41:49",4219700
9030,160,3400,"bu","13:41:51",4223100
9030,160,500,"bu","13:42:56",4223600
9030,160,100,"sd","13:44:14",4223700
9030,160,3800,"bu","13:44:18",4227500
9030,160,12000,"bu","13:44:23",4239500
9030,160,200,"bu","13:44:26",4239700
9020,150,5200,"bu","13:45:43",4244900
9030,160,100,"bu","13:46:04",4245000
9020,150,1000,"bu","13:46:23",4246000
9020,150,1100,"sd","13:46:25",4247100
9030,160,100,"bu","13:46:46",4247200
9020,150,200,"sd","13:47:17",4247400
9030,160,100,"sd","13:47:43",4247500
9020,150,2100,"bu","13:48:07",4249600
9030,160,100,"bu","13:48:13",4249700
9020,150,1000,"bu","13:48:22",4250700
9020,150,500,"bu","13:48:46",4251200
9020,150,18500,"bu","13:48:57",4269700
9020,150,1000,"bu","13:49:16",4270700
9010,140,7700,"bu","13:49:44",4278400
9010,140,1000,"sd","13:49:45",4279400
9020,150,500,"sd","13:50:17",4279900
9020,150,100,"sd","13:50:19",4280000
9010,140,2000,"bu","13:50:22",4282000
9020,150,400,"bu","13:50:40",4282400
9020,150,1000,"bu","13:50:59",4283400
9020,150,2800,"bu","13:51:01",4286200
9020,150,500,"sd","13:51:04",4286700
9020,150,6300,"bu","13:51:20",4293000
9020,150,500,"bu","13:51:33",4293500
9020,150,1200,"bu","13:52:27",4294700
9020,150,2500,"sd","13:52:32",4297200
9020,150,1000,"sd","13:52:36",4298200
9020,150,1900,"bu","13:52:39",4300100
9030,160,100,"sd","13:52:44",4300200
9020,150,1000,"bu","13:52:49",4301200
9030,160,100,"sd","13:52:51",4301300
9030,160,1000,"sd","13:53:02",4302300
9030,160,4000,"bu","13:53:05",4306300
9030,160,9500,"sd","13:53:08",4315800
9040,170,100,"sd","13:53:15",4315900
9030,160,500,"sd","13:53:21",4316400
9040,170,10000,"sd","13:53:27",4326400
9030,160,100,"sd","13:53:34",4326500
9040,170,2600,"sd","13:54:07",4329100
9040,170,3000,"sd","13:54:20",4332100
9040,170,15000,"bu","13:54:48",4347100
9040,170,3300,"bu","13:54:56",4350400
9040,170,20000,"bu","13:54:58",4370400
9040,170,8500,"sd","13:55:07",4378900
9040,170,1000,"sd","13:55:08",4379900
9050,180,100,"sd","13:55:13",4380000
9040,170,2200,"bu","13:55:15",4382200
9040,170,300,"sd","13:55:29",4382500
9040,170,100,"bu","13:55:34",4382600
9050,180,300,"bu","13:55:44",4382900
9040,170,2000,"bu","13:56:02",4384900
9050,180,800,"bu","13:56:15",4385700
9050,180,2000,"sd","13:56:27",4387700
9050,180,500,"sd","13:56:35",4388200
9050,180,600,"sd","13:56:40",4388800
9040,170,3000,"bu","13:57:13",4391800
9050,180,700,"sd","13:57:36",4392500
9050,180,9300,"bu","13:57:52",4401800
9050,180,1000,"sd","13:58:15",4402800
9040,170,200,"bu","13:58:18",4403000
9050,180,20000,"sd","13:58:34",4423000
9050,180,15000,"sd","13:58:37",4438000
9050,180,25600,"sd","13:58:43",4463600
9060,190,21000,"bu","13:58:58",4484600
9060,190,5000,"sd","13:58:59",4489600
9060,190,5800,"bu","13:59:03",4495400
9060,190,2500,"sd","13:59:05",4497900
9070,200,100,"bu","13:59:06",4498000
9070,200,500,"sd","13:59:23",4498500
9070,200,1000,"sd","13:59:36",4499500
9070,200,1500,"sd","13:59:44",4501000
9070,200,20000,"bu","14:00:07",4521000
9070,200,7500,"bu","14:00:08",4528500
9070,200,3100,"sd","14:00:14",4531600
9070,200,100,"sd","14:00:27",4531700
9060,190,1600,"sd","14:00:34",4533300
9070,200,17100,"bu","14:00:41",4550400
9080,210,100,"bu","14:00:50",4550500
9070,200,1200,"sd","14:01:06",4551700
9080,210,100,"sd","14:01:09",4551800
9080,210,500,"bu","14:01:10",4552300
9080,210,1000,"sd","14:01:17",4553300
9080,210,35000,"bu","14:01:37",4588300
9080,210,3000,"bu","14:01:41",4591300
9080,210,100,"bu","14:01:42",4591400
9070,200,5000,"bu","14:01:45",4596400
9080,210,100,"bu","14:01:52",4596500
9070,200,200,"bu","14:02:05",4596700
9080,210,3200,"bu","14:02:08",4599900
9080,210,500,"sd","14:02:43",4600400
9080,210,2500,"sd","14:02:52",4602900
9080,210,1200,"sd","14:02:54",4604100
9080,210,4000,"bu","14:03:07",4608100
9080,210,200,"sd","14:03:17",4608300
9070,200,2400,"bu","14:03:37",4610700
9080,210,10000,"bu","14:03:39",4620700
9070,200,1000,"sd","14:04:02",4621700
9080,210,100,"bu","14:04:05",4621800
9070,200,5600,"bu","14:04:17",4627400
9070,200,30500,"sd","14:04:21",4657900
9070,200,100,"bu","14:04:28",4658000
9070,200,1100,"bu","14:04:37",4659100
9070,200,100,"sd","14:04:43",4659200
9070,200,400,"bu","14:04:53",4659600
9070,200,500,"bu","14:04:58",4660100
9060,190,1900,"bu","14:05:06",4662000
9070,200,1500,"sd","14:05:11",4663500
9060,190,7700,"sd","14:05:17",4671200
9050,180,8200,"bu","14:05:31",4679400
9060,190,1000,"sd","14:05:36",4680400
9060,190,11900,"sd","14:05:44",4692300
9060,190,1000,"bu","14:05:55",4693300
9060,190,500,"sd","14:05:57",4693800
9060,190,600,"sd","14:06:12",4694400
9060,190,16500,"sd","14:06:24",4710900
9060,190,1000,"bu","14:06:26",4711900
9060,190,2500,"bu","14:06:42",4714400
9060,190,3000,"sd","14:07:21",4717400
9060,190,2000,"bu","14:07:27",4719400
9060,190,10000,"sd","14:07:32",4729400
9060,190,100,"sd","14:07:34",4729500
9060,190,600,"sd","14:07:52",4730100
9060,190,2400,"sd","14:07:54",4732500
9060,190,15000,"bu","14:08:03",4747500
9060,190,500,"sd","14:08:06",4748000
9060,190,200,"bu","14:08:11",4748200
9060,190,300,"bu","14:08:25",4748500
9050,180,200,"bu","14:08:32",4748700
9060,190,6000,"sd","14:08:34",4754700
9050,180,10000,"sd","14:08:37",4764700
9060,190,200,"bu","14:08:54",4764900
9060,190,1000,"bu","14:09:08",4765900
9060,190,3000,"sd","14:09:33",4768900
9060,190,1100,"bu","14:10:00",4770000
9060,190,200,"sd","14:10:18",4770200
9060,190,300,"sd","14:10:20",4770500
9050,180,7900,"sd","14:10:38",4778400
9060,190,3000,"bu","14:10:57",4781400
9050,180,2000,"bu","14:10:58",4783400
9060,190,100,"bu","14:11:04",4783500
9050,180,800,"sd","14:11:36",4784300
9050,180,2000,"sd","14:11:47",4786300
9060,190,100,"bu","14:11:52",4786400
9050,180,500,"sd","14:11:58",4786900
9060,190,700,"sd","14:12:06",4787600
9050,180,11300,"bu","14:12:24",4798900
9050,180,18700,"sd","14:12:26",4817600
9050,180,300,"bu","14:12:37",4817900
9050,180,400,"bu","14:12:41",4818300
9050,180,200,"bu","14:13:10",4818500
9050,180,2100,"sd","14:13:46",4820600
9050,180,7000,"bu","14:14:09",4827600
9050,180,5000,"sd","14:14:15",4832600
9060,190,10000,"bu","14:14:19",4842600
9050,180,100,"bu","14:14:28",4842700
9060,190,10200,"sd","14:15:13",4852900
9060,190,12000,"sd","14:15:28",4864900
9060,190,1400,"sd","14:15:35",4866300
9060,190,1500,"sd","14:15:49",4867800
9060,190,2500,"bu","14:15:53",4870300
9060,190,800,"sd","14:15:55",4871100
9060,190,1000,"bu","14:16:08",4872100
9060,190,6000,"sd","14:17:00",4878100
9060,190,2500,"bu","14:17:28",4880600
9050,180,600,"bu","14:17:51",4881200
9050,180,2000,"bu","14:18:16",4883200
9050,180,5000,"sd","14:18:21",4888200
9060,190,100,"sd","14:18:23",4888300
9060,190,2100,"sd","14:18:37",4890400
9060,190,12800,"sd","14:18:47",4903200
9060,190,1500,"bu","14:18:48",4904700
9060,190,1000,"sd","14:18:50",4905700
9060,190,5500,"sd","14:19:03",4911200
9060,190,1300,"sd","14:19:10",4912500
9050,180,500,"bu","14:19:21",4913000
9070,200,100,"bu","14:19:30",4913100
9060,190,3000,"sd","14:20:06",4916100
9060,190,19500,"bu","14:20:15",4935600
9060,190,3400,"bu","14:20:36",4939000
9060,190,8300,"sd","14:20:41",4947300
9060,190,200,"sd","14:21:02",4947500
9060,190,1000,"bu","14:21:12",4948500
9060,190,11900,"sd","14:21:14",4960400
9070,200,100,"bu","14:21:19",4960500
9060,190,400,"bu","14:21:28",4960900
9070,200,100,"sd","14:21:33",4961000
9070,200,1000,"sd","14:21:46",4962000
9060,190,100,"bu","14:21:48",4962100
9060,190,500,"sd","14:21:56",4962600
9060,190,1000,"bu","14:22:02",4963600
9060,190,800,"bu","14:22:05",4964400
9060,190,2300,"bu","14:22:07",4966700
9060,190,2200,"bu","14:22:18",4968900
9070,200,800,"sd","14:22:25",4969700
9070,200,100,"bu","14:22:40",4969800
9060,190,5500,"bu","14:22:55",4975300
9070,200,100,"sd","14:22:59",4975400
9060,190,200,"sd","14:23:04",4975600
9060,190,100,"sd","14:23:14",4975700
9070,200,4500,"sd","14:23:16",4980200
9070,200,3700,"bu","14:23:23",4983900
9060,190,1000,"sd","14:23:27",4984900
9070,200,100,"sd","14:23:31",4985000
9060,190,300,"bu","14:23:42",4985300
9070,200,100,"bu","14:23:48",4985400
9070,200,4800,"bu","14:23:51",4990200
9060,190,10000,"bu","14:24:36",5000200
9070,200,3500,"sd","14:24:40",5003700
9060,190,10000,"bu","14:24:45",5013700
9060,190,20200,"sd","14:24:52",5033900
9070,200,8000,"bu","14:24:56",5041900
9060,190,500,"bu","14:24:57",5042400
9070,200,11900,"sd","14:25:11",5054300
9060,190,10000,"bu","14:25:16",5064300
9060,190,5000,"bu","14:25:20",5069300
9060,190,500,"sd","14:25:28",5069800
9060,190,100,"sd","14:25:32",5069900
9070,200,300,"sd","14:25:39",5070200
9070,200,1000,"bu","14:25:47",5071200
9060,190,1000,"sd","14:25:49",5072200
9060,190,1800,"bu","14:26:02",5074000
9060,190,100,"bu","14:26:07",5074100
9060,190,1800,"bu","14:26:11",5075900
9060,190,1000,"bu","14:26:15",5076900
9060,190,100,"bu","14:26:31",5077000
9060,190,800,"bu","14:26:34",5077800
9060,190,5000,"sd","14:26:35",5082800
9060,190,300,"sd","14:26:37",5083100
9070,200,9000,"sd","14:26:49",5092100
9070,200,2500,"bu","14:26:59",5094600
9060,190,1600,"sd","14:27:12",5096200
9060,190,7100,"sd","14:27:21",5103300
9060,190,1000,"bu","14:27:25",5104300
9060,190,3000,"sd","14:27:45",5107300
9070,200,5000,"sd","14:27:53",5112300
9060,190,1000,"sd","14:27:59",5113300
9060,190,5000,"bu","14:28:01",5118300
9070,200,8000,"sd","14:28:08",5126300
9070,200,5000,"bu","14:28:12",5131300
9060,190,5100,"sd","14:28:20",5136400
9070,200,2100,"bu","14:28:29",5138500
9060,190,300,"bu","14:28:36",5138800
9060,190,15000,"sd","14:28:38",5153800
9060,190,71600,"sd","14:28:42",5225400
9060,190,500,"sd","14:28:44",5225900
9060,190,5000,"sd","14:28:57",5230900
9050,180,900,"sd","14:29:13",5231800
9050,180,100,"bu","14:29:26",5231900
9050,180,500,"sd","14:29:28",5232400
9050,180,1300,"bu","14:29:30",5233700
9050,180,5600,"sd","14:29:32",5239300
9050,180,58700,"bu","14:29:34",5298000
9040,170,10000,"sd","14:30:03",5308000
9050,180,257300,"sd","14:45:05",5565300
