"price","change","match_qtty","side","time","total_vol"
102000,2000,10900,"bu","09:15:01",10900
102000,2000,700,"bu","09:15:09",11600
101900,1900,100,"sd","09:15:43",11700
102000,2000,5000,"bu","09:16:05",16700
101500,1500,600,"bu","09:16:12",17300
101600,1600,100,"bu","09:16:32",17400
101600,1600,600,"sd","09:17:01",18000
100000,0,4700,"bu","09:17:01",22700
100000,0,200,"bu","09:17:02",22900
101900,1900,1000,"bu","09:17:02",23900
101900,1900,200,"sd","09:17:34",24100
102000,2000,200,"sd","09:17:49",24300
102000,2000,1000,"bu","09:17:51",25300
102000,2000,4700,"sd","09:18:11",30000
102500,2500,100,"sd","09:18:25",30200
102500,2500,1000,"bu","09:18:33",31200
103000,3000,2000,"sd","09:18:53",33200
102500,2500,400,"bu","09:19:03",33600
102500,2500,500,"sd","09:19:14",34100
102500,2500,100,"sd","09:19:14",34200
102000,2000,600,"sd","09:19:15",34800
103000,3000,2000,"sd","09:19:31",36800
103000,3000,200,"sd","09:20:02",37000
103000,3000,100,"bu","09:20:07",37100
103000,3000,500,"bu","09:20:11",37600
103000,3000,1900,"sd","09:20:18",39500
103500,3500,200,"sd","09:20:27",39700
103500,3500,300,"sd","09:20:38",40000
103500,3500,400,"bu","09:20:50",40400
103000,3000,200,"bu","09:21:11",40600
103000,3000,400,"bu","09:21:26",41000
103000,3000,2600,"sd","09:21:44",43600
103000,3000,100,"bu","09:22:10",43700
103000,3000,900,"sd","09:23:06",44600
103000,3000,900,"sd","09:23:07",45500
103000,3000,2500,"bu","09:25:43",48000
102300,2300,700,"bu","09:26:02",48700
102300,2300,1000,"sd","09:26:47",49700
102900,2900,100,"sd","09:27:20",49800
103000,3000,1200,"bu","09:28:02",51000
102900,2900,900,"sd","09:28:20",51900
102900,2900,200,"bu","09:28:41",52100
102900,2900,100,"sd","09:29:06",52200
102900,2900,200,"sd","09:29:22",52400
102400,2400,100,"bu","09:31:47",52500
102400,2400,700,"bu","09:34:18",53200
102400,2400,300,"sd","09:35:34",53500
102000,2000,2800,"bu","09:38:30",56300
102000,2000,4100,"sd","09:38:38",60400
102000,2000,200,"bu","09:39:50",60600
101000,1000,5000,"sd","09:39:59",65600
101200,1200,1100,"bu","09:40:53",66700
101000,1000,1300,"bu","09:41:04",68000
101200,1200,100,"sd","09:41:08",68100
101000,1000,400,"bu","09:41:14",68500
101000,1000,1600,"bu","09:41:17",70100
101000,1000,700,"sd","09:41:32",70800
101000,1000,800,"sd","09:41:37",71600
100000,0,5700,"bu","09:41:51",77300
100000,0,100,"bu","09:41:52",77400
101700,1700,1400,"sd","09:52:43",78800
101800,1800,100,"bu","09:53:12",78900
101700,1700,500,"sd","09:54:33",79400
101700,1700,1300,"bu","09:55:27",80700
101000,1000,300,"bu","09:57:17",81000
101000,1000,1300,"bu","10:00:16",82300
101000,1000,200,"sd","10:01:41",82500
101000,1000,100,"bu","10:01:59",82600
101000,1000,1900,"sd","10:14:07",84500
101000,1000,300,"bu","10:15:20",84800
101800,1800,200,"bu","10:20:29",85000
101500,1500,500,"bu","10:21:27",85500
101500,1500,200,"sd","10:22:12",85700
101300,1300,500,"sd","10:26:17",86200
101300,1300,200,"sd","10:26:54",86400
101600,1600,500,"bu","10:30:05",86900
101900,1900,500,"sd","10:34:40",87400
102000,2000,100,"bu","10:37:14",87500
102000,2000,700,"sd","10:37:26",88200
102000,2000,1000,"bu","10:38:13",89200
102000,2000,900,"bu","10:38:45",90100
102000,2000,2000,"bu","10:38:50",92100
102000,2000,200,"bu","10:39:40",92300
102500,2500,2200,"bu","10:42:02",94500
102500,2500,1100,"sd","10:44:38",95600
102700,2700,600,"sd","10:45:05",96200
102500,2500,100,"bu","10:45:37",96300
103000,3000,18700,"bu","10:46:21",115000
103000,3000,1000,"bu","10:47:37",116000
103000,3000,2000,"bu","10:47:51",118000
103000,3000,100,"sd","10:48:58",118100
103000,3000,600,"bu","10:49:52",118700
101800,1800,3900,"sd","11:00:31",122600
101800,1800,2100,"sd","11:00:32",124700
102000,2000,2000,"bu","11:03:58",126700
102100,2100,100,"sd","11:04:34",126800
103000,3000,4900,"bu","11:04:40",131700
103300,3300,1600,"sd","11:05:28",133300
103500,3500,3400,"sd","11:05:35",136700
103700,3700,2600,"bu","11:05:51",139300
103600,3600,3900,"bu","11:07:02",143200
103600,3600,1300,"sd","11:09:29",144500
104000,4000,500,"bu","11:10:29",145000
104000,4000,800,"bu","11:11:45",145800
104000,4000,400,"sd","11:13:04",146200
104600,4600,1600,"sd","11:16:17",147800
104100,4100,100,"bu","11:17:51",147900
104100,4100,400,"bu","11:18:02",148300
104600,4600,500,"bu","11:18:59",148800
104000,4000,200,"sd","11:19:21",149000
104000,4000,1000,"sd","11:19:34",150000
104000,4000,500,"bu","11:19:50",150500
104000,4000,2000,"bu","11:20:59",152500
104000,4000,1000,"bu","11:21:09",153500
104500,4500,3600,"sd","11:22:41",157100
104500,4500,100,"sd","11:24:17",157200
104000,4000,800,"bu","11:24:28",158000
104500,4500,3300,"bu","11:25:36",161300
104600,4600,100,"bu","11:27:22",161400
104600,4600,1000,"bu","11:27:29",162400
104700,4700,100,"bu","11:28:18",162500
104800,4800,700,"sd","13:00:14",163200
104700,4700,100,"bu","13:00:21",163300
104700,4700,300,"sd","13:00:24",163600
104700,4700,100,"sd","13:00:33",163700
104800,4800,500,"bu","13:00:39",164200
104700,4700,200,"bu","13:00:40",164400
104700,4700,1200,"sd","13:00:57",165600
104700,4700,100,"bu","13:01:55",165700
104700,4700,1000,"sd","13:03:26",166700
104700,4700,200,"sd","13:03:59",166900
104800,4800,1700,"bu","13:05:08",168600
104700,4700,2400,"bu","13:05:45",171000
104700,4700,600,"bu","13:06:11",171600
104800,4800,700,"sd","13:06:19",172300
104800,4800,1000,"bu","13:06:22",173300
104700,4700,3200,"sd","13:07:09",176500
104700,4700,4900,"sd","13:10:32",181400
104600,4600,1000,"bu","13:10:40",182400
104700,4700,3000,"bu","13:11:19",185400
104800,4800,100,"bu","13:11:43",185500
104800,4800,2900,"sd","13:11:54",188400
104800,4800,700,"bu","13:12:03",189100
104900,4900,5000,"sd","13:12:08",194100
104800,4800,1000,"bu","13:12:20",195100
104900,4900,200,"bu","13:12:28",195300
105000,5000,3500,"bu","13:12:38",198800
105000,5000,800,"bu","13:13:54",199600
105000,5000,7000,"sd","13:14:11",206600
105000,5000,100,"bu","13:14:29",206700
105000,5000,400,"bu","13:14:30",207100
105000,5000,500,"bu","13:14:34",207600
105000,5000,2000,"bu","13:14:36",209600
105000,5000,400,"bu","13:14:39",210000
105100,5100,400,"bu","13:15:19",210400
105200,5200,100,"sd","13:15:24",210500
105000,5000,3300,"sd","13:15:30",213800
105000,5000,200,"bu","13:15:48",214000
105000,5000,1500,"bu","13:15:54",215500
105400,5400,200,"bu","13:16:29",215700
105400,5400,200,"sd","13:18:10",215900
105400,5400,1500,"bu","13:18:25",217400
105000,5000,1100,"bu","13:18:27",218500
105000,5000,600,"sd","13:18:48",219100
105000,5000,200,"sd","13:19:05",219300
105000,5000,100,"bu","13:19:08",219400
104900,4900,200,"sd","13:19:39",219600
104700,4700,1000,"bu","13:19:55",220600
104700,4700,1600,"sd","13:21:38",222200
104700,4700,500,"bu","13:21:57",222700
104900,4900,1000,"sd","13:22:11",223700
104900,4900,100,"bu","13:24:10",223800
104700,4700,1200,"bu","13:25:45",225000
104800,4800,200,"bu","13:26:57",225200
104800,4800,500,"bu","13:27:56",225700
104700,4700,2500,"sd","13:28:43",228200
104700,4700,3000,"sd","13:29:27",231200
104700,4700,5000,"bu","13:29:29",236200
104700,4700,1000,"bu","13:29:58",237200
104700,4700,200,"bu","13:30:13",237400
104700,4700,100,"sd","13:30:29",237500
104800,4800,1300,"sd","13:30:44",238800
105000,5000,200,"bu","13:31:46",239000
105000,5000,100,"bu","13:32:00",239100
105000,5000,1000,"sd","13:32:02",240100
105000,5000,200,"bu","13:32:07",240300
105000,5000,100,"sd","13:32:19",240400
105200,5200,3500,"sd","13:33:28",243900
105200,5200,1000,"sd","13:33:56",244900
105200,5200,600,"bu","13:34:26",245500
105000,5000,2000,"bu","13:35:48",247500
105000,5000,200,"bu","13:35:49",247700
104800,4800,600,"bu","13:37:15",248300
104800,4800,200,"sd","13:37:25",248500
104800,4800,300,"sd","13:38:59",248800
104800,4800,500,"bu","13:40:59",249300
105000,5000,1900,"bu","13:41:30",251200
105000,5000,3700,"sd","13:43:11",254900
105000,5000,3000,"bu","13:44:52",257900
105000,5000,100,"bu","13:44:57",258000
104800,4800,1700,"bu","13:46:42",259700
104800,4800,100,"bu","13:46:43",259800
104700,4700,10000,"sd","13:46:45",269800
104700,4700,3000,"bu","13:48:53",272800
104900,4900,100,"sd","13:49:14",272900
105000,5000,3000,"sd","13:49:31",275900
104800,4800,200,"bu","13:51:43",276100
104900,4900,100,"bu","13:52:58",276200
104700,4700,5000,"bu","13:53:33",281200
104700,4700,500,"sd","13:54:32",281700
104800,4800,500,"bu","13:55:27",282200
104900,4900,100,"sd","13:55:29",282300
104700,4700,900,"sd","13:55:51",283200
104900,4900,500,"bu","13:56:27",283700
104900,4900,300,"bu","13:58:24",284000
105000,5000,1400,"sd","13:59:08",285400
105000,5000,100,"sd","13:59:21",285500
105000,5000,400,"sd","13:59:54",285900
104800,4800,100,"sd","14:01:00",286000
105000,5000,500,"sd","14:01:34",286500
104900,4900,800,"bu","14:03:12",287300
104900,4900,300,"sd","14:04:20",287600
104800,4800,200,"sd","14:04:32",287800
104800,4800,1400,"sd","14:06:26",289200
105000,5000,700,"bu","14:06:53",289900
105000,5000,1000,"bu","14:09:01",290900
104900,4900,500,"bu","14:09:03",291400
104900,4900,100,"bu","14:10:43",291500
104900,4900,400,"sd","14:10:58",291900
104900,4900,200,"bu","14:11:46",292100
104900,4900,300,"sd","14:14:36",292400
104900,4900,3000,"bu","14:14:49",295400
105000,5000,6600,"bu","14:15:06",302000
105000,5000,3000,"sd","14:15:28",305000
104900,4900,100,"bu","14:16:25",305100
105000,5000,13200,"bu","14:16:57",318300
105000,5000,1000,"bu","14:17:21",319300
105100,5100,500,"bu","14:18:12",319800
105100,5100,200,"bu","14:18:57",320000
105100,5100,5000,"bu","14:19:16",325000
105100,5100,2400,"sd","14:19:30",327400
105200,5200,2100,"bu","14:19:50",329500
105200,5200,100,"bu","14:19:57",329600
105200,5200,500,"sd","14:20:08",330100
105200,5200,500,"bu","14:20:12",330600
105400,5400,3700,"bu","14:20:15",334300
105400,5400,200,"bu","14:21:12",334500
105400,5400,3900,"sd","14:22:16",338400
105400,5400,100,"sd","14:22:30",338500
105200,5200,800,"bu","14:23:50",339300
105200,5200,3000,"sd","14:24:02",342300
105100,5100,500,"sd","14:24:35",342800
105100,5100,200,"sd","14:26:02",343000
105100,5100,7500,"sd","14:26:35",350500
105100,5100,300,"sd","14:26:37",350800
105000,5000,500,"bu","14:27:08",351300
105100,5100,300,"bu","14:28:10",351600
105000,5000,2000,"sd","14:28:14",353600
105200,5200,2000,"sd","14:28:31",355600
105200,5200,100,"sd","14:28:48",355700
105200,5200,300,"bu","14:29:34",356000
105400,5400,200,"sd","14:29:36",356200
105400,5400,15700,"bu","14:45:06",371900
