"price","change","match_qtty","side","time","total_vol"
5410,10,300,"sd","09:15:04",300
5450,50,2000,"bu","09:15:23",2300
5450,50,3000,"bu","09:15:57",5300
5450,50,300,"bu","09:17:37",5600
5450,50,3700,"bu","09:17:56",9300
5450,50,2600,"sd","09:19:49",11900
5400,0,3000,"bu","09:25:57",14900
5400,0,2100,"bu","09:26:38",17000
5400,0,600,"bu","09:27:13",17600
5400,0,14600,"bu","09:30:21",32200
5400,0,10000,"sd","09:32:34",42200
5400,0,100,"bu","09:32:40",42300
5400,0,1000,"sd","09:33:11",43300
5400,0,5000,"bu","09:33:35",48300
5400,0,2100,"sd","09:33:43",50400
5400,0,1000,"bu","09:34:24",51400
5400,0,1000,"sd","09:35:14",52400
5400,0,1500,"bu","09:39:56",53900
5410,10,5000,"bu","09:41:37",58900
5400,0,6000,"bu","09:41:40",64900
5410,10,600,"bu","09:41:54",65500
5400,0,2500,"bu","09:42:09",68000
5410,10,4400,"sd","09:42:11",72400
5400,0,3000,"sd","09:42:30",75400
5400,0,1000,"bu","09:42:51",76400
5400,0,800,"bu","09:43:11",77200
5440,40,100,"bu","09:46:11",77300
5410,10,5100,"sd","09:46:47",82400
5410,10,100,"sd","09:46:59",82500
5400,0,5000,"bu","09:48:28",87500
5440,40,5300,"bu","09:48:59",92800
5450,50,100,"sd","09:49:58",92900
5430,30,1000,"bu","09:53:26",93900
5430,30,2500,"bu","09:53:48",96400
5430,30,800,"bu","09:54:14",97200
5430,30,1700,"sd","09:55:36",98900
5430,30,600,"sd","09:55:49",99500
5430,30,200,"bu","09:56:01",99700
5440,40,100,"sd","09:58:33",99800
5400,0,25400,"sd","10:00:11",125200
5390,-10,500,"sd","10:01:18",125700
5400,0,100,"sd","10:02:15",125800
5390,-10,6000,"bu","10:02:36",131800
5400,0,100,"bu","10:03:28",131900
5400,0,1000,"sd","10:03:51",132900
5400,0,100,"bu","10:04:50",133000
5400,0,1900,"sd","10:05:10",134900
5400,0,400,"bu","10:05:30",135300
5400,0,1300,"sd","10:06:15",136600
5400,0,7000,"sd","10:10:23",143600
5400,0,1400,"bu","10:13:12",145000
5400,0,4000,"bu","10:13:19",149000
5410,10,700,"sd","10:25:43",149700
5410,10,1900,"sd","10:27:23",151600
5400,0,100,"sd","10:27:47",151700
5410,10,1900,"sd","10:28:46",153600
5410,10,8900,"bu","10:29:45",162500
5400,0,11100,"bu","10:32:36",173600
5400,0,6000,"bu","10:37:51",179600
5420,20,200,"sd","10:38:38",179800
5420,20,100,"bu","10:43:34",179900
5410,10,3700,"bu","10:44:42",183600
5400,0,6300,"bu","10:45:08",189900
5400,0,1000,"sd","10:45:36",190900
5420,20,200,"bu","10:46:05",191100
5430,30,1300,"bu","10:48:55",192400
5440,40,100,"bu","10:50:00",192500
5430,30,600,"sd","10:50:27",193100
5430,30,400,"sd","10:50:54",193500
5440,40,6200,"sd","10:51:42",199700
5440,40,6700,"sd","10:52:20",206400
5450,50,400,"sd","10:52:45",206800
5450,50,3300,"bu","10:53:11",210100
5400,0,22600,"sd","10:54:01",232700
5400,0,1100,"sd","11:02:20",233800
5400,0,2500,"bu","11:02:27",236300
5400,0,1700,"sd","11:02:39",238000
5430,30,100,"sd","11:02:53",238100
5420,20,500,"sd","11:04:27",238600
5410,10,2000,"sd","11:08:31",240600
5400,0,16600,"bu","11:08:48",257200
5400,0,300,"bu","11:11:49",257500
5400,0,1000,"bu","11:12:25",258500
5390,-10,7500,"bu","11:12:56",266000
5400,0,100,"sd","11:15:47",266100
5400,0,200,"bu","11:17:40",266300
5400,0,3000,"bu","11:18:59",269300
5400,0,300,"bu","11:19:34",269600
5400,0,4000,"sd","11:21:37",273600
5400,0,5000,"sd","11:21:39",278600
5400,0,100,"sd","11:21:51",278700
5400,0,8000,"sd","11:22:03",286700
5400,0,2500,"bu","11:22:05",289200
5400,0,1000,"sd","11:26:06",290200
5400,0,900,"sd","11:26:51",291100
5400,0,200,"bu","11:29:55",291300
5400,0,100,"bu","13:00:13",291400
5400,0,200,"sd","13:00:14",291600
5400,0,9800,"bu","13:00:15",301400
5390,-10,2000,"bu","13:00:30",303400
5400,0,200,"bu","13:01:47",303600
5410,10,100,"sd","13:02:32",303700
5420,20,7000,"sd","13:04:24",310700
5420,20,2600,"bu","13:04:46",313300
5430,30,7800,"sd","13:07:11",321100
5430,30,100,"bu","13:08:52",321200
5430,30,4000,"bu","13:08:53",325200
5430,30,7800,"bu","13:09:17",333000
5430,30,300,"bu","13:09:50",333300
5430,30,800,"sd","13:12:36",334100
5430,30,10600,"bu","13:14:18",344700
5420,20,500,"sd","13:15:09",345200
5420,20,900,"sd","13:16:38",346100
5420,20,100,"bu","13:16:59",346200
5410,10,3000,"bu","13:19:06",349200
5410,10,3000,"sd","13:19:49",352200
5410,10,1400,"sd","13:20:42",353600
5410,10,600,"sd","13:21:18",354200
5410,10,400,"bu","13:21:42",354600
5390,-10,25000,"bu","13:22:14",379600
5410,10,1300,"bu","13:22:20",380900
5410,10,700,"sd","13:22:25",381600
5410,10,1300,"bu","13:22:58",382900
5410,10,2000,"sd","13:23:15",384900
5420,20,2000,"bu","13:23:27",386900
5420,20,1000,"bu","13:25:01",387900
5420,20,500,"sd","13:25:31",388400
5410,10,3000,"bu","13:30:55",391400
5410,10,1900,"sd","13:33:25",393300
5420,20,2500,"sd","13:33:33",395800
5410,10,20000,"bu","13:36:30",415800
5410,10,5000,"sd","13:37:16",420800
5410,10,1200,"sd","13:37:43",422000
5410,10,10000,"bu","13:39:43",432000
5410,10,1500,"bu","13:41:14",433500
5410,10,100,"bu","13:41:27",433600
5410,10,200,"sd","13:42:14",433800
5410,10,1300,"sd","13:43:26",435100
5400,0,16700,"sd","13:45:38",451800
5390,-10,9000,"bu","13:46:37",460800
5400,0,1000,"bu","13:46:59",461800
5400,0,100,"sd","13:47:07",461900
5400,0,500,"bu","13:47:46",462400
5400,0,100,"sd","13:47:58",462500
5400,0,400,"bu","13:50:48",462900
5390,-10,10000,"bu","13:51:14",472900
5390,-10,800,"bu","13:51:20",473700
5400,0,500,"bu","13:51:58",474200
5370,-30,31000,"sd","13:52:09",505200
5370,-30,6000,"bu","13:54:24",511200
5370,-30,3000,"bu","13:54:56",514200
5370,-30,2500,"sd","13:55:14",516700
5390,-10,2000,"bu","13:55:25",518700
5390,-10,3000,"bu","13:55:29",521700
5390,-10,300,"sd","13:55:31",522000
5400,0,3500,"bu","13:55:41",525500
5390,-10,3000,"bu","13:55:44",528500
5390,-10,1000,"bu","13:55:54",529500
5400,0,500,"sd","13:55:59",530000
5390,-10,700,"sd","13:56:03",530700
5390,-10,16000,"sd","13:56:24",546700
5390,-10,800,"bu","13:56:49",547500
5390,-10,500,"sd","13:56:58",548000
5390,-10,600,"bu","13:57:07",548600
5390,-10,500,"bu","13:57:09",549100
5390,-10,200,"sd","13:57:14",549300
5390,-10,2000,"bu","13:57:38",551300
5390,-10,400,"bu","13:57:40",551700
5390,-10,2900,"sd","13:58:22",554600
5400,0,2000,"bu","13:58:47",556600
5400,0,500,"sd","13:58:57",557100
5400,0,1000,"bu","13:59:03",558100
5390,-10,5000,"bu","13:59:38",563100
5390,-10,12000,"bu","13:59:55",575100
5390,-10,100,"bu","14:00:05",575200
5390,-10,200,"sd","14:00:16",575400
5390,-10,2700,"bu","14:00:22",578100
5400,0,200,"sd","14:00:50",578300
5400,0,1000,"sd","14:01:00",579300
5400,0,2100,"sd","14:01:01",581400
5400,0,200,"bu","14:01:07",581600
5410,10,1900,"bu","14:01:23",583500
5400,0,4000,"sd","14:01:39",587500
5400,0,3600,"bu","14:02:03",591100
5400,0,5000,"sd","14:05:45",596100
5400,0,500,"bu","14:06:33",596600
5400,0,100,"sd","14:08:14",596700
5400,0,700,"sd","14:08:54",597400
5390,-10,8200,"bu","14:08:56",605600
5390,-10,100,"sd","14:09:26",605700
5420,20,200,"bu","14:09:28",605900
5420,20,1500,"sd","14:11:30",607400
5420,20,600,"sd","14:13:13",608000
5420,20,500,"bu","14:14:45",608500
5420,20,1500,"bu","14:15:33",610000
5410,10,100,"bu","14:16:06",610100
5390,-10,50000,"bu","14:16:15",660100
5390,-10,100,"sd","14:16:57",660200
5400,0,500,"bu","14:18:13",660700
5400,0,2500,"bu","14:18:18",663200
5400,0,700,"sd","14:18:29",663900
5400,0,2000,"sd","14:18:34",665900
5400,0,3500,"bu","14:18:37",669400
5410,10,100,"bu","14:18:43",669500
5410,10,800,"sd","14:20:41",670300
5410,10,2500,"sd","14:21:40",672800
5410,10,8000,"bu","14:21:51",680800
5400,0,5500,"bu","14:22:52",686300
5400,0,8000,"bu","14:23:02",694300
5400,0,4000,"sd","14:23:33",698300
5400,0,500,"sd","14:23:42",698800
5410,10,9000,"sd","14:23:57",707800
5410,10,25000,"sd","14:24:18",732800
5410,10,31400,"sd","14:24:19",764200
5410,10,30000,"bu","14:24:23",794200
5410,10,9000,"sd","14:24:27",803200
5410,10,4700,"sd","14:24:28",807900
5410,10,35500,"bu","14:24:36",843400
5410,10,3500,"sd","14:24:38",846900
5410,10,38000,"sd","14:24:41",884900
5410,10,10000,"bu","14:24:43",894900
5410,10,15000,"sd","14:24:45",909900
5410,10,2000,"bu","14:24:52",911900
5410,10,159000,"sd","14:24:56",1070900
5410,10,39000,"sd","14:25:00",1109900
5420,20,2500,"bu","14:25:06",1112400
5420,20,3800,"bu","14:25:09",1116200
5420,20,15000,"sd","14:25:11",1131200
5420,20,13200,"sd","14:25:14",1144400
5420,20,2300,"bu","14:25:18",1146700
5420,20,150000,"bu","14:25:22",1296700
5420,20,25000,"bu","14:25:23",1321700
5420,20,4300,"bu","14:25:27",1326000
5420,20,18400,"bu","14:25:30",1344400
5430,30,100000,"sd","14:26:02",1444400
5430,30,2500,"sd","14:26:03",1446900
5430,30,16800,"sd","14:26:07",1463700
5430,30,1600,"bu","14:26:09",1465300
5430,30,29800,"bu","14:26:11",1495100
5440,40,5000,"bu","14:26:28",1500100
5440,40,500,"bu","14:26:37",1500600
5440,40,900,"bu","14:26:47",1501500
5440,40,700,"sd","14:26:49",1502200
5450,50,200,"sd","14:27:10",1502400
5440,40,100,"sd","14:27:12",1502500
5450,50,150000,"sd","14:27:15",1652500
5440,40,35100,"sd","14:27:19",1687600
5450,50,25000,"bu","14:27:23",1712600
5450,50,16800,"bu","14:27:27",1729400
5450,50,8400,"sd","14:27:29",1737800
5450,50,500,"sd","14:27:37",1738300
5460,60,70000,"bu","14:27:53",1808300
5460,60,16800,"bu","14:27:57",1825100
5460,60,1000,"sd","14:28:05",1826100
5460,60,13400,"bu","14:28:06",1839500
5470,70,1100,"sd","14:28:12",1840600
5470,70,400,"bu","14:28:16",1841000
5470,70,1500,"sd","14:28:18",1842500
5470,70,4200,"sd","14:28:20",1846700
5470,70,185000,"bu","14:28:33",2031700
5470,70,300,"bu","14:28:35",2032000
5470,70,2500,"sd","14:28:36",2034500
5470,70,200,"bu","14:28:38",2034700
5470,70,9400,"sd","14:28:40",2044100
5470,70,100,"bu","14:28:44",2044200
5470,70,9300,"sd","14:28:53",2053500
5490,90,153000,"bu","14:28:57",2206500
5490,90,25000,"bu","14:29:00",2231500
5490,90,6800,"bu","14:29:04",2238300
5490,90,26500,"sd","14:29:10",2264800
5490,90,3600,"sd","14:29:13",2268400
5490,90,25000,"bu","14:29:15",2293400
5490,90,21600,"sd","14:29:23",2315000
5490,90,4000,"sd","14:29:56",2319000
5490,90,500000,"bu","14:30:01",2819000
5500,100,6000,"bu","14:30:03",2825000
5500,100,33600,"bu","14:45:05",2858600
