"price","change","match_qtty","side","time","total_vol"
7600,0,2000,"sd","13:00:22",2000
7600,0,2700,"bu","13:00:27",4700
7600,0,200,"bu","13:00:30",4900
7680,80,23700,"sd","13:01:35",28600
7690,90,700,"sd","13:01:55",29300
7690,90,100,"bu","13:02:03",29400
7690,90,400,"bu","13:02:15",29800
7700,100,500,"bu","13:02:33",30300
7700,100,600,"bu","13:02:48",30900
7700,100,2800,"sd","13:03:16",33700
7700,100,3200,"bu","13:03:23",36900
7740,140,200,"bu","13:03:37",37100
7740,140,100,"bu","13:03:49",37200
7740,140,200,"sd","13:03:53",37400
7750,150,100,"sd","13:04:00",37500
7750,150,1900,"bu","13:04:04",39400
7750,150,100,"bu","13:04:05",39500
7790,190,1000,"bu","13:04:22",40500
7800,200,200,"sd","13:04:31",40700
7790,190,100,"bu","13:04:41",40800
7800,200,1300,"sd","13:04:59",42100
7800,200,200,"sd","13:05:04",42300
7810,210,500,"bu","13:05:09",42800
7840,240,4300,"bu","13:05:20",47100
7850,250,200,"sd","13:05:26",47300
7840,240,200,"bu","13:05:27",47500
7840,240,4000,"bu","13:05:28",51500
7850,250,100,"bu","13:05:30",51600
7850,250,500,"sd","13:05:31",52100
7840,240,2700,"sd","13:05:45",54800
7840,240,2200,"sd","13:05:46",57000
7800,200,1000,"bu","13:05:52",58000
7840,240,3200,"sd","13:06:00",61200
7800,200,2000,"sd","13:06:14",63200
7840,240,3000,"sd","13:06:23",66200
7840,240,7400,"bu","13:06:32",73600
7840,240,500,"bu","13:06:33",74100
7850,250,1400,"sd","13:06:39",75500
7840,240,100,"bu","13:06:40",75600
7840,240,400,"sd","13:06:47",76000
7840,240,6400,"bu","13:06:52",82400
7840,240,200,"bu","13:07:01",82600
7840,240,1000,"sd","13:07:05",83600
7840,240,3700,"sd","13:07:06",87300
7810,210,100,"sd","13:07:36",87400
7810,210,700,"bu","13:08:15",88100
7800,200,2400,"bu","13:08:52",90500
7800,200,100,"bu","13:09:05",90600
7800,200,1000,"bu","13:09:28",91600
7800,200,200,"bu","13:09:36",91800
7800,200,5400,"bu","13:09:38",97200
7800,200,100,"bu","13:09:42",97300
7800,200,200,"sd","13:09:51",97500
7800,200,1100,"sd","13:09:52",98600
7800,200,200,"sd","13:10:15",98800
7800,200,5000,"bu","13:10:41",103800
7800,200,500,"bu","13:11:18",104300
7790,190,1000,"sd","13:11:24",105300
7790,190,600,"bu","13:11:33",105900
7800,200,10300,"sd","13:11:50",116200
7770,170,3000,"bu","13:11:56",119200
7770,170,5300,"bu","13:11:59",124500
7770,170,100,"sd","13:12:07",124600
7770,170,300,"sd","13:12:15",124900
7770,170,100,"sd","13:12:21",125000
7770,170,300,"sd","13:12:24",125300
7770,170,6400,"bu","13:12:39",131700
7770,170,100,"bu","13:12:43",131800
7800,200,3100,"sd","13:14:07",134900
7800,200,100,"bu","13:14:14",135000
7800,200,400,"bu","13:14:36",135400
7800,200,100,"sd","13:15:08",135500
7800,200,600,"sd","13:15:18",136100
7800,200,100,"sd","13:15:33",136200
7800,200,900,"sd","13:15:54",137100
7800,200,700,"bu","13:16:20",137800
7800,200,1000,"sd","13:19:03",138800
7800,200,100,"sd","13:20:31",138900
7800,200,2100,"sd","13:20:53",141000
7800,200,300,"bu","13:21:30",141300
7800,200,2000,"bu","13:21:47",143300
7800,200,500,"bu","13:21:55",143800
7780,180,1000,"sd","13:22:13",144800
7780,180,600,"sd","13:22:30",145400
7780,180,1000,"bu","13:22:44",146400
7780,180,900,"sd","13:23:32",147300
7780,180,800,"sd","13:23:35",148100
7780,180,200,"sd","13:23:46",148300
7770,170,600,"bu","13:24:46",148900
7780,180,100,"sd","13:24:49",149000
7780,180,900,"sd","13:25:26",149900
7790,190,200,"sd","13:25:31",150100
7790,190,3000,"bu","13:25:59",153100
7780,180,2300,"sd","13:27:08",155400
7770,170,700,"bu","13:27:16",156100
7770,170,5100,"sd","13:28:00",161200
7770,170,2700,"sd","13:28:01",163900
7770,170,200,"sd","13:28:03",164100
7770,170,2000,"bu","13:28:19",166100
7770,170,200,"bu","13:28:30",166300
7770,170,2000,"bu","13:28:32",168300
7780,180,2700,"sd","13:28:35",171000
7780,180,600,"sd","13:29:48",171600
7780,180,500,"sd","13:30:36",172100
7790,190,4000,"bu","13:31:15",176100
7780,180,100,"bu","13:31:28",176200
7780,180,1000,"bu","13:31:37",177200
7770,170,200,"sd","13:32:01",177400
7780,180,9000,"bu","13:32:08",186400
7800,200,10000,"bu","13:32:26",196400
7800,200,10000,"sd","13:33:26",206400
7800,200,2000,"bu","13:33:41",208400
7800,200,1000,"bu","13:33:46",209400
7800,200,6400,"sd","13:34:12",215800
7800,200,10800,"sd","13:34:22",226600
7800,200,300,"sd","13:34:30",226900
7800,200,500,"sd","13:34:46",227400
7800,200,400,"sd","13:35:14",227800
7800,200,4000,"sd","13:35:26",231800
7800,200,200,"sd","13:36:04",232000
7800,200,1000,"bu","13:36:34",233000
7800,200,500,"bu","13:36:37",233500
7800,200,1000,"sd","13:36:49",234500
7800,200,1600,"bu","13:36:55",236100
7800,200,300,"bu","13:36:56",236400
7800,200,1000,"bu","13:36:59",237400
7800,200,700,"bu","13:37:05",238100
7800,200,1000,"bu","13:37:27",239100
7790,190,5000,"bu","13:39:55",244100
7800,200,12500,"bu","13:39:56",256600
7800,200,4800,"sd","13:40:05",261400
7800,200,200,"bu","13:40:19",261600
7800,200,2000,"bu","13:41:30",263600
7790,190,500,"bu","13:41:42",264100
7790,190,4500,"bu","13:41:56",268600
7790,190,500,"sd","13:42:11",269100
7800,200,5000,"bu","13:42:23",274100
7790,190,1000,"sd","13:43:39",275100
7800,200,7000,"bu","13:44:29",282100
7790,190,100,"sd","13:44:31",282200
7790,190,3200,"sd","13:44:57",285400
7790,190,2000,"bu","13:45:33",287400
7790,190,3000,"bu","13:45:50",290400
7790,190,1000,"bu","13:47:53",291400
7790,190,4000,"bu","13:47:58",295400
7790,190,2000,"sd","13:48:03",297400
7790,190,10000,"sd","13:48:08",307400
7790,190,15400,"sd","13:48:32",322800
7790,190,10000,"bu","13:48:36",332800
7790,190,1000,"bu","13:48:53",333800
7790,190,1500,"bu","13:49:38",335300
7790,190,100,"sd","13:50:13",335400
7790,190,400,"sd","13:50:25",335800
7790,190,1000,"bu","13:51:20",336800
7790,190,5000,"bu","13:53:16",341800
7790,190,400,"sd","13:53:44",342200
7790,190,2000,"bu","13:54:03",344200
7790,190,5000,"bu","13:54:18",349200
7790,190,1000,"bu","13:54:34",350200
7790,190,100,"bu","13:54:43",350300
7790,190,5000,"sd","13:54:50",355300
7780,180,2000,"bu","13:54:55",357300
7790,190,3000,"sd","13:56:19",360300
7790,190,1400,"bu","13:56:45",361700
7790,190,600,"sd","13:56:55",362300
7790,190,2900,"bu","13:57:00",365200
7790,190,1800,"sd","13:58:24",367000
7790,190,200,"bu","13:58:40",367200
7800,200,100,"sd","14:00:07",367300
7800,200,3000,"bu","14:00:57",370300
7800,200,1700,"bu","14:01:26",372000
7800,200,2400,"bu","14:02:19",374400
7800,200,300,"sd","14:02:57",374700
7800,200,200,"bu","14:03:22",374900
7800,200,7000,"bu","14:03:53",381900
7800,200,900,"sd","14:03:57",382800
7800,200,40000,"sd","14:04:38",422800
7800,200,1000,"sd","14:04:45",423800
7800,200,2000,"bu","14:04:50",425800
7800,200,1500,"bu","14:04:56",427300
7800,200,600,"bu","14:05:03",427900
7810,210,2000,"bu","14:05:14",429900
7800,200,300,"bu","14:05:21",430200
7800,200,5000,"sd","14:05:31",435200
7800,200,1300,"bu","14:06:50",436500
7800,200,5200,"bu","14:07:21",441700
7800,200,100,"bu","14:08:06",441800
7800,200,1000,"bu","14:09:30",442800
7800,200,2100,"bu","14:10:08",444900
7790,190,1100,"sd","14:10:54",446000
7800,200,300,"bu","14:11:32",446300
7800,200,100,"sd","14:11:56",446400
7790,190,1000,"sd","14:12:02",447400
7790,190,10000,"sd","14:13:54",457400
7790,190,200,"sd","14:14:24",457600
7790,190,3600,"sd","14:14:30",461200
7780,180,1500,"bu","14:15:17",462700
7790,190,100,"bu","14:15:23",462800
7780,180,600,"bu","14:16:12",463400
7780,180,100,"sd","14:18:12",463500
7780,180,2100,"sd","14:19:19",465600
7790,190,3000,"sd","14:20:33",468600
7780,180,500,"bu","14:20:40",469100
7780,180,2500,"bu","14:20:53",471600
7790,190,700,"bu","14:21:42",472300
7780,180,8600,"sd","14:21:58",480900
7780,180,1000,"sd","14:22:07",481900
7790,190,2100,"sd","14:22:40",484000
7790,190,1000,"sd","14:22:48",485000
7790,190,200,"sd","14:22:55",485200
7780,180,3200,"sd","14:24:08",488400
7790,190,1000,"bu","14:24:57",489400
7790,190,200,"bu","14:25:00",489600
7790,190,1000,"sd","14:25:23",490600
7790,190,1200,"sd","14:25:37",491800
7780,180,4000,"sd","14:26:26",495800
7790,190,1600,"sd","14:26:35",497400
7790,190,1000,"bu","14:27:13",498400
7790,190,200,"sd","14:27:19",498600
7780,180,1000,"bu","14:27:21",499600
7780,180,3000,"sd","14:27:33",502600
7780,180,1000,"bu","14:27:40",503600
7780,180,6100,"bu","14:27:43",509700
7790,190,5000,"sd","14:27:47",514700
7780,180,500,"bu","14:28:23",515200
7780,180,100,"sd","14:28:50",515300
7790,190,3300,"bu","14:28:53",518600
7780,180,1100,"sd","14:29:28",519700
7780,180,500,"sd","14:29:30",520200
7790,190,3000,"sd","14:29:34",523200
7770,170,25000,"sd","14:45:16",548200
