"price","change","match_qtty","side","time","total_vol"
6520,20,10100,"bu","09:15:04",10100
6540,40,100,"sd","09:15:33",10200
6560,60,5000,"sd","09:15:49",15200
6560,60,5000,"bu","09:15:54",20200
6560,60,700,"bu","09:16:20",20900
6560,60,200,"bu","09:16:24",21100
6560,60,500,"bu","09:16:36",21600
6540,40,600,"sd","09:16:40",22200
6560,60,100,"sd","09:16:41",23400
6560,60,3000,"sd","09:16:44",26400
6540,40,100,"sd","09:17:49",26500
6540,40,400,"bu","09:18:05",26900
6540,40,1800,"bu","09:18:08",28700
6540,40,600,"sd","09:18:16",29300
6540,40,1000,"sd","09:18:27",30300
6540,40,2100,"bu","09:18:37",32400
6550,50,5000,"bu","09:18:44",37400
6540,40,300,"bu","09:18:57",37700
6550,50,100,"bu","09:18:58",37800
6550,50,300,"bu","09:19:05",38100
6550,50,5000,"bu","09:19:08",43100
6550,50,5000,"sd","09:19:13",48100
6550,50,5000,"sd","09:19:15",53100
6550,50,6700,"bu","09:19:18",59800
6550,50,200,"bu","09:19:29",60000
6550,50,1500,"sd","09:19:42",61500
6560,60,200,"bu","09:20:16",61700
6550,50,9800,"sd","09:20:24",71500
6550,50,3000,"bu","09:20:41",74500
6550,50,100,"bu","09:20:49",74600
6540,40,3500,"bu","09:20:59",78100
6550,50,3600,"sd","09:21:00",81700
6550,50,12000,"sd","09:21:04",93700
6550,50,19000,"sd","09:21:04",112700
6550,50,3000,"sd","09:21:25",115700
6560,60,4500,"sd","09:21:31",120200
6560,60,15800,"bu","09:21:35",136000
6560,60,3000,"bu","09:22:30",139000
6560,60,3600,"bu","09:22:32",142600
6560,60,100,"bu","09:22:33",142700
6560,60,7000,"sd","09:22:55",149700
6560,60,400,"bu","09:23:04",150100
6550,50,50000,"bu","09:23:06",200100
6550,50,500,"bu","09:23:11",200600
6550,50,3000,"bu","09:23:26",203600
6550,50,1600,"sd","09:24:08",205200
6540,40,38700,"sd","09:24:35",244200
6540,40,1300,"bu","09:24:36",245500
6530,30,8000,"bu","09:24:50",253500
6530,30,2000,"sd","09:25:05",255500
6530,30,3100,"sd","09:25:27",258600
6520,20,10100,"sd","09:25:41",268700
6520,20,2000,"bu","09:25:59",270700
6530,30,2400,"sd","09:26:04",273100
6520,20,500,"bu","09:26:32",273600
6530,30,100,"sd","09:26:36",273700
6520,20,2700,"bu","09:26:42",276400
6520,20,1000,"bu","09:26:53",277400
6520,20,500,"sd","09:26:56",277900
6520,20,900,"sd","09:27:10",278800
6520,20,2000,"bu","09:27:15",280800
6520,20,900,"bu","09:27:21",281700
6520,20,100,"sd","09:27:33",282800
6510,10,1700,"sd","09:28:12",284500
6510,10,4400,"sd","09:28:13",288900
6510,10,100,"sd","09:28:26",289000
6510,10,2000,"bu","09:29:09",291000
6510,10,500,"bu","09:29:10",291500
6510,10,1100,"sd","09:29:13",292600
6510,10,1300,"bu","09:29:52",293900
6510,10,100,"sd","09:29:53",294000
6510,10,400,"sd","09:29:54",294400
6510,10,100,"bu","09:30:05",294500
6510,10,1000,"sd","09:30:25",295500
6500,0,20000,"bu","09:30:57",315500
6500,0,10100,"sd","09:31:12",325600
6500,0,10000,"bu","09:31:29",335600
6510,10,100,"bu","09:31:38",335700
6500,0,5100,"bu","09:31:45",340800
6500,0,100,"bu","09:31:47",340900
6500,0,3500,"bu","09:32:03",344400
6500,0,200,"sd","09:32:08",349400
6500,0,2100,"bu","09:32:31",351500
6500,0,1400,"sd","09:33:17",352900
6500,0,700,"bu","09:33:19",353600
6500,0,100,"sd","09:33:23",353700
6500,0,900,"sd","09:33:25",354600
6500,0,100,"bu","09:33:27",354700
6490,-10,5400,"bu","09:33:35",360100
6490,-10,1000,"bu","09:33:38",361100
6490,-10,100,"bu","09:33:47",361200
6490,-10,700,"sd","09:33:48",361900
6490,-10,100,"bu","09:33:51",362000
6490,-10,200,"bu","09:33:57",362200
6510,10,70200,"bu","09:34:14",432400
6480,-20,2000,"sd","09:34:17",434400
6510,10,9800,"sd","09:34:35",444200
6510,10,100,"sd","09:34:47",444300
6510,10,1700,"bu","09:34:57",446000
6520,20,300,"bu","09:35:07",446300
6520,20,10000,"sd","09:35:34",456300
6510,10,1000,"bu","09:35:36",457300
6520,20,200,"sd","09:35:45",457500
6520,20,100,"bu","09:35:59",457600
6530,30,300,"sd","09:36:51",457900
6530,30,300,"sd","09:36:59",458200
6540,40,19000,"sd","09:37:15",477200
6560,60,8400,"bu","09:37:47",485600
6560,60,5000,"bu","09:38:20",490600
6560,60,20000,"bu","09:38:25",510600
6560,60,20000,"sd","09:38:27",530600
6560,60,4300,"sd","09:38:29",534900
6570,70,1000,"sd","09:38:42",535900
6570,70,100,"bu","09:38:44",536000
6580,80,3700,"sd","09:39:04",539700
6560,60,4700,"sd","09:39:39",544400
6560,60,10800,"bu","09:40:09",555200
6560,60,2000,"bu","09:40:24",557200
6560,60,1000,"bu","09:40:45",558200
6560,60,200,"sd","09:40:53",558400
6560,60,300,"sd","09:40:57",558700
6560,60,200,"bu","09:41:07",558900
6560,60,12000,"bu","09:41:32",570900
6560,60,500,"bu","09:41:33",571400
6560,60,100,"bu","09:41:45",571500
6560,60,5400,"bu","09:41:57",576900
6560,60,100,"bu","09:42:09",577000
6560,60,300,"sd","09:42:18",577300
6560,60,10000,"bu","09:42:54",587300
6550,50,1000,"bu","09:43:05",588300
6550,50,400,"sd","09:43:06",588700
6550,50,500,"bu","09:43:29",589200
6550,50,3000,"bu","09:43:40",592200
6550,50,33400,"sd","09:43:41",625600
6550,50,500,"sd","09:44:01",626100
6550,50,1100,"bu","09:44:05",627200
6550,50,3000,"bu","09:44:18",630200
6560,60,30000,"bu","09:44:21",660200
6550,50,5000,"bu","09:45:02",665200
6550,50,13700,"bu","09:45:49",678900
6550,50,1000,"bu","09:46:09",679900
6550,50,30000,"sd","09:46:36",709900
6550,50,3000,"bu","09:46:41",712900
6550,50,100,"sd","09:46:49",713000
6540,40,400,"sd","09:46:54",713400
6540,40,6600,"sd","09:46:55",720000
6540,40,300,"bu","09:47:02",720300
6540,40,4000,"bu","09:47:15",724300
6540,40,700,"bu","09:47:45",725000
6500,0,20000,"bu","09:47:46",745000
6540,40,8000,"sd","09:48:33",753000
6540,40,100,"bu","09:48:52",753100
6540,40,4100,"sd","09:49:00",757200
6540,40,800,"bu","09:49:05",758000
6540,40,7900,"sd","09:49:46",765900
6540,40,15800,"bu","09:50:04",781700
6550,50,16000,"sd","09:50:21",797700
6550,50,200,"sd","09:50:39",797900
6550,50,1000,"sd","09:51:05",798900
6540,40,500,"sd","09:52:04",799400
6550,50,3000,"bu","09:52:05",802400
6550,50,1800,"sd","09:52:22",804200
6550,50,200,"sd","09:53:28",804400
6550,50,2000,"sd","09:53:50",806400
6550,50,2800,"bu","09:53:51",809200
6550,50,1400,"bu","09:54:05",810600
6550,50,3500,"sd","09:54:05",814100
6550,50,100,"sd","09:54:06",814200
6540,40,4000,"sd","09:54:30",818200
6540,40,1500,"sd","09:54:36",819700
6550,50,1000,"bu","09:54:37",820700
6540,40,2200,"sd","09:54:43",822900
6540,40,2500,"sd","09:55:08",825400
6540,40,800,"bu","09:55:24",826200
6540,40,200,"bu","09:55:34",826400
6540,40,100,"bu","09:55:36",826500
6540,40,2400,"bu","09:56:01",828900
6540,40,500,"bu","09:56:43",829400
6540,40,3500,"bu","09:56:55",832900
6540,40,5000,"sd","09:57:03",837900
6540,40,8000,"sd","09:57:25",845900
6540,40,25000,"sd","09:57:31",870900
6540,40,10000,"bu","09:57:35",880900
6540,40,9200,"bu","09:57:36",890100
6540,40,22800,"bu","09:57:37",912900
6500,0,3800,"bu","09:57:45",932900
6540,40,200,"sd","09:57:57",933100
6540,40,500,"bu","09:58:14",933600
6540,40,300,"bu","09:58:21",933900
6540,40,2000,"sd","09:58:29",935900
6530,30,1000,"bu","09:58:42",936900
6530,30,1500,"sd","09:59:02",938400
6520,20,1000,"sd","09:59:14",939400
6520,20,500,"sd","09:59:43",939900
6520,20,200,"sd","10:00:11",940100
6510,10,8600,"sd","10:01:05",948700
6510,10,20000,"bu","10:01:14",968700
6510,10,1900,"bu","10:01:35",970600
6510,10,1000,"sd","10:01:43",971600
6500,0,2400,"bu","10:01:44",974000
6500,0,700,"bu","10:02:15",974700
6500,0,19300,"bu","10:02:16",994000
6510,10,1000,"bu","10:03:46",995000
6510,10,200,"bu","10:03:56",995200
6510,10,1400,"bu","10:04:01",996600
6510,10,100,"sd","10:04:11",996700
6510,10,1700,"sd","10:04:17",998400
6510,10,1000,"bu","10:04:29",999400
6510,10,2000,"bu","10:04:45",1001400
6510,10,100,"bu","10:04:49",1001500
6500,0,700,"bu","10:04:53",1002200
6520,20,2000,"sd","10:04:59",1004200
6510,10,200,"sd","10:05:27",1004400
6510,10,1500,"sd","10:05:33",1005900
6500,0,3300,"sd","10:05:57",1009200
6500,0,10000,"bu","10:06:06",1019200
6500,0,6000,"sd","10:06:34",1025200
6500,0,3000,"sd","10:07:12",1028200
6500,0,1200,"bu","10:07:27",1029400
6500,0,400,"bu","10:07:29",1029800
6500,0,3000,"bu","10:07:43",1032800
6500,0,100,"sd","10:07:58",1032900
6500,0,64100,"bu","10:08:00",1097000
6500,0,4500,"sd","10:08:11",1107000
6500,0,9200,"sd","10:08:12",1116200
6500,0,1300,"bu","10:08:14",1117500
6500,0,100,"sd","10:08:24",1117600
6500,0,7100,"bu","10:08:38",1124700
6500,0,1100,"bu","10:08:43",1125800
6500,0,4500,"bu","10:10:57",1130300
6500,0,200,"sd","10:10:59",1130500
6500,0,3900,"bu","10:12:30",1134400
6510,10,500,"bu","10:12:57",1134900
6510,10,1000,"sd","10:12:59",1135900
6510,10,200,"sd","10:13:48",1136100
6500,0,3000,"bu","10:14:00",1139100
6510,10,30000,"bu","10:14:20",1169100
6510,10,11500,"sd","10:14:36",1180600
6520,20,500,"bu","10:14:41",1181100
6520,20,30200,"bu","10:14:58",1211300
6520,20,100,"bu","10:15:28",1211400
6510,10,5900,"sd","10:15:37",1217300
6520,20,1000,"sd","10:16:06",1218300
6520,20,5000,"bu","10:16:23",1223300
6520,20,100,"bu","10:16:26",1223400
6520,20,1500,"bu","10:16:49",1224900
6520,20,1100,"sd","10:17:00",1226000
6520,20,100,"sd","10:17:10",1226100
6520,20,2400,"sd","10:17:11",1228500
6530,30,100,"bu","10:17:23",1228600
6530,30,5000,"bu","10:17:28",1233600
6530,30,15400,"sd","10:17:34",1249000
6530,30,8400,"bu","10:17:50",1257400
6530,30,200,"bu","10:17:54",1257600
6530,30,5000,"bu","10:18:24",1262600
6510,10,48800,"sd","10:19:00",1311400
6510,10,300,"bu","10:19:21",1311700
6510,10,100,"bu","10:19:58",1311800
6510,10,6500,"bu","10:20:10",1318300
6510,10,4300,"sd","10:20:14",1322600
6510,10,15000,"sd","10:23:06",1337600
6520,20,500,"bu","10:23:11",1338100
6520,20,4100,"bu","10:24:15",1342200
6510,10,1000,"sd","10:24:50",1343200
6520,20,600,"sd","10:24:56",1343800
6520,20,400,"sd","10:25:09",1344200
6520,20,200,"bu","10:25:29",1344400
6510,10,1100,"sd","10:25:58",1345500
6510,10,100,"bu","10:26:06",1345600
6520,20,600,"bu","10:26:53",1346200
6510,10,200,"bu","10:27:05",1346400
6510,10,1900,"sd","10:27:51",1348300
6510,10,300,"sd","10:27:54",1348600
6520,20,15000,"bu","10:27:59",1363600
6520,20,600,"bu","10:29:17",1364200
6510,10,6000,"bu","10:30:50",1370200
6520,20,14600,"bu","10:31:49",1384800
6520,20,2000,"bu","10:31:56",1386800
6530,30,91600,"bu","10:33:10",1478400
6540,40,500,"sd","10:33:30",1478900
6540,40,1000,"sd","10:33:32",1479900
6540,40,5800,"bu","10:35:03",1485700
6540,40,2100,"bu","10:35:06",1487800
6540,40,1700,"sd","10:36:10",1489500
6540,40,8000,"sd","10:36:11",1497500
6540,40,1000,"sd","10:36:13",1498500
6540,40,700,"bu","10:36:15",1499200
6540,40,1300,"bu","10:36:21",1500500
6550,50,5000,"sd","10:36:23",1505500
6540,40,3000,"sd","10:36:35",1508500
6540,40,700,"bu","10:36:40",1509200
6540,40,500,"sd","10:36:46",1509700
6540,40,700,"sd","10:37:05",1510400
6550,50,15000,"bu","10:37:53",1525400
6550,50,5000,"bu","10:38:04",1530400
6540,40,500,"sd","10:38:38",1530900
6540,40,5300,"bu","10:38:42",1536200
6540,40,600,"bu","10:38:47",1536800
6540,40,9400,"bu","10:38:51",1546200
6550,50,3000,"sd","10:39:18",1549200
6540,40,3200,"bu","10:39:31",1552400
6540,40,2000,"sd","10:39:53",1554400
6550,50,20000,"bu","10:40:30",1574400
6550,50,200,"bu","10:40:41",1574600
6550,50,4600,"sd","10:40:53",1579200
6550,50,500,"bu","10:41:05",1579700
6550,50,1000,"bu","10:41:32",1580700
6560,60,1000,"bu","10:41:34",1581700
6560,60,1500,"bu","10:41:36",1583200
6560,60,1500,"sd","10:41:37",1584700
6550,50,500,"sd","10:41:39",1585200
6550,50,3000,"sd","10:41:40",1588200
6560,60,3000,"sd","10:41:59",1591200
6560,60,69800,"sd","10:42:04",1661000
6530,30,16000,"sd","10:42:10",1677000
6550,50,10000,"sd","10:42:11",1687000
6560,60,17800,"sd","10:42:41",1704800
6560,60,500,"bu","10:42:52",1705300
6560,60,4300,"bu","10:42:57",1709600
6560,60,1700,"bu","10:43:10",1711300
6560,60,200,"sd","10:43:12",1711500
6560,60,2700,"sd","10:43:23",1714200
6560,60,1600,"sd","10:43:27",1715800
6560,60,2300,"bu","10:44:04",1718100
6550,50,10000,"sd","10:44:08",1728100
6560,60,100,"bu","10:44:41",1728200
6560,60,1200,"sd","10:44:50",1729400
6560,60,2000,"sd","10:44:56",1731400
6570,70,9900,"bu","10:45:29",1741300
6560,60,100,"bu","10:45:39",1741400
6570,70,117200,"sd","10:45:42",1858600
6580,80,20000,"sd","10:45:57",1878600
6580,80,5400,"sd","10:45:58",1884000
6600,100,10500,"sd","10:46:28",1894500
6600,100,4800,"bu","10:46:37",1899300
6600,100,300,"bu","10:46:42",1899600
6600,100,10000,"sd","10:46:45",1909600
6600,100,1000,"sd","10:46:45",1910600
6600,100,1900,"sd","10:46:47",1912500
6600,100,10000,"sd","10:46:55",1922500
6600,100,5000,"sd","10:46:56",1927500
6600,100,200,"sd","10:47:00",1927700
6600,100,2800,"bu","10:47:00",1930500
6600,100,5000,"bu","10:47:03",1935500
6600,100,1300,"sd","10:47:10",1936800
6600,100,1000,"bu","10:47:11",1937800
6600,100,8000,"sd","10:47:17",1945800
6600,100,2200,"bu","10:47:25",1948000
6600,100,500,"bu","10:47:26",1948500
6600,100,200,"bu","10:47:37",1948700
6600,100,100,"sd","10:47:43",1948800
6620,120,13000,"bu","10:47:44",1961800
6600,100,100,"bu","10:47:45",1961900
6600,100,1000,"sd","10:47:51",1962900
6600,100,20000,"bu","10:48:05",1982900
6590,90,500,"bu","10:48:07",1983400
6590,90,1300,"sd","10:48:25",1984700
6600,100,500,"sd","10:48:26",1985200
6600,100,100,"sd","10:48:46",1985300
6590,90,1600,"bu","10:49:23",1986900
6590,90,100,"sd","10:49:40",1987000
6590,90,2000,"sd","10:50:20",1989000
6590,90,31600,"sd","10:50:21",2020600
6580,80,1000,"sd","10:50:51",2021600
6580,80,3200,"sd","10:50:55",2024800
6580,80,2000,"sd","10:51:29",2026800
6580,80,300,"sd","10:51:31",2027100
6580,80,400,"bu","10:51:37",2027500
6580,80,2600,"sd","10:51:50",2030100
6580,80,1000,"sd","10:52:04",2031100
6580,80,500,"bu","10:52:18",2031600
6580,80,2400,"sd","10:52:22",2034000
6580,80,2600,"sd","10:52:33",2036600
6580,80,1900,"sd","10:52:49",2038500
6580,80,2000,"sd","10:53:31",2040500
6580,80,100,"sd","10:53:34",2040600
6590,90,6400,"sd","10:53:43",2047000
6570,70,1600,"sd","10:54:18",2048600
6590,90,100,"bu","10:54:31",2048700
6580,80,10000,"sd","10:54:58",2058700
6590,90,100,"bu","10:55:12",2058800
6590,90,1500,"sd","10:55:26",2060300
6590,90,200,"sd","10:56:09",2060500
6590,90,5000,"bu","10:56:50",2065500
6570,70,5000,"bu","10:57:04",2070500
6590,90,5000,"bu","10:57:51",2075500
6570,70,5000,"sd","10:58:03",2080500
6580,80,1000,"sd","10:58:03",2081500
6580,80,3000,"sd","10:59:31",2084500
6580,80,300,"sd","10:59:36",2084800
6580,80,600,"sd","11:00:07",2085400
6580,80,6000,"bu","11:00:19",2091400
6580,80,7200,"sd","11:00:20",2098600
6580,80,2800,"bu","11:00:27",2101400
6570,70,20000,"sd","11:00:50",2121400
6570,70,2000,"sd","11:01:07",2123400
6570,70,9000,"sd","11:01:44",2132400
6560,60,54000,"sd","11:01:47",2186400
6560,60,7200,"sd","11:02:13",2193600
6570,70,1000,"bu","11:02:18",2194600
6570,70,900,"sd","11:02:54",2195500
6570,70,1500,"bu","11:03:00",2197000
6570,70,1000,"sd","11:03:38",2198000
6570,70,200,"sd","11:04:27",2198200
6570,70,2000,"bu","11:04:52",2200200
6560,60,5000,"bu","11:04:57",2205200
6570,70,200,"bu","11:05:48",2205400
6570,70,100,"sd","11:05:54",2205500
6560,60,5000,"bu","11:05:55",2210500
6570,70,100,"sd","11:06:37",2210600
6570,70,500,"bu","11:06:59",2211100
6560,60,700,"sd","11:07:20",2211800
6570,70,600,"sd","11:08:15",2212400
6570,70,400,"sd","11:09:02",2212800
6560,60,700,"bu","11:09:11",2213500
6560,60,800,"bu","11:09:43",2214300
6560,60,3800,"sd","11:10:24",2218100
6560,60,500,"bu","11:10:37",2218600
6570,70,3500,"sd","11:11:19",2222100
6570,70,1000,"sd","11:11:36",2223100
6570,70,200,"sd","11:12:16",2223300
6570,70,900,"bu","11:12:48",2224200
6570,70,100,"sd","11:13:16",2224300
6570,70,500,"bu","11:13:39",2224800
6560,60,2500,"sd","11:14:04",2227300
6570,70,3500,"bu","11:14:12",2230800
6570,70,2000,"bu","11:14:34",2232800
6570,70,900,"bu","11:14:52",2233700
6570,70,100,"sd","11:15:10",2233800
6560,60,500,"bu","11:16:52",2234300
6560,60,50000,"bu","11:17:00",2284300
6560,60,8000,"bu","11:17:09",2292300
6560,60,300,"sd","11:17:30",2292600
6570,70,7900,"bu","11:17:31",2300500
6560,60,500,"bu","11:17:32",2301000
6560,60,50000,"sd","11:19:04",2351000
6560,60,4900,"sd","11:19:27",2355900
6550,50,15000,"bu","11:20:31",2370900
6550,50,2000,"sd","11:20:49",2372900
6560,60,200,"sd","11:21:37",2373100
6560,60,10000,"sd","11:21:48",2383100
6560,60,300,"sd","11:22:50",2383400
6550,50,5000,"bu","11:23:50",2388400
6550,50,500,"sd","11:24:16",2388900
6550,50,100,"sd","11:24:59",2389000
6550,50,700,"bu","11:25:24",2389700
6550,50,100,"sd","11:25:52",2389800
6550,50,200,"sd","11:26:47",2390000
6560,60,100,"bu","11:27:18",2390100
6550,50,1500,"bu","11:28:41",2391600
6550,50,100,"bu","11:28:58",2391700
6550,50,800,"sd","11:29:41",2392500
6550,50,1600,"sd","13:00:13",2394100
6550,50,800,"sd","13:00:14",2394900
6550,50,100,"bu","13:00:16",2395000
6550,50,400,"sd","13:00:26",2395400
6550,50,5000,"bu","13:00:28",2400400
6540,40,400,"bu","13:00:35",2400800
6550,50,2100,"bu","13:00:43",2402900
6540,40,1000,"bu","13:01:19",2403900
6540,40,2000,"bu","13:01:44",2405900
6540,40,1300,"sd","13:02:02",2407200
6540,40,600,"sd","13:02:46",2407800
6540,40,800,"bu","13:03:04",2408600
6540,40,1500,"bu","13:03:12",2410100
6540,40,3000,"bu","13:03:33",2413100
6540,40,200,"sd","13:03:45",2413300
6540,40,100,"bu","13:03:49",2413400
6540,40,200,"bu","13:04:00",2413600
6540,40,400,"sd","13:04:40",2414000
6540,40,3000,"bu","13:04:50",2417000
6540,40,4800,"sd","13:05:34",2421800
6540,40,16200,"sd","13:05:42",2438000
6540,40,1000,"bu","13:06:06",2439000
6540,40,18800,"sd","13:06:09",2457800
6540,40,4800,"bu","13:06:19",2462600
6540,40,300,"bu","13:06:23",2462900
6540,40,200,"bu","13:06:49",2463100
6540,40,1000,"sd","13:07:23",2464100
6550,50,600,"sd","13:07:25",2464700
6550,50,3000,"bu","13:07:41",2467700
6550,50,100,"bu","13:08:10",2467800
6550,50,200,"bu","13:08:11",2468000
6550,50,5200,"bu","13:09:26",2473200
6550,50,500,"bu","13:09:36",2473700
6550,50,2100,"sd","13:10:21",2475800
6550,50,100,"sd","13:10:41",2475900
6540,40,1000,"sd","13:10:50",2476900
6540,40,2000,"sd","13:10:58",2478900
6540,40,1800,"bu","13:11:08",2480700
6540,40,1600,"sd","13:11:45",2482300
6540,40,4000,"bu","13:11:54",2486300
6550,50,300,"bu","13:11:57",2486600
6550,50,24000,"bu","13:12:23",2510600
6550,50,3200,"bu","13:12:34",2513800
6550,50,1800,"bu","13:12:36",2515600
6550,50,1000,"bu","13:12:45",2516600
6550,50,500,"bu","13:12:59",2517100
6550,50,34100,"sd","13:13:34",2551200
6550,50,1300,"bu","13:15:15",2552500
6550,50,200,"sd","13:16:10",2552700
6550,50,100,"bu","13:16:53",2552800
6550,50,20000,"sd","13:17:11",2572800
6550,50,300,"bu","13:17:26",2573100
6540,40,500,"bu","13:17:55",2573600
6540,40,3200,"bu","13:18:07",2576800
6540,40,14800,"bu","13:18:11",2591600
6540,40,2800,"bu","13:18:17",2594400
6540,40,200,"sd","13:18:37",2594600
6540,40,8000,"sd","13:18:43",2602600
6540,40,10000,"bu","13:18:55",2612600
6540,40,2900,"bu","13:19:01",2615500
6540,40,7000,"bu","13:19:17",2622500
6540,40,1200,"sd","13:19:24",2623700
6540,40,2900,"sd","13:19:27",2626600
6540,40,12600,"bu","13:19:45",2639200
6540,40,5000,"bu","13:20:02",2644200
6540,40,500,"sd","13:20:42",2644700
6550,50,1000,"bu","13:21:24",2645700
6550,50,20000,"bu","13:21:34",2665700
6550,50,5300,"bu","13:21:38",2671000
6560,60,1400,"sd","13:22:31",2672400
6560,60,4600,"bu","13:22:52",2677000
6560,60,10000,"bu","13:23:00",2687000
6560,60,30000,"bu","13:23:12",2717000
6550,50,7700,"sd","13:23:14",2724700
6550,50,200,"bu","13:23:42",2724900
6550,50,4000,"bu","13:23:45",2728900
6550,50,700,"sd","13:23:46",2729600
6550,50,500,"bu","13:23:58",2730100
6540,40,8000,"bu","13:24:20",2738100
6550,50,1000,"sd","13:24:23",2739100
6550,50,200,"bu","13:24:32",2739300
6550,50,34000,"sd","13:24:53",2773300
6550,50,1000,"bu","13:25:00",2774300
6550,50,1000,"bu","13:25:02",2775300
6550,50,1300,"bu","13:25:06",2776600
6550,50,100,"bu","13:25:17",2776700
6550,50,3000,"bu","13:25:31",2779700
6550,50,2000,"bu","13:25:36",2781700
6560,60,100,"sd","13:25:47",2781800
6560,60,5000,"sd","13:25:50",2786800
6550,50,100,"sd","13:26:14",2786900
6560,60,1000,"bu","13:26:17",2787900
6560,60,2100,"sd","13:27:08",2790000
6560,60,5000,"sd","13:27:11",2795000
6550,50,15100,"sd","13:27:37",2810100
6550,50,100,"sd","13:27:39",2810200
6550,50,15100,"bu","13:27:46",2825300
6550,50,1400,"sd","13:27:51",2826700
6550,50,500,"bu","13:28:15",2827200
6540,40,1500,"sd","13:28:33",2828700
6550,50,1400,"bu","13:28:58",2830100
6550,50,5000,"bu","13:28:59",2835100
6550,50,10000,"sd","13:29:13",2845100
6550,50,1000,"bu","13:29:34",2846100
6550,50,300,"bu","13:29:39",2846400
6560,60,3000,"bu","13:29:54",2849400
6550,50,100,"bu","13:30:32",2849500
6550,50,4000,"sd","13:31:28",2853500
6550,50,600,"sd","13:31:46",2854100
6550,50,100,"bu","13:31:58",2854200
6550,50,5000,"bu","13:32:02",2859200
6550,50,200,"bu","13:32:07",2859400
6550,50,1200,"sd","13:32:21",2860600
6550,50,1000,"bu","13:32:22",2861600
6550,50,500,"bu","13:32:33",2862100
6550,50,300,"bu","13:32:35",2862400
6550,50,2500,"sd","13:32:54",2864900
6530,30,50000,"bu","13:32:56",2914900
6540,40,1600,"bu","13:34:30",2916500
6540,40,3000,"sd","13:34:40",2919500
6550,50,800,"sd","13:35:08",2920300
6550,50,200,"bu","13:35:23",2920500
6550,50,400,"bu","13:35:48",2920900
6550,50,6000,"bu","13:35:58",2926900
6550,50,3000,"sd","13:36:24",2929900
6530,30,30200,"bu","13:36:45",2960100
6530,30,2000,"sd","13:37:21",2962100
6550,50,500,"sd","13:37:23",2962600
6540,40,600,"bu","13:37:28",2963200
6540,40,200,"bu","13:37:36",2963400
6540,40,500,"sd","13:38:00",2963900
6540,40,1700,"bu","13:38:35",2965600
6550,50,10000,"bu","13:38:42",2975600
6550,50,1000,"sd","13:38:50",2976600
6540,40,5000,"bu","13:39:14",2981600
6540,40,500,"bu","13:39:55",2982100
6540,40,700,"sd","13:40:14",2982800
6540,40,1500,"sd","13:40:34",2984300
6520,20,56500,"bu","13:40:41",3040800
6520,20,1600,"bu","13:41:03",3042400
6520,20,12200,"sd","13:41:11",3054600
6520,20,10000,"bu","13:41:18",3064600
6520,20,600,"bu","13:41:59",3065200
6500,0,50000,"sd","13:42:04",3115200
6520,20,2000,"sd","13:42:08",3117200
6520,20,3000,"bu","13:42:09",3120200
6500,0,20000,"sd","13:42:12",3140200
6500,0,6500,"bu","13:42:15",3146700
6500,0,600,"sd","13:42:22",3147300
6500,0,42400,"bu","13:42:24",3189700
6500,0,195500,"bu","13:42:38",3385200
6500,0,1500,"sd","13:42:39",3386700
6500,0,100,"sd","13:42:40",3386800
6500,0,200,"bu","13:43:00",3387000
6490,-10,1000,"sd","13:43:02",3388000
6500,0,200,"bu","13:43:03",3388200
6500,0,10100,"bu","13:43:08",3398300
6490,-10,38400,"bu","13:43:31",3436700
6490,-10,300,"bu","13:43:39",3437000
6490,-10,5200,"bu","13:43:51",3442200
6490,-10,2400,"sd","13:43:54",3444600
6490,-10,100,"bu","13:43:56",3444700
6490,-10,16700,"sd","13:43:58",3461400
6490,-10,4700,"sd","13:44:05",3466100
6490,-10,3000,"bu","13:44:15",3469100
6490,-10,500,"sd","13:44:18",3469600
6490,-10,1000,"bu","13:44:28",3470600
6490,-10,81000,"sd","13:44:40",3551600
6490,-10,5000,"sd","13:44:43",3556600
6500,0,100,"sd","13:44:47",3556700
6490,-10,6000,"bu","13:44:58",3562700
6490,-10,5000,"sd","13:45:08",3567700
6500,0,100,"sd","13:45:15",3567800
6500,0,50000,"bu","13:45:28",3617800
6500,0,1000,"bu","13:45:38",3618800
6500,0,1200,"bu","13:45:43",3620000
6500,0,10000,"bu","13:45:47",3630000
6500,0,10000,"sd","13:45:53",3640000
6500,0,2800,"bu","13:46:00",3642800
6500,0,2000,"sd","13:46:13",3644800
6500,0,10000,"sd","13:46:16",3654800
6500,0,6000,"bu","13:46:17",3660800
6500,0,400,"sd","13:46:19",3661200
6500,0,3500,"bu","13:46:21",3664700
6500,0,2700,"bu","13:46:25",3667400
6500,0,2000,"sd","13:46:28",3669400
6500,0,8600,"sd","13:46:29",3678000
6500,0,7300,"bu","13:46:30",3685300
6500,0,200,"bu","13:46:56",3685500
6500,0,600,"bu","13:47:01",3686100
6500,0,1600,"sd","13:47:21",3687700
6510,10,500,"sd","13:47:28",3688200
6510,10,2700,"sd","13:47:32",3690900
6510,10,300,"bu","13:47:49",3691200
6520,20,1000,"bu","13:47:51",3692200
6520,20,3000,"sd","13:47:53",3695200
6520,20,300,"sd","13:48:30",3695500
6520,20,2000,"sd","13:48:33",3697500
6520,20,4000,"bu","13:48:36",3701500
6520,20,800,"bu","13:48:43",3702300
6520,20,2000,"sd","13:48:58",3704300
6530,30,3200,"sd","13:49:22",3707500
6530,30,1800,"bu","13:49:32",3709300
6520,20,2000,"sd","13:49:52",3711300
6520,20,800,"bu","13:50:10",3712100
6520,20,1000,"sd","13:50:19",3713100
6520,20,700,"sd","13:51:20",3713800
6520,20,600,"sd","13:51:33",3714400
6530,30,500,"bu","13:51:36",3714900
6520,20,1300,"sd","13:51:56",3716200
6520,20,1000,"sd","13:52:10",3717200
6520,20,1900,"bu","13:52:55",3719100
6510,10,3400,"sd","13:53:43",3722500
6510,10,1300,"sd","13:54:13",3723800
6510,10,1000,"sd","13:54:14",3724800
6510,10,700,"bu","13:54:20",3725500
6510,10,1800,"sd","13:54:34",3727300
6510,10,500,"sd","13:54:45",3727800
6510,10,2000,"bu","13:54:56",3729800
6500,0,10000,"sd","13:55:11",3739800
6510,10,500,"sd","13:55:13",3740300
6510,10,400,"bu","13:55:31",3740700
6500,0,1900,"sd","13:55:38",3742600
6500,0,100,"bu","13:55:41",3742700
6500,0,8800,"bu","13:56:00",3751500
6500,0,400,"sd","13:56:09",3751900
6510,10,27100,"bu","13:56:14",3779000
6510,10,5000,"bu","13:56:28",3784000
6510,10,100,"bu","13:56:40",3784100
6510,10,4000,"bu","13:56:55",3788100
6510,10,1000,"bu","13:56:56",3789100
6520,20,500,"sd","13:57:17",3789600
6520,20,100,"bu","13:57:44",3789700
6520,20,500,"bu","13:57:52",3790200
6520,20,800,"bu","13:57:54",3791000
6510,10,2000,"bu","13:58:34",3793000
6510,10,2600,"sd","13:58:57",3795600
6520,20,10000,"bu","13:59:02",3805600
6510,10,5400,"sd","13:59:05",3811000
6520,20,600,"sd","13:59:18",3811600
6520,20,100,"bu","13:59:29",3811700
6510,10,5000,"sd","13:59:38",3816700
6510,10,1000,"sd","13:59:41",3817700
6520,20,23800,"sd","13:59:44",3841500
6520,20,200,"sd","13:59:46",3841700
6520,20,1000,"sd","13:59:52",3842700
6520,20,400,"sd","14:00:05",3843100
6520,20,100,"sd","14:00:14",3843200
6510,10,15300,"sd","14:00:25",3858500
6520,20,100,"sd","14:00:34",3858600
6520,20,200,"sd","14:00:36",3858800
6520,20,1200,"sd","14:00:53",3860000
6510,10,8000,"sd","14:01:09",3868000
6510,10,2000,"bu","14:01:19",3870000
6510,10,100,"bu","14:01:25",3870100
6510,10,6000,"bu","14:01:28",3876100
6500,0,1200,"bu","14:01:31",3877300
6510,10,1000,"bu","14:01:36",3878300
6500,0,300,"bu","14:01:37",3878600
6510,10,500,"bu","14:01:49",3879100
6500,0,10000,"bu","14:01:57",3889100
6510,10,800,"sd","14:02:21",3889900
6510,10,100,"bu","14:02:22",3890000
6520,20,2700,"bu","14:02:36",3892700
6520,20,100,"bu","14:02:40",3892800
6520,20,5100,"bu","14:02:43",3897900
6520,20,1100,"bu","14:02:50",3899000
6520,20,5100,"sd","14:03:13",3904100
6520,20,2800,"bu","14:04:04",3906900
6520,20,1500,"bu","14:04:07",3908400
6520,20,100,"bu","14:04:12",3908500
6520,20,1000,"sd","14:04:25",3909500
6520,20,600,"bu","14:04:31",3910100
6520,20,10000,"sd","14:04:58",3920100
6510,10,44000,"bu","14:04:59",3964100
6520,20,4900,"bu","14:05:16",3969000
6510,10,2800,"sd","14:05:19",3971800
6510,10,1000,"bu","14:05:24",3972800
6510,10,2000,"bu","14:05:33",3974800
6510,10,1000,"sd","14:05:41",3975800
6510,10,5100,"sd","14:05:47",3980900
6510,10,1000,"bu","14:05:49",3981900
6520,20,12200,"bu","14:05:50",3994100
6520,20,100,"sd","14:05:52",3994200
6520,20,500,"bu","14:06:08",3994700
6520,20,1000,"sd","14:06:30",3995700
6530,30,500,"bu","14:06:36",3996200
6530,30,5000,"bu","14:06:43",4001200
6520,20,2700,"bu","14:06:53",4003900
6510,10,400,"bu","14:07:26",4004300
6520,20,100,"bu","14:07:39",4004400
6510,10,1200,"sd","14:08:06",4005600
6510,10,400,"bu","14:08:20",4006000
6510,10,5000,"sd","14:09:07",4011000
6510,10,100,"sd","14:09:08",4011100
6510,10,40000,"bu","14:09:13",4051100
6510,10,600,"bu","14:09:32",4051700
6510,10,6000,"bu","14:09:55",4057700
6510,10,5000,"sd","14:10:33",4062700
6520,20,100,"bu","14:10:47",4062800
6520,20,6000,"sd","14:11:28",4068800
6520,20,2000,"bu","14:11:49",4070800
6510,10,30000,"bu","14:12:02",4100800
6510,10,2000,"sd","14:12:13",4102800
6510,10,1000,"bu","14:12:18",4103800
6510,10,7600,"sd","14:12:26",4111400
6510,10,1000,"sd","14:12:39",4112400
6510,10,300,"sd","14:12:42",4112700
6510,10,700,"sd","14:12:49",4113400
6520,20,100,"bu","14:13:16",4113500
6520,20,300,"bu","14:13:35",4113800
6520,20,1000,"sd","14:13:40",4114800
6520,20,4500,"sd","14:13:46",4119300
6520,20,2000,"sd","14:14:28",4121300
6510,10,2000,"bu","14:14:36",4123300
6520,20,500,"bu","14:14:44",4123800
6520,20,100,"sd","14:14:57",4123900
6520,20,300,"bu","14:15:22",4124200
6500,0,101000,"sd","14:15:25",4225200
6520,20,200,"bu","14:15:30",4225400
6520,20,100,"sd","14:15:42",4225500
6520,20,500,"bu","14:16:03",4226000
6520,20,300,"bu","14:16:20",4226300
6520,20,63000,"sd","14:16:31",4289300
6530,30,4100,"bu","14:16:59",4293400
6530,30,100,"bu","14:17:02",4293500
6540,40,500,"sd","14:17:23",4294000
6540,40,100,"bu","14:17:32",4294100
6540,40,800,"bu","14:17:34",4294900
6540,40,3000,"sd","14:18:09",4297900
6530,30,1000,"bu","14:18:13",4298900
6530,30,3000,"sd","14:18:19",4301900
6530,30,200,"sd","14:18:27",4302100
6530,30,8000,"sd","14:18:48",4310100
6540,40,500,"sd","14:19:03",4310600
6530,30,30500,"bu","14:19:19",4341100
6540,40,10000,"bu","14:19:33",4351100
6530,30,3500,"sd","14:19:43",4354600
6530,30,4000,"sd","14:20:31",4358600
6530,30,2000,"sd","14:21:03",4360600
6540,40,6000,"sd","14:21:10",4366600
6540,40,200,"sd","14:21:24",4366800
6540,40,2200,"bu","14:21:37",4369000
6530,30,3000,"sd","14:22:02",4372000
6540,40,8000,"bu","14:22:46",4380000
6530,30,600,"sd","14:22:50",4380600
6530,30,100,"bu","14:23:02",4380700
6530,30,700,"bu","14:23:05",4381400
6530,30,8000,"bu","14:23:31",4389400
6530,30,100,"sd","14:23:35",4389500
6540,40,10000,"bu","14:23:37",4399500
6530,30,100,"sd","14:23:39",4399600
6540,40,1600,"sd","14:23:42",4401200
6540,40,500,"sd","14:24:01",4401700
6540,40,10000,"bu","14:24:27",4411700
6540,40,3600,"sd","14:24:36",4415300
6540,40,200,"sd","14:24:38",4415500
6540,40,500,"bu","14:25:02",4416000
6540,40,200,"bu","14:25:06",4416200
6540,40,5000,"sd","14:25:18",4421200
6540,40,2000,"bu","14:25:22",4423200
6540,40,1000,"sd","14:25:51",4424200
6540,40,1000,"bu","14:26:02",4425200
6530,30,15000,"sd","14:26:30",4440200
6530,30,2000,"bu","14:26:39",4442200
6530,30,15000,"sd","14:26:51",4457200
6540,40,2600,"sd","14:27:13",4459800
6540,40,5000,"sd","14:27:27",4464800
6530,30,19700,"bu","14:27:37",4484500
6530,30,100,"sd","14:27:39",4484600
6530,30,200,"bu","14:28:08",4484800
6530,30,300,"bu","14:28:10",4485100
6530,30,4800,"sd","14:28:14",4489900
6530,30,100,"bu","14:28:16",4490000
6530,30,6500,"sd","14:28:25",4496500
6520,20,50000,"bu","14:28:27",4546500
6530,30,1500,"sd","14:28:29",4548000
6510,10,10000,"sd","14:28:35",4558000
6530,30,2000,"sd","14:28:48",4560000
6530,30,1000,"bu","14:28:55",4561000
6520,20,1000,"sd","14:29:26",4562000
6520,20,2500,"sd","14:29:28",4564500
6520,20,1000,"bu","14:29:32",4565500
6520,20,2000,"bu","14:29:39",4567500
6520,20,196900,"bu","14:45:12",4764400
