"price","change","match_qtty","side","time","total_vol"
31050,-50,11000,"sd","09:15:04",11000
31050,-50,400,"sd","09:15:10",11400
31100,0,400,"bu","09:15:44",11800
31100,0,900,"sd","09:15:52",12700
31100,0,100,"bu","09:15:54",12800
31100,0,5900,"sd","09:16:00",18700
31150,50,100,"sd","09:16:33",18800
31200,100,2100,"bu","09:17:56",20900
31200,100,5000,"bu","09:18:04",25900
31200,100,100,"sd","09:18:07",26000
31200,100,1000,"sd","09:18:19",27000
31250,150,10000,"bu","09:18:26",37000
31200,100,5000,"bu","09:18:27",42000
31250,150,100,"bu","09:18:35",42100
31200,100,1000,"bu","09:18:41",43100
31200,100,100,"bu","09:18:47",43200
31200,100,2000,"bu","09:18:50",45200
31250,150,300,"bu","09:18:52",45500
31200,100,1200,"sd","09:18:59",46700
31200,100,2100,"sd","09:20:10",48800
31200,100,8100,"sd","09:21:02",56900
31200,100,1900,"sd","09:21:02",58800
31200,100,200,"bu","09:21:03",59000
31200,100,3800,"bu","09:21:29",62800
31200,100,4800,"bu","09:21:30",67600
31200,100,1400,"bu","09:21:32",69000
31200,100,200,"bu","09:21:33",69200
31200,100,900,"bu","09:21:44",70100
31200,100,100,"sd","09:21:49",70200
31200,100,4900,"sd","09:21:52",75100
31200,100,2100,"bu","09:22:04",77200
31150,50,1000,"bu","09:22:14",78200
31200,100,200,"sd","09:22:18",78400
31150,50,2000,"sd","09:22:23",80400
31200,100,6300,"bu","09:22:29",86700
31200,100,9100,"sd","09:22:29",95800
31150,50,500,"sd","09:22:35",96300
31150,50,100,"bu","09:22:56",96400
31200,100,2400,"sd","09:23:20",98800
31200,100,1700,"bu","09:23:22",100500
31150,50,200,"sd","09:23:25",100700
31200,100,500,"bu","09:23:27",101200
31200,100,5600,"sd","09:23:37",106800
31200,100,400,"bu","09:24:02",107500
31200,100,100,"sd","09:24:14",107600
31200,100,1000,"bu","09:24:29",108600
31200,100,700,"bu","09:24:30",109300
31150,50,2600,"bu","09:24:40",111900
31150,50,1000,"bu","09:24:48",112900
31150,50,200,"bu","09:25:01",113100
31150,50,800,"bu","09:25:49",113900
31150,50,2000,"bu","09:25:59",115900
31150,50,4400,"bu","09:26:23",120300
31100,0,10200,"bu","09:28:05",130500
31100,0,5000,"sd","09:28:25",135500
31100,0,8000,"sd","09:28:30",143500
31100,0,5000,"sd","09:28:44",148500
31100,0,10000,"bu","09:28:48",158500
31100,0,3300,"bu","09:28:50",161800
31100,0,200,"bu","09:29:03",162000
31050,-50,1900,"sd","09:29:27",163900
31050,-50,300,"sd","09:29:29",164200
31050,-50,200,"sd","09:29:51",164400
31100,0,7000,"bu","09:29:59",171400
31100,0,2700,"bu","09:30:02",174100
31050,-50,9000,"bu","09:30:13",183100
31050,-50,1000,"sd","09:31:05",184100
31050,-50,400,"sd","09:31:42",184500
31050,-50,900,"bu","09:32:47",185400
31100,0,100,"bu","09:33:39",185500
31150,50,1000,"sd","09:33:39",186500
31100,0,2500,"sd","09:33:46",189000
31100,0,400,"bu","09:33:47",189400
31100,0,800,"sd","09:34:09",190200
31150,50,1300,"sd","09:34:18",191500
31150,50,1800,"bu","09:34:25",193300
31100,0,2400,"bu","09:34:31",195700
31150,50,1200,"sd","09:34:32",196900
31150,50,200,"bu","09:34:48",197100
31150,50,100,"bu","09:34:57",197200
31150,50,1000,"sd","09:35:13",198200
31150,50,100,"bu","09:35:18",198300
31150,50,4400,"sd","09:35:20",202700
31150,50,200,"bu","09:35:26",202900
31200,100,30000,"sd","09:36:12",232900
31200,100,1900,"sd","09:36:16",234800
31200,100,1100,"sd","09:36:16",235900
31200,100,200,"sd","09:36:20",236100
31200,100,100,"bu","09:36:49",236200
31250,150,20000,"bu","09:37:08",256200
31200,100,5000,"bu","09:37:17",261200
31250,150,22800,"bu","09:37:26",284000
31250,150,3000,"sd","09:37:29",287000
31300,200,100,"bu","09:37:34",287100
31250,150,600,"sd","09:37:49",287700
31250,150,200,"sd","09:38:00",287900
31250,150,3000,"bu","09:38:14",290900
31250,150,200,"bu","09:38:18",291100
31250,150,1200,"bu","09:38:39",292300
31250,150,100,"bu","09:38:40",292400
31300,200,6500,"sd","09:38:50",298900
31250,150,200,"sd","09:38:52",299100
31300,200,10000,"sd","09:39:00",309100
31300,200,100,"sd","09:39:09",309200
31300,200,200,"sd","09:39:15",309400
31300,200,100,"sd","09:39:24",309500
31300,200,2600,"sd","09:39:50",312100
31300,200,200,"bu","09:39:58",312300
31300,200,500,"bu","09:40:11",312800
31300,200,100,"sd","09:40:40",312900
31300,200,5000,"bu","09:40:43",317900
31250,150,3000,"bu","09:40:55",320900
31300,200,1000,"bu","09:40:56",321900
31300,200,4000,"sd","09:41:20",325900
31250,150,2200,"bu","09:41:26",328100
31300,200,300,"bu","09:41:28",328400
31300,200,1000,"bu","09:41:53",329400
31300,200,1300,"sd","09:42:28",330700
31300,200,100,"sd","09:42:56",330800
31300,200,5100,"bu","09:43:05",335900
31300,200,1900,"bu","09:43:09",337800
31300,200,1000,"bu","09:43:35",338800
31250,150,200,"bu","09:43:47",339000
31300,200,1000,"sd","09:43:52",340000
31300,200,16000,"sd","09:44:21",356000
31300,200,1500,"sd","09:44:29",357500
31300,200,1700,"bu","09:44:29",359200
31300,200,100,"sd","09:44:30",359300
31300,200,4500,"bu","09:44:34",363800
31300,200,500,"sd","09:44:45",364300
31300,200,100,"sd","09:44:57",364400
31300,200,200,"sd","09:45:26",364600
31300,200,500,"sd","09:45:31",365100
31300,200,1000,"sd","09:45:40",366100
31300,200,7000,"sd","09:45:52",373100
31300,200,1000,"sd","09:46:30",374100
31250,150,800,"sd","09:46:36",374900
31250,150,2500,"sd","09:46:54",377400
31300,200,500,"bu","09:47:36",377900
31250,150,3200,"sd","09:47:41",381100
31250,150,200,"bu","09:47:43",381300
31250,150,500,"sd","09:47:44",381800
31250,150,3200,"bu","09:47:49",385000
31250,150,7200,"sd","09:48:02",392200
31250,150,5000,"bu","09:48:19",397200
31200,100,100,"bu","09:48:37",397300
31200,100,900,"bu","09:49:22",398200
31200,100,7000,"bu","09:49:31",405200
31200,100,800,"sd","09:49:33",406000
31200,100,1200,"sd","09:49:41",407200
31200,100,800,"sd","09:49:50",408000
31200,100,200,"sd","09:49:50",408200
31200,100,5000,"bu","09:51:06",413200
31200,100,1500,"bu","09:51:12",414700
31200,100,100,"bu","09:51:14",414800
31200,100,3500,"bu","09:51:16",418300
31200,100,500,"sd","09:51:21",418800
31200,100,400,"sd","09:51:27",419200
31200,100,400,"sd","09:51:56",419600
31200,100,5500,"sd","09:52:15",425100
31250,150,700,"sd","09:52:16",425800
31200,100,300,"sd","09:52:32",426100
31200,100,100,"bu","09:52:33",426200
31250,150,3000,"sd","09:52:38",429200
31200,100,400,"sd","09:53:11",429600
31200,100,200,"bu","09:53:27",429800
31200,100,500,"bu","09:54:24",430300
31200,100,10000,"bu","09:54:40",440300
31200,100,6500,"sd","09:54:52",446800
31150,50,800,"bu","09:56:22",447600
31200,100,500,"bu","09:57:15",448100
31200,100,1000,"sd","09:58:33",449100
31200,100,100,"sd","09:58:40",449200
31150,50,300,"bu","09:58:43",449500
31150,50,100,"bu","09:59:18",449600
31150,50,5000,"bu","10:02:08",454600
31150,50,3000,"bu","10:02:35",457600
31200,100,3300,"sd","10:03:46",460900
31200,100,900,"sd","10:04:02",461800
31200,100,1000,"sd","10:05:43",462800
31200,100,100,"sd","10:07:20",462900
31200,100,5000,"sd","10:07:51",467900
31200,100,5000,"sd","10:07:52",472900
31200,100,600,"sd","10:08:03",473500
31200,100,11000,"sd","10:08:16",484500
31200,100,2000,"sd","10:08:53",486500
31200,100,4400,"sd","10:08:58",490900
31200,100,1000,"bu","10:09:20",491900
31200,100,2200,"sd","10:10:09",494100
31250,150,100,"bu","10:10:14",494200
31250,150,1000,"bu","10:10:57",495200
31250,150,500,"sd","10:12:00",495700
31250,150,100,"sd","10:12:38",495800
31250,150,30100,"bu","10:14:00",525900
31250,150,36600,"bu","10:16:32",562500
31250,150,1000,"bu","10:16:47",563500
31300,200,1900,"sd","10:17:09",565400
31250,150,1000,"sd","10:17:14",566400
31250,150,100,"bu","10:19:51",566500
31250,150,5700,"bu","10:20:03",572200
31250,150,100,"bu","10:20:16",572300
31300,200,300,"sd","10:20:19",572600
31300,200,18900,"sd","10:20:42",591500
31300,200,800,"bu","10:21:35",592300
31250,150,2500,"bu","10:22:15",594800
31250,150,35900,"bu","10:22:23",630700
31250,150,4100,"sd","10:22:29",634800
31250,150,3000,"bu","10:22:42",637800
31250,150,3900,"bu","10:23:06",641700
31250,150,800,"sd","10:23:12",642500
31250,150,100,"bu","10:23:53",642600
31300,200,200,"sd","10:24:06",642800
31250,150,100,"bu","10:24:13",642900
31300,200,300,"bu","10:24:18",643200
31250,150,1100,"bu","10:24:24",644300
31250,150,5000,"bu","10:24:35",649300
31250,150,200,"bu","10:24:48",649500
31250,150,2600,"sd","10:24:55",652100
31250,150,400,"sd","10:25:48",652500
31250,150,17000,"bu","10:26:28",669500
31250,150,2000,"sd","10:26:39",671500
31250,150,100,"sd","10:26:53",671600
31250,150,200,"bu","10:27:08",671800
31250,150,100,"sd","10:27:32",671900
31250,150,200,"sd","10:27:42",672100
31250,150,300,"sd","10:27:46",672400
31250,150,5000,"sd","10:27:48",677400
31250,150,100,"bu","10:27:50",677500
31250,150,2000,"bu","10:27:52",679500
31250,150,100,"bu","10:27:54",679600
31250,150,2000,"sd","10:27:58",681600
31250,150,1000,"bu","10:28:09",682600
31250,150,200,"bu","10:28:10",682800
31250,150,3900,"bu","10:28:22",686700
31250,150,5000,"sd","10:28:24",691700
31250,150,10000,"bu","10:28:46",701700
31250,150,500,"sd","10:29:10",702200
31200,100,200,"bu","10:29:18",702400
31250,150,3000,"bu","10:29:20",705400
31250,150,900,"sd","10:29:35",706300
31250,150,500,"sd","10:29:43",706800
31200,100,15000,"sd","10:29:49",721800
31250,150,500,"bu","10:30:19",722300
31250,150,4500,"bu","10:33:31",726800
31250,150,100,"sd","10:33:32",726900
31250,150,4300,"bu","10:34:10",731200
31250,150,2000,"sd","10:34:18",733200
31250,150,3000,"bu","10:34:36",736200
31250,150,300,"sd","10:34:42",736500
31250,150,10000,"bu","10:34:54",746500
31250,150,4500,"bu","10:34:55",751000
31250,150,2000,"sd","10:34:57",753000
31250,150,100,"bu","10:35:06",753100
31250,150,200,"bu","10:36:10",753300
31250,150,2000,"sd","10:36:11",755300
31250,150,5200,"sd","10:36:12",760500
31250,150,400,"sd","10:36:13",760900
31250,150,500,"bu","10:36:14",761400
31300,200,4900,"bu","10:36:24",766300
31250,150,12000,"bu","10:36:26",778300
31250,150,1000,"sd","10:36:44",779300
31300,200,7700,"sd","10:37:09",787000
31300,200,4700,"bu","10:37:10",791700
31250,150,1000,"bu","10:37:31",792700
31300,200,200,"bu","10:37:43",792900
31250,150,17800,"sd","10:37:49",810700
31300,200,4300,"sd","10:37:54",815000
31300,200,3000,"bu","10:38:22",818000
31250,150,1400,"sd","10:38:24",819400
31300,200,4300,"sd","10:38:37",823700
31300,200,4400,"sd","10:39:22",828100
31300,200,4200,"bu","10:40:05",832300
31250,150,1500,"bu","10:40:43",833800
31300,200,1000,"bu","10:40:46",834800
31300,200,4500,"sd","10:40:51",839300
31300,200,400,"bu","10:41:09",839700
31300,200,57500,"sd","10:41:12",897200
31300,200,2500,"bu","10:41:13",899700
31350,250,4300,"sd","10:41:35",904000
31300,200,100,"bu","10:41:52",904100
31350,250,4900,"sd","10:42:22",909000
31300,200,18000,"sd","10:42:36",927000
31300,200,2000,"bu","10:42:43",929000
31350,250,5200,"bu","10:43:05",934200
31300,200,100,"sd","10:43:09",934300
31250,150,12500,"bu","10:43:43",946800
31350,250,4300,"bu","10:43:48",951100
31300,200,1000,"sd","10:44:18",952100
31300,200,2000,"bu","10:44:29",954100
31300,200,4200,"bu","10:44:32",958300
31300,200,5000,"sd","10:44:38",963300
31300,200,1000,"sd","10:44:43",964300
31300,200,1100,"bu","10:44:45",965400
31300,200,100,"sd","10:44:56",965500
31350,250,4300,"bu","10:45:14",969800
31350,250,100,"sd","10:45:20",969900
31300,200,5400,"sd","10:45:23",975300
31350,250,500,"sd","10:45:35",975800
31350,250,4400,"bu","10:45:59",980200
31350,250,2500,"sd","10:46:36",982700
31350,250,4200,"bu","10:46:41",986900
31350,250,7300,"sd","10:46:45",994200
31300,200,1000,"sd","10:46:54",995200
31350,250,5200,"bu","10:47:25",1000400
31350,250,4200,"bu","10:48:08",1004600
31350,250,200,"bu","10:48:16",1004800
31350,250,4500,"sd","10:48:54",1009300
31350,250,30000,"bu","10:49:13",1039300
31400,300,4300,"bu","10:49:37",1043600
31350,250,1000,"bu","10:50:00",1044600
31350,250,900,"bu","10:50:08",1045500
31350,250,4400,"bu","10:50:20",1049900
31350,250,4000,"sd","10:50:22",1053900
31350,250,1000,"bu","10:50:30",1054900
31350,250,2000,"bu","10:50:32",1056900
31350,250,1500,"bu","10:50:35",1058400
31400,300,1000,"sd","10:50:53",1059400
31400,300,4200,"bu","10:51:04",1063600
31400,300,2000,"bu","10:51:16",1065600
31350,250,200,"sd","10:51:18",1065800
31350,250,7600,"bu","10:51:43",1073400
31350,250,10000,"bu","10:51:44",1083400
31400,300,4200,"bu","10:51:47",1087600
31350,250,100,"bu","10:51:59",1087700
31350,250,2200,"bu","10:52:28",1089900
31400,300,4500,"bu","10:52:33",1094400
31350,250,700,"bu","10:52:41",1095100
31350,250,100,"sd","10:53:14",1095200
31400,300,4300,"bu","10:53:15",1099500
31350,250,100,"bu","10:53:35",1099600
31350,250,2000,"bu","10:53:55",1101600
31400,300,4200,"sd","10:53:59",1105800
31350,250,100,"bu","10:54:17",1105900
31350,250,500,"sd","10:54:31",1106400
31350,250,2700,"sd","10:54:36",1109100
31400,300,4600,"bu","10:54:45",1113700
31350,250,100,"sd","10:54:46",1113800
31400,300,1000,"sd","10:54:48",1114800
31350,250,3300,"sd","10:55:03",1118100
31350,250,5200,"sd","10:55:28",1123300
31350,250,100,"sd","10:56:02",1123400
31350,250,200,"sd","10:56:05",1123600
31350,250,4700,"sd","10:56:14",1128300
31350,250,1000,"sd","10:56:41",1129300
31350,250,1000,"sd","10:56:48",1130300
31350,250,3000,"sd","10:56:53",1133300
31350,250,4400,"sd","10:57:01",1137700
31350,250,600,"bu","10:57:40",1138300
31350,250,4400,"sd","10:57:45",1142700
31350,250,300,"sd","10:58:10",1143000
31300,200,4800,"bu","10:58:29",1147800
31300,200,100,"sd","10:58:52",1147900
31350,250,4400,"bu","10:59:14",1152300
31350,250,4300,"sd","10:59:56",1156600
31350,250,4400,"sd","11:00:41",1161000
31300,200,1000,"bu","11:00:50",1162000
31300,200,30400,"bu","11:01:15",1192400
31300,200,1000,"bu","11:01:24",1193400
31300,200,4600,"bu","11:01:28",1198000
31300,200,1500,"sd","11:02:10",1199500
31300,200,4900,"sd","11:02:18",1204400
31300,200,200,"bu","11:02:29",1204600
31300,200,300,"bu","11:02:50",1204900
31250,150,2000,"bu","11:02:52",1206900
31300,200,300,"sd","11:03:01",1207200
31300,200,4300,"sd","11:03:02",1211500
31300,200,4300,"sd","11:03:46",1215800
31300,200,2000,"bu","11:03:53",1217800
31300,200,8400,"bu","11:04:29",1226200
31350,250,4200,"bu","11:05:12",1230400
31350,250,100,"sd","11:05:38",1230500
31350,250,10000,"bu","11:05:40",1240500
31300,200,100,"bu","11:05:54",1240600
31350,250,4200,"sd","11:05:55",1244800
31350,250,4200,"sd","11:06:38",1249000
31300,200,4900,"sd","11:06:46",1253900
31250,150,100,"sd","11:07:03",1254000
31350,250,4300,"sd","11:07:22",1258300
31250,150,2300,"sd","11:08:00",1260600
31350,250,4200,"sd","11:08:04",1264800
31250,150,5000,"sd","11:08:12",1269800
31250,150,5000,"bu","11:08:21",1274800
31250,150,100,"sd","11:08:26",1274900
31250,150,1500,"bu","11:08:28",1276400
31350,250,4200,"sd","11:08:48",1280600
31250,150,100,"bu","11:09:00",1280700
31350,250,4200,"sd","11:09:29",1284900
31350,250,4200,"sd","11:10:14",1289100
31350,250,2000,"sd","11:10:54",1291100
31350,250,4400,"bu","11:10:56",1295500
31250,150,100,"sd","11:11:09",1295600
31350,250,4200,"bu","11:11:40",1299800
31350,250,4300,"bu","11:12:24",1304100
31350,250,500,"bu","11:12:28",1304600
31300,200,1000,"bu","11:12:36",1305600
31300,200,100,"bu","11:12:47",1305700
31300,200,700,"sd","11:13:00",1306400
31300,200,4400,"bu","11:13:08",1310800
31350,250,4600,"sd","11:13:51",1315400
31350,250,4600,"sd","11:14:38",1320000
31350,250,2500,"sd","11:15:04",1322500
31350,250,5000,"bu","11:16:11",1327500
31300,200,100,"bu","11:16:31",1327600
31300,200,6400,"sd","11:17:41",1334000
31300,200,3400,"bu","11:17:51",1337400
31300,200,400,"bu","11:17:57",1337800
31300,200,100,"sd","11:18:31",1337900
31250,150,200,"sd","11:19:10",1338100
31300,200,1000,"bu","11:19:16",1339100
31350,250,20000,"sd","11:20:05",1359100
31300,200,500,"bu","11:21:37",1359600
31300,200,200,"bu","11:21:57",1359800
31300,200,100,"bu","11:22:15",1359900
31300,200,500,"sd","11:23:25",1360400
31300,200,10000,"sd","11:25:07",1370400
31300,200,2000,"bu","11:25:34",1372400
31300,200,500,"sd","11:25:49",1372900
31300,200,100,"bu","11:25:54",1373000
31250,150,4700,"bu","11:27:09",1377700
31300,200,600,"sd","11:27:13",1378300
31300,200,400,"sd","11:27:39",1378700
31300,200,100,"sd","11:27:46",1378800
31300,200,1100,"bu","11:28:07",1379900
31300,200,1400,"sd","11:29:30",1381300
31300,200,500,"sd","11:29:46",1381800
31300,200,100,"sd","11:30:00",1381900
31300,200,1600,"bu","13:00:17",1383500
31250,150,200,"bu","13:00:27",1384000
31250,150,100,"sd","13:00:28",1384100
31300,200,1100,"bu","13:00:33",1385200
31300,200,900,"sd","13:00:34",1386100
31300,200,400,"bu","13:00:36",1386500
31300,200,100,"sd","13:00:40",1386600
31300,200,3000,"sd","13:00:41",1389600
31250,150,1400,"sd","13:00:44",1391000
31300,200,3300,"bu","13:03:40",1394300
31300,200,22000,"bu","13:03:50",1416300
31300,200,5400,"sd","13:03:56",1421700
31300,200,800,"bu","13:04:21",1422500
31300,200,100,"sd","13:04:56",1422600
31300,200,500,"bu","13:05:13",1423100
31300,200,100,"bu","13:05:34",1423200
31300,200,2100,"bu","13:06:51",1425300
31300,200,1300,"sd","13:07:49",1426600
31350,250,1800,"sd","13:07:55",1428400
31300,200,1000,"sd","13:08:02",1429400
31300,200,500,"sd","13:09:05",1429900
31350,250,50000,"sd","13:09:47",1479900
31350,250,1000,"bu","13:10:11",1480900
31350,250,300,"bu","13:10:17",1481200
31350,250,10000,"bu","13:10:22",1491200
31350,250,3800,"sd","13:10:23",1495000
31350,250,100,"bu","13:11:20",1495100
31350,250,1000,"bu","13:11:27",1496100
31350,250,2000,"bu","13:11:35",1498100
31400,300,3500,"bu","13:12:08",1501600
31350,250,67000,"sd","13:12:10",1568600
31350,250,500,"bu","13:12:28",1569100
31350,250,50000,"bu","13:13:21",1619100
31350,250,1000,"sd","13:13:43",1620100
31350,250,15000,"sd","13:13:56",1635100
31350,250,100,"sd","13:14:10",1635200
31350,250,1000,"bu","13:14:18",1636200
31350,250,500,"bu","13:14:28",1636700
31350,250,1000,"bu","13:14:36",1637700
31350,250,10000,"bu","13:14:38",1647700
31350,250,1000,"sd","13:14:42",1648700
31350,250,5000,"sd","13:14:50",1653700
31350,250,1900,"bu","13:14:51",1655600
31350,250,200,"sd","13:15:28",1655800
31400,300,100,"bu","13:15:32",1655900
31400,300,5800,"bu","13:16:20",1661700
31400,300,10000,"sd","13:16:23",1671700
31400,300,31800,"sd","13:16:37",1703500
31400,300,600,"sd","13:16:52",1704100
31350,250,10000,"bu","13:16:54",1714100
31400,300,6000,"bu","13:17:02",1720100
31400,300,9500,"bu","13:17:03",1729600
31400,300,100,"bu","13:17:51",1729700
31350,250,18600,"sd","13:18:29",1748300
31400,300,300,"bu","13:18:31",1748600
31350,250,1000,"bu","13:19:11",1749600
31350,250,100,"bu","13:19:19",1749700
31350,250,200,"bu","13:19:21",1749900
31350,250,10000,"bu","13:19:28",1759900
31400,300,100,"sd","13:19:39",1760000
31400,300,1100,"bu","13:19:54",1761100
31350,250,19300,"bu","13:20:10",1780400
31350,250,100,"sd","13:20:29",1780500
31350,250,500,"bu","13:20:33",1781000
31350,250,100,"bu","13:20:34",1781100
31350,250,400,"sd","13:21:21",1781500
31350,250,100,"bu","13:21:25",1781600
31350,250,500,"bu","13:21:34",1782100
31400,300,100,"bu","13:21:43",1782200
31400,300,700,"bu","13:23:21",1782900
31350,250,10000,"sd","13:23:57",1792900
31400,300,3000,"bu","13:24:02",1795900
31400,300,5000,"bu","13:24:38",1800900
31350,250,100,"bu","13:24:39",1801000
31350,250,500,"bu","13:25:14",1801500
31350,250,2000,"bu","13:25:54",1803500
31400,300,2300,"bu","13:26:14",1805800
31400,300,100,"sd","13:26:18",1805900
31400,300,2100,"bu","13:26:27",1808000
31400,300,5000,"sd","13:26:50",1813000
31400,300,200,"bu","13:26:59",1813200
31400,300,5000,"bu","13:27:00",1818200
31350,250,1900,"sd","13:27:02",1820100
31350,250,3000,"sd","13:27:10",1823100
31400,300,100,"bu","13:27:15",1823200
31350,250,300,"sd","13:27:52",1823500
31400,300,1000,"sd","13:28:32",1824500
31400,300,3000,"bu","13:28:52",1827500
31400,300,300,"bu","13:29:08",1827800
31400,300,500,"sd","13:29:33",1828300
31350,250,200,"bu","13:29:38",1828500
31400,300,40000,"bu","13:29:48",1868500
31400,300,20000,"bu","13:29:52",1888500
31400,300,1200,"bu","13:30:06",1889700
31400,300,5000,"sd","13:30:07",1894700
31400,300,13000,"sd","13:30:12",1907700
31400,300,7500,"bu","13:30:13",1915200
31400,300,1700,"sd","13:30:17",1916900
31400,300,3500,"bu","13:30:18",1920400
31400,300,1500,"sd","13:30:23",1921900
31400,300,300,"sd","13:30:25",1922200
31400,300,3000,"bu","13:30:30",1925200
31400,300,100,"bu","13:30:49",1925300
31400,300,16600,"sd","13:30:53",1941900
31400,300,200,"bu","13:30:57",1942100
31400,300,6400,"sd","13:31:09",1948500
31400,300,1000,"bu","13:31:12",1949500
31400,300,10000,"bu","13:31:40",1959500
31400,300,200,"bu","13:31:42",1959700
31400,300,500,"sd","13:32:07",1960200
31400,300,600,"sd","13:32:08",1960800
31450,350,100,"sd","13:32:11",1960900
31400,300,1600,"sd","13:32:36",1962500
31450,350,500,"bu","13:32:39",1963000
31400,300,700,"bu","13:32:40",1963700
31400,300,2700,"sd","13:32:47",1966400
31400,300,100,"sd","13:32:48",1966500
31400,300,1000,"sd","13:32:51",1967500
31400,300,15000,"sd","13:32:58",1982500
31400,300,1000,"sd","13:33:02",1983500
31400,300,200,"bu","13:33:04",1983700
31450,350,100,"bu","13:33:30",1983800
31450,350,300,"bu","13:33:38",1984100
31400,300,2000,"bu","13:34:17",1986100
31400,300,1000,"sd","13:34:24",1987100
31400,300,100,"bu","13:34:25",1987200
31450,350,5000,"sd","13:34:34",1992200
31450,350,500,"bu","13:35:44",1992700
31450,350,200,"bu","13:35:53",1992900
31400,300,400,"bu","13:36:02",1993300
31400,300,300,"bu","13:36:15",1993600
31400,300,2000,"sd","13:36:18",1995600
31400,300,1000,"bu","13:36:26",1996600
31400,300,1000,"bu","13:36:29",1997600
31400,300,35700,"bu","13:36:31",2033300
31400,300,2100,"sd","13:36:45",2035400
31400,300,300,"bu","13:37:09",2035700
31350,250,400,"sd","13:37:36",2036100
31350,250,2300,"bu","13:38:00",2038400
31350,250,7000,"sd","13:38:36",2045400
31350,250,1000,"sd","13:39:10",2046400
31350,250,500,"bu","13:39:36",2046900
31350,250,5000,"sd","13:39:47",2051900
31350,250,17500,"bu","13:39:51",2069400
31350,250,1000,"sd","13:39:52",2070400
31350,250,3500,"sd","13:39:55",2073900
31350,250,4000,"sd","13:39:59",2077900
31350,250,500,"sd","13:40:01",2078400
31400,300,1000,"bu","13:40:06",2079400
31350,250,700,"sd","13:40:12",2080100
31350,250,1000,"bu","13:40:26",2081100
31350,250,4600,"sd","13:40:27",2085700
31350,250,5500,"bu","13:40:29",2091200
31350,250,4700,"sd","13:40:44",2095900
31350,250,1200,"bu","13:41:15",2097100
31350,250,700,"sd","13:41:34",2097800
31350,250,1500,"sd","13:41:51",2099300
31350,250,100,"bu","13:41:56",2099400
31350,250,1000,"sd","13:42:11",2100400
31350,250,7200,"sd","13:42:15",2107600
31350,250,2900,"sd","13:42:44",2110500
31350,250,1000,"bu","13:42:47",2111500
31350,250,5000,"bu","13:42:57",2116500
31350,250,1000,"bu","13:43:05",2117500
31350,250,500,"bu","13:43:35",2118000
31350,250,1000,"sd","13:43:53",2119000
31300,200,5000,"bu","13:44:05",2124000
31300,200,20000,"sd","13:44:28",2144000
31300,200,2000,"bu","13:44:37",2146000
31300,200,2000,"sd","13:44:46",2148000
31300,200,200,"sd","13:44:57",2148200
31300,200,3000,"bu","13:45:17",2151200
31300,200,5000,"sd","13:45:39",2156200
31300,200,500,"sd","13:45:43",2156700
31300,200,1900,"sd","13:46:10",2158600
31300,200,300,"bu","13:46:23",2158900
31300,200,500,"bu","13:46:25",2159400
31300,200,200,"sd","13:46:26",2159600
31300,200,500,"bu","13:46:36",2160100
31300,200,700,"bu","13:46:37",2160800
31300,200,2300,"sd","13:46:41",2163100
31300,200,700,"bu","13:46:46",2163800
31300,200,2000,"bu","13:47:45",2165800
31300,200,2500,"bu","13:48:00",2168300
31300,200,1500,"sd","13:48:08",2169800
31300,200,600,"bu","13:48:58",2170400
31300,200,900,"bu","13:49:12",2171300
31300,200,300,"bu","13:49:15",2171600
31300,200,2000,"bu","13:49:18",2173600
31350,250,100,"bu","13:49:27",2173700
31300,200,500,"bu","13:49:47",2174200
31300,200,100,"bu","13:49:53",2174300
31300,200,900,"sd","13:50:07",2175200
31300,200,1000,"sd","13:50:25",2176200
31300,200,1000,"sd","13:50:33",2177200
31300,200,500,"sd","13:50:48",2177700
31300,200,3000,"sd","13:51:09",2180700
31300,200,400,"bu","13:51:11",2181100
31300,200,3000,"bu","13:51:14",2184100
31300,200,1000,"sd","13:51:18",2185100
31300,200,2600,"sd","13:52:05",2187700
31300,200,500,"sd","13:52:19",2188200
31350,250,900,"sd","13:52:58",2189100
31300,200,1000,"sd","13:53:25",2190100
31300,200,300,"bu","13:53:50",2190400
31350,250,2000,"sd","13:54:00",2192400
31300,200,4000,"sd","13:54:15",2196400
31350,250,500,"sd","13:54:41",2196900
31300,200,1500,"sd","13:55:10",2198400
31350,250,2000,"sd","13:55:11",2200400
31350,250,2000,"sd","13:55:41",2202400
31350,250,1000,"sd","13:56:22",2203400
31350,250,5000,"sd","13:56:37",2208400
31300,200,35500,"sd","13:57:01",2243900
31350,250,100,"bu","13:57:13",2244000
31350,250,3200,"sd","13:57:28",2247200
31350,250,25000,"bu","13:57:58",2272200
31350,250,2000,"bu","13:58:03",2274200
31350,250,5000,"bu","13:58:14",2279200
31350,250,3600,"sd","13:58:16",2282800
31350,250,7300,"bu","13:58:19",2290100
31350,250,2200,"sd","13:58:20",2292300
31350,250,1500,"bu","13:58:39",2293800
31400,300,700,"bu","13:59:36",2294500
31400,300,10000,"bu","14:00:07",2304500
31400,300,10000,"bu","14:00:19",2314500
31350,250,1500,"sd","14:00:20",2316000
31350,250,10000,"sd","14:00:32",2326000
31350,250,1000,"bu","14:00:36",2327000
31350,250,400,"sd","14:00:38",2327400
31400,300,5000,"bu","14:00:43",2332400
31400,300,1200,"sd","14:00:58",2333600
31400,300,1000,"bu","14:01:04",2334600
31400,300,500,"bu","14:01:14",2335100
31350,250,1000,"sd","14:02:02",2336100
31400,300,50000,"sd","14:02:06",2386100
31350,250,5000,"bu","14:02:16",2391100
31350,250,600,"bu","14:02:26",2391700
31400,300,1000,"bu","14:02:28",2392700
31350,250,500,"bu","14:02:33",2393200
31350,250,4000,"sd","14:02:54",2397200
31350,250,1400,"bu","14:02:55",2398600
31350,250,100,"bu","14:03:17",2398700
31350,250,1000,"bu","14:03:24",2399700
31400,300,500,"sd","14:03:41",2400200
31400,300,1000,"sd","14:03:42",2401200
31400,300,1300,"bu","14:03:45",2402500
31400,300,1500,"sd","14:03:57",2404000
31400,300,5000,"bu","14:04:02",2409000
31400,300,900,"sd","14:04:04",2409900
31400,300,500,"bu","14:04:08",2410400
31400,300,100,"bu","14:04:10",2410500
31400,300,9000,"bu","14:04:17",2419500
31400,300,1000,"bu","14:04:20",2420500
31400,300,14500,"bu","14:04:25",2435000
31450,350,1000,"sd","14:04:28",2436000
31450,350,6800,"bu","14:04:37",2442800
31450,350,600,"bu","14:04:40",2443400
31400,300,19800,"bu","14:05:03",2463200
31400,300,5000,"sd","14:05:13",2468200
31400,300,500,"bu","14:05:14",2468700
31400,300,1500,"sd","14:05:16",2470200
31400,300,5000,"bu","14:05:24",2475200
31400,300,600,"bu","14:05:47",2475800
31400,300,5000,"bu","14:06:03",2480800
31400,300,400,"bu","14:06:10",2481200
31400,300,200,"bu","14:06:12",2481400
31400,300,1000,"bu","14:06:14",2482400
31400,300,3800,"bu","14:06:20",2486200
31400,300,20200,"bu","14:06:30",2506400
31400,300,10000,"bu","14:06:43",2516400
31400,300,500,"sd","14:06:50",2516900
31400,300,500,"sd","14:06:52",2517400
31400,300,1000,"sd","14:06:55",2518400
31400,300,600,"bu","14:06:57",2519000
31400,300,3600,"sd","14:07:02",2522600
31400,300,100,"bu","14:07:05",2522700
31400,300,500,"bu","14:07:11",2523200
31350,250,3200,"sd","14:07:46",2526400
31400,300,4200,"sd","14:07:49",2530600
31400,300,24700,"bu","14:07:54",2555300
31400,300,3000,"bu","14:08:00",2558300
31400,300,2300,"bu","14:08:07",2560600
31400,300,300,"sd","14:08:09",2560900
31400,300,3000,"sd","14:08:25",2563900
31400,300,800,"bu","14:08:32",2564700
31400,300,500,"bu","14:08:48",2565200
31400,300,2000,"sd","14:08:54",2567200
31400,300,2100,"bu","14:09:08",2569300
31400,300,1000,"bu","14:09:47",2570300
31350,250,2000,"sd","14:09:53",2572300
31400,300,100,"sd","14:10:22",2572400
31350,250,5900,"sd","14:11:25",2578300
31400,300,500,"sd","14:12:09",2578800
31400,300,500,"sd","14:12:28",2579300
31400,300,100,"sd","14:12:32",2579400
31400,300,300,"bu","14:12:42",2579700
31400,300,2500,"bu","14:12:53",2582200
31400,300,500,"sd","14:12:58",2582700
31400,300,18200,"sd","14:13:16",2600900
31400,300,600,"sd","14:13:52",2601500
31400,300,500,"sd","14:14:07",2602000
31400,300,200,"bu","14:14:49",2602200
31400,300,10000,"sd","14:14:52",2612200
31400,300,5200,"bu","14:14:57",2617400
31400,300,22000,"sd","14:15:04",2639400
31400,300,2600,"sd","14:15:08",2642000
31400,300,1000,"sd","14:15:11",2643000
31400,300,600,"bu","14:15:17",2643600
31400,300,1400,"bu","14:15:19",2645000
31400,300,400,"bu","14:15:25",2645400
31400,300,15100,"sd","14:15:27",2660500
31400,300,1000,"sd","14:15:32",2661500
31450,350,19300,"sd","14:15:35",2680800
31400,300,5600,"bu","14:15:49",2686400
31400,300,400,"bu","14:15:53",2686800
31450,350,100,"bu","14:16:01",2686900
31400,300,2900,"bu","14:17:25",2689800
31400,300,500,"bu","14:17:30",2690300
31450,350,50500,"sd","14:17:41",2740800
31400,300,3200,"bu","14:18:10",2744000
31450,350,15600,"sd","14:18:16",2759600
31450,350,5000,"bu","14:18:21",2764600
31450,350,2000,"sd","14:18:35",2766600
31450,350,100,"bu","14:18:40",2766700
31450,350,15700,"sd","14:18:42",2782400
31450,350,25000,"bu","14:18:43",2807400
31450,350,300,"sd","14:18:47",2807700
31500,400,15300,"bu","14:18:59",2823000
31500,400,25000,"sd","14:19:10",2848000
31500,400,5000,"sd","14:19:14",2853000
31500,400,5000,"bu","14:19:27",2858000
31500,400,15400,"bu","14:19:40",2873400
31500,400,2200,"bu","14:19:57",2875600
31500,400,1300,"sd","14:20:05",2876900
31450,350,200,"sd","14:20:10",2877100
31500,400,50000,"sd","14:20:12",2927100
31500,400,1100,"sd","14:20:17",2928200
31500,400,1600,"bu","14:20:24",2929800
31500,400,16100,"bu","14:20:26",2945900
31500,400,4000,"sd","14:20:28",2949900
31500,400,10000,"bu","14:20:43",2959900
31500,400,1500,"sd","14:20:48",2961400
31500,400,200,"sd","14:20:56",2961600
31500,400,3000,"sd","14:21:02",2964600
31500,400,500,"bu","14:21:06",2965100
31500,400,33000,"sd","14:21:08",2998100
31500,400,26000,"sd","14:21:12",3024100
31500,400,40000,"sd","14:21:14",3064100
31500,400,1000,"sd","14:21:15",3065100
31500,400,6300,"sd","14:21:19",3071400
31500,400,19000,"sd","14:21:37",3090400
31500,400,15800,"bu","14:21:55",3106200
31500,400,5100,"sd","14:22:16",3111300
31550,450,100,"bu","14:22:20",3111400
31550,450,8100,"sd","14:22:27",3119500
31500,400,500,"bu","14:22:34",3120000
31500,400,100,"bu","14:22:36",3120100
31550,450,50000,"sd","14:22:38",3170100
31550,450,17300,"sd","14:22:40",3187400
31550,450,1500,"sd","14:22:42",3188900
31550,450,200,"sd","14:22:44",3189100
31550,450,2400,"bu","14:22:46",3191500
31550,450,400,"bu","14:22:48",3191900
31550,450,5000,"bu","14:22:59",3196900
31550,450,20000,"bu","14:23:05",3216900
31550,450,5000,"bu","14:23:07",3221900
31550,450,2000,"bu","14:23:09",3223900
31550,450,6000,"bu","14:23:11",3229900
31550,450,1000,"bu","14:23:14",3230900
31550,450,500,"bu","14:23:16",3231400
31550,450,500,"sd","14:23:18",3231900
31550,450,600,"sd","14:23:20",3232500
31550,450,16300,"sd","14:23:25",3248800
31550,450,5900,"bu","14:23:29",3254700
31550,450,5200,"sd","14:23:33",3259900
31550,450,200,"bu","14:23:37",3260100
31550,450,800,"bu","14:23:39",3260900
31550,450,400,"sd","14:23:42",3261300
31550,450,6600,"bu","14:23:46",3267900
31550,450,3000,"sd","14:23:48",3270900
31550,450,2400,"bu","14:23:50",3273300
31550,450,100,"bu","14:23:53",3273400
31550,450,1100,"bu","14:24:01",3274500
31600,500,17400,"sd","14:24:04",3291900
31550,450,500,"bu","14:24:06",3292400
31550,450,3300,"bu","14:24:10",3295700
31550,450,200,"bu","14:24:14",3295900
31500,400,3100,"bu","14:24:23",3299000
31550,450,300,"bu","14:24:28",3299300
31550,450,200,"sd","14:24:36",3299500
31500,400,1000,"sd","14:24:38",3300500
31550,450,10400,"sd","14:24:47",3310900
31600,500,15500,"sd","14:24:48",3326400
31600,500,100,"sd","14:24:54",3326500
31550,450,3800,"sd","14:25:07",3330300
31550,450,1000,"bu","14:25:12",3331300
31550,450,100,"bu","14:25:14",3331400
31550,450,1100,"sd","14:25:30",3332500
31550,450,2000,"bu","14:25:33",3334500
31600,500,18800,"bu","14:25:39",3353300
31550,450,200,"sd","14:25:47",3353500
31550,450,400,"sd","14:25:55",3353900
31550,450,2500,"sd","14:26:02",3356400
31550,450,3000,"sd","14:26:07",3359400
31550,450,9600,"sd","14:26:11",3369000
31550,450,400,"bu","14:26:13",3369400
31550,450,8900,"sd","14:26:18",3378300
31550,450,22400,"sd","14:26:20",3400700
31550,450,500,"bu","14:26:22",3401200
31500,400,2000,"sd","14:26:30",3403200
31500,400,20500,"sd","14:26:35",3423700
31500,400,20000,"sd","14:26:39",3443700
31550,450,3000,"bu","14:26:41",3446700
31550,450,52000,"bu","14:26:47",3498700
31550,450,200,"bu","14:26:57",3498900
31550,450,500,"bu","14:27:01",3499400
31550,450,15200,"bu","14:27:03",3514600
31550,450,15500,"sd","14:27:45",3530100
31550,450,300,"sd","14:27:53",3530400
31550,450,1000,"bu","14:27:59",3531400
31550,450,500,"bu","14:28:01",3531900
31500,400,1000,"bu","14:28:08",3532900
31500,400,100,"bu","14:28:12",3533000
31500,400,2200,"sd","14:28:25",3535200
31500,400,200,"sd","14:28:27",3535400
31500,400,4000,"sd","14:28:29",3539400
31550,450,16500,"bu","14:28:31",3555900
31550,450,1200,"bu","14:28:44",3557100
31550,450,12300,"sd","14:29:06",3569400
31550,450,500,"bu","14:29:10",3569900
31500,400,2000,"bu","14:29:17",3571900
31500,400,3000,"bu","14:29:26",3574900
31500,400,100,"sd","14:29:28",3575000
31500,400,700,"bu","14:29:30",3575700
31500,400,10100,"sd","14:29:32",3585800
31500,400,1500,"bu","14:29:34",3587300
31500,400,2000,"bu","14:29:39",3589300
31500,400,2000,"bu","14:29:45",3591300
31500,400,1000,"sd","14:29:47",3592300
31500,400,300,"sd","14:30:03",3592600
31600,500,420800,"bu","14:45:06",4013400
