"price","change","match_qtty","side","time","total_vol"
15000,100,2000,"sd","09:03:47",2000
15000,100,4000,"sd","09:04:01",6000
15000,100,5000,"sd","09:04:47",11000
15000,100,1000,"bu","09:04:53",12000
15000,100,57000,"sd","09:06:04",69000
15000,100,1000,"bu","09:06:15",70000
15000,100,10000,"bu","09:06:28",80000
15000,100,9000,"sd","09:06:31",89000
15000,100,1000,"bu","09:06:34",90000
15000,100,25000,"bu","09:06:37",115000
15000,100,1000,"sd","09:07:32",116000
15000,100,5000,"bu","09:08:00",121000
15000,100,8000,"bu","09:08:14",129000
15000,100,36000,"bu","09:10:08",165000
15000,100,2000,"bu","09:11:44",167000
15000,100,9000,"bu","09:11:49",176000
15000,100,10000,"sd","09:13:01",186000
15000,100,16000,"bu","09:13:10",202000
15000,100,1000,"bu","09:13:45",203000
15000,100,3000,"sd","09:13:56",206000
15000,100,20000,"sd","09:15:47",226000
15000,100,10000,"sd","09:16:32",236000
15000,100,8000,"bu","09:16:35",244000
15000,100,7000,"bu","09:17:06",251000
15000,100,12000,"sd","09:17:21",263000
15000,100,5000,"sd","09:18:34",268000
15000,100,43000,"bu","09:18:41",311000
14900,0,10000,"bu","09:19:13",321000
14900,0,50000,"sd","09:20:28",371000
15000,100,2000,"sd","09:20:36",373000
15000,100,1000,"bu","09:21:15",374000
15000,100,1000,"bu","09:23:00",375000
14900,0,2000,"bu","09:23:58",377000
14900,0,10000,"sd","09:24:25",387000
15000,100,1000,"sd","09:25:23",388000
15000,100,5000,"bu","09:25:47",393000
15000,100,30000,"bu","09:26:05",423000
15000,100,3000,"sd","09:27:02",426000
15000,100,99000,"bu","09:27:31",525000
15000,100,31000,"bu","09:28:36",556000
15000,100,1000,"bu","09:28:51",557000
15000,100,1000,"bu","09:31:59",558000
15000,100,3000,"bu","09:33:03",561000
15000,100,2000,"bu","09:34:50",563000
15000,100,20000,"sd","09:36:05",583000
15000,100,1000,"sd","09:36:20",584000
14900,0,1000,"bu","09:36:25",585000
15000,100,97000,"sd","09:36:46",682000
15000,100,12000,"sd","09:36:59",694000
15000,100,1000,"sd","09:37:36",695000
15000,100,2000,"bu","09:37:56",697000
15000,100,1000,"bu","09:37:59",698000
15000,100,12000,"sd","09:38:23",710000
14900,0,5000,"bu","09:38:47",715000
15000,100,50000,"bu","09:39:22",765000
15000,100,10000,"sd","09:39:44",775000
15000,100,22000,"sd","09:39:49",797000
15000,100,10000,"sd","09:40:29",807000
15000,100,20000,"bu","09:42:16",827000
15000,100,64000,"bu","09:43:06",891000
15000,100,1000,"sd","09:44:13",892000
15000,100,100000,"sd","09:44:29",992000
15000,100,65000,"sd","09:44:43",1057000
15000,100,2000,"sd","09:45:25",1059000
15000,100,11000,"bu","09:45:29",1070000
15000,100,4000,"bu","09:45:59",1074000
15000,100,60000,"bu","09:46:10",1134000
15100,200,5000,"sd","09:46:54",1139000
15100,200,500000,"bu","09:47:25",1639000
14900,0,16000,"sd","09:48:02",1655000
15000,100,3000,"bu","09:48:30",1658000
15000,100,1000,"sd","09:48:31",1659000
15000,100,25000,"sd","09:49:11",1684000
15000,100,1000,"bu","09:49:22",1685000
15000,100,1000,"bu","09:49:48",1686000
15000,100,2000,"bu","09:50:09",1688000
14900,0,1000,"sd","09:50:32",1689000
14900,0,2000,"bu","09:50:56",1691000
15000,100,20000,"bu","09:52:10",1711000
15000,100,6000,"sd","09:52:27",1717000
15000,100,2000,"bu","09:52:33",1719000
15000,100,8000,"bu","09:52:37",1727000
15000,100,5000,"sd","09:53:19",1732000
15000,100,49000,"sd","09:54:27",1781000
15000,100,6000,"sd","09:54:52",1787000
15000,100,5000,"bu","09:55:21",1792000
15000,100,10000,"bu","09:56:35",1802000
15000,100,5000,"sd","09:56:44",1807000
15000,100,20000,"bu","09:57:05",1827000
15000,100,10000,"bu","10:00:03",1837000
15000,100,1000,"bu","10:00:57",1838000
15000,100,1000,"sd","10:01:15",1839000
15000,100,10000,"bu","10:02:58",1849000
14900,0,5000,"sd","10:05:00",1854000
14900,0,20000,"bu","10:06:54",1874000
14900,0,1000,"sd","10:07:58",1875000
14900,0,10000,"bu","10:11:22",1885000
15000,100,18000,"sd","10:14:40",1903000
15000,100,10000,"sd","10:16:12",1913000
15000,100,4000,"sd","10:19:05",1917000
15000,100,1000,"bu","10:19:23",1918000
15000,100,5000,"sd","10:19:58",1923000
15000,100,100000,"bu","10:20:53",2023000
14900,0,10000,"sd","10:22:39",2033000
15000,100,4000,"sd","10:24:45",2037000
15000,100,20000,"sd","10:27:45",2057000
14900,0,200000,"bu","10:27:49",2257000
14900,0,1000,"sd","10:28:59",2258000
14900,0,5000,"sd","10:29:18",2263000
14900,0,2000,"bu","10:29:26",2265000
14900,0,2000,"sd","10:29:32",2267000
14900,0,3000,"sd","10:29:42",2270000
14900,0,2000,"sd","10:29:49",2272000
14900,0,5000,"sd","10:29:54",2277000
14900,0,5000,"sd","10:29:55",2282000
15000,100,2000,"sd","10:30:41",2284000
14900,0,5000,"bu","10:32:12",2289000
14900,0,22000,"sd","10:33:39",2311000
15000,100,4000,"sd","10:34:40",2315000
15000,100,2000,"bu","10:36:35",2317000
15000,100,20000,"sd","10:36:40",2337000
15000,100,5000,"bu","10:37:16",2342000
15000,100,25000,"sd","10:38:00",2367000
15000,100,10000,"bu","10:38:37",2377000
15000,100,40000,"bu","10:39:10",2417000
14900,0,4000,"sd","10:40:30",2421000
15000,100,50000,"sd","10:40:52",2471000
14900,0,3000,"sd","10:42:04",2474000
14900,0,1000,"sd","10:42:55",2475000
14900,0,20000,"sd","10:43:32",2495000
14900,0,100000,"sd","10:43:46",2595000
15000,100,70000,"sd","10:44:25",2665000
15000,100,1000,"sd","10:44:26",2666000
15000,100,1000,"bu","10:45:14",2667000
15000,100,2000,"sd","10:45:21",2669000
15000,100,1000,"sd","10:46:04",2670000
15000,100,10000,"bu","10:46:28",2680000
14900,0,11000,"bu","10:46:42",2691000
15000,100,20000,"sd","10:46:43",2711000
15000,100,3000,"sd","10:46:45",2714000
15000,100,100000,"sd","10:47:04",2814000
15000,100,3000,"bu","10:47:18",2817000
15000,100,20000,"bu","10:47:46",2837000
15000,100,5000,"bu","10:47:47",2842000
15000,100,2000,"bu","10:48:22",2844000
15000,100,100000,"sd","10:48:25",2944000
15000,100,110000,"sd","10:48:27",3054000
15000,100,100000,"sd","10:48:32",3154000
15000,100,1000,"sd","10:48:33",3155000
15000,100,8000,"bu","10:48:35",3163000
15000,100,3000,"bu","10:48:39",3166000
15000,100,100000,"sd","10:48:42",3266000
15000,100,36000,"sd","10:48:43",3302000
15000,100,4000,"sd","10:48:58",3306000
15000,100,80000,"sd","10:49:55",3386000
15000,100,22000,"sd","10:49:56",3408000
15000,100,3000,"bu","10:49:58",3411000
15000,100,38000,"bu","10:53:11",3449000
15000,100,1000,"bu","10:53:27",3450000
15000,100,18000,"sd","10:54:50",3468000
15100,200,10000,"bu","10:56:14",3478000
15000,100,30000,"bu","10:56:47",3508000
15100,200,5000,"sd","10:56:53",3513000
15000,100,100000,"sd","10:59:21",3613000
15000,100,20000,"sd","10:59:38",3633000
15000,100,5000,"sd","11:00:14",3638000
15000,100,3000,"sd","11:00:22",3641000
15000,100,3000,"bu","11:00:29",3644000
15000,100,2000,"sd","11:00:38",3646000
15000,100,5000,"bu","11:00:53",3651000
15000,100,2000,"sd","11:02:03",3653000
15000,100,1000,"bu","11:02:09",3654000
15000,100,150000,"bu","11:02:41",3804000
15000,100,54000,"bu","11:03:00",3858000
15000,100,2000,"sd","11:03:03",3860000
15100,200,100000,"bu","11:04:24",3960000
15000,100,100000,"bu","11:08:30",4060000
15000,100,2000,"bu","11:09:43",4062000
15000,100,10000,"sd","11:11:31",4072000
15000,100,10000,"bu","11:11:33",4082000
15000,100,10000,"sd","11:13:14",4092000
15000,100,13000,"sd","11:13:52",4105000
15000,100,10000,"sd","11:14:57",4115000
15000,100,2000,"bu","11:15:37",4117000
15000,100,40000,"bu","11:16:31",4157000
15000,100,1000,"bu","11:16:44",4158000
15000,100,2000,"bu","11:18:29",4160000
15000,100,2000,"sd","11:18:55",4162000
15000,100,10000,"sd","11:19:22",4172000
15000,100,1000,"sd","11:19:26",4173000
15000,100,15000,"bu","11:19:27",4188000
15000,100,1000,"bu","11:19:29",4189000
15000,100,38000,"sd","11:21:50",4227000
15000,100,100000,"sd","11:22:40",4327000
15000,100,90000,"bu","11:24:10",4417000
15000,100,5000,"sd","11:25:54",4422000
15100,200,43000,"sd","11:26:47",4465000
15000,100,70000,"bu","11:26:49",4535000
15000,100,45000,"sd","11:27:23",4580000
15000,100,20000,"bu","11:27:35",4600000
15000,100,4000,"sd","11:28:04",4604000
15000,100,16000,"bu","11:28:35",4620000
15000,100,12000,"bu","11:28:42",4632000
15000,100,16000,"bu","11:28:49",4648000
15000,100,2000,"bu","11:28:51",4650000
15000,100,16000,"bu","11:29:03",4666000
15000,100,3000,"bu","13:00:04",4669000
15000,100,6000,"sd","13:00:06",4675000
15000,100,50000,"sd","13:00:07",4725000
15000,100,2000,"bu","13:00:08",4727000
15000,100,10000,"bu","13:04:02",4737000
15000,100,10000,"bu","13:05:01",4747000
15000,100,5000,"bu","13:05:56",4752000
15000,100,20000,"sd","13:06:33",4772000
15000,100,5000,"sd","13:07:04",4777000
15000,100,1000,"bu","13:07:38",4778000
15000,100,10000,"sd","13:07:54",4788000
15000,100,100000,"bu","13:08:11",4888000
15000,100,30000,"bu","13:08:25",4918000
15000,100,4000,"sd","13:08:47",4922000
15000,100,2000,"bu","13:08:53",4924000
15000,100,7000,"sd","13:09:02",4931000
15000,100,10000,"bu","13:09:05",4941000
15000,100,18000,"sd","13:09:07",4959000
15000,100,10000,"bu","13:09:20",4969000
15000,100,3000,"bu","13:09:21",4972000
15000,100,5000,"bu","13:09:40",4977000
15100,200,3000,"sd","13:10:52",4980000
15000,100,10000,"sd","13:12:32",4990000
15000,100,1000,"sd","13:14:46",4991000
15000,100,8000,"sd","13:15:48",4999000
15000,100,1000,"bu","13:18:12",5000000
15000,100,30000,"sd","13:18:37",5030000
15000,100,1000,"bu","13:19:00",5031000
15000,100,24000,"bu","13:19:02",5055000
15000,100,5000,"sd","13:21:05",5060000
15000,100,2000,"bu","13:21:32",5062000
15000,100,2000,"sd","13:21:33",5064000
15000,100,2000,"bu","13:21:42",5066000
15000,100,28000,"sd","13:21:45",5094000
15000,100,22000,"sd","13:22:30",5116000
15000,100,2000,"bu","13:24:37",5118000
15000,100,2000,"bu","13:25:17",5120000
15000,100,12000,"bu","13:26:16",5132000
15000,100,50000,"sd","13:26:22",5182000
15000,100,10000,"sd","13:26:45",5192000
15000,100,2000,"bu","13:26:56",5194000
15000,100,1000,"sd","13:28:04",5195000
15100,200,30000,"sd","13:28:40",5225000
15100,200,10000,"bu","13:28:49",5235000
15100,200,10000,"bu","13:29:01",5245000
15000,100,1000,"sd","13:29:44",5246000
15000,100,3000,"bu","13:30:01",5249000
15000,100,2000,"sd","13:30:12",5251000
15000,100,2000,"sd","13:30:14",5253000
15100,200,11000,"bu","13:30:38",5264000
15100,200,100000,"bu","13:30:44",5364000
15100,200,9000,"bu","13:30:56",5373000
15100,200,5000,"sd","13:32:55",5378000
15100,200,5000,"bu","13:33:10",5383000
15000,100,2000,"bu","13:33:21",5385000
15000,100,10000,"bu","13:34:10",5395000
15000,100,37000,"bu","13:34:34",5432000
15000,100,10000,"sd","13:35:53",5442000
15000,100,784000,"bu","13:36:22",6226000
15000,100,2000,"bu","13:36:25",6228000
15000,100,25000,"sd","13:37:11",6253000
15000,100,1000,"sd","13:37:15",6254000
15000,100,30000,"bu","13:37:46",6284000
14900,0,4000,"bu","13:38:52",6288000
15000,100,160000,"bu","13:39:49",6448000
15000,100,1000,"sd","13:41:35",6449000
14900,0,10000,"bu","13:41:51",6459000
15000,100,51000,"bu","13:41:54",6510000
15000,100,7000,"sd","13:42:05",6517000
15000,100,1000,"sd","13:42:24",6518000
15000,100,2000,"sd","13:42:37",6520000
15000,100,28000,"bu","13:42:49",6548000
15000,100,1000,"bu","13:43:29",6549000
15000,100,2000,"bu","13:43:39",6551000
14900,0,2000,"sd","13:44:00",6553000
15000,100,50000,"bu","13:44:03",6603000
15000,100,20000,"sd","13:44:23",6623000
15000,100,40000,"sd","13:44:32",6663000
15000,100,39000,"bu","13:45:24",6702000
15000,100,6000,"bu","13:45:25",6708000
15000,100,6000,"sd","13:46:14",6714000
15000,100,30000,"bu","13:46:27",6744000
15000,100,7000,"bu","13:46:55",6751000
15000,100,1000,"sd","13:47:26",6752000
15000,100,22000,"bu","13:47:29",6774000
15000,100,100000,"sd","13:48:29",6874000
15000,100,19000,"bu","13:48:52",6893000
14900,0,5000,"bu","13:54:50",6898000
14900,0,2000,"bu","13:54:52",6900000
14900,0,12000,"bu","13:56:23",6912000
15000,100,1000,"sd","13:56:39",6913000
15000,100,1000,"bu","13:57:09",6914000
15000,100,1000,"bu","13:57:35",6915000
15000,100,5000,"bu","13:58:43",6920000
15000,100,2000,"sd","13:58:55",6922000
15000,100,2000,"sd","13:59:37",6924000
14900,0,40000,"bu","14:00:38",6964000
15000,100,20000,"bu","14:00:43",6984000
15000,100,1000,"sd","14:01:00",6985000
15000,100,100000,"bu","14:01:03",7085000
15000,100,1000,"bu","14:01:08",7086000
15000,100,4000,"sd","14:01:34",7090000
15000,100,30000,"sd","14:01:50",7120000
15000,100,7000,"bu","14:01:58",7127000
15000,100,10000,"sd","14:02:06",7137000
15000,100,1000,"bu","14:02:32",7138000
15000,100,4000,"bu","14:03:13",7142000
15000,100,20000,"sd","14:03:27",7162000
15000,100,150000,"sd","14:03:33",7312000
15000,100,2000,"sd","14:03:39",7314000
15000,100,15000,"bu","14:03:41",7329000
15000,100,6000,"sd","14:03:46",7335000
15000,100,25000,"sd","14:03:48",7360000
15000,100,38000,"sd","14:03:49",7398000
15000,100,130000,"bu","14:03:51",7528000
15000,100,141000,"sd","14:03:56",7669000
15000,100,3000,"sd","14:03:58",7672000
15000,100,50000,"bu","14:04:29",7722000
15000,100,70000,"bu","14:04:51",7792000
15100,200,62000,"sd","14:05:44",7854000
15000,100,1000,"sd","14:05:51",7855000
15000,100,25000,"bu","14:06:37",7880000
15000,100,213000,"bu","14:07:31",8093000
15000,100,10000,"bu","14:08:14",8103000
15000,100,14000,"sd","14:08:38",8117000
15000,100,10000,"bu","14:09:07",8127000
15000,100,2000,"sd","14:09:09",8129000
15000,100,1000,"sd","14:09:37",8130000
15000,100,3000,"sd","14:09:43",8133000
15000,100,13000,"bu","14:09:45",8146000
15000,100,1000,"sd","14:09:57",8147000
15000,100,10000,"sd","14:10:01",8157000
15000,100,12000,"bu","14:10:07",8169000
15000,100,2000,"sd","14:10:22",8171000
15000,100,5000,"bu","14:10:35",8176000
15000,100,5000,"bu","14:11:08",8181000
15000,100,3000,"sd","14:11:24",8184000
15100,200,1000,"sd","14:12:12",8185000
15000,100,20000,"sd","14:12:28",8205000
15000,100,4000,"sd","14:14:06",8209000
15100,200,1000,"bu","14:15:37",8210000
15100,200,100000,"sd","14:16:47",8310000
15100,200,20000,"sd","14:16:51",8330000
15100,200,10000,"sd","14:17:18",8340000
15100,200,10000,"bu","14:19:35",8350000
15000,100,9000,"bu","14:22:28",8359000
15100,200,1000,"sd","14:22:47",8360000
15000,100,24000,"sd","14:23:25",8384000
15100,200,2000,"bu","14:23:40",8386000
15000,100,1000,"sd","14:24:17",8387000
15000,100,100000,"bu","14:24:33",8487000
15000,100,20000,"bu","14:24:36",8507000
15000,100,10000,"bu","14:26:04",8517000
15000,100,5000,"bu","14:26:14",8522000
15000,100,6000,"sd","14:26:53",8528000
15000,100,1000,"sd","14:27:00",8529000
15000,100,60000,"bu","14:27:24",8589000
15000,100,40000,"sd","14:27:38",8629000
15000,100,1000,"bu","14:28:01",8630000
15000,100,201000,"bu","14:28:09",8831000
15000,100,136000,"bu","14:28:20",8967000
15000,100,3000,"bu","14:28:27",8970000
15000,100,5000,"bu","14:28:28",8975000
15000,100,23000,"sd","14:28:34",8998000
15000,100,100000,"sd","14:28:51",9098000
15000,100,5000,"sd","14:29:23",9103000
15000,100,15000,"sd","14:29:28",9118000
15000,100,30000,"bu","14:29:29",9148000
15000,100,70000,"bu","14:29:38",9218000
15000,100,9000,"bu","14:29:44",9227000
15000,100,10000,"sd","14:29:48",9237000
15000,100,70000,"sd","14:29:50",9307000
15000,100,135000,"bu","14:29:59",9442000
14900,0,822000,"bu","14:45:07",10264000
