"price","change","match_qtty","side","time","total_vol"
7200,0,6000,"bu","09:00:07",6000
7200,0,4000,"bu","09:00:10",10000
7200,0,1000,"bu","09:00:13",123000
7200,0,6000,"bu","09:00:22",129000
7200,0,5000,"sd","09:01:20",134000
7200,0,5000,"bu","09:01:50",139000
7200,0,5000,"bu","09:02:25",144000
7200,0,100000,"bu","09:02:56",244000
7200,0,21000,"bu","09:03:08",265000
7200,0,10000,"bu","09:03:15",275000
7200,0,2000,"sd","09:03:20",277000
7200,0,2000,"bu","09:03:26",279000
7200,0,10000,"bu","09:03:31",289000
7200,0,20000,"bu","09:03:38",309000
7200,0,10000,"sd","09:05:13",319000
7200,0,30000,"sd","09:06:02",349000
7200,0,100000,"bu","09:06:38",449000
7200,0,4000,"bu","09:06:50",453000
7200,0,35000,"bu","09:09:31",488000
7200,0,26000,"bu","09:09:59",514000
7200,0,10000,"bu","09:11:13",524000
7200,0,14000,"bu","09:11:38",538000
7200,0,10000,"sd","09:14:05",548000
7200,0,16000,"sd","09:15:11",564000
7200,0,4000,"sd","09:15:17",568000
7200,0,4000,"sd","09:16:02",572000
7200,0,2000,"sd","09:16:14",574000
7200,0,20000,"sd","09:16:34",594000
7200,0,27000,"sd","09:17:08",621000
7200,0,32000,"bu","09:17:12",653000
7200,0,1000,"bu","09:17:17",654000
7200,0,13000,"bu","09:17:28",667000
7200,0,3000,"sd","09:18:30",670000
7200,0,20000,"sd","09:19:23",690000
7200,0,3000,"bu","09:19:51",693000
7200,0,1000,"bu","09:20:07",694000
7200,0,10000,"bu","09:20:33",704000
7200,0,1000,"bu","09:20:54",705000
7200,0,10000,"bu","09:21:02",715000
7200,0,20000,"bu","09:21:04",735000
7200,0,5000,"bu","09:21:21",740000
7200,0,5000,"sd","09:21:40",745000
7200,0,10000,"bu","09:21:46",755000
7200,0,13000,"bu","09:22:41",768000
7200,0,5000,"bu","09:24:32",773000
7200,0,19000,"sd","09:24:50",792000
7200,0,4000,"sd","09:25:13",796000
7200,0,10000,"sd","09:25:32",806000
7200,0,5000,"sd","09:25:41",811000
7200,0,1000,"bu","09:26:10",812000
7200,0,10000,"sd","09:26:22",822000
7200,0,5000,"bu","09:26:49",827000
7100,-100,2000,"sd","09:27:17",829000
7200,0,10000,"sd","09:28:29",839000
7200,0,2000,"bu","09:28:46",841000
7200,0,10000,"bu","09:30:00",851000
7200,0,1000,"bu","09:30:26",852000
7100,-100,4000,"sd","09:31:15",856000
7200,0,2000,"bu","09:31:16",858000
7200,0,20000,"sd","09:31:59",878000
7200,0,7000,"bu","09:33:47",885000
7200,0,1000,"bu","09:34:15",886000
7200,0,250000,"bu","09:34:22",1136000
7200,0,462000,"sd","09:34:53",1598000
7200,0,10000,"bu","09:35:09",1608000
7200,0,100000,"bu","09:35:15",1708000
7200,0,20000,"bu","09:35:49",1728000
7200,0,1000,"sd","09:35:52",1729000
7200,0,35000,"sd","09:36:34",1764000
7200,0,30000,"bu","09:36:51",1794000
7200,0,7000,"bu","09:36:56",1801000
7200,0,2000,"bu","09:37:01",1803000
7200,0,11000,"sd","09:37:18",1814000
7200,0,20000,"bu","09:37:31",1834000
7200,0,10000,"sd","09:37:39",1844000
7200,0,10000,"sd","09:37:58",1854000
7200,0,10000,"bu","09:38:04",1864000
7200,0,1000,"sd","09:38:09",1865000
7200,0,20000,"bu","09:38:43",1885000
7200,0,40000,"bu","09:38:54",1925000
7300,100,1000,"sd","09:40:00",1926000
7300,100,120000,"bu","09:41:13",2046000
7300,100,1000,"bu","09:42:16",2047000
7200,0,3000,"sd","09:42:30",2050000
7300,100,35000,"bu","09:42:31",2085000
7300,100,5000,"sd","09:44:11",2090000
7300,100,30000,"sd","09:45:23",2120000
7200,0,20000,"sd","09:46:54",2140000
7200,0,3000,"bu","09:47:25",2143000
7200,0,2000,"sd","09:48:14",2145000
7200,0,3000,"sd","09:52:31",2148000
7200,0,2000,"bu","09:52:34",2150000
7200,0,56000,"sd","09:52:57",2206000
7200,0,6000,"bu","09:56:51",2212000
7200,0,7000,"bu","09:59:40",2219000
7200,0,10000,"sd","10:00:45",2229000
7200,0,30000,"sd","10:04:07",2259000
7200,0,4000,"bu","10:04:15",2263000
7200,0,2000,"sd","10:04:23",2265000
7200,0,150000,"sd","10:08:45",2415000
7200,0,10000,"bu","10:09:56",2425000
7200,0,50000,"bu","10:16:37",2475000
7200,0,20000,"bu","10:17:39",2495000
7200,0,12000,"bu","10:18:14",2507000
7200,0,1000,"sd","10:20:28",2508000
7200,0,10000,"bu","10:20:44",2518000
7200,0,50000,"bu","10:21:07",2568000
7200,0,10000,"bu","10:21:51",2578000
7200,0,25000,"sd","10:23:12",2603000
7200,0,1000,"bu","10:24:12",2604000
7200,0,40000,"bu","10:25:47",2644000
7300,100,1000,"sd","10:26:19",2645000
7300,100,1000,"bu","10:28:50",2646000
7300,100,1000,"sd","10:34:11",2647000
7300,100,100000,"sd","10:35:43",2747000
7300,100,1000,"sd","10:38:04",2748000
7200,0,10000,"bu","10:39:36",2758000
7200,0,3000,"sd","10:39:50",2761000
7200,0,10000,"sd","10:41:08",2771000
7300,100,50000,"sd","10:41:59",2821000
7300,100,100000,"sd","10:42:16",2921000
7300,100,10000,"bu","10:44:09",2931000
7300,100,10000,"sd","10:45:25",2941000
7300,100,100000,"bu","10:46:10",3041000
7300,100,5000,"bu","10:46:48",3046000
7300,100,28000,"bu","10:47:35",3074000
7300,100,1000,"bu","10:47:46",3075000
7300,100,3000,"sd","10:48:11",3078000
7300,100,3000,"sd","10:48:21",3081000
7300,100,1000,"bu","10:48:33",3082000
7300,100,100000,"bu","10:48:50",3182000
7300,100,1000,"sd","10:50:16",3183000
7200,0,100000,"sd","10:56:07",3283000
7200,0,200000,"bu","11:00:36",3483000
7200,0,20000,"bu","11:06:43",3503000
7200,0,157000,"bu","11:08:22",3660000
7200,0,2000,"sd","11:09:18",3662000
7200,0,1000,"bu","11:09:38",3663000
7200,0,2000,"sd","11:10:34",3665000
7200,0,29000,"sd","11:11:24",3694000
7200,0,8000,"sd","11:13:42",3702000
7200,0,4000,"bu","11:14:20",3706000
7300,100,107000,"sd","11:14:57",3813000
7200,0,3000,"sd","11:15:09",3816000
7300,100,1000,"sd","11:18:55",3817000
7300,100,10000,"sd","13:00:07",3827000
7300,100,24000,"bu","13:00:09",3851000
7200,0,3000,"bu","13:03:01",3854000
7200,0,1000,"bu","13:06:38",3855000
7200,0,110000,"bu","13:09:05",3965000
7200,0,2000,"sd","13:10:26",3967000
7200,0,8000,"sd","13:11:17",3975000
7200,0,70000,"bu","13:13:05",4045000
7200,0,1000,"bu","13:19:30",4046000
7200,0,80000,"bu","13:23:57",4126000
7200,0,6000,"bu","13:24:03",4132000
7200,0,1000,"bu","13:25:07",4133000
7200,0,95000,"sd","13:26:24",4228000
7200,0,10000,"bu","13:28:48",4238000
7200,0,26000,"sd","13:33:48",4264000
7200,0,300000,"bu","13:38:20",4564000
7200,0,2000,"sd","13:38:40",4566000
7200,0,20000,"sd","13:40:54",4586000
7200,0,103000,"sd","13:41:42",4689000
7200,0,10000,"sd","13:41:46",4699000
7200,0,20000,"bu","13:41:53",4719000
7200,0,1000,"sd","13:42:24",4720000
7200,0,5000,"sd","13:42:36",4725000
7200,0,7000,"bu","13:43:06",4732000
7200,0,10000,"sd","13:43:48",4742000
7200,0,30000,"sd","13:45:39",4772000
7200,0,10000,"bu","13:47:46",4782000
7200,0,15000,"bu","13:47:59",4797000
7200,0,2000,"bu","13:48:52",4799000
7200,0,2000,"bu","13:49:51",4801000
7200,0,10000,"bu","13:51:21",4811000
7200,0,14000,"sd","13:55:15",4825000
7200,0,4000,"sd","13:55:33",4829000
7200,0,3000,"sd","13:55:49",4832000
7200,0,10000,"bu","13:56:00",4842000
7200,0,44000,"sd","13:56:34",4886000
7200,0,3000,"sd","13:58:12",4889000
7200,0,75000,"sd","13:59:05",4964000
7200,0,20000,"sd","13:59:31",4984000
7200,0,30000,"bu","14:00:46",5014000
7200,0,3000,"bu","14:00:59",5017000
7300,100,2000,"bu","14:02:33",5019000
7200,0,12000,"sd","14:03:54",5031000
7200,0,10000,"sd","14:05:03",5041000
7200,0,5000,"sd","14:06:14",5046000
7200,0,3000,"bu","14:06:24",5049000
7200,0,5000,"sd","14:06:40",5054000
7200,0,20000,"sd","14:09:13",5074000
7300,100,80000,"sd","14:09:20",5154000
7300,100,20000,"bu","14:09:54",5174000
7300,100,10000,"bu","14:10:59",5184000
7300,100,10000,"bu","14:12:44",5194000
7300,100,30000,"bu","14:13:31",5224000
7200,0,100000,"bu","14:13:43",5324000
7200,0,20000,"bu","14:14:19",5344000
7200,0,27000,"bu","14:16:06",5371000
7200,0,180000,"sd","14:19:45",5551000
7200,0,35000,"sd","14:20:33",5586000
7200,0,28000,"sd","14:21:35",5614000
7200,0,50000,"sd","14:25:33",5664000
7200,0,5000,"bu","14:26:04",5669000
7200,0,14000,"bu","14:26:59",5683000
7200,0,5000,"sd","14:27:21",5688000
7200,0,1000,"sd","14:27:53",5689000
7200,0,10000,"sd","14:28:09",5699000
7200,0,10000,"sd","14:28:26",5709000
7200,0,4000,"sd","14:28:31",5713000
7200,0,20000,"bu","14:29:01",5733000
7200,0,193000,"bu","14:29:33",5926000
7200,0,50000,"bu","14:30:27",5976000
7200,0,10000,"bu","14:31:19",5986000
7200,0,6000,"sd","14:31:45",5992000
7300,100,10000,"bu","14:34:51",6002000
7200,0,15000,"bu","14:35:06",6017000
7200,0,21000,"sd","14:35:16",6038000
7200,0,10000,"bu","14:35:36",6048000
7200,0,10000,"bu","14:35:38",6058000
7200,0,70000,"sd","14:36:15",6128000
7200,0,2000,"bu","14:38:34",6130000
7200,0,10000,"bu","14:38:55",6140000
7200,0,60000,"bu","14:41:23",6200000
7200,0,10000,"sd","14:42:27",6210000
7200,0,10000,"bu","14:47:40",6220000
7200,0,10000,"bu","14:48:43",6230000
7300,100,1000000,"sd","14:52:00",7230000
7300,100,50000,"sd","14:54:26",7280000
7300,100,30000,"sd","14:56:00",7310000
7300,100,20000,"bu","14:56:33",7330000
7300,100,30000,"sd","14:56:35",7360000
7300,100,10000,"sd","14:57:20",7370000
7300,100,20000,"sd","14:57:25",7390000
7300,100,5000,"bu","14:57:30",7395000
7300,100,5000,"bu","14:57:58",7400000
7300,100,200000,"bu","14:58:38",7600000
7300,100,2000,"sd","14:58:47",7602000
7300,100,500000,"sd","14:58:54",8102000
7300,100,4000,"bu","14:58:56",8106000
7300,100,10000,"sd","14:59:14",8116000
7300,100,150000,"sd","14:59:17",8266000
7300,100,10000,"bu","14:59:25",8276000
7300,100,5000,"bu","14:59:34",8281000
