"price","change","match_qtty","side","time","total_vol"
41100,100,14200,"bu","09:15:04",14200
41100,100,1000,"sd","09:15:28",15200
41100,100,5000,"sd","09:15:51",20200
41050,50,2000,"sd","09:16:16",22200
41050,50,100,"bu","09:16:27",22700
41050,50,500,"sd","09:17:11",23200
41100,100,100,"sd","09:17:17",23300
41100,100,10100,"bu","09:17:31",33400
41050,50,1400,"sd","09:17:35",34800
41050,50,2000,"bu","09:17:36",36800
41050,50,600,"bu","09:17:36",37400
41100,100,300,"bu","09:17:37",37700
41100,100,4500,"sd","09:17:48",42200
41100,100,5700,"sd","09:17:54",47900
41100,100,300,"bu","09:17:57",48200
41100,100,200,"sd","09:17:58",48400
41100,100,1000,"sd","09:18:22",49400
41100,100,1500,"bu","09:18:23",50900
41100,100,100,"bu","09:18:24",51000
41100,100,1000,"sd","09:18:28",52000
41100,100,200,"sd","09:18:37",52200
41100,100,300,"sd","09:18:52",52500
41100,100,9200,"bu","09:19:05",61700
41100,100,100,"bu","09:19:13",61800
41100,100,800,"sd","09:19:25",62600
41100,100,2000,"sd","09:19:49",64600
41100,100,600,"sd","09:19:59",66600
41100,100,1600,"sd","09:20:08",70600
41100,100,1000,"sd","09:20:27",71600
41100,100,300,"bu","09:20:37",71900
41100,100,200,"bu","09:20:42",72100
41100,100,300,"bu","09:20:43",72400
41150,150,2000,"bu","09:20:49",74400
41100,100,100,"sd","09:20:56",74500
41100,100,200,"sd","09:21:00",74700
41100,100,1200,"sd","09:21:09",75900
41100,100,100,"sd","09:21:14",76000
41100,100,200,"bu","09:21:21",76200
41100,100,2000,"sd","09:21:25",78200
41050,50,1000,"sd","09:21:33",79200
41050,50,300,"sd","09:21:56",79500
41050,50,500,"bu","09:22:41",80000
41050,50,5000,"sd","09:22:50",85000
41050,50,3200,"bu","09:22:52",88200
41050,50,1200,"sd","09:22:54",89400
41050,50,500,"sd","09:23:21",89900
41050,50,500,"sd","09:23:27",90400
41050,50,600,"bu","09:24:01",91000
41000,0,5500,"bu","09:24:09",96500
41050,50,500,"bu","09:24:16",97000
41050,50,200,"sd","09:24:20",97200
41050,50,200,"sd","09:24:23",97400
41050,50,200,"sd","09:24:26",97600
41050,50,100,"bu","09:24:30",97700
41050,50,2100,"bu","09:24:32",99800
41050,50,100,"sd","09:24:35",99900
41000,0,10000,"sd","09:24:46",109900
41000,0,100,"sd","09:24:58",110000
41000,0,1300,"bu","09:25:03",111300
41000,0,1000,"sd","09:25:18",112300
40950,-50,2000,"sd","09:25:22",114300
40800,-200,6400,"bu","09:25:42",120700
40800,-200,100,"sd","09:25:48",120800
40850,-150,2000,"bu","09:26:03",122800
40850,-150,1400,"sd","09:26:12",124200
40800,-200,2000,"sd","09:26:17",126200
40850,-150,100,"sd","09:26:35",126300
40800,-200,6300,"sd","09:26:36",132600
40800,-200,2300,"bu","09:26:42",135300
40800,-200,100,"sd","09:26:44",139000
40800,-200,1300,"sd","09:26:45",140300
40800,-200,2000,"bu","09:26:55",142300
40800,-200,900,"bu","09:27:02",143200
40800,-200,1100,"bu","09:27:03",144300
40800,-200,4100,"sd","09:27:31",148400
40800,-200,400,"sd","09:27:36",148800
40800,-200,100,"bu","09:27:40",148900
40800,-200,200,"sd","09:27:45",149100
40800,-200,500,"sd","09:27:53",149600
40750,-250,200,"sd","09:27:54",149800
40800,-200,100,"bu","09:27:58",149900
40800,-200,400,"bu","09:28:06",150300
40800,-200,500,"bu","09:28:11",150800
40800,-200,1000,"sd","09:28:18",151800
40750,-250,3000,"sd","09:28:19",154800
40750,-250,100,"sd","09:28:21",154900
40750,-250,500,"bu","09:28:29",155400
40750,-250,1000,"bu","09:28:33",156400
40800,-200,20000,"bu","09:28:33",176400
40750,-250,900,"sd","09:28:38",177300
40750,-250,100,"sd","09:28:41",177400
40600,-400,49600,"bu","09:28:48",227000
40600,-400,100,"bu","09:28:48",227100
40600,-400,300,"sd","09:28:49",227400
40700,-300,300,"sd","09:28:54",227700
40750,-250,2000,"sd","09:29:03",229700
40700,-300,100,"sd","09:29:08",231500
40700,-300,4700,"sd","09:29:16",236200
40700,-300,1300,"bu","09:29:24",237500
40700,-300,800,"sd","09:29:35",238300
40700,-300,100,"sd","09:29:37",238400
40700,-300,2000,"bu","09:29:39",240400
40700,-300,100,"sd","09:29:41",240500
40700,-300,400,"sd","09:29:52",240900
40700,-300,200,"bu","09:29:53",241100
40700,-300,500,"sd","09:29:54",241600
40700,-300,500,"bu","09:29:59",242100
40700,-300,1000,"bu","09:30:02",243100
40700,-300,500,"sd","09:30:03",243600
40700,-300,700,"sd","09:30:04",244300
40700,-300,100,"sd","09:30:20",244400
40750,-250,1500,"bu","09:30:27",245900
40750,-250,300,"sd","09:30:28",246200
40750,-250,100,"bu","09:30:34",246300
40750,-250,5100,"sd","09:30:39",251400
40750,-250,100,"sd","09:30:44",251500
40750,-250,200,"sd","09:30:48",251700
40750,-250,100,"bu","09:30:48",251800
40750,-250,3000,"bu","09:30:50",254800
40750,-250,200,"sd","09:30:51",255000
40750,-250,100,"bu","09:30:55",255100
40750,-250,500,"sd","09:30:57",255600
40750,-250,100,"sd","09:30:58",255700
40750,-250,3000,"bu","09:31:01",258700
40750,-250,200,"sd","09:31:03",258900
40750,-250,100,"bu","09:31:04",259000
40750,-250,900,"bu","09:31:07",259900
40800,-200,2000,"bu","09:31:34",261900
40800,-200,500,"sd","09:31:40",262400
40800,-200,100,"sd","09:31:43",262500
40850,-150,2100,"sd","09:31:45",264600
40850,-150,700,"sd","09:32:02",265300
40950,-50,1300,"sd","09:32:14",266600
40900,-100,500,"bu","09:32:22",267100
40900,-100,1000,"sd","09:32:24",268100
40900,-100,400,"sd","09:32:36",268500
40850,-150,2200,"sd","09:32:40",270700
40850,-150,600,"sd","09:32:42",271300
40850,-150,100,"sd","09:32:45",271400
40850,-150,200,"bu","09:32:55",271600
40850,-150,600,"sd","09:33:21",272200
40900,-100,2000,"bu","09:33:30",274200
40850,-150,2200,"bu","09:33:54",276400
40800,-200,200,"sd","09:33:56",276600
40850,-150,1000,"sd","09:34:08",277600
40800,-200,100,"sd","09:34:09",277700
40850,-150,500,"bu","09:34:11",278200
40850,-150,100,"bu","09:34:20",278300
40850,-150,1200,"sd","09:34:21",279500
40850,-150,100,"bu","09:34:22",279600
40850,-150,11700,"sd","09:35:00",291300
40850,-150,200,"sd","09:35:01",291500
40950,-50,1400,"bu","09:35:16",292900
40950,-50,500,"sd","09:35:23",293400
40950,-50,1000,"bu","09:35:33",294400
40950,-50,500,"sd","09:35:36",294900
40950,-50,4700,"sd","09:36:11",299600
41000,0,100,"bu","09:36:35",299700
41000,0,5100,"bu","09:36:58",304800
41000,0,2700,"bu","09:37:04",307500
41000,0,200,"bu","09:37:22",307700
41000,0,1200,"bu","09:37:34",308900
41000,0,500,"sd","09:37:39",309400
41000,0,100,"sd","09:37:47",309500
41000,0,5000,"sd","09:37:51",314500
41000,0,1000,"bu","09:37:56",315500
41000,0,100,"sd","09:38:00",315600
41000,0,1000,"sd","09:38:03",316600
41000,0,800,"sd","09:38:09",317400
41000,0,4400,"bu","09:38:13",325000
41000,0,100,"sd","09:38:16",325100
41000,0,1000,"sd","09:38:17",326100
41050,50,8000,"sd","09:38:19",334100
41050,50,2000,"bu","09:38:27",336100
41100,100,300,"sd","09:38:53",336400
41100,100,1000,"sd","09:39:05",337400
41100,100,400,"sd","09:39:09",337800
41100,100,100,"sd","09:39:14",337900
41100,100,300,"sd","09:39:16",338200
41100,100,100,"sd","09:39:20",338300
41150,150,22900,"sd","09:39:29",361200
41150,150,400,"bu","09:39:32",361600
41150,150,900,"bu","09:39:34",362500
41150,150,500,"bu","09:39:38",363000
41150,150,10100,"bu","09:39:39",373100
41150,150,1400,"sd","09:39:51",374500
41150,150,9600,"sd","09:40:10",384100
41150,150,1500,"sd","09:40:38",385600
41150,150,1000,"bu","09:40:50",386600
41150,150,2700,"bu","09:40:53",389300
41150,150,1200,"sd","09:41:25",391300
41100,100,200,"bu","09:41:27",391700
41100,100,2200,"sd","09:42:01",393900
41100,100,100,"bu","09:42:09",394000
41050,50,1000,"sd","09:42:16",395000
41100,100,500,"bu","09:42:21",395500
41100,100,700,"bu","09:42:39",396200
41100,100,100,"bu","09:42:44",396300
41100,100,300,"sd","09:42:53",396600
41100,100,2000,"sd","09:42:59",398600
41100,100,2000,"bu","09:43:26",400600
41050,50,800,"bu","09:43:27",401400
41100,100,100,"sd","09:43:29",401500
41100,100,300,"bu","09:43:30",401800
41100,100,1900,"bu","09:43:37",403700
41050,50,2000,"sd","09:43:38",405700
41050,50,1000,"bu","09:43:44",406700
41050,50,300,"bu","09:43:45",407000
41050,50,2700,"sd","09:44:32",409700
41100,100,1500,"sd","09:45:06",411200
41100,100,3700,"sd","09:45:34",414900
41100,100,100,"bu","09:45:46",415000
41100,100,1000,"bu","09:45:48",416000
41050,50,2500,"sd","09:46:01",418500
41050,50,7000,"sd","09:46:18",425500
41050,50,500,"bu","09:46:22",426000
41050,50,2000,"sd","09:46:30",428000
41050,50,6600,"sd","09:46:33",434600
41000,0,10000,"sd","09:46:56",444600
41000,0,100,"sd","09:47:00",444700
41000,0,200,"sd","09:47:01",444900
41000,0,100,"sd","09:47:11",445000
41000,0,500,"sd","09:47:26",445500
41000,0,2000,"bu","09:47:29",447500
40950,-50,2300,"bu","09:47:31",449800
40950,-50,2700,"bu","09:47:59",452500
40950,-50,100,"sd","09:48:23",452600
40950,-50,3000,"sd","09:49:03",455600
40950,-50,200,"sd","09:49:15",455800
40950,-50,1300,"bu","09:49:16",457100
40950,-50,2000,"sd","09:49:59",459100
40950,-50,200,"bu","09:50:23",459300
40950,-50,1000,"bu","09:50:25",460300
40900,-100,100,"bu","09:50:38",460400
40950,-50,800,"sd","09:51:09",461200
40950,-50,100,"sd","09:51:12",461300
40950,-50,4600,"sd","09:51:35",465900
40950,-50,1400,"sd","09:51:40",467300
40950,-50,100,"sd","09:51:41",467400
40950,-50,6000,"sd","09:52:26",473400
40950,-50,200,"bu","09:52:30",473600
40950,-50,300,"sd","09:52:36",473900
40950,-50,1000,"bu","09:53:03",474900
40950,-50,1000,"bu","09:53:12",475900
41000,0,100,"bu","09:53:50",476000
41000,0,2000,"bu","09:54:20",478000
41000,0,100,"sd","09:54:38",478100
41000,0,2400,"bu","09:54:49",480500
41000,0,10000,"sd","09:55:01",490500
41000,0,1400,"bu","09:55:39",491900
41000,0,700,"sd","09:56:04",492600
40950,-50,2000,"sd","09:56:11",494600
41000,0,30000,"bu","09:56:49",524600
41000,0,200,"bu","09:57:02",524800
41000,0,1800,"sd","09:57:12",526600
41000,0,400,"bu","09:57:18",527000
41050,50,10100,"sd","09:57:27",537100
41100,100,100,"sd","09:57:28",537200
41050,50,4900,"bu","09:57:37",542100
41050,50,100,"sd","09:58:00",542200
41000,0,1000,"sd","09:58:08",543200
41050,50,6000,"sd","09:58:42",549200
41050,50,3600,"bu","09:58:44",552800
41050,50,400,"bu","09:58:51",553200
41050,50,600,"sd","09:59:14",553800
41050,50,500,"sd","09:59:21",554300
41000,0,1000,"bu","09:59:45",555300
41000,0,20000,"bu","09:59:52",575300
41000,0,800,"sd","09:59:57",576100
41000,0,100,"sd","10:00:08",576200
41000,0,5100,"bu","10:00:16",581300
41000,0,100,"bu","10:00:21",581400
41000,0,1100,"bu","10:00:34",582500
41000,0,3000,"sd","10:01:15",585500
41000,0,8900,"sd","10:02:06",594400
41000,0,1000,"bu","10:02:22",595400
41050,50,200,"sd","10:02:36",595600
41000,0,500,"sd","10:02:37",596100
41000,0,3300,"sd","10:02:55",599400
40950,-50,200,"bu","10:03:39",599600
40950,-50,2000,"sd","10:04:02",601600
41000,0,500,"bu","10:04:11",602100
41000,0,1100,"sd","10:04:16",603200
41000,0,1000,"bu","10:04:28",604200
40950,-50,300,"sd","10:04:32",604500
40950,-50,200,"sd","10:05:01",604700
40950,-50,1000,"sd","10:05:06",605700
41000,0,1500,"sd","10:05:59",607200
41000,0,200,"sd","10:06:12",607400
40950,-50,2000,"bu","10:06:13",609400
40950,-50,100,"sd","10:06:19",609500
40950,-50,1000,"bu","10:06:25",610500
40950,-50,500,"bu","10:07:15",611000
40950,-50,800,"bu","10:07:16",611800
41000,0,500,"sd","10:07:34",612300
40950,-50,1000,"bu","10:07:50",613300
41000,0,200,"bu","10:08:11",613500
41000,0,100,"bu","10:08:30",613600
40950,-50,1500,"sd","10:08:36",615100
40950,-50,1000,"sd","10:09:02",616100
40950,-50,3000,"sd","10:09:04",619100
41000,0,500,"bu","10:09:19",619600
41000,0,5000,"sd","10:10:05",624600
40950,-50,35800,"bu","10:10:07",660400
40950,-50,1000,"sd","10:10:15",661400
41000,0,3100,"sd","10:10:40",664500
40950,-50,2100,"bu","10:11:18",666600
41000,0,700,"bu","10:11:25",667300
40950,-50,600,"bu","10:11:36",667900
40950,-50,300,"sd","10:11:43",668200
40950,-50,100,"sd","10:11:49",668300
40950,-50,3500,"bu","10:12:32",671800
40950,-50,100,"sd","10:12:34",671900
40950,-50,800,"sd","10:13:36",672700
40950,-50,100,"sd","10:13:55",672800
40950,-50,1500,"sd","10:14:03",674300
40950,-50,200,"bu","10:14:07",674500
40950,-50,2000,"sd","10:14:10",676500
40950,-50,300,"sd","10:14:12",676800
40950,-50,900,"sd","10:14:15",677700
40950,-50,100,"bu","10:14:17",677800
41000,0,10000,"bu","10:14:29",687800
40950,-50,3200,"bu","10:14:46",691000
40950,-50,500,"bu","10:14:50",691500
40950,-50,700,"bu","10:14:59",692200
40950,-50,2000,"sd","10:15:07",694200
40950,-50,4600,"sd","10:15:37",698800
40900,-100,20000,"sd","10:16:02",718800
40950,-50,3000,"sd","10:16:11",721800
40950,-50,1100,"bu","10:16:40",722900
40950,-50,1800,"sd","10:16:41",724700
40950,-50,100,"bu","10:16:42",724800
40950,-50,1100,"bu","10:17:00",725900
40950,-50,5000,"bu","10:17:12",730900
40950,-50,1000,"bu","10:17:20",731900
41000,0,100,"sd","10:17:37",732000
41000,0,5600,"bu","10:18:29",737600
41000,0,2500,"sd","10:19:33",740100
41000,0,2000,"bu","10:19:38",742100
41000,0,200,"sd","10:19:45",742300
40950,-50,2000,"sd","10:20:16",744300
41000,0,300,"bu","10:20:41",744600
41000,0,500,"sd","10:21:19",745100
41000,0,16900,"bu","10:21:27",762000
41000,0,200,"bu","10:21:30",762200
41050,50,100,"bu","10:21:35",762300
41050,50,1000,"sd","10:22:04",763300
41000,0,3500,"sd","10:22:07",766800
41050,50,100,"bu","10:22:21",766900
41000,0,11600,"sd","10:22:22",778500
41050,50,100,"sd","10:22:25",778600
41000,0,1500,"bu","10:22:51",780100
41050,50,100,"bu","10:23:06",780200
41050,50,4200,"sd","10:23:59",784400
41000,0,5000,"bu","10:24:19",789400
41000,0,200,"bu","10:24:40",789600
41050,50,2000,"sd","10:24:53",791600
41050,50,100,"sd","10:25:13",791700
41050,50,200,"sd","10:25:53",791900
41050,50,10000,"bu","10:26:02",801900
41050,50,15000,"bu","10:26:08",816900
41050,50,5000,"bu","10:26:11",821900
41050,50,16400,"bu","10:26:33",838300
41050,50,5400,"bu","10:26:37",843700
41000,0,2000,"sd","10:26:39",845700
41100,100,1100,"bu","10:26:51",846800
41100,100,5000,"sd","10:27:00",851800
41100,100,2000,"sd","10:27:25",853800
41100,100,4000,"bu","10:27:37",857800
41100,100,200,"sd","10:28:03",858000
41100,100,1000,"bu","10:28:12",859000
41050,50,5000,"sd","10:29:37",864000
41050,50,700,"bu","10:29:38",864700
41050,50,400,"sd","10:29:52",865100
41100,100,22100,"bu","10:29:56",887200
41100,100,1200,"sd","10:30:40",888400
41100,100,100,"sd","10:31:08",888500
41100,100,12000,"sd","10:31:10",900500
41100,100,2000,"sd","10:31:26",902500
41100,100,7700,"bu","10:31:31",910200
41150,150,13400,"bu","10:31:39",923600
41150,150,200,"sd","10:31:59",923800
41150,150,800,"sd","10:32:02",924600
41150,150,100,"bu","10:32:15",924700
41150,150,2000,"sd","10:32:48",926700
41150,150,8000,"sd","10:32:52",934700
41150,150,3100,"sd","10:32:55",937800
41150,150,1000,"sd","10:33:00",938800
41150,150,5100,"bu","10:33:30",943900
41200,200,300,"bu","10:33:33",944200
41200,200,6000,"bu","10:33:56",950200
41200,200,7900,"sd","10:33:59",958100
41200,200,2000,"sd","10:34:00",960100
41250,250,6100,"sd","10:34:10",966200
41250,250,9300,"bu","10:34:14",975500
41300,300,100,"bu","10:34:18",975600
41300,300,6000,"sd","10:34:33",981600
41300,300,100,"bu","10:34:34",981700
41300,300,800,"sd","10:34:41",982500
41300,300,600,"sd","10:35:10",983100
41300,300,2500,"sd","10:35:11",985600
41300,300,100,"sd","10:36:11",985700
41250,250,1000,"bu","10:36:14",986700
41300,300,500,"bu","10:36:15",987200
41300,300,5300,"sd","10:36:20",992500
41300,300,1500,"bu","10:36:21",994000
41300,300,6000,"bu","10:36:25",1000000
41300,300,2000,"bu","10:36:33",1002000
41300,300,1000,"sd","10:36:38",1003000
41350,350,100,"bu","10:36:50",1003100
41350,350,2000,"bu","10:36:54",1005100
41300,300,1000,"sd","10:37:04",1006100
41350,350,100,"sd","10:37:18",1006200
41300,300,4100,"sd","10:37:19",1010300
41300,300,1000,"bu","10:37:23",1011300
41250,250,4000,"sd","10:37:35",1015300
41300,300,6200,"bu","10:37:37",1021500
41350,350,100,"bu","10:37:41",1021600
41300,300,1000,"bu","10:38:40",1022600
41300,300,3700,"bu","10:38:50",1026300
41300,300,200,"bu","10:38:51",1026500
41300,300,1100,"sd","10:39:01",1027600
41350,350,100,"bu","10:39:05",1027700
41300,300,5000,"sd","10:39:13",1032700
41350,350,300,"sd","10:39:16",1033000
41300,300,1000,"bu","10:39:28",1034000
41300,300,100,"bu","10:39:42",1034100
41300,300,1000,"bu","10:39:43",1035100
41300,300,100,"bu","10:39:52",1035200
41300,300,4300,"sd","10:39:58",1039500
41300,300,5000,"sd","10:40:12",1044500
41300,300,3000,"sd","10:40:20",1047500
41300,300,900,"bu","10:40:23",1048400
41350,350,100,"bu","10:40:27",1048500
41350,350,30200,"bu","10:40:35",1078700
41350,350,3000,"bu","10:40:47",1081700
41350,350,7100,"bu","10:40:53",1088800
41400,400,5000,"bu","10:41:01",1093800
41400,400,5000,"bu","10:41:11",1098800
41350,350,1000,"sd","10:41:15",1099800
41400,400,5000,"sd","10:41:31",1104800
41350,350,200,"sd","10:41:32",1105000
41400,400,2000,"bu","10:41:34",1107000
41400,400,2400,"bu","10:41:40",1109400
41400,400,6000,"sd","10:41:53",1115400
41450,450,500,"bu","10:42:09",1115900
41450,450,100,"bu","10:42:10",1116000
41450,450,10000,"bu","10:42:12",1126000
41450,450,12600,"sd","10:42:15",1138600
41450,450,200,"bu","10:42:24",1158800
41450,450,2000,"sd","10:42:25",1160800
41500,500,31100,"sd","10:42:32",1191900
41550,550,100,"bu","10:42:41",1192000
41500,500,1000,"bu","10:42:52",1193000
41550,550,200,"bu","10:42:54",1193200
41550,550,600,"bu","10:42:55",1193800
41550,550,4000,"sd","10:43:00",1197800
41550,550,100,"bu","10:43:07",1197900
41550,550,5000,"sd","10:43:09",1202900
41550,550,1100,"sd","10:43:12",1204000
41550,550,10300,"sd","10:43:15",1214300
41550,550,2000,"sd","10:43:16",1216300
41550,550,100,"bu","10:43:27",1216400
41550,550,200,"bu","10:43:33",1216600
41550,550,400,"bu","10:43:34",1217000
41500,500,500,"bu","10:43:36",1217500
41500,500,5000,"bu","10:43:40",1222500
41500,500,100,"bu","10:43:52",1222600
41500,500,3000,"sd","10:43:56",1225600
41500,500,1400,"sd","10:43:57",1227000
41500,500,200,"bu","10:44:00",1227200
41450,450,300,"bu","10:44:10",1227500
41500,500,1000,"bu","10:44:18",1228500
41450,450,400,"sd","10:44:19",1228900
41450,450,1700,"bu","10:44:53",1230600
41500,500,30000,"sd","10:45:09",1260600
41400,400,5100,"sd","10:45:17",1265700
41400,400,8500,"sd","10:45:33",1274200
41500,500,20000,"bu","10:45:45",1294200
41500,500,1100,"bu","10:46:06",1295300
41500,500,7000,"bu","10:46:07",1302300
41500,500,100,"bu","10:46:08",1302400
41500,500,2000,"sd","10:46:16",1304400
41500,500,1600,"bu","10:46:36",1306000
41500,500,3500,"bu","10:46:38",1309500
41550,550,20100,"sd","10:46:49",1329600
41500,500,10000,"sd","10:47:32",1339600
41500,500,200,"bu","10:47:42",1339800
41500,500,300,"sd","10:47:44",1340100
41500,500,100,"sd","10:47:59",1340200
41500,500,1000,"sd","10:48:03",1341200
41450,450,16400,"sd","10:48:27",1357600
41500,500,19400,"bu","10:48:36",1377000
41500,500,200,"sd","10:48:42",1377200
41500,500,400,"bu","10:48:46",1377600
41450,450,2900,"sd","10:48:52",1380500
41450,450,7100,"sd","10:49:00",1387600
41450,450,2800,"sd","10:49:10",1390400
41450,450,200,"sd","10:49:18",1390600
41450,450,3900,"sd","10:49:19",1394500
41500,500,42600,"sd","10:49:24",1437100
41500,500,3300,"bu","10:49:25",1440400
41500,500,600,"bu","10:49:26",1441000
41500,500,100,"bu","10:49:37",1441100
41500,500,1000,"bu","10:49:41",1442100
41500,500,100,"sd","10:49:46",1442200
41500,500,1000,"sd","10:49:53",1443200
41500,500,100,"bu","10:49:54",1443300
41500,500,600,"bu","10:50:02",1443900
41500,500,9800,"bu","10:50:04",1453700
41500,500,200,"bu","10:50:07",1453900
41500,500,300,"bu","10:50:10",1454200
41450,450,2000,"sd","10:50:10",1456200
41500,500,200,"sd","10:50:13",1456400
41500,500,500,"sd","10:50:16",1456900
41500,500,200,"sd","10:50:20",1457100
41450,450,100,"sd","10:50:24",1457200
41500,500,2100,"bu","10:50:47",1459300
41500,500,1000,"bu","10:50:48",1460300
41450,450,2000,"sd","10:50:57",1462300
41450,450,100,"bu","10:51:24",1462400
41450,450,2000,"sd","10:51:28",1464400
41450,450,11100,"bu","10:51:38",1475500
41450,450,500,"sd","10:51:48",1476000
41400,400,6000,"sd","10:52:01",1482000
41400,400,2500,"bu","10:52:21",1484500
41400,400,1700,"sd","10:52:30",1486200
41400,400,15000,"sd","10:52:35",1501200
41400,400,5100,"sd","10:52:38",1506300
41400,400,100,"bu","10:52:43",1506400
41400,400,300,"sd","10:53:15",1506700
41400,400,200,"sd","10:53:18",1506900
41400,400,100,"bu","10:53:19",1507000
41400,400,500,"bu","10:53:22",1507500
41450,450,30000,"bu","10:53:31",1537500
41400,400,2800,"bu","10:53:37",1540300
41400,400,1600,"sd","10:54:13",1541900
41400,400,10000,"sd","10:54:14",1551900
41400,400,500,"sd","10:54:31",1552400
41450,450,19700,"bu","10:54:50",1572100
41400,400,100,"bu","10:55:06",1572200
41450,450,7300,"bu","10:55:09",1579500
41450,450,3300,"sd","10:55:20",1582800
41500,500,48800,"sd","10:55:56",1631600
41500,500,400,"bu","10:56:12",1632000
41500,500,200,"bu","10:56:15",1632200
41500,500,1100,"sd","10:56:31",1633300
41400,400,500,"bu","10:56:47",1633800
41500,500,9100,"bu","10:56:58",1642900
41500,500,900,"bu","10:56:59",1643800
41400,400,300,"sd","10:57:01",1644100
41400,400,900,"sd","10:57:56",1645000
41350,350,1500,"sd","10:58:05",1646500
41400,400,500,"bu","10:58:16",1647000
41400,400,1600,"sd","10:58:40",1648600
41400,400,3000,"sd","10:58:44",1651600
41400,400,400,"bu","10:59:17",1652000
41400,400,2000,"sd","10:59:23",1654000
41400,400,400,"bu","10:59:50",1654400
41400,400,800,"sd","11:00:13",1655200
41400,400,500,"bu","11:00:31",1655700
41400,400,16900,"bu","11:00:41",1672600
41400,400,2000,"bu","11:00:53",1674600
41400,400,100,"sd","11:01:10",1674700
41350,350,10000,"bu","11:01:47",1684700
41350,350,300,"bu","11:01:59",1685000
41350,350,300,"bu","11:02:29",1685300
41350,350,700,"sd","11:02:30",1686000
41350,350,100,"bu","11:03:58",1686100
41300,300,200,"bu","11:04:56",1686300
41300,300,100,"bu","11:05:17",1686400
41350,350,4800,"bu","11:06:20",1691200
41400,400,9400,"bu","11:06:24",1700600
41450,450,1000,"sd","11:06:54",1701600
41400,400,400,"sd","11:07:37",1702000
41400,400,1000,"sd","11:07:54",1703000
41400,400,100,"bu","11:08:15",1703100
41450,450,10000,"sd","11:08:23",1713100
41450,450,700,"bu","11:09:03",1713800
41400,400,1900,"sd","11:09:33",1715700
41400,400,500,"bu","11:09:50",1716200
41400,400,500,"bu","11:10:10",1716700
41300,300,2900,"sd","11:12:19",1719600
41400,400,500,"bu","11:13:11",1720100
41400,400,1100,"sd","11:13:51",1721200
41400,400,3000,"bu","11:14:26",1724200
41400,400,500,"bu","11:14:51",1724700
41400,400,3900,"sd","11:15:17",1728600
41400,400,500,"sd","11:15:19",1729100
41400,400,100,"sd","11:16:10",1729200
41350,350,300,"sd","11:16:51",1729500
41350,350,700,"bu","11:18:09",1730200
41350,350,1000,"bu","11:19:06",1731200
41300,300,1000,"sd","11:20:44",1732200
41300,300,200,"bu","11:22:19",1732400
41350,350,2000,"sd","11:22:22",1734400
41300,300,500,"bu","11:22:28",1734900
41300,300,700,"bu","11:23:35",1735600
41350,350,100,"sd","11:23:48",1735700
41350,350,1300,"sd","11:25:28",1737000
41350,350,3000,"bu","11:26:42",1740000
41300,300,1400,"bu","11:26:47",1741400
41350,350,400,"sd","11:28:55",1741800
41350,350,1000,"bu","11:29:32",1742800
41350,350,500,"bu","11:29:46",1743300
41350,350,2300,"bu","13:00:13",1745600
41400,400,1000,"bu","13:00:15",1746600
41350,350,200,"sd","13:00:22",1746800
41350,350,300,"bu","13:00:27",1747100
41350,350,5000,"bu","13:00:40",1752100
41300,300,4000,"sd","13:00:41",1756100
41350,350,1100,"bu","13:00:45",1757200
41300,300,5000,"bu","13:00:46",1762200
41350,350,1000,"bu","13:01:03",1763200
41350,350,100,"bu","13:01:35",1763300
41300,300,200,"sd","13:03:26",1763500
41300,300,500,"bu","13:03:50",1764000
41300,300,2500,"bu","13:04:10",1766500
41300,300,3000,"sd","13:04:40",1769500
41300,300,1000,"sd","13:04:54",1770500
41300,300,300,"sd","13:05:09",1770800
41300,300,1000,"sd","13:06:00",1771800
41300,300,300,"bu","13:06:19",1772100
41300,300,3000,"sd","13:06:50",1775100
41300,300,100,"sd","13:07:00",1775200
41350,350,500,"bu","13:08:19",1775700
41350,350,4300,"bu","13:08:29",1780000
41350,350,700,"sd","13:08:44",1780700
41350,350,1000,"bu","13:08:52",1781700
41350,350,500,"bu","13:08:56",1782200
41400,400,10600,"bu","13:09:00",1792800
41400,400,6500,"sd","13:09:33",1799300
41400,400,100,"sd","13:09:35",1799400
41350,350,500,"bu","13:09:36",1799900
41400,400,1000,"bu","13:10:24",1800900
41400,400,300,"bu","13:10:35",1801200
41400,400,1000,"bu","13:10:48",1802200
41400,400,600,"bu","13:11:18",1802800
41400,400,500,"bu","13:11:22",1803300
41450,450,2900,"sd","13:11:34",1806200
41450,450,700,"sd","13:11:36",1806900
41450,450,300,"sd","13:11:42",1807200
41450,450,400,"sd","13:11:44",1807600
41450,450,200,"sd","13:12:13",1807800
41450,450,800,"sd","13:12:14",1808600
41450,450,7000,"sd","13:12:19",1815600
41450,450,2000,"bu","13:12:35",1817600
41450,450,300,"sd","13:12:46",1817900
41450,450,100,"bu","13:12:55",1818000
41450,450,3000,"sd","13:13:10",1821000
41450,450,1000,"bu","13:13:13",1822000
41450,450,500,"bu","13:13:17",1822500
41450,450,1400,"bu","13:13:18",1823900
41450,450,400,"sd","13:14:00",1824300
41450,450,5000,"bu","13:14:14",1829300
41450,450,200,"sd","13:14:40",1829500
41450,450,500,"bu","13:14:56",1830000
41550,550,76000,"sd","13:15:47",1906000
41450,450,300,"sd","13:15:48",1906300
41450,450,100,"bu","13:15:53",1906400
41550,550,4400,"sd","13:16:26",1910800
41500,500,200,"sd","13:16:46",1911000
41550,550,5500,"bu","13:16:52",1916500
41500,500,1000,"sd","13:16:56",1917500
41500,500,900,"sd","13:17:03",1918400
41500,500,100,"bu","13:17:06",1918500
41450,450,2000,"bu","13:17:16",1920500
41500,500,1000,"sd","13:17:19",1921500
41500,500,500,"sd","13:17:25",1922000
41500,500,200,"bu","13:18:07",1922200
41450,450,5000,"bu","13:18:45",1927200
41500,500,10000,"bu","13:18:47",1937200
41500,500,100,"bu","13:19:18",1937300
41500,500,400,"bu","13:19:39",1937700
41500,500,10000,"sd","13:20:43",1947700
41500,500,20000,"sd","13:20:52",1967700
41500,500,1500,"sd","13:20:53",1969200
41500,500,300,"bu","13:20:55",1969500
41500,500,9600,"sd","13:20:56",1979100
41550,550,300,"sd","13:21:29",1979400
41550,550,9000,"bu","13:21:39",1988400
41550,550,5000,"bu","13:21:48",1993400
41550,550,5200,"bu","13:21:49",1998600
41550,550,4300,"sd","13:21:53",2002900
41600,600,200,"sd","13:22:08",2003100
41600,600,10400,"sd","13:22:30",2013500
41550,550,15400,"bu","13:22:33",2028900
41550,550,5000,"sd","13:22:34",2033900
41550,550,2000,"sd","13:23:26",2035900
41550,550,100,"bu","13:23:45",2036000
41550,550,11300,"bu","13:24:26",2047300
41550,550,300,"bu","13:24:27",2047600
41550,550,400,"bu","13:24:28",2048000
41550,550,300,"bu","13:24:34",2048300
41550,550,1000,"sd","13:24:47",2049300
41550,550,900,"bu","13:24:52",2050200
41550,550,5000,"bu","13:24:54",2055200
41550,550,2000,"sd","13:24:56",2057200
41550,550,3500,"sd","13:25:03",2060700
41550,550,3000,"bu","13:25:06",2063700
41550,550,600,"bu","13:25:07",2064300
41550,550,2000,"bu","13:25:08",2066300
41550,550,1000,"bu","13:25:12",2067300
41550,550,2400,"bu","13:25:13",2069700
41550,550,7100,"sd","13:26:33",2076800
41600,600,100,"sd","13:26:50",2076900
41550,550,3500,"bu","13:26:55",2080400
41550,550,3000,"bu","13:27:10",2083400
41550,550,1000,"sd","13:27:21",2084400
41600,600,30000,"bu","13:27:34",2114400
41550,550,100,"bu","13:27:53",2114500
41550,550,1500,"bu","13:29:25",2116000
41550,550,2800,"sd","13:30:00",2118800
41550,550,5000,"sd","13:30:14",2123800
41550,550,500,"bu","13:30:17",2124300
41550,550,2000,"bu","13:30:24",2126300
41550,550,200,"bu","13:30:34",2126500
41550,550,100,"bu","13:30:38",2126600
41550,550,500,"sd","13:30:49",2127100
41550,550,900,"bu","13:30:52",2128000
41550,550,9100,"sd","13:31:01",2137100
41550,550,1000,"bu","13:31:19",2138100
41550,550,1500,"bu","13:31:23",2139600
41550,550,2000,"bu","13:31:30",2141600
41550,550,200,"bu","13:31:34",2141800
41550,550,2000,"sd","13:31:45",2143800
41550,550,3000,"bu","13:31:47",2146800
41550,550,400,"bu","13:31:54",2147200
41550,550,400,"sd","13:31:58",2147600
41550,550,3000,"sd","13:32:14",2150600
41550,550,1000,"sd","13:32:21",2151600
41550,550,1200,"sd","13:32:35",2152800
41500,500,2000,"sd","13:33:37",2154800
41500,500,1000,"sd","13:33:41",2155800
41500,500,17800,"sd","13:33:55",2173600
41500,500,5000,"sd","13:33:57",2178600
41500,500,5000,"sd","13:34:05",2183600
41500,500,6300,"sd","13:34:08",2189900
41450,450,3700,"sd","13:34:17",2193600
41450,450,200,"sd","13:34:27",2193800
41450,450,1200,"sd","13:34:34",2195000
41450,450,5500,"sd","13:34:45",2200500
41450,450,100,"sd","13:34:59",2200600
41450,450,1000,"bu","13:35:28",2201600
41450,450,3000,"bu","13:35:37",2204600
41450,450,500,"bu","13:36:00",2205100
41450,450,300,"sd","13:36:12",2205400
41450,450,600,"sd","13:36:29",2206000
41450,450,4700,"sd","13:36:40",2210700
41450,450,5000,"bu","13:37:13",2215700
41400,400,400,"sd","13:37:17",2216100
41400,400,500,"sd","13:37:21",2216600
41450,450,700,"bu","13:37:57",2217300
41400,400,2000,"bu","13:38:07",2219300
41450,450,1000,"bu","13:38:10",2220300
41450,450,600,"bu","13:38:18",2220900
41450,450,5000,"bu","13:38:35",2225900
41450,450,600,"sd","13:38:45",2226500
41400,400,10000,"bu","13:38:47",2236500
41400,400,100,"bu","13:38:56",2236600
41400,400,200,"sd","13:39:02",2236800
41400,400,300,"bu","13:39:05",2237100
41400,400,800,"bu","13:39:16",2237900
41400,400,100,"bu","13:39:29",2238000
41400,400,200,"sd","13:40:14",2238200
41350,350,5400,"bu","13:40:32",2243600
41350,350,20000,"bu","13:40:37",2263600
41350,350,800,"bu","13:40:44",2264400
41300,300,2300,"sd","13:40:53",2266700
41350,350,100,"bu","13:40:56",2266800
41350,350,1100,"sd","13:41:20",2267900
41350,350,100,"sd","13:41:45",2268000
41350,350,1000,"bu","13:41:56",2269000
41350,350,500,"bu","13:42:03",2269500
41350,350,2500,"bu","13:42:18",2272000
41350,350,600,"bu","13:42:22",2272600
41350,350,100,"bu","13:42:23",2272700
41300,300,1600,"sd","13:42:28",2274300
41300,300,1000,"sd","13:43:00",2275300
41350,350,100,"bu","13:43:02",2275400
41350,350,1500,"sd","13:43:09",2276900
41350,350,600,"sd","13:43:16",2277500
41350,350,2600,"bu","13:44:05",2280100
41350,350,10000,"sd","13:44:57",2290100
41350,350,8100,"bu","13:45:45",2298200
41350,350,4900,"bu","13:46:19",2303100
41350,350,5000,"bu","13:46:20",2308100
41350,350,4200,"bu","13:46:50",2312300
41350,350,6500,"bu","13:46:59",2318800
41350,350,100,"bu","13:47:11",2318900
41350,350,2000,"sd","13:47:56",2320900
41350,350,4000,"sd","13:48:17",2324900
41350,350,300,"bu","13:49:15",2325200
41350,350,5000,"sd","13:49:22",2330200
41350,350,2000,"sd","13:49:52",2332200
41350,350,4300,"bu","13:50:16",2336500
41350,350,700,"sd","13:50:17",2337200
41350,350,2000,"sd","13:51:02",2339200
41400,400,200,"bu","13:52:18",2339400
41400,400,500,"sd","13:52:41",2339900
41400,400,10000,"bu","13:52:47",2349900
41400,400,5000,"sd","13:52:50",2354900
41350,350,600,"bu","13:53:02",2355500
41400,400,5000,"bu","13:53:03",2360500
41400,400,1000,"bu","13:53:23",2361500
41400,400,100,"sd","13:53:25",2361600
41400,400,1500,"sd","13:53:47",2363100
41400,400,4000,"sd","13:54:11",2367100
41400,400,600,"bu","13:55:20",2367700
41450,450,100,"sd","13:55:54",2367800
41450,450,900,"bu","13:55:57",2368700
41450,450,1100,"bu","13:56:12",2369800
41450,450,900,"sd","13:56:22",2370700
41450,450,100,"bu","13:56:28",2370800
41400,400,4800,"bu","13:56:31",2375600
41400,400,2900,"sd","13:56:34",2378500
41400,400,2100,"sd","13:56:40",2380600
41400,400,100,"sd","13:56:42",2380700
41400,400,2800,"sd","13:56:55",2383500
41450,450,4000,"bu","13:57:01",2387500
41400,400,100,"sd","13:57:31",2387600
41450,450,10000,"sd","13:57:34",2397600
41450,450,100,"sd","13:57:46",2397700
41450,450,3900,"sd","13:57:59",2401600
41450,450,4600,"bu","13:58:11",2406200
41500,500,1000,"bu","13:58:25",2407200
41500,500,4000,"bu","13:58:46",2411200
41450,450,100,"bu","13:58:52",2411300
41450,450,1800,"sd","13:58:58",2413100
41500,500,100,"sd","13:59:01",2413200
41500,500,1500,"bu","13:59:29",2414700
41500,500,4000,"bu","13:59:48",2418700
41500,500,500,"sd","13:59:55",2419200
41500,500,100,"bu","14:00:13",2419300
41500,500,20000,"bu","14:00:20",2439300
41500,500,5000,"bu","14:00:25",2444300
41500,500,5000,"sd","14:00:33",2449300
41500,500,6500,"sd","14:00:36",2455800
41500,500,6100,"sd","14:00:38",2461900
41500,500,1000,"bu","14:01:03",2462900
41550,550,2500,"sd","14:01:17",2465400
41550,550,5000,"sd","14:01:36",2470400
41500,500,3500,"sd","14:01:37",2473900
41500,500,1000,"bu","14:02:03",2474900
41500,500,100,"sd","14:02:06",2475000
41500,500,1000,"sd","14:02:08",2476000
41500,500,5000,"sd","14:02:19",2481000
41550,550,500,"bu","14:02:22",2481500
41500,500,100,"sd","14:02:26",2481600
41550,550,20100,"sd","14:02:57",2501700
41550,550,5000,"bu","14:03:10",2506700
41550,550,10000,"sd","14:03:34",2516700
41500,500,100,"sd","14:04:04",2516800
41500,500,1500,"bu","14:04:40",2518300
41500,500,100,"bu","14:04:58",2518400
41500,500,13600,"bu","14:04:59",2532000
41500,500,15000,"sd","14:05:11",2547000
41500,500,2300,"bu","14:05:14",2549300
41500,500,100,"bu","14:05:17",2549400
41500,500,5000,"bu","14:05:26",2554400
41500,500,100,"sd","14:05:37",2554500
41500,500,300,"bu","14:05:41",2554800
41500,500,100,"sd","14:05:42",2554900
41500,500,800,"bu","14:06:07",2555700
41500,500,3400,"bu","14:06:10",2559100
41500,500,2000,"bu","14:06:14",2561100
41450,450,4400,"bu","14:06:35",2565500
41450,450,2600,"bu","14:06:36",2568100
41450,450,500,"sd","14:06:47",2568600
41450,450,2600,"bu","14:06:53",2571200
41400,400,1000,"bu","14:07:39",2572200
41400,400,1600,"bu","14:07:42",2573800
41400,400,500,"sd","14:07:54",2574300
41450,450,1000,"sd","14:07:57",2575300
41400,400,3000,"sd","14:08:00",2578300
41450,450,100,"sd","14:08:07",2578400
41400,400,300,"bu","14:08:24",2578700
41450,450,5000,"bu","14:08:52",2583700
41400,400,500,"bu","14:08:54",2584200
41400,400,1000,"sd","14:09:10",2585200
41400,400,800,"bu","14:09:26",2586000
41450,450,200,"sd","14:09:28",2586200
41400,400,7900,"sd","14:09:39",2594100
41450,450,200,"sd","14:09:40",2594300
41400,400,5000,"sd","14:10:42",2599300
41400,400,2700,"bu","14:10:57",2602000
41400,400,200,"sd","14:10:58",2602200
41400,400,700,"bu","14:11:07",2602900
41400,400,1000,"sd","14:11:14",2603900
41400,400,300,"sd","14:11:23",2604200
41350,350,8500,"bu","14:11:26",2612700
41400,400,1000,"sd","14:11:40",2613700
41350,350,1900,"sd","14:12:09",2615600
41350,350,100,"bu","14:12:21",2615700
41400,400,1000,"sd","14:13:02",2616700
41350,350,700,"sd","14:13:15",2617400
41400,400,7000,"sd","14:13:26",2624400
41400,400,3000,"bu","14:13:33",2627400
41400,400,1200,"sd","14:13:37",2628600
41400,400,100,"sd","14:13:40",2628700
41400,400,2100,"sd","14:13:44",2630800
41400,400,2000,"sd","14:14:11",2632800
41400,400,500,"sd","14:14:47",2633300
41400,400,5100,"bu","14:15:17",2638400
41400,400,2000,"sd","14:15:25",2640400
41400,400,400,"sd","14:15:35",2640800
41400,400,4500,"sd","14:15:38",2645300
41400,400,11000,"bu","14:16:33",2656300
41400,400,4900,"sd","14:17:11",2661200
41400,400,2400,"bu","14:17:13",2663600
41400,400,3000,"sd","14:17:55",2666600
41400,400,100,"sd","14:17:57",2666700
41400,400,3500,"bu","14:18:05",2670200
41400,400,1500,"sd","14:18:13",2671700
41450,450,100,"bu","14:18:18",2671800
41450,450,1300,"sd","14:19:12",2673100
41400,400,20600,"sd","14:19:16",2693700
41400,400,100,"sd","14:19:19",2693800
41450,450,1000,"bu","14:19:21",2694800
41450,450,800,"sd","14:20:10",2695600
41400,400,1000,"sd","14:20:13",2696600
41400,400,100,"bu","14:20:20",2696700
41400,400,300,"sd","14:20:31",2697000
41400,400,2500,"sd","14:20:46",2699500
41400,400,3100,"bu","14:20:48",2702600
41400,400,200,"sd","14:20:49",2702800
41400,400,1000,"bu","14:20:51",2703800
41400,400,200,"sd","14:20:56",2704000
41400,400,1000,"sd","14:21:02",2705000
41400,400,500,"sd","14:21:08",2705500
41400,400,1500,"sd","14:21:35",2707000
41400,400,2000,"sd","14:21:40",2709000
41400,400,5300,"sd","14:21:49",2714300
41400,400,100,"sd","14:21:53",2714400
41400,400,5000,"sd","14:22:00",2719400
41400,400,1900,"sd","14:22:03",2721300
41400,400,4900,"bu","14:22:11",2726200
41400,400,10000,"sd","14:22:21",2736200
41400,400,200,"sd","14:22:25",2736400
41400,400,100,"bu","14:22:29",2736500
41400,400,1700,"sd","14:22:32",2738200
41400,400,100,"sd","14:22:40",2738300
41400,400,900,"sd","14:22:48",2739200
41400,400,1400,"bu","14:23:04",2740600
41400,400,800,"bu","14:23:11",2741400
41450,450,500,"bu","14:23:16",2741900
41450,450,8800,"bu","14:23:31",2750700
41450,450,1200,"bu","14:23:35",2751900
41450,450,200,"sd","14:23:46",2752100
41400,400,1400,"bu","14:23:51",2753500
41450,450,500,"bu","14:23:55",2754000
41450,450,400,"bu","14:23:59",2754400
41500,500,400,"sd","14:24:01",2754800
41500,500,6100,"sd","14:24:10",2760900
41450,450,500,"sd","14:24:14",2761400
41450,450,3000,"bu","14:24:27",2764400
41400,400,20500,"bu","14:24:38",2784900
41400,400,2700,"bu","14:24:54",2787600
41450,450,300,"bu","14:24:56",2787900
41400,400,1000,"sd","14:24:57",2788900
41450,450,1100,"bu","14:25:27",2790000
41450,450,500,"sd","14:25:39",2790500
41450,450,400,"bu","14:25:55",2790900
41450,450,1000,"sd","14:26:00",2791900
41400,400,1400,"sd","14:26:02",2793300
41450,450,800,"bu","14:26:03",2794100
41400,400,5400,"sd","14:26:11",2799500
41450,450,300,"sd","14:26:13",2799800
41400,400,2000,"sd","14:26:18",2801800
41450,450,200,"sd","14:26:24",2802000
41450,450,500,"sd","14:26:53",2802500
41400,400,5000,"sd","14:26:59",2807500
41400,400,1000,"bu","14:27:03",2808500
41400,400,100,"sd","14:27:04",2808600
41400,400,500,"sd","14:27:17",2809100
41400,400,300,"sd","14:27:37",2809400
41400,400,600,"bu","14:27:45",2810000
41450,450,7000,"bu","14:27:50",2817000
41400,400,10000,"bu","14:28:08",2827000
41400,400,300,"bu","14:28:12",2827300
41400,400,1000,"sd","14:28:20",2828300
41400,400,5400,"sd","14:28:21",2833700
41400,400,1400,"bu","14:28:33",2835100
41350,350,3000,"sd","14:28:36",2838100
41400,400,500,"sd","14:28:40",2838600
41400,400,300,"bu","14:28:48",2838900
41350,350,1000,"bu","14:28:52",2839900
41300,300,1000,"bu","14:28:53",2840900
41350,350,1500,"bu","14:29:34",2842400
41300,300,800,"bu","14:29:39",2843200
41350,350,1800,"sd","14:29:41",2845000
41350,350,7100,"sd","14:29:47",2852100
41250,250,116800,"sd","14:45:14",2968900
