"price","change","match_qtty","side","time","total_vol"
43100,-50,7200,"sd","09:15:06",7200
43100,-50,300,"bu","09:15:12",7500
43150,0,5700,"bu","09:15:33",13200
43150,0,5700,"sd","09:15:45",18900
43150,0,2500,"bu","09:15:59",21400
43200,50,3200,"sd","09:15:59",24600
43200,50,5700,"sd","09:16:10",30300
43200,50,1900,"sd","09:16:33",32200
43200,50,300,"bu","09:16:35",32500
43200,50,3700,"sd","09:16:48",36200
43150,0,300,"bu","09:17:23",36500
43200,50,2200,"bu","09:17:30",38700
43200,50,200,"sd","09:17:56",38900
43200,50,300,"sd","09:18:00",39200
43200,50,100,"sd","09:18:21",39300
43200,50,500,"bu","09:18:46",39800
43150,0,100,"bu","09:19:10",39900
43200,50,200,"bu","09:19:16",40100
43150,0,100,"bu","09:19:21",40200
43150,0,1100,"bu","09:20:10",41300
43150,0,200,"bu","09:20:30",41500
43150,0,1000,"bu","09:20:48",42500
43150,0,100,"bu","09:21:01",42600
43150,0,1000,"bu","09:21:27",43600
43150,0,500,"sd","09:21:38",44100
43150,0,100,"bu","09:21:39",44200
43150,0,500,"sd","09:21:50",44700
43150,0,700,"sd","09:22:15",45400
43150,0,500,"bu","09:22:40",45900
43150,0,200,"bu","09:22:44",46100
43150,0,12400,"bu","09:22:59",58500
43100,-50,5000,"bu","09:23:11",64500
43100,-50,6400,"sd","09:23:11",70900
43100,-50,200,"bu","09:23:32",71100
43100,-50,300,"sd","09:23:58",71400
43050,-100,12000,"sd","09:24:10",83400
43000,-150,10500,"bu","09:25:08",93900
43100,-50,400,"sd","09:25:31",94300
43100,-50,500,"sd","09:26:02",94800
43100,-50,100,"sd","09:26:03",94900
43100,-50,1600,"sd","09:26:04",96500
43100,-50,500,"sd","09:26:07",97000
43100,-50,100,"bu","09:27:03",97100
43100,-50,500,"sd","09:28:01",97600
43050,-100,300,"sd","09:28:41",97900
43050,-100,2000,"bu","09:30:15",99900
43050,-100,1000,"sd","09:30:54",100900
43100,-50,5700,"sd","09:30:56",106600
43100,-50,5500,"sd","09:31:00",112100
43100,-50,3800,"sd","09:31:01",115900
43050,-100,1000,"bu","09:31:03",116900
43050,-100,500,"sd","09:31:10",117400
43100,-50,2800,"sd","09:31:21",120200
43100,-50,1300,"bu","09:31:22",121500
43100,-50,2000,"sd","09:32:25",123500
43150,0,2800,"bu","09:32:44",126300
43150,0,600,"sd","09:32:46",126900
43150,0,5700,"bu","09:32:57",132600
43150,0,3800,"bu","09:33:11",136400
43150,0,2800,"bu","09:33:30",139200
43150,0,200,"bu","09:33:42",139400
43200,50,8500,"sd","09:34:02",147900
43200,50,2800,"sd","09:34:11",150700
43200,50,5700,"bu","09:34:16",156400
43200,50,2800,"sd","09:34:31",159200
43200,50,5700,"bu","09:34:32",164900
43200,50,2800,"bu","09:34:50",167700
43200,50,2900,"sd","09:35:18",170600
43200,50,100,"sd","09:36:19",170700
43200,50,500,"bu","09:36:31",171200
43200,50,100,"sd","09:36:35",171300
43200,50,500,"sd","09:37:03",171800
43150,0,100,"bu","09:37:08",171900
43150,0,1000,"sd","09:37:13",172900
43200,50,3800,"bu","09:37:22",176700
43200,50,100,"sd","09:37:23",176800
43200,50,3200,"bu","09:37:24",180000
43200,50,100,"bu","09:37:38",180100
43200,50,10000,"bu","09:37:39",190100
43200,50,100,"sd","09:37:43",190200
43200,50,1600,"bu","09:37:44",191800
43200,50,300,"sd","09:37:45",192100
43250,100,100,"bu","09:37:47",192200
43250,100,1000,"bu","09:38:06",193200
43200,50,200,"bu","09:38:26",193400
43200,50,100,"bu","09:38:33",193500
43250,100,2800,"sd","09:38:48",196300
43250,100,3800,"bu","09:39:00",200100
43250,100,2800,"bu","09:39:08",202900
43250,100,100,"bu","09:39:12",203000
43250,100,500,"sd","09:39:27",203500
43250,100,1500,"bu","09:39:30",205000
43250,100,500,"bu","09:39:40",205500
43250,100,2800,"bu","09:39:47",208300
43250,100,2500,"sd","09:39:48",210800
43250,100,1000,"bu","09:40:01",211800
43200,50,100,"bu","09:40:06",211900
43300,150,2900,"bu","09:40:10",214800
43250,100,500,"sd","09:40:13",215300
43300,150,5000,"bu","09:40:24",220300
43250,100,3800,"sd","09:40:30",224100
43300,150,500,"bu","09:40:34",224600
43250,100,100,"bu","09:40:40",224700
43300,150,2800,"sd","09:40:48",227500
43250,100,400,"bu","09:41:04",227900
43300,150,300,"sd","09:41:19",228200
43300,150,2800,"sd","09:41:42",231000
43300,150,4800,"sd","09:42:03",235800
43300,150,3900,"sd","09:42:09",239700
43300,150,1000,"bu","09:42:12",240700
43300,150,500,"bu","09:42:16",241200
43300,150,2800,"sd","09:42:23",244000
43300,150,5000,"bu","09:42:29",249000
43300,150,2000,"sd","09:42:32",251000
43300,150,2400,"bu","09:42:35",253400
43300,150,4000,"sd","09:42:36",257400
43350,200,3800,"sd","09:42:44",261200
43350,200,1700,"bu","09:42:45",262900
43350,200,700,"sd","09:42:46",263600
43350,200,4400,"bu","09:43:03",268000
43350,200,1800,"bu","09:43:04",269800
43350,200,1100,"sd","09:43:16",270900
43400,250,2800,"bu","09:43:23",273700
43350,200,400,"sd","09:43:34",274100
43400,250,2900,"sd","09:43:44",277000
43350,200,100,"sd","09:44:25",277100
43400,250,1600,"sd","09:44:28",278700
43400,250,400,"sd","09:44:43",279100
43400,250,100,"sd","09:44:50",279200
43350,200,600,"bu","09:45:20",279800
43350,200,200,"sd","09:45:29",280000
43350,200,500,"bu","09:45:32",280500
43350,200,100,"sd","09:45:34",280600
43350,200,1100,"bu","09:45:48",281700
43350,200,1500,"bu","09:45:50",283200
43350,200,2900,"sd","09:45:53",286100
43350,200,100,"sd","09:45:53",286200
43350,200,400,"bu","09:46:00",286600
43350,200,500,"sd","09:46:02",287100
43350,200,1000,"sd","09:46:04",288100
43350,200,9800,"bu","09:46:15",297900
43350,200,7400,"bu","09:46:21",305300
43350,200,5100,"sd","09:46:30",310400
43350,200,100,"sd","09:46:37",310500
43350,200,700,"bu","09:46:41",311200
43350,200,1000,"bu","09:46:43",312200
43300,150,100,"sd","09:47:11",312300
43350,200,700,"bu","09:47:20",313000
43350,200,100,"sd","09:47:41",313100
43300,150,200,"sd","09:47:42",313300
43300,150,1000,"sd","09:47:55",314300
43300,150,500,"sd","09:48:10",314800
43300,150,2000,"sd","09:48:13",316800
43300,150,1000,"sd","09:48:18",317800
43300,150,5300,"bu","09:48:29",323100
43300,150,500,"bu","09:48:38",323600
43300,150,2800,"sd","09:49:15",326400
43300,150,1400,"sd","09:49:22",327800
43300,150,500,"sd","09:49:26",328300
43300,150,2800,"bu","09:49:34",331100
43300,150,500,"sd","09:49:50",331600
43300,150,2800,"sd","09:49:56",334400
43300,150,1000,"sd","09:50:00",335400
43300,150,800,"sd","09:50:44",336200
43300,150,200,"bu","09:50:58",336400
43300,150,100,"bu","09:51:12",336500
43300,150,2400,"bu","09:51:15",338900
43300,150,1000,"bu","09:51:33",339900
43300,150,300,"sd","09:51:37",340200
43300,150,600,"sd","09:51:53",340800
43300,150,100,"bu","09:52:06",340900
43300,150,200,"bu","09:52:51",341100
43300,150,100,"sd","09:52:59",341200
43250,100,1500,"sd","09:53:31",342700
43250,100,1000,"sd","09:53:53",343700
43250,100,10000,"sd","09:54:14",353700
43300,150,3000,"bu","09:54:17",356700
43250,100,500,"bu","09:54:21",357200
43250,100,1000,"sd","09:55:01",358200
43300,150,5700,"bu","09:55:35",363900
43300,150,5700,"bu","09:55:45",369600
43350,200,5700,"bu","09:56:00",375300
43250,100,5000,"bu","09:56:05",380300
43350,200,5000,"bu","09:56:34",385300
43350,200,3500,"sd","09:57:21",395300
43300,150,300,"bu","09:58:25",395600
43300,150,1400,"bu","09:58:40",397000
43300,150,200,"sd","09:59:09",397200
43300,150,1100,"bu","09:59:10",398300
43350,200,10000,"bu","09:59:33",408300
43300,150,1000,"sd","09:59:47",409300
43300,150,1100,"bu","10:01:15",410400
43350,200,10000,"sd","10:01:19",420400
43300,150,500,"bu","10:01:32",420900
43350,200,100,"sd","10:01:40",421000
43350,200,300,"bu","10:01:48",421300
43350,200,10000,"sd","10:02:08",431300
43300,150,200,"bu","10:02:56",431500
43350,200,2500,"bu","10:03:04",434000
43300,150,100,"bu","10:04:01",434100
43300,150,2100,"sd","10:04:27",436200
43300,150,200,"bu","10:04:28",436400
43300,150,900,"bu","10:05:20",437300
43300,150,300,"bu","10:05:22",437600
43350,200,1000,"sd","10:06:22",438600
43350,200,500,"bu","10:06:29",439100
43350,200,3700,"sd","10:07:20",442800
43300,150,1000,"bu","10:07:48",443800
43300,150,500,"sd","10:08:03",444300
43300,150,2400,"bu","10:09:02",446700
43350,200,1000,"bu","10:09:24",447700
43350,200,100,"sd","10:09:48",447800
43350,200,5700,"sd","10:09:50",453500
43350,200,10000,"sd","10:09:54",463500
43350,200,800,"bu","10:09:59",464300
43350,200,200,"sd","10:09:59",464500
43300,150,100,"sd","10:10:02",464600
43300,150,1700,"sd","10:10:30",466300
43350,200,500,"sd","10:10:33",466800
43350,200,100,"bu","10:10:34",466900
43350,200,6400,"sd","10:11:07",473300
43350,200,100,"sd","10:11:14",473400
43350,200,2100,"bu","10:11:39",475500
43350,200,100,"bu","10:11:51",475600
43350,200,1000,"sd","10:11:57",476600
43350,200,100,"bu","10:12:04",476700
43400,250,3000,"bu","10:12:08",479700
43350,200,100,"sd","10:12:09",479800
43400,250,500,"sd","10:14:04",480300
43350,200,2200,"bu","10:14:54",482500
43350,200,200,"sd","10:15:05",482700
43350,200,2700,"sd","10:15:23",485400
43350,200,1000,"sd","10:15:54",486400
43350,200,100,"sd","10:16:02",486500
43350,200,10000,"bu","10:16:17",496500
43350,200,1000,"bu","10:16:32",497500
43350,200,7200,"sd","10:16:38",504700
43350,200,1100,"sd","10:16:54",505800
43350,200,100,"bu","10:17:01",505900
43350,200,1600,"bu","10:17:18",507500
43350,200,500,"sd","10:17:19",508000
43350,200,100,"bu","10:17:27",508100
43350,200,1000,"sd","10:17:44",509100
43350,200,1600,"sd","10:18:06",510700
43350,200,100,"sd","10:18:11",510800
43350,200,1000,"sd","10:18:15",511800
43350,200,500,"bu","10:18:34",512300
43350,200,300,"sd","10:18:45",512600
43300,150,100,"sd","10:18:57",512700
43300,150,200,"sd","10:20:27",512900
43300,150,900,"sd","10:20:29",513800
43300,150,200,"sd","10:20:40",514000
43300,150,100,"sd","10:20:57",514100
43350,200,5700,"sd","10:21:32",519800
43350,200,1000,"sd","10:21:34",520800
43350,200,100,"sd","10:21:49",520900
43350,200,1500,"bu","10:23:03",522400
43350,200,100,"sd","10:23:27",522500
43350,200,200,"bu","10:23:29",522700
43350,200,900,"sd","10:23:48",523600
43350,200,1300,"bu","10:23:56",524900
43350,200,100,"sd","10:23:58",525000
43350,200,200,"sd","10:24:01",525200
43300,150,21300,"bu","10:24:07",546500
43350,200,2500,"sd","10:24:14",549000
43300,150,100,"sd","10:24:31",549100
43300,150,1800,"bu","10:25:08",550900
43300,150,100,"sd","10:25:28",551000
43350,200,10400,"sd","10:27:06",561400
43300,150,100,"bu","10:27:28",561500
43350,200,800,"bu","10:28:41",562300
43300,150,100,"bu","10:28:58",562400
43350,200,700,"bu","10:30:50",563100
43300,150,100,"sd","10:30:59",563200
43300,150,400,"sd","10:31:14",563600
43300,150,100,"bu","10:31:29",563700
43300,150,800,"bu","10:32:43",564500
43300,150,10100,"sd","10:32:44",574600
43300,150,2000,"sd","10:32:56",576600
43300,150,100,"sd","10:32:59",576700
43300,150,1100,"sd","10:33:13",577800
43300,150,100,"bu","10:33:32",577900
43300,150,300,"bu","10:33:59",578200
43350,200,100,"sd","10:34:20",578300
43350,200,3800,"sd","10:34:21",582100
43300,150,200,"bu","10:34:30",582300
43300,150,300,"sd","10:36:10",582600
43300,150,200,"sd","10:36:11",582800
43300,150,2500,"bu","10:36:27",585300
43300,150,200,"sd","10:36:29",585500
43300,150,100,"sd","10:36:41",585600
43300,150,200,"bu","10:36:59",585800
43300,150,800,"bu","10:37:36",586600
43350,200,10000,"bu","10:37:38",596600
43300,150,200,"sd","10:38:00",596800
43300,150,400,"bu","10:38:30",597200
43300,150,300,"bu","10:39:00",597500
43300,150,1000,"bu","10:39:02",598500
43300,150,200,"sd","10:39:30",598700
43350,200,100,"sd","10:39:42",598800
43300,150,700,"sd","10:40:00",599500
43300,150,100,"bu","10:40:08",599600
43300,150,1300,"sd","10:40:30",600900
43350,200,3800,"bu","10:40:48",604700
43300,150,200,"bu","10:41:00",604900
43350,200,100,"bu","10:41:01",605000
43300,150,10100,"bu","10:41:22",615100
43300,150,200,"sd","10:41:32",615300
43300,150,200,"bu","10:42:03",615500
43350,200,300,"sd","10:42:17",615800
43300,150,200,"bu","10:42:30",616000
43300,150,1000,"bu","10:42:46",617000
43300,150,200,"bu","10:43:01",617200
43300,150,1300,"bu","10:43:18",618500
43300,150,300,"sd","10:43:27",618800
43300,150,400,"bu","10:43:31",619200
43300,150,400,"sd","10:44:08",619600
43300,150,1800,"bu","10:44:46",621400
43300,150,100,"sd","10:44:47",621500
43300,150,200,"bu","10:44:50",621700
43300,150,1000,"sd","10:44:54",622700
43300,150,3000,"bu","10:45:03",625700
43300,150,1700,"sd","10:45:05",627400
43300,150,100,"sd","10:45:22",627500
43300,150,2100,"sd","10:45:36",629600
43300,150,300,"sd","10:45:39",629900
43300,150,100,"sd","10:45:49",630000
43300,150,2000,"sd","10:45:58",632000
43350,200,400,"sd","10:46:20",632400
43350,200,200,"sd","10:46:44",632600
43300,150,1000,"sd","10:47:31",633600
43300,150,500,"sd","10:47:42",634100
43300,150,200,"bu","10:47:55",634300
43300,150,1600,"bu","10:49:01",635900
43300,150,200,"bu","10:49:03",636100
43300,150,300,"sd","10:50:00",636400
43300,150,300,"sd","10:50:10",636700
43300,150,100,"sd","10:50:42",636800
43300,150,1100,"bu","10:52:08",637900
43300,150,100,"sd","10:52:10",638000
43300,150,700,"sd","10:52:27",638700
43300,150,100,"bu","10:52:28",638800
43300,150,600,"bu","10:52:47",639400
43300,150,200,"bu","10:53:16",639600
43300,150,4500,"bu","10:53:37",644100
43300,150,100,"sd","10:53:45",644200
43300,150,5000,"sd","10:54:06",649200
43300,150,300,"sd","10:55:06",649500
43300,150,6200,"bu","10:55:42",655700
43300,150,100,"bu","10:55:55",655800
43300,150,400,"sd","10:56:02",656200
43350,200,100,"sd","10:56:11",656300
43300,150,200,"bu","10:56:32",656500
43300,150,3200,"sd","10:56:36",659700
43300,150,100,"sd","10:56:57",659800
43300,150,200,"bu","10:57:02",660000
43350,200,100,"bu","10:57:03",660100
43350,200,300,"bu","10:57:23",660400
43300,150,500,"bu","10:57:32",660900
43300,150,900,"sd","10:58:36",661800
43300,150,200,"bu","10:59:02",662000
43300,150,100,"sd","10:59:16",662100
43300,150,3800,"bu","10:59:26",665900
43300,150,200,"sd","10:59:29",666100
43250,100,200,"sd","10:59:32",666300
43250,100,200,"bu","11:00:02",666500
43250,100,1000,"bu","11:00:16",667500
43250,100,200,"bu","11:00:32",667700
43300,150,100,"sd","11:00:47",667800
43250,100,200,"sd","11:00:52",668000
43300,150,500,"bu","11:00:56",668500
43250,100,200,"bu","11:01:02",668700
43300,150,300,"sd","11:01:10",669000
43250,100,200,"bu","11:01:33",669200
43250,100,1000,"sd","11:03:32",670200
43250,100,400,"bu","11:04:06",670600
43250,100,300,"sd","11:04:32",670900
43250,100,200,"sd","11:04:34",671100
43250,100,300,"bu","11:05:03",671400
43250,100,3000,"sd","11:05:10",674400
43250,100,300,"bu","11:05:33",674700
43250,100,800,"bu","11:06:08",675500
43250,100,300,"bu","11:06:33",675800
43250,100,800,"bu","11:07:31",676600
43250,100,300,"sd","11:07:34",676900
43250,100,400,"bu","11:07:48",677300
43250,100,300,"bu","11:08:04",677600
43250,100,500,"bu","11:08:30",678100
43250,100,300,"sd","11:08:34",678400
43250,100,600,"bu","11:09:33",679000
43300,150,3800,"bu","11:10:02",682800
43250,100,300,"sd","11:10:05",683100
43300,150,900,"bu","11:10:31",684000
43250,100,300,"bu","11:10:34",684300
43250,100,400,"sd","11:11:27",684700
43250,100,10600,"bu","11:11:37",695300
43250,100,6700,"bu","11:14:45",702000
43250,100,300,"sd","11:15:05",702300
43300,150,3000,"bu","11:16:23",705300
43250,100,300,"sd","11:16:36",705600
43250,100,4500,"bu","11:16:44",710100
43200,50,300,"bu","11:17:06",710400
43250,100,3900,"sd","11:17:11",714300
43250,100,300,"sd","11:17:35",714600
43250,100,2200,"bu","11:17:44",716800
43250,100,100,"sd","11:17:46",716900
43250,100,300,"bu","11:18:06",717200
43250,100,500,"sd","11:18:55",717700
43250,100,300,"sd","11:19:06",718000
43250,100,100,"sd","11:19:23",718100
43250,100,400,"bu","11:19:35",718500
43250,100,2900,"sd","11:19:48",721400
43200,50,300,"bu","11:20:06",721700
43250,100,100,"bu","11:20:12",721800
43200,50,600,"sd","11:21:06",722400
43250,100,1800,"sd","11:21:17",724200
43250,100,300,"sd","11:21:37",724500
43250,100,700,"bu","11:23:05",725200
43250,100,300,"sd","11:23:06",725500
43250,100,200,"bu","11:23:10",725700
43250,100,300,"sd","11:23:37",726000
43250,100,100,"bu","11:24:00",726100
43250,100,300,"bu","11:24:08",726400
43300,150,500,"bu","11:24:44",726900
43250,100,300,"bu","11:25:07",727200
43250,100,700,"bu","11:26:26",727900
43250,100,300,"sd","11:26:37",728200
43250,100,100,"sd","11:26:51",728300
43250,100,300,"sd","11:27:07",728600
43250,100,1400,"sd","11:28:25",730000
43250,100,4100,"bu","11:28:30",734100
43250,100,100,"sd","11:28:33",734200
43250,100,300,"bu","11:28:38",734500
43300,150,3300,"sd","11:29:39",737800
43250,100,400,"bu","13:00:18",738200
43300,150,5200,"sd","13:00:21",743400
43250,100,100,"bu","13:00:31",743500
43300,150,1400,"sd","13:00:41",744900
43300,150,100,"bu","13:00:42",745000
43300,150,1200,"bu","13:00:46",746200
43250,100,100,"sd","13:01:00",746300
43250,100,1600,"bu","13:01:35",747900
43250,100,100,"bu","13:01:52",748000
43300,150,6000,"bu","13:03:02",754000
43300,150,5700,"bu","13:03:25",759700
43250,100,100,"sd","13:03:33",759800
43300,150,2500,"bu","13:03:57",762300
43300,150,4700,"bu","13:04:00",767000
43250,100,100,"bu","13:04:01",767100
43250,100,1100,"sd","13:04:43",768200
43250,100,100,"sd","13:05:02",768300
43250,100,900,"sd","13:06:24",769200
43250,100,100,"bu","13:06:32",769300
43250,100,500,"bu","13:06:37",769800
43250,100,100,"bu","13:07:02",769900
43250,100,600,"sd","13:07:48",770500
43300,150,3500,"sd","13:07:55",774000
43250,100,600,"bu","13:08:35",774600
43250,100,300,"bu","13:08:53",774900
43250,100,100,"sd","13:09:00",775000
43300,150,500,"bu","13:09:15",775500
43250,100,100,"sd","13:09:33",775600
43300,150,5700,"sd","13:10:01",781300
43250,100,100,"bu","13:10:03",781400
43300,150,3100,"sd","13:10:34",784500
43250,100,100,"sd","13:11:03",784600
43250,100,5000,"bu","13:11:09",789600
43250,100,100,"bu","13:11:33",789700
43250,100,300,"sd","13:12:24",790000
43250,100,2000,"bu","13:12:27",792000
43250,100,1000,"bu","13:12:29",793000
43250,100,100,"sd","13:12:33",793100
43350,200,29500,"sd","13:13:31",822600
43300,150,100,"sd","13:13:33",822700
43300,150,1000,"bu","13:13:34",823700
43300,150,100,"sd","13:14:03",823800
43300,150,1800,"bu","13:14:06",825600
43300,150,1000,"sd","13:14:10",826600
43300,150,2300,"bu","13:14:15",828900
43300,150,6900,"sd","13:14:39",835800
43300,150,400,"bu","13:14:40",836200
43250,100,200,"sd","13:14:56",836400
43250,100,1500,"bu","13:17:22",837900
43250,100,17500,"bu","13:17:27",855400
43200,50,15100,"sd","13:17:53",870500
43200,50,10900,"sd","13:17:55",881400
43200,50,100,"bu","13:18:13",881500
43200,50,11300,"sd","13:18:24",892800
43200,50,100,"bu","13:18:43",892900
43250,100,1400,"bu","13:19:09",894300
43200,50,100,"bu","13:19:13",894400
43250,100,300,"bu","13:19:38",894700
43200,50,17800,"bu","13:19:42",912500
43200,50,100,"sd","13:19:43",912600
43200,50,800,"bu","13:20:28",913400
43200,50,100,"sd","13:20:55",913500
43200,50,200,"bu","13:21:20",913700
43200,50,100,"bu","13:21:23",913800
43200,50,500,"sd","13:21:27",914300
43250,100,100,"bu","13:21:54",914400
43300,150,5700,"bu","13:21:56",920100
43300,150,5700,"sd","13:22:13",925800
43300,150,1900,"bu","13:22:18",927700
43300,150,1800,"bu","13:22:19",929500
43250,100,100,"bu","13:22:24",929600
43300,150,2000,"bu","13:23:09",931600
43250,100,100,"sd","13:23:24",931700
43300,150,200,"sd","13:23:27",931900
43300,150,12300,"bu","13:23:45",944200
43300,150,5700,"sd","13:23:51",949900
43250,100,100,"sd","13:23:55",950000
43300,150,4700,"sd","13:23:59",954700
43300,150,200,"bu","13:24:07",954900
43300,150,100,"sd","13:24:08",955000
43300,150,15000,"bu","13:24:14",970000
43250,100,100,"sd","13:24:25",970100
43250,100,3900,"sd","13:25:14",974000
43250,100,100,"bu","13:25:26",974100
43300,150,500,"bu","13:25:58",974600
43250,100,100,"bu","13:26:11",974700
43300,150,1000,"bu","13:26:37",975700
43250,100,100,"sd","13:26:38",975800
43300,150,400,"sd","13:27:00",976200
43250,100,100,"sd","13:27:08",976300
43250,100,600,"sd","13:27:53",976900
43250,100,600,"bu","13:28:10",977500
43250,100,700,"sd","13:28:46",978200
43250,100,100,"bu","13:28:53",978300
43300,150,300,"bu","13:29:13",978600
43250,100,600,"bu","13:29:39",979200
43250,100,300,"bu","13:30:00",979500
43250,100,400,"bu","13:30:07",979900
43250,100,100,"bu","13:30:09",980000
43250,100,3000,"sd","13:30:13",983000
43250,100,200,"sd","13:30:17",983200
43250,100,100,"sd","13:30:25",983300
43300,150,700,"bu","13:30:39",984000
43250,100,100,"bu","13:30:40",984100
43250,100,700,"bu","13:31:15",984800
43250,100,100,"bu","13:31:40",984900
43300,150,300,"bu","13:31:54",985200
43250,100,100,"sd","13:32:10",985300
43250,100,600,"sd","13:32:58",985900
43250,100,2900,"bu","13:33:09",988800
43250,100,500,"bu","13:33:28",989300
43250,100,100,"sd","13:33:40",989400
43300,150,700,"bu","13:34:53",990100
43300,150,1600,"bu","13:35:00",991700
43250,100,100,"sd","13:35:10",991800
43250,100,500,"bu","13:35:23",992300
43250,100,100,"sd","13:35:40",992400
43250,100,1100,"sd","13:35:54",993500
43250,100,100,"sd","13:36:10",993600
43300,150,3500,"sd","13:36:28",997100
43250,100,100,"sd","13:36:40",997200
43300,150,500,"sd","13:36:51",997700
43300,150,5000,"bu","13:36:52",1002700
43300,150,30000,"sd","13:36:55",1032700
43300,150,600,"sd","13:36:59",1033300
43300,150,500,"sd","13:37:01",1033800
43250,100,100,"sd","13:37:11",1033900
43300,150,1000,"sd","13:37:24",1034900
43300,150,200,"bu","13:37:31",1035100
43300,150,1000,"bu","13:37:34",1036100
43300,150,100,"bu","13:37:36",1036200
43300,150,2000,"sd","13:37:38",1038200
43250,100,100,"bu","13:37:41",1038300
43300,150,900,"bu","13:37:49",1039200
43300,150,1600,"sd","13:37:52",1040800
43300,150,1100,"sd","13:38:24",1041900
43300,150,6600,"sd","13:38:34",1048500
43300,150,2900,"bu","13:38:38",1051400
43250,100,100,"bu","13:38:42",1051500
43300,150,700,"bu","13:39:05",1052200
43300,150,1100,"sd","13:39:12",1053300
43300,150,100,"sd","13:39:24",1053400
43300,150,1000,"sd","13:39:33",1054400
43300,150,100,"sd","13:39:41",1054500
43300,150,10000,"bu","13:39:44",1064500
43300,150,200,"bu","13:40:06",1064700
43300,150,1000,"sd","13:40:09",1065700
43300,150,100,"bu","13:40:11",1065800
43300,150,200,"sd","13:40:22",1066000
43300,150,100,"bu","13:40:36",1066100
43350,200,5500,"sd","13:40:38",1071600
43300,150,100,"sd","13:40:41",1071700
43300,150,10000,"bu","13:40:47",1081700
43300,150,100,"bu","13:41:11",1081800
43300,150,7900,"sd","13:41:21",1089700
43300,150,2000,"sd","13:41:23",1091700
43300,150,2000,"sd","13:41:35",1093700
43250,100,100,"sd","13:41:42",1093800
43300,150,6000,"sd","13:42:31",1099800
43250,100,100,"sd","13:42:35",1099900
43250,100,800,"bu","13:42:53",1100700
43250,100,4000,"sd","13:43:03",1104700
43250,100,100,"sd","13:43:12",1104800
43250,100,20200,"sd","13:43:45",1125000
43300,150,200,"sd","13:43:46",1125200
43250,100,100,"bu","13:44:12",1125300
43250,100,6800,"bu","13:45:40",1132100
43250,100,100,"bu","13:45:42",1132200
43250,100,600,"sd","13:46:09",1132800
43250,100,100,"sd","13:46:13",1132900
43300,150,3000,"bu","13:46:19",1135900
43250,100,100,"bu","13:46:42",1136000
43300,150,7800,"sd","13:48:20",1143800
43250,100,2000,"sd","13:48:21",1145800
43250,100,100,"sd","13:48:43",1145900
43250,100,1000,"bu","13:49:03",1146900
43300,150,10000,"bu","13:49:08",1156900
43250,100,100,"sd","13:49:14",1157000
43300,150,10000,"bu","13:49:16",1167000
43300,150,1600,"sd","13:49:25",1168600
43300,150,1400,"sd","13:49:27",1170000
43300,150,8600,"sd","13:49:37",1178600
43300,150,300,"bu","13:49:41",1178900
43300,150,200,"sd","13:49:44",1179100
43350,200,20000,"bu","13:49:56",1199100
43350,200,20000,"sd","13:50:07",1219100
43300,150,200,"bu","13:50:09",1219300
43300,150,21300,"sd","13:50:17",1240600
43350,200,1000,"bu","13:50:19",1241600
43350,200,6700,"bu","13:50:25",1248300
43400,250,20000,"bu","13:50:37",1268300
43350,200,100,"bu","13:50:40",1268400
43350,200,200,"bu","13:50:43",1268600
43350,200,100,"bu","13:50:46",1268700
43400,250,40100,"sd","13:50:59",1308800
43400,250,4500,"bu","13:51:08",1313300
43400,250,200,"bu","13:51:14",1313500
43450,300,21300,"sd","13:51:20",1334800
43500,350,11500,"bu","13:51:36",1346300
43450,300,1500,"bu","13:51:43",1347800
43450,300,300,"bu","13:51:45",1348100
43450,300,500,"sd","13:51:46",1348600
43450,300,100,"sd","13:51:49",1348700
43450,300,1000,"bu","13:51:52",1349700
43350,200,200,"bu","13:52:14",1349900
43450,300,100,"bu","13:52:15",1350000
43450,300,300,"sd","13:52:35",1350300
43400,250,200,"bu","13:52:44",1350500
43400,250,1000,"sd","13:52:47",1351500
43400,250,600,"sd","13:53:05",1352100
43400,250,200,"bu","13:53:13",1352300
43400,250,100,"bu","13:53:16",1352400
43400,250,300,"bu","13:53:17",1352700
43400,250,100,"bu","13:53:31",1352800
43400,250,2000,"bu","13:53:34",1354800
43400,250,4700,"sd","13:53:36",1359500
43400,250,200,"sd","13:53:38",1359700
43350,200,500,"sd","13:54:26",1360200
43400,250,6000,"bu","13:54:37",1366200
43400,250,8100,"sd","13:54:45",1374300
43450,300,2800,"sd","13:54:49",1377100
43400,250,100,"sd","13:55:07",1377200
43450,300,2800,"sd","13:55:10",1380000
43400,250,200,"bu","13:55:14",1380200
43400,250,100,"bu","13:55:29",1380300
43450,300,2800,"bu","13:55:31",1383100
43400,250,200,"sd","13:55:44",1383300
43400,250,3800,"bu","13:55:52",1387100
43400,250,3700,"sd","13:55:59",1390800
43400,250,1300,"bu","13:56:03",1392100
43450,300,2800,"bu","13:56:11",1394900
43400,250,200,"sd","13:56:14",1395100
43400,250,100,"sd","13:56:17",1395200
43400,250,1000,"sd","13:56:31",1396200
43450,300,2800,"sd","13:56:34",1399000
43400,250,200,"sd","13:56:45",1399200
43450,300,2800,"bu","13:57:03",1402000
43400,250,200,"sd","13:57:14",1402200
43450,300,2800,"bu","13:57:26",1405000
43450,300,1000,"sd","13:57:37",1406000
43450,300,2500,"sd","13:57:38",1408500
43450,300,900,"sd","13:57:40",1409400
43450,300,1000,"sd","13:57:41",1410400
43400,250,200,"sd","13:57:44",1410600
43450,300,8400,"sd","13:57:48",1419000
43450,300,500,"sd","13:57:53",1419500
43450,300,300,"bu","13:57:58",1419800
43450,300,2000,"sd","13:58:00",1421800
43450,300,300,"sd","13:58:02",1422100
43450,300,2800,"sd","13:58:05",1424900
43450,300,5000,"sd","13:58:06",1429900
43450,300,300,"bu","13:58:08",1430200
43400,250,18800,"sd","13:58:15",1449000
43450,300,500,"bu","13:58:19",1449500
43450,300,200,"bu","13:58:33",1449700
43450,300,500,"bu","13:58:34",1450200
43450,300,200,"sd","13:58:44",1450400
43450,300,500,"sd","13:58:52",1450900
43400,250,500,"sd","13:59:08",1451400
43400,250,200,"bu","13:59:15",1451600
43400,250,100,"bu","13:59:34",1451700
43400,250,200,"bu","13:59:46",1451900
43400,250,1000,"bu","13:59:55",1452900
43400,250,100,"bu","14:00:08",1453000
43400,250,200,"sd","14:00:16",1453200
43450,300,6000,"sd","14:00:17",1459200
43450,300,4900,"sd","14:00:25",1464100
43450,300,7200,"sd","14:00:50",1471300
43450,300,20700,"sd","14:01:15",1492000
43450,300,1100,"sd","14:02:29",1493100
43400,250,200,"bu","14:02:47",1493300
43500,350,2800,"sd","14:03:09",1496100
43400,250,200,"sd","14:03:17",1496300
43450,300,400,"sd","14:03:22",1496700
43450,300,900,"bu","14:03:29",1497600
43500,350,2800,"sd","14:03:31",1500400
43450,300,300,"sd","14:03:42",1500700
43450,300,200,"bu","14:03:44",1500900
43450,300,500,"bu","14:04:02",1501400
43450,300,400,"sd","14:04:17",1501800
43450,300,700,"sd","14:04:58",1502500
43450,300,5100,"sd","14:05:13",1507600
43450,300,100,"sd","14:05:14",1507700
43450,300,200,"bu","14:05:17",1507900
43450,300,100,"bu","14:05:21",1508000
43450,300,200,"bu","14:05:47",1508200
43450,300,200,"bu","14:05:53",1508400
43450,300,400,"bu","14:05:57",1508800
43450,300,1000,"bu","14:05:58",1509800
43450,300,5000,"sd","14:06:10",1514800
43450,300,3000,"sd","14:06:16",1517800
43400,250,1000,"bu","14:06:18",1518800
43450,300,1200,"bu","14:06:45",1520000
43400,250,200,"sd","14:06:48",1520200
43450,300,500,"sd","14:07:55",1520700
43400,250,10200,"bu","14:08:19",1530900
43400,250,200,"bu","14:08:43",1531100
43400,250,100,"sd","14:08:44",1531200
43400,250,200,"bu","14:08:48",1531400
43400,250,700,"sd","14:09:01",1532100
43450,300,2800,"sd","14:09:07",1534900
43400,250,200,"bu","14:09:18",1535100
43400,250,300,"sd","14:09:26",1535400
43400,250,100,"sd","14:09:32",1535500
43400,250,300,"bu","14:09:48",1535800
43400,250,100,"sd","14:09:55",1535900
43400,250,500,"bu","14:10:15",1536400
43400,250,200,"sd","14:10:18",1536600
43400,250,1400,"sd","14:10:25",1538000
43450,300,800,"bu","14:10:33",1538800
43400,250,400,"bu","14:10:43",1539200
43400,250,200,"bu","14:10:48",1539400
43400,250,100,"bu","14:10:50",1539500
43400,250,300,"bu","14:11:05",1539800
43450,300,200,"bu","14:11:10",1540000
43400,250,10000,"bu","14:11:14",1550000
43400,250,1100,"bu","14:11:19",1551100
43400,250,100,"bu","14:11:38",1551200
43400,250,300,"sd","14:11:49",1551500
43450,300,300,"sd","14:11:51",1551800
43400,250,400,"bu","14:12:00",1552200
43400,250,200,"sd","14:12:19",1552400
43400,250,800,"sd","14:12:26",1553200
43450,300,400,"sd","14:12:39",1553600
43400,250,200,"sd","14:12:49",1553800
43400,250,1200,"sd","14:12:57",1555000
43400,250,200,"bu","14:13:20",1555200
43400,250,2100,"sd","14:14:02",1557300
43400,250,200,"sd","14:14:13",1557500
43450,300,3200,"bu","14:14:24",1560700
43450,300,4000,"sd","14:14:40",1564700
43450,300,2800,"sd","14:14:44",1567500
43450,300,4100,"sd","14:14:47",1571600
43450,300,300,"sd","14:14:49",1571900
43400,250,200,"bu","14:14:50",1572100
43450,300,4200,"sd","14:14:53",1576300
43450,300,3900,"bu","14:15:04",1580200
43450,300,2800,"sd","14:15:06",1583000
43450,300,4000,"sd","14:15:11",1587000
43450,300,4000,"bu","14:15:19",1591000
43400,250,200,"sd","14:15:20",1591200
43450,300,7400,"sd","14:15:25",1598600
43450,300,4400,"sd","14:15:28",1603000
43400,250,200,"sd","14:15:42",1603200
43400,250,3800,"bu","14:15:45",1607000
43450,300,500,"bu","14:15:49",1607500
43400,250,200,"sd","14:15:51",1607700
43450,300,2000,"bu","14:15:57",1609700
43450,300,4500,"sd","14:16:03",1614200
43450,300,2800,"bu","14:16:05",1617000
43450,300,1200,"sd","14:16:06",1618200
43450,300,300,"bu","14:16:17",1618500
43400,250,200,"sd","14:16:20",1618700
43450,300,11000,"sd","14:16:25",1629700
43450,300,1000,"bu","14:16:26",1630700
43500,350,110000,"bu","14:16:34",1740700
43500,350,23000,"bu","14:16:47",1763700
43400,250,200,"sd","14:16:51",1763900
43450,300,2100,"bu","14:16:59",1766000
43450,300,200,"sd","14:17:21",1766200
43500,350,1500,"sd","14:17:28",1767700
43500,350,8900,"sd","14:17:32",1776600
43500,350,500,"sd","14:17:34",1777100
43500,350,500,"sd","14:17:35",1777600
43500,350,100,"bu","14:17:42",1777700
43500,350,200,"sd","14:17:51",1777900
43550,400,10400,"sd","14:17:55",1788300
43500,350,900,"bu","14:18:12",1789200
43550,400,500,"sd","14:18:13",1789700
43550,400,900,"sd","14:18:16",1790600
43500,350,200,"bu","14:18:21",1790800
43500,350,1000,"bu","14:18:43",1791800
43500,350,200,"bu","14:18:50",1792000
43500,350,100,"sd","14:18:53",1792100
43500,350,1000,"bu","14:18:57",1793100
43500,350,100,"bu","14:19:12",1793200
43500,350,300,"sd","14:19:24",1793500
43500,350,3000,"bu","14:19:27",1796500
43500,350,100,"bu","14:19:41",1796600
43450,300,16400,"bu","14:20:10",1813000
43500,350,2600,"sd","14:20:15",1815600
43450,300,200,"sd","14:20:24",1815800
43500,350,500,"bu","14:20:31",1816300
43500,350,1000,"bu","14:20:33",1817300
43500,350,500,"bu","14:20:38",1817800
43500,350,700,"bu","14:20:41",1818500
43500,350,5100,"bu","14:20:48",1823600
43500,350,200,"bu","14:20:53",1823800
43500,350,100,"sd","14:21:08",1823900
43500,350,1000,"bu","14:21:15",1824900
43500,350,1100,"bu","14:21:23",1826000
43500,350,400,"bu","14:21:24",1826400
43450,300,1000,"bu","14:21:26",1827400
43500,350,1000,"sd","14:21:33",1828400
43500,350,300,"sd","14:21:42",1828700
43500,350,400,"bu","14:21:46",1829100
43450,300,2200,"bu","14:21:56",1831300
43500,350,100,"bu","14:22:23",1831400
43450,300,200,"sd","14:22:27",1831600
43500,350,100,"bu","14:22:36",1831700
43450,300,300,"sd","14:22:57",1832000
43500,350,4600,"bu","14:23:50",1836600
43500,350,100,"bu","14:23:53",1836700
43450,300,200,"bu","14:23:57",1836900
43450,300,300,"sd","14:24:25",1837200
43450,300,200,"bu","14:24:27",1837400
43450,300,1000,"bu","14:24:38",1838400
43450,300,200,"bu","14:24:57",1838600
43500,350,100,"bu","14:25:25",1838700
43450,300,200,"sd","14:25:27",1838900
43500,350,14400,"bu","14:25:39",1853300
43500,350,2000,"bu","14:25:51",1855300
43500,350,100,"sd","14:25:52",1855400
43500,350,1300,"bu","14:26:15",1856700
43450,300,1700,"bu","14:26:43",1858400
43450,300,200,"bu","14:26:57",1858600
43450,300,2400,"bu","14:26:59",1861000
43450,300,100,"bu","14:27:17",1861100
43450,300,1000,"sd","14:27:19",1862100
43450,300,100,"bu","14:27:23",1862200
43450,300,1000,"bu","14:27:25",1863200
43450,300,200,"bu","14:27:27",1863400
43450,300,1000,"bu","14:27:29",1864400
43450,300,7500,"sd","14:27:35",1871900
43450,300,500,"bu","14:27:43",1872400
43450,300,100,"sd","14:27:45",1872500
43450,300,1000,"bu","14:27:48",1873500
43450,300,200,"sd","14:27:50",1873700
43450,300,1300,"bu","14:27:57",1875000
43450,300,100,"sd","14:27:59",1875100
43450,300,1100,"bu","14:28:55",1876200
43450,300,100,"sd","14:28:59",1876300
43450,300,3800,"sd","14:29:06",1880100
43500,350,3100,"sd","14:29:08",1883200
43450,300,4100,"sd","14:29:15",1887300
43500,350,2000,"bu","14:29:19",1889300
43450,300,100,"sd","14:29:39",1889400
43450,300,400,"sd","14:30:01",1889800
43400,250,87700,"bu","14:45:10",1977500
