"price","change","match_qtty","side","time","total_vol"
67600,0,11300,"sd","09:15:06",11300
67800,200,100,"sd","09:17:02",11400
67900,300,3000,"sd","09:17:37",14400
67900,300,100,"sd","09:17:41",14500
67900,300,300,"sd","09:17:49",14800
67900,300,2000,"bu","09:17:54",16800
67900,300,3000,"bu","09:17:56",19800
67900,300,700,"sd","09:18:01",20500
67900,300,1000,"sd","09:18:03",21500
67900,300,200,"sd","09:18:11",21700
67900,300,500,"sd","09:18:13",22200
67900,300,100,"sd","09:18:21",22300
67900,300,1800,"sd","09:18:29",24100
67900,300,200,"sd","09:18:31",24300
67900,300,5200,"bu","09:18:38",29500
67900,300,400,"sd","09:18:39",29900
67900,300,800,"bu","09:18:40",30700
67900,300,500,"sd","09:18:42",31200
67900,300,800,"sd","09:18:44",32000
67900,300,800,"bu","09:18:53",32800
67900,300,1000,"sd","09:19:07",33800
67900,300,100,"bu","09:19:15",33900
68000,400,200,"bu","09:19:57",34100
68000,400,100,"bu","09:20:11",34200
68000,400,1200,"bu","09:20:42",35400
68000,400,200,"bu","09:20:46",35600
67900,300,100,"bu","09:20:48",35700
68000,400,200,"sd","09:20:51",35900
68000,400,400,"sd","09:21:38",36300
68000,400,1400,"sd","09:21:56",37800
68000,400,200,"bu","09:22:01",38000
68000,400,100,"bu","09:22:20",38100
68000,400,300,"bu","09:22:38",38400
68000,400,1100,"sd","09:22:46",39500
68000,400,1400,"sd","09:22:54",40900
68000,400,8700,"sd","09:22:54",49600
68000,400,3300,"sd","09:23:03",52900
68000,400,400,"sd","09:23:11",53300
68000,400,1400,"sd","09:23:14",54700
68000,400,400,"sd","09:23:16",56000
68000,400,200,"bu","09:23:19",59900
68000,400,600,"sd","09:23:32",60500
68100,500,700,"sd","09:23:42",61200
68100,500,300,"sd","09:23:58",61500
68100,500,900,"sd","09:24:11",62400
68100,500,400,"bu","09:24:35",62800
68100,500,100,"sd","09:24:44",62900
68100,500,2300,"bu","09:25:08",65200
68100,500,300,"bu","09:25:10",65500
68000,400,100,"sd","09:25:34",65600
68100,500,200,"sd","09:26:34",65800
68100,500,900,"sd","09:27:32",66700
68100,500,4900,"sd","09:27:35",76700
68100,500,800,"bu","09:27:41",77500
68200,600,1400,"bu","09:27:56",78900
68100,500,500,"bu","09:27:58",79400
68100,500,2600,"bu","09:28:18",82000
68100,500,300,"bu","09:28:21",82300
68100,500,400,"bu","09:28:35",82700
68100,500,1000,"bu","09:28:46",83700
68100,500,2000,"bu","09:28:50",85700
68100,500,400,"bu","09:28:51",86100
68100,500,700,"sd","09:29:04",86800
68100,500,100,"sd","09:29:06",86900
68100,500,1300,"bu","09:29:45",88200
68100,500,800,"bu","09:29:49",89000
68100,500,2800,"bu","09:29:49",91800
68100,500,2000,"bu","09:30:03",93800
68200,600,5600,"bu","09:30:56",99400
68200,600,2000,"sd","09:31:02",101400
68200,600,4200,"bu","09:31:10",105600
68200,600,2000,"bu","09:31:21",107600
68200,600,4200,"bu","09:31:22",111800
68100,500,800,"sd","09:31:32",112600
68200,600,4200,"bu","09:31:33",116800
68200,600,3900,"sd","09:31:54",120700
68200,600,5500,"bu","09:31:57",126200
68200,600,200,"sd","09:32:11",126400
68200,600,100,"bu","09:32:18",126500
68200,600,700,"sd","09:32:25",127200
68200,600,100,"bu","09:32:34",127300
68300,700,2000,"bu","09:32:44",129300
68300,700,10000,"sd","09:33:05",139300
68200,600,500,"sd","09:33:11",139800
68300,700,2000,"bu","09:33:30",141800
68300,700,300,"sd","09:33:37",142100
68400,800,6700,"sd","09:33:41",148800
68400,800,2000,"bu","09:33:50",150800
68300,700,200,"sd","09:33:54",151000
68400,800,200,"sd","09:34:01",151200
68400,800,4200,"bu","09:34:02",155400
68400,800,2000,"sd","09:34:09",157400
68400,800,900,"bu","09:34:15",158300
68400,800,300,"bu","09:34:18",158600
68500,900,20000,"sd","09:34:19",178600
68400,800,100,"bu","09:34:20",178700
68500,900,2000,"bu","09:34:32",180700
68500,900,300,"sd","09:34:41",181000
68500,900,500,"sd","09:34:45",181500
68500,900,300,"sd","09:34:49",181800
68500,900,500,"bu","09:34:50",182300
68500,900,2200,"bu","09:34:51",184500
68400,800,100,"bu","09:34:55",184600
68500,900,2000,"sd","09:34:58",186600
68500,900,3100,"sd","09:34:59",189700
68500,900,500,"bu","09:35:00",190200
68500,900,1100,"sd","09:35:01",191300
68500,900,300,"sd","09:35:09",191600
68500,900,300,"sd","09:35:15",191900
68500,900,7200,"sd","09:35:17",199100
68500,900,100,"bu","09:35:19",199200
68500,900,4500,"bu","09:35:45",203700
68500,900,2500,"sd","09:36:05",206200
68600,1000,2000,"bu","09:36:16",208200
68600,1000,200,"bu","09:36:20",208400
68600,1000,300,"sd","09:36:21",208700
68500,900,1400,"sd","09:36:23",210100
68500,900,100,"bu","09:36:33",210200
68600,1000,1300,"bu","09:36:34",211500
68600,1000,200,"bu","09:36:34",211700
68600,1000,1100,"bu","09:37:10",212800
68600,1000,800,"bu","09:37:12",213600
68600,1000,1600,"bu","09:37:13",215200
68600,1000,1000,"sd","09:37:14",216200
68600,1000,10000,"bu","09:37:16",226200
68600,1000,400,"sd","09:37:17",226600
68600,1000,1200,"sd","09:37:38",227800
68600,1000,500,"sd","09:37:45",228300
68700,1100,100,"sd","09:37:47",228400
68700,1100,5200,"bu","09:38:06",233600
68700,1100,200,"sd","09:38:21",233800
68700,1100,100,"sd","09:38:26",233900
68700,1100,3000,"bu","09:38:29",236900
68600,1000,2000,"sd","09:38:43",253000
68600,1000,4800,"sd","09:38:59",257800
68500,900,300,"bu","09:39:00",258100
68500,900,100,"sd","09:39:05",258200
68600,1000,2100,"bu","09:39:09",260300
68500,900,200,"bu","09:39:15",260500
68500,900,2000,"sd","09:39:28",262500
68500,900,200,"bu","09:39:35",262700
68500,900,600,"sd","09:39:36",263300
68500,900,2000,"sd","09:39:41",265300
68500,900,200,"sd","09:39:43",265500
68500,900,2000,"sd","09:39:44",267500
68500,900,200,"sd","09:39:47",267700
68500,900,2000,"bu","09:39:48",269700
68500,900,600,"bu","09:39:58",270300
68500,900,500,"bu","09:40:01",271000
68500,900,2000,"bu","09:40:08",273000
68500,900,2000,"bu","09:40:29",275000
68500,900,300,"sd","09:40:34",275300
68500,900,2100,"bu","09:40:50",277400
68500,900,500,"sd","09:40:54",277900
68500,900,2000,"bu","09:40:55",279900
68500,900,100,"sd","09:41:23",280000
68500,900,700,"sd","09:41:34",280700
68500,900,2000,"bu","09:41:43",282700
68400,800,200,"bu","09:41:53",282900
68500,900,300,"sd","09:41:57",283200
68600,1000,2000,"sd","09:42:03",285200
68500,900,200,"sd","09:42:15",285400
68600,1000,100,"sd","09:42:18",285500
68600,1000,600,"bu","09:42:22",286100
68600,1000,2000,"sd","09:42:25",288100
68500,900,300,"sd","09:42:31",288400
68600,1000,2800,"bu","09:42:36",291200
68600,1000,14800,"sd","09:42:49",306000
68600,1000,200,"bu","09:43:02",306200
68600,1000,2800,"bu","09:43:03",309000
68600,1000,2000,"sd","09:43:04",311000
68600,1000,1000,"bu","09:43:23",312000
68600,1000,2000,"sd","09:43:26",314000
68500,900,1500,"bu","09:43:39",315500
68600,1000,2000,"bu","09:43:45",317500
68500,900,1000,"bu","09:43:54",318500
68600,1000,100,"sd","09:43:55",318600
68600,1000,2000,"bu","09:43:56",320600
68600,1000,1600,"bu","09:44:12",322200
68600,1000,1000,"sd","09:44:39",323200
68600,1000,1000,"bu","09:44:47",324200
68600,1000,11100,"sd","09:44:52",335300
68600,1000,500,"sd","09:44:53",335800
68500,900,200,"sd","09:45:06",336000
68600,1000,300,"bu","09:45:12",336300
68500,900,1000,"bu","09:45:36",337300
68500,900,1100,"bu","09:45:49",338400
68500,900,200,"bu","09:45:58",338600
68600,1000,2000,"bu","09:45:59",340600
68500,900,100,"bu","09:46:07",340700
68500,900,1100,"sd","09:46:18",341800
68500,900,100,"bu","09:46:26",341900
68500,900,19400,"bu","09:46:34",361300
68500,900,200,"sd","09:46:51",361500
68500,900,200,"sd","09:46:54",361700
68400,800,3200,"bu","09:47:30",364900
68400,800,200,"sd","09:47:52",365100
68400,800,500,"sd","09:47:55",365600
68400,800,9400,"bu","09:47:56",375000
68500,900,2000,"sd","09:48:22",377000
68500,900,1000,"bu","09:48:50",378000
68500,900,200,"sd","09:48:54",378200
68400,800,2800,"bu","09:49:11",381000
68400,800,100,"sd","09:49:13",381100
68400,800,2100,"bu","09:49:15",383200
68400,800,2000,"bu","09:49:16",385200
68400,800,2100,"sd","09:49:48",387300
68400,800,2000,"bu","09:49:54",389300
68400,800,200,"sd","09:50:02",389500
68400,800,2700,"sd","09:50:04",392200
68400,800,2100,"bu","09:50:11",394300
68400,800,500,"bu","09:50:15",394800
68400,800,1000,"bu","09:50:18",395800
68400,800,200,"bu","09:50:22",396000
68400,800,8700,"sd","09:50:40",404700
68300,700,1600,"bu","09:50:59",406300
68300,700,100,"bu","09:51:10",406400
68400,800,300,"bu","09:51:20",406700
68400,800,1300,"bu","09:51:53",408000
68400,800,500,"bu","09:51:54",408500
68400,800,100,"bu","09:51:55",408600
68400,800,300,"sd","09:52:18",408900
68400,800,500,"sd","09:52:24",409400
68400,800,300,"bu","09:52:47",409700
68400,800,1000,"sd","09:53:17",410700
68400,800,2000,"sd","09:53:22",412700
68400,800,1200,"sd","09:53:23",413900
68400,800,500,"bu","09:53:40",414400
68400,800,2000,"bu","09:53:41",416400
68500,900,100,"bu","09:54:52",416500
68400,800,600,"bu","09:54:54",417100
68400,800,1700,"bu","09:55:15",418800
68400,800,600,"sd","09:55:19",419400
68500,900,300,"bu","09:55:28",419700
68500,900,500,"bu","09:55:34",420200
68500,900,7000,"sd","09:55:36",427200
68500,900,2800,"sd","09:55:38",430000
68500,900,5200,"bu","09:55:39",435200
68600,1000,5900,"sd","09:56:00",441100
68500,900,300,"sd","09:56:00",441400
68500,900,500,"sd","09:56:51",441900
68600,1000,2600,"sd","09:57:10",444500
68500,900,1000,"bu","09:57:15",445500
68600,1000,4100,"sd","09:58:18",449600
68600,1000,500,"bu","09:58:43",450100
68600,1000,2000,"sd","09:59:14",452100
68600,1000,4100,"sd","09:59:25",456200
68600,1000,1000,"sd","09:59:28",457200
68500,900,500,"sd","09:59:42",457700
68500,900,100,"sd","10:00:14",457800
68500,900,300,"bu","10:00:17",458100
68500,900,200,"bu","10:00:43",458300
68500,900,1200,"sd","10:00:47",459500
68500,900,10000,"sd","10:01:11",469500
68500,900,100,"bu","10:01:20",469600
68500,900,500,"bu","10:01:30",470100
68600,1000,2100,"sd","10:01:35",472200
68500,900,100,"bu","10:02:22",472300
68600,1000,2100,"sd","10:02:29",474400
68500,900,100,"sd","10:02:54",474500
68600,1000,2200,"bu","10:03:28",476700
68600,1000,200,"sd","10:03:53",476900
68600,1000,2100,"bu","10:04:24",479000
68600,1000,1100,"sd","10:04:49",480100
68500,900,100,"bu","10:05:08",480200
68600,1000,200,"bu","10:05:12",480400
68500,900,100,"sd","10:05:13",480500
68600,1000,2100,"bu","10:05:27",482600
68600,1000,100,"sd","10:05:57",482700
68600,1000,2600,"bu","10:06:03",485300
68600,1000,2100,"sd","10:06:35",487400
68600,1000,500,"bu","10:06:36",487900
68600,1000,2100,"bu","10:07:15",490000
68500,900,400,"bu","10:07:26",490400
68600,1000,1000,"sd","10:07:28",491400
68600,1000,1200,"sd","10:07:41",492600
68600,1000,800,"bu","10:07:42",494600
68600,1000,2000,"bu","10:07:46",496600
68600,1000,2800,"sd","10:07:49",499400
68600,1000,700,"bu","10:07:56",500100
68600,1000,100,"bu","10:08:22",500200
68600,1000,2100,"sd","10:08:26",502300
68600,1000,100,"bu","10:08:27",502400
68500,900,16100,"bu","10:08:51",518500
68600,1000,200,"sd","10:08:59",518700
68600,1000,200,"sd","10:08:59",518900
68500,900,500,"bu","10:09:27",519400
68500,900,300,"sd","10:09:45",519700
68600,1000,4200,"sd","10:09:49",523900
68600,1000,11000,"sd","10:10:03",534900
68600,1000,100,"sd","10:10:09",535000
68600,1000,2600,"sd","10:10:19",537600
68600,1000,1000,"bu","10:10:26",538600
68600,1000,800,"sd","10:10:28",539400
68600,1000,700,"bu","10:11:07",540100
68600,1000,300,"bu","10:11:11",540400
68600,1000,1500,"bu","10:11:27",541900
68600,1000,5000,"sd","10:12:04",546900
68600,1000,100,"bu","10:12:15",547000
68600,1000,500,"sd","10:12:16",547500
68600,1000,100,"bu","10:12:19",547600
68600,1000,300,"bu","10:12:35",547900
68600,1000,1000,"sd","10:12:49",548900
68600,1000,100,"sd","10:13:02",549000
68600,1000,200,"sd","10:13:06",549200
68600,1000,100,"sd","10:13:13",549300
68600,1000,500,"sd","10:13:13",549800
68600,1000,600,"sd","10:13:14",550400
68700,1100,2100,"bu","10:13:15",552500
68700,1100,100,"bu","10:13:51",552600
68700,1100,300,"sd","10:14:08",552900
68700,1100,2100,"sd","10:14:11",555000
68700,1100,800,"sd","10:14:12",555800
68700,1100,300,"sd","10:14:18",556100
68600,1000,1000,"sd","10:14:43",557100
68600,1000,200,"bu","10:14:58",557300
68600,1000,300,"bu","10:15:02",557600
68600,1000,500,"bu","10:15:11",558100
68600,1000,4500,"bu","10:15:20",562600
68600,1000,100,"bu","10:15:24",562700
68600,1000,1100,"bu","10:15:58",563800
68600,1000,500,"bu","10:16:09",564300
68600,1000,100,"bu","10:16:13",564400
68600,1000,1000,"sd","10:16:23",565400
68600,1000,1000,"sd","10:16:52",566400
68600,1000,500,"bu","10:17:07",566900
68700,1100,2100,"bu","10:17:14",569000
68600,1000,500,"sd","10:17:17",569500
68600,1000,1000,"bu","10:17:42",570500
68600,1000,100,"sd","10:17:49",570600
68600,1000,5000,"bu","10:17:54",575600
68700,1100,200,"sd","10:17:55",575800
68600,1000,400,"bu","10:18:14",576200
68600,1000,100,"bu","10:18:14",576300
68700,1100,1200,"bu","10:18:32",577500
68700,1100,2000,"bu","10:19:16",579500
68600,1000,100,"bu","10:19:59",579600
68600,1000,500,"bu","10:20:02",580100
68600,1000,100,"bu","10:20:54",580200
68600,1000,600,"bu","10:21:01",580800
68600,1000,500,"sd","10:21:28",581300
68600,1000,700,"sd","10:22:06",582000
68600,1000,1400,"bu","10:22:20",583400
68600,1000,18200,"sd","10:22:34",601600
68700,1100,3000,"bu","10:22:38",604600
68700,1100,300,"bu","10:22:43",604900
68600,1000,500,"sd","10:22:49",605400
68600,1000,500,"sd","10:22:56",605900
68600,1000,300,"bu","10:23:20",606200
68600,1000,100,"sd","10:23:32",606300
68600,1000,300,"bu","10:23:38",606600
68600,1000,1000,"sd","10:23:46",607600
68600,1000,500,"sd","10:23:54",608100
68600,1000,200,"sd","10:23:56",608300
68600,1000,1300,"bu","10:24:00",609600
68600,1000,500,"bu","10:24:07",610100
68600,1000,5000,"bu","10:24:12",615100
68500,900,8700,"sd","10:24:18",623800
68500,900,500,"bu","10:24:53",624300
68600,1000,2600,"sd","10:25:22",626900
68600,1000,2100,"sd","10:26:17",629000
68600,1000,3000,"bu","10:26:22",632000
68600,1000,100,"sd","10:26:33",632100
68600,1000,300,"bu","10:26:39",632400
68600,1000,500,"sd","10:26:45",632900
68600,1000,4000,"bu","10:27:19",636900
68600,1000,2100,"sd","10:27:20",639000
68600,1000,5000,"bu","10:27:26",644000
68600,1000,100,"sd","10:27:29",644100
68600,1000,1400,"sd","10:27:31",645500
68600,1000,300,"bu","10:27:35",645800
68600,1000,1000,"sd","10:27:48",646800
68600,1000,100,"sd","10:27:59",646900
68600,1000,200,"bu","10:28:20",647100
68600,1000,600,"sd","10:28:46",647700
68600,1000,200,"sd","10:29:10",647900
68600,1000,5700,"bu","10:29:13",653600
68600,1000,2100,"sd","10:29:19",655700
68600,1000,600,"bu","10:30:11",656300
68600,1000,3000,"sd","10:30:12",659300
68500,900,200,"bu","10:30:16",659500
68600,1000,2100,"bu","10:30:19",661600
68600,1000,300,"bu","10:30:28",661900
68500,900,10000,"bu","10:31:08",671900
68500,900,1600,"bu","10:31:30",673500
68600,1000,200,"sd","10:31:31",673700
68600,1000,100,"sd","10:31:32",673800
68600,1000,2200,"sd","10:32:37",676000
68600,1000,25100,"bu","10:34:06",701100
68600,1000,100,"bu","10:34:18",701200
68700,1100,2800,"sd","10:34:20",704000
68600,1000,18300,"sd","10:34:40",722300
68600,1000,500,"bu","10:34:42",722800
68600,1000,2000,"bu","10:36:05",724800
68600,1000,2100,"sd","10:36:08",726900
68600,1000,100,"sd","10:36:10",727000
68600,1000,2200,"sd","10:36:32",729200
68600,1000,2000,"sd","10:37:04",731200
68600,1000,300,"bu","10:37:08",731500
68600,1000,3000,"bu","10:37:22",734500
68600,1000,2000,"bu","10:37:23",736500
68600,1000,100,"sd","10:38:36",736600
68600,1000,2100,"bu","10:39:15",738700
68600,1000,700,"sd","10:39:25",739400
68600,1000,100,"bu","10:39:34",739500
68600,1000,3100,"sd","10:40:35",742600
68600,1000,2800,"bu","10:40:48",745400
68600,1000,700,"bu","10:41:03",746100
68600,1000,2800,"sd","10:42:15",748900
68600,1000,600,"sd","10:42:36",749500
68600,1000,2100,"sd","10:42:44",751600
68600,1000,100,"sd","10:42:46",751700
68600,1000,20700,"bu","10:43:07",772400
68600,1000,100,"bu","10:43:10",772500
68600,1000,500,"sd","10:43:19",773000
68600,1000,100,"bu","10:43:20",773100
68600,1000,700,"sd","10:43:31",773800
68600,1000,10900,"bu","10:43:35",784700
68600,1000,300,"sd","10:43:43",785000
68600,1000,9300,"bu","10:44:08",794300
68600,1000,1100,"bu","10:44:20",795400
68600,1000,200,"sd","10:44:23",795600
68500,900,2000,"sd","10:44:30",797600
68600,1000,200,"sd","10:44:44",797800
68600,1000,700,"bu","10:45:13",798500
68600,1000,1600,"bu","10:45:17",800100
68600,1000,1300,"sd","10:45:49",801400
68600,1000,1700,"bu","10:45:57",803100
68600,1000,100,"sd","10:45:58",803200
68600,1000,500,"sd","10:46:13",803700
68600,1000,1300,"bu","10:47:00",805000
68600,1000,600,"bu","10:47:12",805600
68700,1100,2100,"sd","10:47:21",807700
68600,1000,11200,"bu","10:47:44",818900
68700,1100,2000,"sd","10:48:10",820900
68700,1100,2100,"sd","10:48:27",823000
68600,1000,2000,"sd","10:48:39",825000
68700,1100,100,"sd","10:48:42",825100
68700,1100,400,"sd","10:48:58",825500
68700,1100,100,"bu","10:49:05",825600
68700,1100,2200,"sd","10:49:17",827800
68700,1100,500,"sd","10:49:39",828300
68600,1000,700,"sd","10:50:06",829000
68700,1100,100,"sd","10:50:13",829100
68700,1100,2100,"bu","10:50:15",831200
68700,1100,500,"bu","10:50:27",831700
68700,1100,2200,"bu","10:51:25",833900
68700,1100,3000,"bu","10:51:37",836900
68600,1000,4000,"sd","10:51:47",840900
68700,1100,6300,"sd","10:52:01",847200
68700,1100,1800,"bu","10:52:23",849000
68700,1100,300,"sd","10:52:24",849300
68700,1100,400,"sd","10:52:27",849700
68700,1100,1000,"sd","10:52:34",850700
68700,1100,100,"bu","10:53:06",850800
68700,1100,2600,"sd","10:53:27",853400
68700,1100,100,"bu","10:53:32",853500
68700,1100,3500,"sd","10:54:17",857000
68700,1100,1600,"sd","10:54:18",858600
68600,1000,20000,"bu","10:54:38",878600
68600,1000,1000,"bu","10:54:43",879600
68600,1000,500,"bu","10:54:57",880100
68600,1000,200,"sd","10:55:48",880300
68600,1000,400,"bu","10:55:56",880700
68600,1000,1500,"sd","10:56:12",882200
68600,1000,400,"sd","10:56:14",882600
68600,1000,500,"bu","10:56:25",883100
68600,1000,500,"sd","10:56:54",883600
68600,1000,1000,"bu","10:56:56",884600
68600,1000,1000,"sd","10:57:24",885600
68600,1000,800,"sd","10:57:52",886400
68600,1000,4900,"bu","10:58:02",891300
68600,1000,300,"bu","10:58:03",891600
68600,1000,200,"bu","10:58:07",891800
68600,1000,100,"bu","10:58:30",891900
68600,1000,1200,"sd","10:58:50",893100
68600,1000,300,"sd","10:59:34",893400
68600,1000,200,"bu","10:59:44",893600
68600,1000,400,"bu","10:59:48",894000
68600,1000,200,"bu","11:00:05",894200
68600,1000,1200,"bu","11:00:19",895400
68600,1000,1000,"sd","11:00:27",896400
68700,1100,2700,"sd","11:00:28",899100
68600,1000,100,"bu","11:00:53",899200
68600,1000,600,"bu","11:01:16",899800
68600,1000,4000,"sd","11:01:30",903800
68600,1000,300,"bu","11:01:36",904100
68600,1000,500,"sd","11:01:45",904600
68600,1000,3000,"bu","11:02:01",907600
68600,1000,200,"bu","11:02:11",907800
68600,1000,100,"sd","11:02:34",907900
68600,1000,500,"bu","11:02:44",908400
68600,1000,4700,"sd","11:03:15",913100
68600,1000,800,"sd","11:03:22",913900
68600,1000,2500,"bu","11:03:25",916400
68600,1000,2300,"sd","11:04:43",918700
68600,1000,4000,"sd","11:05:13",922700
68600,1000,2100,"bu","11:05:16",924800
68600,1000,6600,"sd","11:05:26",931400
68600,1000,500,"bu","11:05:38",931900
68600,1000,100,"sd","11:06:05",932000
68600,1000,600,"bu","11:06:36",932600
68600,1000,600,"bu","11:07:24",933200
68600,1000,500,"sd","11:07:25",933700
68600,1000,100,"sd","11:07:29",933800
68600,1000,500,"bu","11:07:35",934300
68600,1000,200,"sd","11:08:15",934500
68600,1000,700,"sd","11:08:33",935200
68600,1000,1000,"bu","11:08:42",936200
68700,1100,300,"bu","11:08:49",936500
68600,1000,100,"bu","11:08:59",936600
68700,1100,2100,"sd","11:09:21",938700
68600,1000,100,"bu","11:09:24",938800
68600,1000,500,"sd","11:09:31",939300
68600,1000,100,"sd","11:09:35",939400
68700,1100,1400,"sd","11:10:01",940800
68600,1000,1900,"sd","11:11:11",942700
68600,1000,400,"sd","11:11:28",943100
68700,1100,1000,"sd","11:11:30",944100
68700,1100,2100,"sd","11:13:18",946200
68600,1000,1000,"bu","11:13:21",947200
68600,1000,500,"bu","11:13:24",947700
68700,1100,400,"sd","11:13:55",948100
68700,1100,100,"bu","11:14:56",948200
68700,1100,2100,"bu","11:15:57",950300
68700,1100,700,"sd","11:16:02",951000
68700,1100,1400,"sd","11:16:23",952400
68700,1100,100,"sd","11:17:06",952500
68700,1100,2100,"bu","11:17:15",954600
68700,1100,2100,"sd","11:17:57",956700
68700,1100,2000,"sd","11:18:14",958700
68700,1100,900,"sd","11:18:22",959600
68700,1100,1400,"bu","11:18:23",961000
68600,1000,2000,"bu","11:18:57",963000
68600,1000,400,"sd","11:19:14",963400
68600,1000,500,"bu","11:19:16",963900
68700,1100,10000,"bu","11:19:21",973900
68700,1100,2100,"bu","11:20:28",976000
68600,1000,3000,"sd","11:21:09",979000
68600,1000,600,"sd","11:22:07",979600
68700,1100,2800,"bu","11:23:23",982400
68700,1100,2100,"sd","11:23:26",984500
68700,1100,2100,"sd","11:25:07",986600
68700,1100,4600,"sd","11:26:09",991200
68700,1100,400,"bu","11:26:10",991600
68700,1100,2100,"sd","11:26:14",993700
68700,1100,2100,"bu","11:27:32",995800
68600,1000,18600,"bu","11:27:35",1014400
68700,1100,1500,"sd","11:27:39",1015900
68600,1000,400,"bu","11:27:44",1016300
68600,1000,900,"sd","11:28:01",1017200
68600,1000,400,"bu","11:28:13",1017600
68600,1000,4000,"bu","11:28:17",1021600
68600,1000,500,"bu","11:28:23",1022100
68600,1000,500,"bu","11:28:29",1022600
68600,1000,100,"sd","11:28:31",1022700
68600,1000,300,"sd","11:28:39",1023000
68700,1100,2100,"bu","11:29:14",1025100
68600,1000,500,"sd","11:29:27",1025600
68600,1000,1400,"sd","11:29:39",1027000
68700,1100,1000,"bu","11:29:57",1028000
68700,1100,1100,"sd","13:00:14",1029100
68700,1100,400,"sd","13:00:14",1029500
68600,1000,1200,"bu","13:00:26",1030700
68700,1100,300,"sd","13:00:27",1031000
68700,1100,3600,"sd","13:00:30",1034600
68600,1000,1000,"sd","13:00:33",1035600
68700,1100,100,"bu","13:00:36",1035700
68600,1000,3900,"sd","13:00:41",1039600
68500,900,500,"sd","13:00:42",1040100
68500,900,100,"bu","13:00:45",1040200
68700,1100,5900,"sd","13:01:13",1046100
68500,900,3500,"bu","13:01:31",1049600
68500,900,3500,"sd","13:02:01",1053100
68600,1000,600,"bu","13:02:16",1053700
68500,900,3500,"bu","13:02:31",1057200
68600,1000,400,"sd","13:02:45",1057600
68600,1000,100,"bu","13:02:46",1057700
68600,1000,1600,"sd","13:02:54",1059300
68500,900,3500,"bu","13:03:02",1062800
68600,1000,4200,"bu","13:03:03",1067000
68500,900,7700,"bu","13:03:33",1074700
68600,1000,2100,"bu","13:03:50",1076800
68500,900,200,"sd","13:04:00",1077000
68500,900,3500,"bu","13:04:01",1080500
68600,1000,1000,"sd","13:04:10",1081500
68500,900,5600,"sd","13:04:31",1087100
68500,900,7000,"sd","13:04:33",1094100
68600,1000,500,"sd","13:04:37",1094600
68500,900,3500,"sd","13:05:02",1098100
68500,900,10000,"bu","13:05:13",1108100
68500,900,1000,"bu","13:05:19",1109100
68500,900,100,"sd","13:05:26",1109200
68600,1000,2100,"bu","13:05:30",1111300
68500,900,3500,"bu","13:05:31",1114800
68500,900,500,"sd","13:05:43",1115300
68500,900,3500,"sd","13:06:02",1118800
68500,900,1000,"sd","13:06:15",1119800
68500,900,3500,"bu","13:06:32",1123300
68600,1000,100,"sd","13:06:45",1123400
68600,1000,5500,"bu","13:07:01",1128900
68500,900,3500,"sd","13:07:02",1132400
68500,900,100,"bu","13:07:22",1132500
68500,900,3600,"bu","13:07:32",1136100
68500,900,200,"sd","13:07:38",1136300
68500,900,500,"sd","13:07:41",1136800
68600,1000,2500,"sd","13:07:52",1139300
68500,900,100,"bu","13:07:55",1139400
68400,800,3500,"bu","13:08:02",1142900
68400,800,3500,"bu","13:08:32",1146400
68500,900,2100,"bu","13:08:46",1148500
68400,800,100,"bu","13:08:53",1148600
68400,800,3500,"sd","13:09:02",1152100
68500,900,2100,"sd","13:09:19",1154200
68400,800,3500,"sd","13:09:33",1157700
68500,900,1000,"bu","13:09:51",1158700
68500,900,4200,"sd","13:10:01",1162900
68400,800,1100,"bu","13:10:02",1164000
68400,800,2400,"sd","13:10:03",1166400
68500,900,2100,"bu","13:10:19",1168500
68400,800,3500,"bu","13:10:32",1172000
68500,900,100,"sd","13:10:35",1172100
68400,800,3600,"bu","13:11:03",1175700
68500,900,2100,"sd","13:11:11",1177800
68500,900,300,"sd","13:11:29",1178100
68400,800,3500,"sd","13:11:33",1181600
68500,900,5900,"sd","13:12:24",1187500
68400,800,3500,"sd","13:12:33",1191000
68500,900,1000,"sd","13:12:47",1192000
68400,800,3500,"sd","13:13:03",1195500
68500,900,2400,"sd","13:13:15",1197900
68500,900,600,"sd","13:13:21",1198500
68400,800,3500,"bu","13:13:33",1202000
68400,800,3500,"bu","13:14:03",1205500
68400,800,3500,"bu","13:14:34",1209000
68500,900,2400,"bu","13:14:35",1211400
68400,800,3500,"bu","13:15:03",1214900
68400,800,4300,"sd","13:15:05",1219200
68400,800,3600,"sd","13:15:33",1222800
68400,800,1600,"sd","13:15:40",1224400
68400,800,400,"bu","13:15:48",1224800
68400,800,3400,"sd","13:15:54",1228200
68300,700,3500,"sd","13:16:04",1231700
68300,700,500,"bu","13:16:21",1232200
68300,700,3500,"bu","13:16:45",1235700
68300,700,3500,"sd","13:17:13",1239200
68300,700,3500,"sd","13:17:43",1242700
68300,700,900,"bu","13:17:52",1243600
68300,700,300,"bu","13:18:01",1243900
68400,800,1700,"bu","13:18:23",1245600
68400,800,400,"sd","13:19:01",1246000
68400,800,300,"bu","13:19:33",1246300
68400,800,2100,"sd","13:19:53",1248400
68400,800,600,"sd","13:20:12",1249000
68400,800,200,"sd","13:20:29",1249200
68400,800,1100,"sd","13:21:15",1250300
68500,900,2200,"sd","13:21:26",1252500
68500,900,1400,"bu","13:21:42",1253900
68500,900,4200,"bu","13:21:46",1258100
68500,900,4200,"bu","13:21:56",1262300
68400,800,2000,"bu","13:22:06",1264300
68500,900,4200,"bu","13:22:12",1268500
68500,900,1400,"sd","13:22:19",1269900
68500,900,2100,"sd","13:22:33",1272000
68500,900,4200,"bu","13:22:53",1276200
68500,900,1400,"sd","13:23:09",1277600
68500,900,1500,"bu","13:23:20",1279100
68500,900,10000,"bu","13:23:23",1289100
68500,900,800,"bu","13:23:28",1289900
68500,900,2100,"bu","13:23:30",1292000
68500,900,4200,"bu","13:23:51",1296200
68500,900,1000,"sd","13:23:56",1297200
68500,900,2300,"bu","13:24:19",1299500
68500,900,1300,"bu","13:24:29",1300800
68500,900,10000,"sd","13:25:05",1310800
68500,900,1400,"sd","13:25:06",1312200
68500,900,1700,"bu","13:25:08",1313900
68500,900,5000,"sd","13:25:11",1318900
68500,900,2800,"bu","13:25:14",1321700
68500,900,200,"sd","13:25:23",1321900
68500,900,1700,"sd","13:26:22",1323600
68500,900,4000,"sd","13:26:55",1327600
68500,900,2100,"bu","13:26:56",1329700
68500,900,200,"bu","13:27:06",1329900
68500,900,1700,"sd","13:27:11",1331600
68500,900,100,"bu","13:27:12",1331700
68500,900,500,"bu","13:27:16",1332200
68500,900,300,"bu","13:27:18",1332500
68500,900,200,"sd","13:27:23",1332700
68500,900,100,"bu","13:27:51",1332800
68500,900,3500,"sd","13:27:55",1336300
68500,900,100,"sd","13:28:28",1336400
68500,900,800,"sd","13:28:32",1337200
68500,900,1000,"bu","13:29:49",1338200
68500,900,3000,"bu","13:30:02",1341200
68500,900,2900,"sd","13:30:32",1344100
68600,1000,100,"sd","13:30:38",1344200
68500,900,2900,"sd","13:31:01",1347100
68500,900,2900,"sd","13:31:32",1350000
68500,900,900,"sd","13:31:36",1350900
68500,900,4800,"bu","13:31:54",1355700
68500,900,3000,"sd","13:32:02",1358700
68400,800,2500,"sd","13:32:08",1361200
68500,900,2300,"bu","13:32:25",1363500
68400,800,2900,"sd","13:32:31",1366400
68400,800,2900,"sd","13:33:02",1369300
68400,800,300,"sd","13:33:26",1369600
68400,800,2900,"sd","13:33:32",1372500
68400,800,2900,"bu","13:34:02",1375400
68400,800,2900,"sd","13:34:31",1378300
68400,800,400,"sd","13:34:45",1378700
68500,900,500,"sd","13:35:00",1379200
68400,800,2900,"sd","13:35:03",1382100
68400,800,2500,"sd","13:35:10",1384600
68400,800,2900,"bu","13:35:32",1387500
68500,900,2400,"sd","13:35:46",1389900
68400,800,3000,"bu","13:36:02",1392900
68400,800,18900,"sd","13:36:19",1411800
68400,800,100,"bu","13:36:30",1411900
68300,700,3000,"bu","13:36:32",1414900
68400,800,2300,"sd","13:36:36",1417200
68400,800,200,"sd","13:36:56",1417400
68300,700,3000,"bu","13:37:02",1420400
68300,700,10900,"bu","13:37:28",1431300
68300,700,3000,"sd","13:37:32",1434300
68400,800,2300,"sd","13:37:38",1436600
68300,700,3000,"sd","13:38:02",1439600
68300,700,1500,"sd","13:38:05",1441100
68300,700,600,"bu","13:38:20",1441700
68300,700,4400,"bu","13:38:34",1446100
68300,700,100,"sd","13:38:38",1446200
68300,700,400,"bu","13:38:45",1446600
68200,600,3000,"bu","13:39:03",1449600
68300,700,200,"bu","13:39:16",1449800
68200,600,3000,"bu","13:39:33",1452800
68200,600,20000,"bu","13:39:39",1472800
68200,600,3000,"sd","13:40:03",1475800
68200,600,1000,"bu","13:40:15",1476800
68300,700,100,"sd","13:40:29",1476900
68200,600,5300,"sd","13:40:33",1482200
68200,600,300,"bu","13:40:51",1482500
68200,600,3000,"sd","13:41:03",1485500
68200,600,1400,"bu","13:41:18",1486900
68200,600,3000,"sd","13:41:34",1489900
68200,600,2500,"bu","13:41:39",1492400
68200,600,3000,"sd","13:42:03",1495400
68200,600,3000,"bu","13:42:33",1498400
68200,600,3000,"sd","13:43:03",1501400
68200,600,4000,"bu","13:43:34",1505400
68200,600,400,"bu","13:43:39",1505800
68300,700,7900,"sd","13:43:41",1513700
68300,700,3000,"bu","13:44:04",1516700
68500,900,60000,"sd","13:44:08",1576700
68400,800,3000,"sd","13:44:33",1579700
68500,900,6100,"sd","13:44:44",1585800
68400,800,3000,"bu","13:45:04",1588800
68300,700,3000,"bu","13:45:33",1591800
68300,700,3000,"sd","13:46:04",1594800
68300,700,1600,"sd","13:46:09",1596400
68400,800,2300,"bu","13:46:23",1598700
68300,700,100,"sd","13:46:25",1598800
68300,700,3000,"bu","13:46:35",1601800
68300,700,3000,"bu","13:47:04",1604800
68300,700,3000,"bu","13:47:34",1607800
68400,800,29100,"bu","13:47:57",1636900
68300,700,3000,"bu","13:48:04",1639900
68300,700,3000,"bu","13:48:35",1642900
68300,700,3000,"sd","13:49:04",1645900
68400,800,2100,"bu","13:49:19",1648000
68300,700,3000,"sd","13:49:35",1651000
68300,700,700,"sd","13:49:37",1651700
68300,700,3000,"sd","13:50:04",1654700
68300,700,300,"sd","13:50:09",1655000
68400,800,38000,"sd","13:50:10",1693000
68300,700,100,"bu","13:50:16",1693100
68400,800,700,"bu","13:50:25",1693800
68300,700,3000,"bu","13:50:34",1696800
68300,700,3000,"bu","13:51:05",1699800
68400,800,200,"bu","13:51:24",1700000
68300,700,3000,"bu","13:51:35",1703000
68500,900,10000,"sd","13:51:43",1713000
68500,900,100,"sd","13:51:58",1713100
68300,700,3000,"bu","13:52:05",1716100
68500,900,800,"bu","13:52:18",1716900
68500,900,100,"bu","13:52:32",1717000
68300,700,3000,"bu","13:52:35",1720000
68300,700,3000,"bu","13:53:05",1723000
68500,900,2300,"bu","13:53:19",1725300
68300,700,3000,"sd","13:53:36",1728300
68400,800,10000,"sd","13:53:47",1738300
68400,800,14000,"bu","13:54:03",1752300
68300,700,3000,"sd","13:54:05",1755300
68400,800,2300,"sd","13:54:24",1757600
68300,700,3000,"bu","13:54:36",1760600
68500,900,2700,"bu","13:54:50",1763300
68500,900,5000,"bu","13:55:11",1768300
68400,800,2500,"sd","13:55:27",1770800
68500,900,2000,"sd","13:55:29",1772800
68300,700,3000,"bu","13:55:35",1775800
68500,900,2000,"sd","13:55:53",1777800
68300,700,3000,"sd","13:56:06",1780800
68500,900,2100,"bu","13:56:11",1782900
68500,900,300,"sd","13:56:32",1783200
68500,900,2000,"bu","13:56:34",1785200
68300,700,3000,"bu","13:56:35",1788200
68500,900,2000,"sd","13:57:07",1790200
68300,700,3000,"sd","13:57:09",1793200
68500,900,2000,"sd","13:57:23",1795200
68500,900,49900,"sd","13:57:25",1845100
68300,700,3000,"bu","13:57:36",1848100
68500,900,2000,"sd","13:57:46",1850100
68500,900,2500,"sd","13:57:48",1852600
68500,900,5000,"sd","13:58:06",1857600
68500,900,36000,"sd","13:58:24",1893600
68300,700,3000,"bu","13:58:36",1896600
68300,700,3000,"sd","13:59:06",1899600
68300,700,3000,"sd","13:59:37",1902600
68500,900,100,"bu","13:59:58",1902700
68500,900,10000,"bu","13:59:59",1912700
68300,700,3000,"sd","14:00:07",1915700
68400,800,2300,"bu","14:00:27",1918000
68400,800,200,"bu","14:00:34",1918200
68400,800,3000,"sd","14:00:36",1921200
68400,800,1000,"bu","14:00:44",1922200
68500,900,100,"bu","14:00:55",1922300
68400,800,3100,"bu","14:01:06",1925400
68400,800,100,"sd","14:01:07",1925500
68400,800,11000,"bu","14:01:29",1936500
68300,700,3000,"bu","14:01:37",1939500
68500,900,50000,"bu","14:01:44",1989500
68500,900,200,"sd","14:02:02",1989700
68400,800,3000,"sd","14:02:06",1992700
68400,800,100,"sd","14:02:08",1992800
68500,900,50000,"bu","14:02:19",2042800
68500,900,5000,"sd","14:02:33",2047800
68400,800,3000,"sd","14:02:36",2050800
68500,900,3100,"bu","14:02:43",2053900
68500,900,100,"bu","14:03:02",2054000
68400,800,3000,"bu","14:03:07",2057000
68500,900,500,"sd","14:03:09",2057500
68500,900,2000,"bu","14:03:10",2059500
68400,800,2500,"sd","14:03:17",2062000
68500,900,3200,"sd","14:03:26",2065200
68500,900,2000,"sd","14:03:29",2067200
68400,800,3000,"sd","14:03:37",2070200
68400,800,5700,"bu","14:04:07",2075900
68500,900,1600,"bu","14:04:26",2077500
68400,800,17500,"bu","14:04:32",2095000
68300,700,3000,"bu","14:04:37",2098000
68400,800,200,"bu","14:04:54",2098200
68300,700,3000,"sd","14:05:08",2101200
68400,800,1000,"sd","14:05:09",2102200
68300,700,3000,"sd","14:05:37",2105200
68300,700,10000,"bu","14:05:45",2115200
68400,800,700,"sd","14:06:07",2115900
68300,700,3000,"bu","14:06:08",2118900
68400,800,800,"bu","14:06:33",2119700
68300,700,3000,"bu","14:06:38",2122700
68300,700,1000,"bu","14:06:53",2123700
68300,700,3000,"bu","14:07:08",2126700
68300,700,3000,"sd","14:07:39",2129700
68300,700,100,"bu","14:07:43",2129800
68400,800,6400,"bu","14:08:11",2136200
68500,900,1600,"bu","14:08:17",2137800
68400,800,500,"sd","14:08:32",2138300
68300,700,3000,"bu","14:08:39",2141300
68500,900,2000,"sd","14:09:07",2143300
68300,700,3000,"bu","14:09:08",2146300
68400,800,200,"bu","14:09:32",2146500
68400,800,3000,"bu","14:09:39",2149500
68300,700,3000,"sd","14:10:08",2152500
68400,800,100,"sd","14:10:30",2152600
68400,800,4300,"bu","14:10:38",2156900
68300,700,3000,"sd","14:11:10",2159900
68400,800,3200,"bu","14:11:17",2163100
68300,700,100,"sd","14:11:20",2163200
68400,800,2600,"bu","14:11:28",2165800
68300,700,3000,"sd","14:11:40",2168800
68300,700,3000,"sd","14:12:08",2171800
68400,800,3000,"bu","14:12:39",2174800
68400,800,100,"sd","14:12:46",2174900
68500,900,3300,"sd","14:12:58",2178200
68300,700,3000,"sd","14:13:08",2181200
68400,800,100,"bu","14:13:10",2181300
68400,800,200,"bu","14:13:20",2181500
68400,800,3000,"sd","14:13:39",2184500
68500,900,5000,"bu","14:13:46",2189500
68400,800,100,"bu","14:13:49",2189600
68400,800,200,"bu","14:14:06",2189800
68300,700,3000,"bu","14:14:09",2192800
68500,900,2000,"bu","14:14:24",2194800
68400,800,2500,"sd","14:14:30",2197300
68500,900,3000,"sd","14:14:36",2200300
68300,700,3000,"bu","14:14:40",2203300
68500,900,2000,"bu","14:14:44",2205300
68500,900,3000,"bu","14:14:47",2208300
68500,900,5900,"sd","14:15:02",2214200
68500,900,2000,"bu","14:15:08",2216200
68300,700,3100,"sd","14:15:09",2219300
68500,900,2900,"sd","14:15:13",2222200
68500,900,4900,"sd","14:15:27",2227100
68500,900,3200,"sd","14:15:28",2230300
68400,800,7900,"sd","14:15:40",2238200
68500,900,2000,"sd","14:15:45",2240200
68500,900,200,"sd","14:15:53",2240400
68500,900,2900,"bu","14:16:06",2243300
68300,700,3100,"sd","14:16:10",2246400
68500,900,11000,"bu","14:16:34",2257400
68400,800,3100,"bu","14:16:40",2260500
68400,800,300,"sd","14:17:07",2260800
68400,800,3600,"bu","14:17:16",2264400
68400,800,3000,"bu","14:17:18",2267400
68400,800,100,"bu","14:17:23",2267500
68400,800,1100,"bu","14:17:25",2268600
68400,800,4900,"sd","14:17:34",2273500
68300,700,3100,"bu","14:17:41",2276600
68400,800,100,"bu","14:17:46",2276700
68300,700,3400,"sd","14:18:12",2280100
68300,700,500,"bu","14:18:16",2280600
68400,800,100,"sd","14:18:27",2280700
68400,800,200,"sd","14:18:29",2280900
68300,700,3100,"bu","14:18:40",2284000
68300,700,3100,"bu","14:19:10",2287100
68400,800,100,"sd","14:19:32",2287200
68300,700,3100,"bu","14:19:40",2290300
68500,900,15000,"sd","14:19:41",2305300
68400,800,2000,"bu","14:19:52",2307300
68400,800,3100,"bu","14:20:10",2310400
68500,900,3000,"sd","14:20:17",2313400
68400,800,3100,"bu","14:20:40",2316500
68400,800,1000,"bu","14:21:06",2317500
68400,800,3100,"sd","14:21:10",2320600
68500,900,3000,"bu","14:21:12",2323600
68300,700,3100,"bu","14:21:42",2326700
68500,900,200,"bu","14:22:05",2326900
68400,800,3100,"bu","14:22:11",2330000
68500,900,3000,"bu","14:22:20",2333000
68500,900,200,"bu","14:22:23",2333200
68400,800,100,"bu","14:22:36",2333300
68400,800,3100,"sd","14:22:42",2336400
68300,700,3100,"sd","14:23:11",2339500
68500,900,3200,"sd","14:23:21",2342700
68300,700,3100,"sd","14:23:40",2345800
68500,900,3400,"bu","14:23:50",2349200
68300,700,2600,"sd","14:23:55",2351800
68500,900,100,"bu","14:24:01",2351900
68300,700,3100,"sd","14:24:12",2355000
68500,900,3100,"bu","14:24:18",2358100
68400,800,1000,"sd","14:24:28",2359100
68300,700,3100,"sd","14:24:41",2362200
68500,900,3000,"sd","14:25:14",2365200
68500,900,1400,"bu","14:25:22",2366600
68500,900,500,"sd","14:25:33",2367100
68400,800,100,"bu","14:26:00",2367200
68400,800,200,"bu","14:26:30",2367400
68400,800,100,"bu","14:26:41",2367500
68500,900,5300,"sd","14:27:12",2372800
68300,700,200,"bu","14:27:13",2373000
68400,800,1000,"sd","14:27:35",2374000
68400,800,600,"sd","14:27:37",2374600
68400,800,100,"sd","14:28:10",2374700
68400,800,1000,"sd","14:28:21",2375700
68300,700,1000,"sd","14:28:36",2376700
68400,800,7900,"sd","14:28:40",2384600
68500,900,20000,"bu","14:28:50",2404600
68400,800,5800,"bu","14:29:15",2410400
68400,800,400,"sd","14:29:23",2410800
68400,800,100,"sd","14:29:26",2410900
68400,800,1000,"sd","14:29:47",2411900
68400,800,500,"sd","14:29:49",2412400
68400,800,500,"sd","14:29:51",2412900
68400,800,300,"bu","14:30:01",2413200
68400,800,200,"sd","14:30:03",2413400
67900,300,259300,"sd","14:45:12",2672700
