"id","symbol","truncTime","matchType","matchVol","matchPrice","accumulatedVolume","createdAt","updatedAt"
159473500,"BFC","1703058289","unknown","2300","23600","111900","2023-12-20T07:45:03.813Z","2023-12-20T07:45:03.813Z"
159471113,"BFC","1703057354","s","200","23500","109600","2023-12-20T07:29:28.740Z","2023-12-20T07:29:28.740Z"
159471112,"BFC","1703057354","s","1000","23500","109600","2023-12-20T07:29:28.740Z","2023-12-20T07:29:28.740Z"
159471111,"BFC","1703057354","s","100","23500","109600","2023-12-20T07:29:28.740Z","2023-12-20T07:29:28.740Z"
159469517,"BFC","1703057322","b","200","23500","108100","2023-12-20T07:28:56.731Z","2023-12-20T07:28:56.731Z"
159469236,"BFC","1703057315","b","500","23500","108100","2023-12-20T07:28:48.776Z","2023-12-20T07:28:48.776Z"
159468403,"BFC","1703057293","s","500","23500","107600","2023-12-20T07:28:27.758Z","2023-12-20T07:28:27.758Z"
159468402,"BFC","1703057293","s","600","23500","107600","2023-12-20T07:28:27.758Z","2023-12-20T07:28:27.758Z"
159468401,"BFC","1703057293","s","100","23500","107600","2023-12-20T07:28:27.758Z","2023-12-20T07:28:27.758Z"
159468400,"BFC","1703057293","s","100","23500","107600","2023-12-20T07:28:27.758Z","2023-12-20T07:28:27.758Z"
159468258,"BFC","1703057291","b","200","23650","106300","2023-12-20T07:28:25.789Z","2023-12-20T07:28:25.789Z"
159468257,"BFC","1703057291","b","200","23600","106300","2023-12-20T07:28:25.789Z","2023-12-20T07:28:25.789Z"
159468174,"BFC","1703057289","b","600","23600","105900","2023-12-20T07:28:23.737Z","2023-12-20T07:28:23.737Z"
159467275,"BFC","1703057270","b","100","23600","105200","2023-12-20T07:28:03.750Z","2023-12-20T07:28:03.750Z"
159465396,"BFC","1703057225","s","100","23600","105100","2023-12-20T07:27:18.736Z","2023-12-20T07:27:18.736Z"
159463904,"BFC","1703057186","s","600","23600","105100","2023-12-20T07:26:39.727Z","2023-12-20T07:26:39.727Z"
159463486,"BFC","1703057175","s","300","23600","104500","2023-12-20T07:26:29.741Z","2023-12-20T07:26:29.741Z"
159463485,"BFC","1703057175","s","100","23600","104500","2023-12-20T07:26:29.741Z","2023-12-20T07:26:29.741Z"
159460648,"BFC","1703057108","b","100","23650","104100","2023-12-20T07:25:22.740Z","2023-12-20T07:25:22.740Z"
159460647,"BFC","1703057108","b","900","23650","104100","2023-12-20T07:25:22.740Z","2023-12-20T07:25:22.740Z"
159460461,"BFC","1703057102","s","100","23600","103100","2023-12-20T07:25:15.747Z","2023-12-20T07:25:15.747Z"
159460273,"BFC","1703057097","b","200","23650","102800","2023-12-20T07:25:10.747Z","2023-12-20T07:25:10.747Z"
159456769,"BFC","1703056995","s","800","23600","102000","2023-12-20T07:23:29.744Z","2023-12-20T07:23:29.744Z"
159454715,"BFC","1703056928","b","500","23650","101500","2023-12-20T07:22:23.750Z","2023-12-20T07:22:23.750Z"
159451594,"BFC","1703056840","b","200","23650","101500","2023-12-20T07:20:54.743Z","2023-12-20T07:20:54.743Z"
159451593,"BFC","1703056840","b","100","23650","101500","2023-12-20T07:20:54.743Z","2023-12-20T07:20:54.743Z"
159451592,"BFC","1703056840","b","700","23600","101500","2023-12-20T07:20:54.743Z","2023-12-20T07:20:54.743Z"
159449058,"BFC","1703056763","s","100","23500","98300","2023-12-20T07:19:37.725Z","2023-12-20T07:19:37.725Z"
159449057,"BFC","1703056763","s","1000","23500","98300","2023-12-20T07:19:37.725Z","2023-12-20T07:19:37.725Z"
159449056,"BFC","1703056763","s","1000","23500","98300","2023-12-20T07:19:37.725Z","2023-12-20T07:19:37.725Z"
159449055,"BFC","1703056763","s","100","23500","98300","2023-12-20T07:19:37.725Z","2023-12-20T07:19:37.725Z"
159448598,"BFC","1703056749","s","100","23600","98000","2023-12-20T07:19:23.751Z","2023-12-20T07:19:23.751Z"
159448597,"BFC","1703056749","s","200","23600","98000","2023-12-20T07:19:23.751Z","2023-12-20T07:19:23.751Z"
159446738,"BFC","1703056693","b","200","23700","98000","2023-12-20T07:18:26.721Z","2023-12-20T07:18:26.721Z"
159446737,"BFC","1703056693","b","800","23650","98000","2023-12-20T07:18:26.721Z","2023-12-20T07:18:26.721Z"
159444586,"BFC","1703056628","s","200","23650","97000","2023-12-20T07:17:22.719Z","2023-12-20T07:17:22.719Z"
159440781,"BFC","1703056544","s","100","23650","96800","2023-12-20T07:15:58.753Z","2023-12-20T07:15:58.753Z"
159435528,"BFC","1703056422","s","100","23650","96700","2023-12-20T07:13:55.717Z","2023-12-20T07:13:55.717Z"
159433140,"BFC","1703056363","b","100","23700","96600","2023-12-20T07:12:57.839Z","2023-12-20T07:12:57.839Z"
159432599,"BFC","1703056345","b","100","23700","96500","2023-12-20T07:12:39.716Z","2023-12-20T07:12:39.716Z"
159432148,"BFC","1703056329","b","1000","23700","96400","2023-12-20T07:12:22.718Z","2023-12-20T07:12:22.718Z"
159432147,"BFC","1703056329","b","1000","23700","96400","2023-12-20T07:12:22.718Z","2023-12-20T07:12:22.718Z"
159432146,"BFC","1703056329","b","3000","23700","96400","2023-12-20T07:12:22.718Z","2023-12-20T07:12:22.718Z"
159431709,"BFC","1703056317","b","800","23650","91400","2023-12-20T07:12:11.709Z","2023-12-20T07:12:11.709Z"
159429049,"BFC","1703056243","s","1200","23650","89400","2023-12-20T07:10:57.720Z","2023-12-20T07:10:57.720Z"
159427517,"BFC","1703056186","b","400","23700","89400","2023-12-20T07:10:00.711Z","2023-12-20T07:10:00.711Z"
159426436,"BFC","1703056152","b","200","23700","89000","2023-12-20T07:09:26.725Z","2023-12-20T07:09:26.725Z"
159426153,"BFC","1703056142","b","1000","23650","88800","2023-12-20T07:09:15.726Z","2023-12-20T07:09:15.726Z"
159423481,"BFC","1703056034","b","100","23700","87500","2023-12-20T07:07:28.706Z","2023-12-20T07:07:28.706Z"
159423480,"BFC","1703056034","b","100","23600","87500","2023-12-20T07:07:28.706Z","2023-12-20T07:07:28.706Z"
159423479,"BFC","1703056034","b","100","23600","87500","2023-12-20T07:07:28.706Z","2023-12-20T07:07:28.706Z"
159423306,"BFC","1703056026","b","200","23600","87500","2023-12-20T07:07:20.715Z","2023-12-20T07:07:20.715Z"
159423305,"BFC","1703056026","b","200","23600","87500","2023-12-20T07:07:20.715Z","2023-12-20T07:07:20.715Z"
159423304,"BFC","1703056026","b","200","23600","87500","2023-12-20T07:07:20.715Z","2023-12-20T07:07:20.715Z"
159423303,"BFC","1703056026","b","100","23600","87500","2023-12-20T07:07:20.715Z","2023-12-20T07:07:20.715Z"
159423302,"BFC","1703056026","b","100","23600","87500","2023-12-20T07:07:20.715Z","2023-12-20T07:07:20.715Z"
159423301,"BFC","1703056026","b","200","23600","87500","2023-12-20T07:07:20.715Z","2023-12-20T07:07:20.715Z"
159421551,"BFC","1703055972","b","100","23600","86300","2023-12-20T07:06:25.720Z","2023-12-20T07:06:25.720Z"
159421550,"BFC","1703055972","b","100","23550","86300","2023-12-20T07:06:25.720Z","2023-12-20T07:06:25.720Z"
159421393,"BFC","1703055962","b","200","23550","86300","2023-12-20T07:06:16.702Z","2023-12-20T07:06:16.702Z"
159421035,"BFC","1703055947","b","2000","23500","84100","2023-12-20T07:06:01.707Z","2023-12-20T07:06:01.707Z"
159420653,"BFC","1703055934","b","2000","23500","84100","2023-12-20T07:05:47.708Z","2023-12-20T07:05:47.708Z"
159419108,"BFC","1703055881","s","2600","23450","78800","2023-12-20T07:04:55.710Z","2023-12-20T07:04:55.710Z"
159419107,"BFC","1703055881","s","100","23450","78800","2023-12-20T07:04:55.710Z","2023-12-20T07:04:55.710Z"
159419106,"BFC","1703055881","s","600","23450","78800","2023-12-20T07:04:55.710Z","2023-12-20T07:04:55.710Z"
159419056,"BFC","1703055877","b","100","23500","78800","2023-12-20T07:04:52.740Z","2023-12-20T07:04:52.740Z"
159416225,"BFC","1703055763","b","500","23500","78200","2023-12-20T07:02:58.710Z","2023-12-20T07:02:58.710Z"
159416054,"BFC","1703055753","s","1000","23450","78200","2023-12-20T07:02:48.702Z","2023-12-20T07:02:48.702Z"
159415650,"BFC","1703055738","b","400","23500","77200","2023-12-20T07:02:31.700Z","2023-12-20T07:02:31.700Z"
159415649,"BFC","1703055738","b","200","23500","77200","2023-12-20T07:02:31.700Z","2023-12-20T07:02:31.700Z"
159410675,"BFC","1703055515","b","500","23500","76600","2023-12-20T06:58:49.699Z","2023-12-20T06:58:49.699Z"
159410276,"BFC","1703055499","s","3400","23450","76100","2023-12-20T06:58:34.721Z","2023-12-20T06:58:34.721Z"
159409277,"BFC","1703055463","b","300","23500","72700","2023-12-20T06:57:57.724Z","2023-12-20T06:57:57.724Z"
159407289,"BFC","1703055376","b","300","23500","72100","2023-12-20T06:56:30.699Z","2023-12-20T06:56:30.699Z"
159406120,"BFC","1703055335","b","200","23500","72100","2023-12-20T06:55:49.728Z","2023-12-20T06:55:49.728Z"
159403642,"BFC","1703055233","b","100","23500","71900","2023-12-20T06:54:07.699Z","2023-12-20T06:54:07.699Z"
159402060,"BFC","1703055162","s","300","23500","71800","2023-12-20T06:52:56.703Z","2023-12-20T06:52:56.703Z"
159401988,"BFC","1703055160","s","500","23500","71500","2023-12-20T06:52:54.709Z","2023-12-20T06:52:54.709Z"
159401987,"BFC","1703055160","s","500","23500","71500","2023-12-20T06:52:54.709Z","2023-12-20T06:52:54.709Z"
159397805,"BFC","1703055015","b","400","23600","70500","2023-12-20T06:50:29.772Z","2023-12-20T06:50:29.772Z"
159396707,"BFC","1703054980","b","100","23600","70100","2023-12-20T06:49:54.692Z","2023-12-20T06:49:54.692Z"
159395965,"BFC","1703054961","s","2000","23500","68000","2023-12-20T06:49:35.741Z","2023-12-20T06:49:35.741Z"
159391563,"BFC","1703054828","s","1000","23500","67000","2023-12-20T06:47:22.694Z","2023-12-20T06:47:22.694Z"
159389338,"BFC","1703054752","s","1100","23550","67000","2023-12-20T06:46:06.690Z","2023-12-20T06:46:06.690Z"
159386919,"BFC","1703054678","b","500","23550","65900","2023-12-20T06:44:52.688Z","2023-12-20T06:44:52.688Z"
159386918,"BFC","1703054678","b","100","23550","65900","2023-12-20T06:44:52.688Z","2023-12-20T06:44:52.688Z"
159386917,"BFC","1703054678","b","300","23550","65900","2023-12-20T06:44:52.688Z","2023-12-20T06:44:52.688Z"
159386261,"BFC","1703054655","b","100","23550","64900","2023-12-20T06:44:29.701Z","2023-12-20T06:44:29.701Z"
159379988,"BFC","1703054435","b","2500","23500","64900","2023-12-20T06:40:48.697Z","2023-12-20T06:40:48.697Z"
159379652,"BFC","1703054419","b","500","23500","61900","2023-12-20T06:40:32.706Z","2023-12-20T06:40:32.706Z"
159374307,"BFC","1703054172","b","400","23500","61500","2023-12-20T06:36:27.679Z","2023-12-20T06:36:27.679Z"
159372060,"BFC","1703054033","s","1000","23500","61500","2023-12-20T06:34:07.684Z","2023-12-20T06:34:07.684Z"
159372059,"BFC","1703054033","s","600","23500","61500","2023-12-20T06:34:07.684Z","2023-12-20T06:34:07.684Z"
159371830,"BFC","1703054020","s","400","23500","59500","2023-12-20T06:33:55.689Z","2023-12-20T06:33:55.689Z"
159369573,"BFC","1703053904","s","100","23500","59500","2023-12-20T06:31:57.685Z","2023-12-20T06:31:57.685Z"
159364723,"BFC","1703053683","s","100","23500","59400","2023-12-20T06:28:17.684Z","2023-12-20T06:28:17.684Z"
159364722,"BFC","1703053683","s","500","23500","59400","2023-12-20T06:28:17.684Z","2023-12-20T06:28:17.684Z"
159364721,"BFC","1703053683","s","700","23500","59400","2023-12-20T06:28:17.684Z","2023-12-20T06:28:17.684Z"
159362787,"BFC","1703053615","s","100","23500","58100","2023-12-20T06:27:09.708Z","2023-12-20T06:27:09.708Z"
159360506,"BFC","1703053555","b","100","23600","58000","2023-12-20T06:26:09.681Z","2023-12-20T06:26:09.681Z"
