"id","symbol","truncTime","matchType","matchVol","matchPrice","accumulatedVolume","createdAt","updatedAt"
159473646,"FPT","1703058290","unknown","61600","94700","1349500","2023-12-20T07:45:04.932Z","2023-12-20T07:45:04.932Z"
159472865,"FPT","1703057387","s","200","94500","1287900","2023-12-20T07:30:01.745Z","2023-12-20T07:30:01.745Z"
159472818,"FPT","1703057386","s","2100","94500","1284700","2023-12-20T07:30:00.806Z","2023-12-20T07:30:00.806Z"
159472817,"FPT","1703057386","s","900","94500","1284700","2023-12-20T07:30:00.806Z","2023-12-20T07:30:00.806Z"
159472053,"FPT","1703057372","b","100","94500","1284700","2023-12-20T07:29:46.761Z","2023-12-20T07:29:46.761Z"
159471829,"FPT","1703057368","s","100","94400","1284600","2023-12-20T07:29:42.748Z","2023-12-20T07:29:42.748Z"
159471623,"FPT","1703057364","b","200","94500","1284500","2023-12-20T07:29:38.731Z","2023-12-20T07:29:38.731Z"
159471581,"FPT","1703057363","s","100","94500","1284300","2023-12-20T07:29:37.738Z","2023-12-20T07:29:37.738Z"
159471580,"FPT","1703057363","s","400","94500","1284300","2023-12-20T07:29:37.738Z","2023-12-20T07:29:37.738Z"
159471579,"FPT","1703057363","s","400","94500","1284300","2023-12-20T07:29:37.738Z","2023-12-20T07:29:37.738Z"
159471578,"FPT","1703057363","s","500","94500","1284300","2023-12-20T07:29:37.738Z","2023-12-20T07:29:37.738Z"
159471577,"FPT","1703057363","s","300","94500","1284300","2023-12-20T07:29:37.738Z","2023-12-20T07:29:37.738Z"
159470715,"FPT","1703057347","s","200","94500","1282600","2023-12-20T07:29:21.764Z","2023-12-20T07:29:21.764Z"
159470714,"FPT","1703057347","s","100","94500","1282600","2023-12-20T07:29:21.764Z","2023-12-20T07:29:21.764Z"
159470356,"FPT","1703057341","s","600","94500","1282300","2023-12-20T07:29:15.879Z","2023-12-20T07:29:15.879Z"
159470355,"FPT","1703057341","s","100","94500","1282300","2023-12-20T07:29:15.879Z","2023-12-20T07:29:15.879Z"
159470354,"FPT","1703057341","s","100","94500","1282300","2023-12-20T07:29:15.879Z","2023-12-20T07:29:15.879Z"
159470353,"FPT","1703057341","s","500","94500","1282300","2023-12-20T07:29:15.879Z","2023-12-20T07:29:15.879Z"
159470352,"FPT","1703057341","s","100","94500","1282300","2023-12-20T07:29:15.879Z","2023-12-20T07:29:15.879Z"
159470351,"FPT","1703057341","s","2500","94500","1282300","2023-12-20T07:29:15.879Z","2023-12-20T07:29:15.879Z"
159470126,"FPT","1703057337","s","100","94500","1278400","2023-12-20T07:29:11.794Z","2023-12-20T07:29:11.794Z"
159469732,"FPT","1703057328","b","400","94600","1278300","2023-12-20T07:29:02.732Z","2023-12-20T07:29:02.732Z"
159469731,"FPT","1703057328","b","1400","94600","1278300","2023-12-20T07:29:02.732Z","2023-12-20T07:29:02.732Z"
159469561,"FPT","1703057323","b","200","94600","1276300","2023-12-20T07:28:57.731Z","2023-12-20T07:28:57.731Z"
159469358,"FPT","1703057317","b","100","94600","1276300","2023-12-20T07:28:51.748Z","2023-12-20T07:28:51.748Z"
159469181,"FPT","1703057313","b","3400","94700","1276200","2023-12-20T07:28:46.750Z","2023-12-20T07:28:46.750Z"
159469180,"FPT","1703057313","b","600","94600","1276200","2023-12-20T07:28:46.750Z","2023-12-20T07:28:46.750Z"
159469167,"FPT","1703057312","s","300","94500","1270600","2023-12-20T07:28:46.750Z","2023-12-20T07:28:46.750Z"
159469166,"FPT","1703057312","s","1300","94500","1270600","2023-12-20T07:28:46.750Z","2023-12-20T07:28:46.750Z"
159469056,"FPT","1703057310","b","200","94600","1270600","2023-12-20T07:28:43.811Z","2023-12-20T07:28:43.811Z"
159468925,"FPT","1703057307","b","4000","94600","1270400","2023-12-20T07:28:40.742Z","2023-12-20T07:28:40.742Z"
159468702,"FPT","1703057301","b","500","94600","1266400","2023-12-20T07:28:35.787Z","2023-12-20T07:28:35.787Z"
159468074,"FPT","1703057286","b","2000","94700","1265900","2023-12-20T07:28:20.729Z","2023-12-20T07:28:20.729Z"
159467741,"FPT","1703057279","b","3000","94700","1263900","2023-12-20T07:28:12.753Z","2023-12-20T07:28:12.753Z"
159467740,"FPT","1703057279","b","4100","94600","1263900","2023-12-20T07:28:12.753Z","2023-12-20T07:28:12.753Z"
159467692,"FPT","1703057277","s","800","94500","1256800","2023-12-20T07:28:11.732Z","2023-12-20T07:28:11.732Z"
159467691,"FPT","1703057277","s","200","94500","1256800","2023-12-20T07:28:11.732Z","2023-12-20T07:28:11.732Z"
159467690,"FPT","1703057277","s","500","94500","1256800","2023-12-20T07:28:11.732Z","2023-12-20T07:28:11.732Z"
159467679,"FPT","1703057277","s","2600","94500","1255300","2023-12-20T07:28:10.760Z","2023-12-20T07:28:10.760Z"
159467678,"FPT","1703057277","s","1000","94600","1255300","2023-12-20T07:28:10.760Z","2023-12-20T07:28:10.760Z"
159467677,"FPT","1703057277","s","100","94600","1255300","2023-12-20T07:28:10.760Z","2023-12-20T07:28:10.760Z"
159467676,"FPT","1703057277","s","300","94600","1255300","2023-12-20T07:28:10.760Z","2023-12-20T07:28:10.760Z"
159467675,"FPT","1703057277","s","100","94600","1255300","2023-12-20T07:28:10.760Z","2023-12-20T07:28:10.760Z"
159467674,"FPT","1703057277","s","300","94600","1255300","2023-12-20T07:28:10.760Z","2023-12-20T07:28:10.760Z"
159467658,"FPT","1703057276","s","1300","94600","1249600","2023-12-20T07:28:10.760Z","2023-12-20T07:28:10.760Z"
159467643,"FPT","1703057276","s","10000","94600","1249600","2023-12-20T07:28:10.760Z","2023-12-20T07:28:10.760Z"
159467550,"FPT","1703057275","b","3000","94700","1236600","2023-12-20T07:28:09.819Z","2023-12-20T07:28:09.819Z"
159467142,"FPT","1703057268","s","100","94600","1236600","2023-12-20T07:28:01.766Z","2023-12-20T07:28:01.766Z"
159467130,"FPT","1703057267","s","300","94600","1236500","2023-12-20T07:28:01.766Z","2023-12-20T07:28:01.766Z"
159467081,"FPT","1703057266","b","100","94700","1236200","2023-12-20T07:28:00.738Z","2023-12-20T07:28:00.738Z"
159466697,"FPT","1703057257","s","100","94600","1236100","2023-12-20T07:27:51.786Z","2023-12-20T07:27:51.786Z"
159466689,"FPT","1703057257","s","900","94600","1236000","2023-12-20T07:27:51.786Z","2023-12-20T07:27:51.786Z"
159466462,"FPT","1703057252","b","2200","94700","1235100","2023-12-20T07:27:46.730Z","2023-12-20T07:27:46.730Z"
159466257,"FPT","1703057247","s","200","94600","1232700","2023-12-20T07:27:41.728Z","2023-12-20T07:27:41.728Z"
159466249,"FPT","1703057247","s","600","94600","1232100","2023-12-20T07:27:41.728Z","2023-12-20T07:27:41.728Z"
159466145,"FPT","1703057244","s","1000","94600","1232100","2023-12-20T07:27:38.733Z","2023-12-20T07:27:38.733Z"
159466031,"FPT","1703057241","s","600","94600","1231100","2023-12-20T07:27:36.734Z","2023-12-20T07:27:36.734Z"
159465901,"FPT","1703057237","s","100","94600","1230500","2023-12-20T07:27:32.746Z","2023-12-20T07:27:32.746Z"
159465900,"FPT","1703057237","s","600","94600","1230500","2023-12-20T07:27:32.746Z","2023-12-20T07:27:32.746Z"
159465649,"FPT","1703057230","b","1000","94700","1229800","2023-12-20T07:27:23.797Z","2023-12-20T07:27:23.797Z"
159465575,"FPT","1703057228","s","200","94600","1228800","2023-12-20T07:27:21.770Z","2023-12-20T07:27:21.770Z"
159465542,"FPT","1703057227","s","900","94600","1228600","2023-12-20T07:27:21.770Z","2023-12-20T07:27:21.770Z"
159465497,"FPT","1703057226","b","100","94700","1227700","2023-12-20T07:27:20.775Z","2023-12-20T07:27:20.775Z"
159465198,"FPT","1703057219","b","600","94700","1227600","2023-12-20T07:27:13.742Z","2023-12-20T07:27:13.742Z"
159465197,"FPT","1703057219","b","1000","94700","1227600","2023-12-20T07:27:13.742Z","2023-12-20T07:27:13.742Z"
159465196,"FPT","1703057219","b","600","94700","1227600","2023-12-20T07:27:13.742Z","2023-12-20T07:27:13.742Z"
159465138,"FPT","1703057218","b","100","94700","1225400","2023-12-20T07:27:12.734Z","2023-12-20T07:27:12.734Z"
159465118,"FPT","1703057217","s","100","94600","1224500","2023-12-20T07:27:11.742Z","2023-12-20T07:27:11.742Z"
159465117,"FPT","1703057217","s","700","94600","1224500","2023-12-20T07:27:11.742Z","2023-12-20T07:27:11.742Z"
159464889,"FPT","1703057210","b","500","94600","1224500","2023-12-20T07:27:04.770Z","2023-12-20T07:27:04.770Z"
159464888,"FPT","1703057210","b","1800","94600","1224500","2023-12-20T07:27:04.770Z","2023-12-20T07:27:04.770Z"
159464801,"FPT","1703057209","b","100","94600","1222200","2023-12-20T07:27:03.760Z","2023-12-20T07:27:03.760Z"
159463992,"FPT","1703057188","b","3700","94700","1222100","2023-12-20T07:26:43.734Z","2023-12-20T07:26:43.734Z"
159463991,"FPT","1703057188","b","600","94600","1222100","2023-12-20T07:26:43.734Z","2023-12-20T07:26:43.734Z"
159463951,"FPT","1703057187","s","400","94500","1217800","2023-12-20T07:26:41.745Z","2023-12-20T07:26:41.745Z"
159463940,"FPT","1703057187","s","1500","94500","1217400","2023-12-20T07:26:40.771Z","2023-12-20T07:26:40.771Z"
159463939,"FPT","1703057187","s","300","94500","1217400","2023-12-20T07:26:40.771Z","2023-12-20T07:26:40.771Z"
159463842,"FPT","1703057183","b","1000","94600","1215600","2023-12-20T07:26:36.740Z","2023-12-20T07:26:36.740Z"
159463820,"FPT","1703057182","b","1000","94600","1214600","2023-12-20T07:26:36.740Z","2023-12-20T07:26:36.740Z"
159463735,"FPT","1703057180","b","100","94600","1213600","2023-12-20T07:26:34.785Z","2023-12-20T07:26:34.785Z"
159463687,"FPT","1703057179","b","2700","94600","1213500","2023-12-20T07:26:32.804Z","2023-12-20T07:26:32.804Z"
159463686,"FPT","1703057179","b","300","94600","1213500","2023-12-20T07:26:32.804Z","2023-12-20T07:26:32.804Z"
159463586,"FPT","1703057177","s","200","94500","1210500","2023-12-20T07:26:31.753Z","2023-12-20T07:26:31.753Z"
159463585,"FPT","1703057177","s","100","94500","1210500","2023-12-20T07:26:31.753Z","2023-12-20T07:26:31.753Z"
159463527,"FPT","1703057177","s","500","94600","1210200","2023-12-20T07:26:30.741Z","2023-12-20T07:26:30.741Z"
159463526,"FPT","1703057177","s","300","94600","1210200","2023-12-20T07:26:30.741Z","2023-12-20T07:26:30.741Z"
159463525,"FPT","1703057177","s","100","94600","1210200","2023-12-20T07:26:30.741Z","2023-12-20T07:26:30.741Z"
159463520,"FPT","1703057176","b","1000","94700","1209300","2023-12-20T07:26:30.741Z","2023-12-20T07:26:30.741Z"
159463519,"FPT","1703057176","b","600","94700","1209300","2023-12-20T07:26:30.741Z","2023-12-20T07:26:30.741Z"
159463518,"FPT","1703057176","b","1700","94700","1209300","2023-12-20T07:26:30.741Z","2023-12-20T07:26:30.741Z"
159463090,"FPT","1703057167","s","100","94600","1206000","2023-12-20T07:26:21.767Z","2023-12-20T07:26:21.767Z"
159463059,"FPT","1703057167","s","700","94600","1205900","2023-12-20T07:26:21.767Z","2023-12-20T07:26:21.767Z"
159462595,"FPT","1703057159","b","300","94700","1205200","2023-12-20T07:26:13.794Z","2023-12-20T07:26:13.794Z"
159462587,"FPT","1703057158","b","300","94700","1203400","2023-12-20T07:26:13.794Z","2023-12-20T07:26:13.794Z"
159462586,"FPT","1703057158","b","1200","94700","1203400","2023-12-20T07:26:13.794Z","2023-12-20T07:26:13.794Z"
159462539,"FPT","1703057157","s","100","94600","1202800","2023-12-20T07:26:11.737Z","2023-12-20T07:26:11.737Z"
159462538,"FPT","1703057157","s","500","94600","1202800","2023-12-20T07:26:11.737Z","2023-12-20T07:26:11.737Z"
159462285,"FPT","1703057151","b","100","94700","1202800","2023-12-20T07:26:04.739Z","2023-12-20T07:26:04.739Z"
159461505,"FPT","1703057129","b","4000","94800","1198100","2023-12-20T07:25:42.759Z","2023-12-20T07:25:42.759Z"
159461504,"FPT","1703057129","b","600","94700","1198100","2023-12-20T07:25:42.759Z","2023-12-20T07:25:42.759Z"
