"id","symbol","truncTime","matchType","matchVol","matchPrice","accumulatedVolume","createdAt","updatedAt"
159474296,"HSV","1703059148","b","100","7700","187000","2023-12-20T07:59:10.743Z","2023-12-20T07:59:10.743Z"
159473992,"HSV","1703058544","s","5000","7600","186900","2023-12-20T07:49:05.736Z","2023-12-20T07:49:05.736Z"
159473258,"HSV","1703058073","b","300","7700","181900","2023-12-20T07:41:15.726Z","2023-12-20T07:41:15.726Z"
159473246,"HSV","1703058047","b","1000","7700","181600","2023-12-20T07:40:49.728Z","2023-12-20T07:40:49.728Z"
159473201,"HSV","1703057952","b","600","7700","180600","2023-12-20T07:39:13.725Z","2023-12-20T07:39:13.725Z"
159473126,"HSV","1703057776","b","100","7700","180000","2023-12-20T07:36:17.725Z","2023-12-20T07:36:17.725Z"
159473114,"HSV","1703057754","s","400","7600","179900","2023-12-20T07:35:55.725Z","2023-12-20T07:35:55.725Z"
159472929,"HSV","1703057415","b","1000","7700","179500","2023-12-20T07:30:17.719Z","2023-12-20T07:30:17.719Z"
159465752,"HSV","1703057246","b","100","7700","178500","2023-12-20T07:27:27.776Z","2023-12-20T07:27:27.776Z"
159445316,"HSV","1703056664","unknown","4000","7700","178400","2023-12-20T07:17:45.715Z","2023-12-20T07:17:45.715Z"
159442703,"HSV","1703056595","s","1000","7700","174400","2023-12-20T07:16:36.756Z","2023-12-20T07:16:36.756Z"
159436667,"HSV","1703056464","b","100","7800","173400","2023-12-20T07:14:25.719Z","2023-12-20T07:14:25.719Z"
159429339,"HSV","1703056264","b","100","7900","173300","2023-12-20T07:11:06.715Z","2023-12-20T07:11:06.715Z"
159428846,"HSV","1703056249","s","2400","7800","173200","2023-12-20T07:10:50.709Z","2023-12-20T07:10:50.709Z"
159428054,"HSV","1703056218","b","5000","7800","170800","2023-12-20T07:10:18.710Z","2023-12-20T07:10:18.710Z"
159423553,"HSV","1703056049","b","2000","7800","165800","2023-12-20T07:07:30.723Z","2023-12-20T07:07:30.723Z"
159417567,"HSV","1703055836","b","100","7800","163800","2023-12-20T07:03:58.704Z","2023-12-20T07:03:58.704Z"
159416259,"HSV","1703055777","b","200","7800","163700","2023-12-20T07:02:59.713Z","2023-12-20T07:02:59.713Z"
159415892,"HSV","1703055760","b","300","7800","163500","2023-12-20T07:02:40.702Z","2023-12-20T07:02:40.702Z"
159406580,"HSV","1703055361","s","1000","7800","163200","2023-12-20T06:56:03.712Z","2023-12-20T06:56:03.712Z"
159396733,"HSV","1703054995","unknown","100","7800","162200","2023-12-20T06:49:57.715Z","2023-12-20T06:49:57.715Z"
159383482,"HSV","1703054573","b","500","7900","162100","2023-12-20T06:42:54.701Z","2023-12-20T06:42:54.701Z"
159373002,"HSV","1703054101","b","100","7900","161600","2023-12-20T06:35:02.678Z","2023-12-20T06:35:02.678Z"
159371925,"HSV","1703054041","b","2000","7900","161500","2023-12-20T06:34:02.678Z","2023-12-20T06:34:02.678Z"
159371182,"HSV","1703053999","b","100","7900","159500","2023-12-20T06:33:19.702Z","2023-12-20T06:33:19.702Z"
159370299,"HSV","1703053955","s","2000","7600","159400","2023-12-20T06:32:36.685Z","2023-12-20T06:32:36.685Z"
159368298,"HSV","1703053846","b","200","7900","157400","2023-12-20T06:30:46.672Z","2023-12-20T06:30:46.672Z"
159367953,"HSV","1703053831","b","100","7900","157200","2023-12-20T06:30:32.678Z","2023-12-20T06:30:32.678Z"
159367668,"HSV","1703053819","b","200","7900","157100","2023-12-20T06:30:20.901Z","2023-12-20T06:30:20.901Z"
159351120,"HSV","1703053236","b","100","7900","156900","2023-12-20T06:20:37.669Z","2023-12-20T06:20:37.669Z"
159349534,"HSV","1703053142","unknown","400","7700","156800","2023-12-20T06:19:03.671Z","2023-12-20T06:19:03.671Z"
159343849,"HSV","1703052821","s","1600","7700","156400","2023-12-20T06:13:42.674Z","2023-12-20T06:13:42.674Z"
159337780,"HSV","1703052501","b","1000","7900","154800","2023-12-20T06:08:22.652Z","2023-12-20T06:08:22.652Z"
159337510,"HSV","1703052483","s","100","7800","153800","2023-12-20T06:08:05.658Z","2023-12-20T06:08:05.658Z"
159337486,"HSV","1703052482","b","100","7900","153700","2023-12-20T06:08:04.664Z","2023-12-20T06:08:04.664Z"
159336986,"HSV","1703052459","s","1100","7800","153600","2023-12-20T06:07:40.654Z","2023-12-20T06:07:40.654Z"
159312586,"HSV","1703045377","b","500","7900","152500","2023-12-20T04:09:39.539Z","2023-12-20T04:09:39.539Z"
159309419,"HSV","1703045056","b","100","7900","152000","2023-12-20T04:04:17.557Z","2023-12-20T04:04:17.557Z"
159309298,"HSV","1703045040","b","4000","7800","151900","2023-12-20T04:04:01.538Z","2023-12-20T04:04:01.538Z"
159309054,"HSV","1703045011","b","10000","7800","147900","2023-12-20T04:03:32.543Z","2023-12-20T04:03:32.543Z"
159303047,"HSV","1703044481","b","200","7900","137900","2023-12-20T03:54:42.530Z","2023-12-20T03:54:42.530Z"
159302405,"HSV","1703044427","b","100","7700","137700","2023-12-20T03:53:48.545Z","2023-12-20T03:53:48.545Z"
159302012,"HSV","1703044398","s","600","7700","137600","2023-12-20T03:53:19.547Z","2023-12-20T03:53:19.547Z"
159284689,"HSV","1703043218","b","3000","7900","137000","2023-12-20T03:33:40.531Z","2023-12-20T03:33:40.531Z"
159281275,"HSV","1703042999","b","100","7900","134000","2023-12-20T03:30:01.512Z","2023-12-20T03:30:01.512Z"
159279286,"HSV","1703042890","b","700","7900","133900","2023-12-20T03:28:12.521Z","2023-12-20T03:28:12.521Z"
159275857,"HSV","1703042658","b","400","7900","133200","2023-12-20T03:24:19.515Z","2023-12-20T03:24:19.515Z"
159274095,"HSV","1703042509","b","2000","7900","132800","2023-12-20T03:21:50.510Z","2023-12-20T03:21:50.510Z"
159272981,"HSV","1703042427","b","900","7900","130800","2023-12-20T03:20:28.498Z","2023-12-20T03:20:28.498Z"
159272558,"HSV","1703042392","b","100","7900","129900","2023-12-20T03:19:54.500Z","2023-12-20T03:19:54.500Z"
159271530,"HSV","1703042325","b","1000","7900","129800","2023-12-20T03:18:47.505Z","2023-12-20T03:18:47.505Z"
159258785,"HSV","1703041568","b","500","7900","128800","2023-12-20T03:06:10.489Z","2023-12-20T03:06:10.489Z"
159257798,"HSV","1703041510","b","1000","7900","128300","2023-12-20T03:05:11.488Z","2023-12-20T03:05:11.488Z"
159257398,"HSV","1703041486","b","7100","7800","127300","2023-12-20T03:04:48.488Z","2023-12-20T03:04:48.488Z"
159256049,"HSV","1703041393","b","1500","7800","120200","2023-12-20T03:03:14.516Z","2023-12-20T03:03:14.516Z"
159253520,"HSV","1703041238","b","3000","7800","118700","2023-12-20T03:00:39.481Z","2023-12-20T03:00:39.481Z"
159252466,"HSV","1703041183","b","1200","7800","115700","2023-12-20T02:59:44.480Z","2023-12-20T02:59:44.480Z"
159252186,"HSV","1703041168","b","1000","7800","114500","2023-12-20T02:59:29.485Z","2023-12-20T02:59:29.485Z"
159250507,"HSV","1703041084","s","200","7800","113500","2023-12-20T02:58:05.493Z","2023-12-20T02:58:05.493Z"
159246258,"HSV","1703040847","b","2000","7900","113300","2023-12-20T02:54:09.481Z","2023-12-20T02:54:09.481Z"
159242794,"HSV","1703040658","b","1000","7900","111300","2023-12-20T02:51:00.476Z","2023-12-20T02:51:00.476Z"
159242239,"HSV","1703040636","b","500","7900","110300","2023-12-20T02:50:38.497Z","2023-12-20T02:50:38.497Z"
159241642,"HSV","1703040599","s","7500","7800","109800","2023-12-20T02:50:01.477Z","2023-12-20T02:50:01.477Z"
159240058,"HSV","1703040499","b","100","7800","102300","2023-12-20T02:48:20.477Z","2023-12-20T02:48:20.477Z"
159236840,"HSV","1703040313","b","1000","7900","102200","2023-12-20T02:45:14.475Z","2023-12-20T02:45:14.475Z"
159234682,"HSV","1703040193","b","2000","7900","101200","2023-12-20T02:43:15.501Z","2023-12-20T02:43:15.501Z"
159233287,"HSV","1703040110","b","800","7900","99200","2023-12-20T02:41:52.472Z","2023-12-20T02:41:52.472Z"
159231976,"HSV","1703040040","b","1700","7900","98400","2023-12-20T02:40:41.472Z","2023-12-20T02:40:41.472Z"
159231710,"HSV","1703040028","b","3000","7900","96700","2023-12-20T02:40:30.473Z","2023-12-20T02:40:30.473Z"
159230967,"HSV","1703039989","b","1300","7900","93700","2023-12-20T02:39:51.474Z","2023-12-20T02:39:51.474Z"
159230509,"HSV","1703039967","b","1000","7900","92400","2023-12-20T02:39:28.487Z","2023-12-20T02:39:28.487Z"
159228353,"HSV","1703039863","b","6000","7900","91400","2023-12-20T02:37:44.472Z","2023-12-20T02:37:44.472Z"
159228052,"HSV","1703039853","b","5000","7900","85400","2023-12-20T02:37:34.485Z","2023-12-20T02:37:34.485Z"
159227351,"HSV","1703039823","b","200","7900","80400","2023-12-20T02:37:04.478Z","2023-12-20T02:37:04.478Z"
159224987,"HSV","1703039710","b","1000","8000","80200","2023-12-20T02:35:12.468Z","2023-12-20T02:35:12.468Z"
159224693,"HSV","1703039695","b","100","8000","79200","2023-12-20T02:34:56.470Z","2023-12-20T02:34:56.470Z"
159216441,"HSV","1703039301","b","100","8000","79100","2023-12-20T02:28:23.462Z","2023-12-20T02:28:23.462Z"
159216263,"HSV","1703039292","b","5500","7900","79000","2023-12-20T02:28:14.479Z","2023-12-20T02:28:14.479Z"
159214762,"HSV","1703039243","b","1500","7900","73500","2023-12-20T02:27:24.509Z","2023-12-20T02:27:24.509Z"
159214267,"HSV","1703039228","b","5000","7900","72000","2023-12-20T02:27:10.519Z","2023-12-20T02:27:10.519Z"
159210008,"HSV","1703039076","b","100","8000","67000","2023-12-20T02:24:37.472Z","2023-12-20T02:24:37.472Z"
159208921,"HSV","1703039026","unknown","200","7900","66900","2023-12-20T02:23:47.461Z","2023-12-20T02:23:47.461Z"
159208048,"HSV","1703038990","b","1500","8000","66700","2023-12-20T02:23:11.475Z","2023-12-20T02:23:11.475Z"
159207607,"HSV","1703038973","b","1000","8000","65200","2023-12-20T02:22:54.467Z","2023-12-20T02:22:54.467Z"
159207343,"HSV","1703038961","b","500","8000","64200","2023-12-20T02:22:43.492Z","2023-12-20T02:22:43.492Z"
159203010,"HSV","1703038786","b","3000","8000","63700","2023-12-20T02:19:47.465Z","2023-12-20T02:19:47.465Z"
159201540,"HSV","1703038734","b","1800","8000","60700","2023-12-20T02:18:55.476Z","2023-12-20T02:18:55.476Z"
159201113,"HSV","1703038720","b","11000","8000","58900","2023-12-20T02:18:42.463Z","2023-12-20T02:18:42.463Z"
159199734,"HSV","1703038674","b","5000","7900","47900","2023-12-20T02:17:56.466Z","2023-12-20T02:17:56.466Z"
159199449,"HSV","1703038663","b","3000","7800","42900","2023-12-20T02:17:45.463Z","2023-12-20T02:17:45.463Z"
159194327,"HSV","1703038348","b","3000","8000","39900","2023-12-20T02:12:30.453Z","2023-12-20T02:12:30.453Z"
159194084,"HSV","1703038241","b","1000","8000","36900","2023-12-20T02:10:43.450Z","2023-12-20T02:10:43.450Z"
159193923,"HSV","1703038150","b","3000","8000","35900","2023-12-20T02:09:12.449Z","2023-12-20T02:09:12.449Z"
159193817,"HSV","1703038088","b","5000","8000","32900","2023-12-20T02:08:09.443Z","2023-12-20T02:08:09.443Z"
159193787,"HSV","1703038071","b","3300","8000","27900","2023-12-20T02:07:52.446Z","2023-12-20T02:07:52.446Z"
159193746,"HSV","1703038043","s","100","7900","24600","2023-12-20T02:07:25.444Z","2023-12-20T02:07:25.444Z"
159193735,"HSV","1703038038","b","1500","8000","24500","2023-12-20T02:07:20.445Z","2023-12-20T02:07:20.445Z"
159193685,"HSV","1703038013","b","2000","8000","23000","2023-12-20T02:06:55.442Z","2023-12-20T02:06:55.442Z"
159193656,"HSV","1703037998","b","1000","8000","21000","2023-12-20T02:06:40.444Z","2023-12-20T02:06:40.444Z"
159193632,"HSV","1703037984","s","5900","7900","20000","2023-12-20T02:06:26.442Z","2023-12-20T02:06:26.442Z"
