"id","symbol","truncTime","matchType","matchVol","matchPrice","accumulatedVolume","createdAt","updatedAt"
159473474,"JVC","1703058289","unknown","7200","3390","131900","2023-12-20T07:45:03.813Z","2023-12-20T07:45:03.813Z"
159470851,"JVC","1703057349","s","3600","3350","120800","2023-12-20T07:29:23.776Z","2023-12-20T07:29:23.776Z"
159470850,"JVC","1703057349","s","100","3360","120800","2023-12-20T07:29:23.776Z","2023-12-20T07:29:23.776Z"
159470849,"JVC","1703057349","s","200","3360","120800","2023-12-20T07:29:23.776Z","2023-12-20T07:29:23.776Z"
159466889,"JVC","1703057262","b","500","3360","120000","2023-12-20T07:27:55.760Z","2023-12-20T07:27:55.760Z"
159466888,"JVC","1703057262","b","300","3360","120000","2023-12-20T07:27:55.760Z","2023-12-20T07:27:55.760Z"
159464897,"JVC","1703057210","s","200","3360","119600","2023-12-20T07:27:04.770Z","2023-12-20T07:27:04.770Z"
159464896,"JVC","1703057210","s","100","3360","119600","2023-12-20T07:27:04.770Z","2023-12-20T07:27:04.770Z"
159464895,"JVC","1703057210","s","100","3360","119600","2023-12-20T07:27:04.770Z","2023-12-20T07:27:04.770Z"
159461938,"JVC","1703057140","s","200","3360","119600","2023-12-20T07:25:54.773Z","2023-12-20T07:25:54.773Z"
159461937,"JVC","1703057140","s","300","3360","119600","2023-12-20T07:25:54.773Z","2023-12-20T07:25:54.773Z"
159461936,"JVC","1703057140","s","200","3360","119600","2023-12-20T07:25:54.773Z","2023-12-20T07:25:54.773Z"
159461935,"JVC","1703057140","s","4300","3360","119600","2023-12-20T07:25:54.773Z","2023-12-20T07:25:54.773Z"
159461424,"JVC","1703057126","b","5000","3370","109600","2023-12-20T07:25:40.724Z","2023-12-20T07:25:40.724Z"
159460703,"JVC","1703057109","s","200","3360","109400","2023-12-20T07:25:23.774Z","2023-12-20T07:25:23.774Z"
159458612,"JVC","1703057047","b","1000","3370","109400","2023-12-20T07:24:21.728Z","2023-12-20T07:24:21.728Z"
159445356,"JVC","1703056652","s","100","3370","108400","2023-12-20T07:17:46.734Z","2023-12-20T07:17:46.734Z"
159443133,"JVC","1703056592","b","100","3380","108300","2023-12-20T07:16:46.738Z","2023-12-20T07:16:46.738Z"
159442606,"JVC","1703056581","b","1200","3380","107000","2023-12-20T07:16:35.731Z","2023-12-20T07:16:35.731Z"
159440204,"JVC","1703056532","b","1600","3380","107000","2023-12-20T07:15:46.756Z","2023-12-20T07:15:46.756Z"
159438002,"JVC","1703056481","b","2400","3380","103000","2023-12-20T07:14:55.741Z","2023-12-20T07:14:55.741Z"
159433898,"JVC","1703056381","b","5000","3380","98000","2023-12-20T07:13:14.736Z","2023-12-20T07:13:14.736Z"
159433842,"JVC","1703056380","s","300","3370","97700","2023-12-20T07:13:14.736Z","2023-12-20T07:13:14.736Z"
159433082,"JVC","1703056361","b","100","3370","97600","2023-12-20T07:12:55.757Z","2023-12-20T07:12:55.757Z"
159432501,"JVC","1703056341","b","100","3370","97600","2023-12-20T07:12:35.727Z","2023-12-20T07:12:35.727Z"
159430361,"JVC","1703056284","s","100","3370","97400","2023-12-20T07:11:38.733Z","2023-12-20T07:11:38.733Z"
159430181,"JVC","1703056279","b","100","3380","97300","2023-12-20T07:11:32.746Z","2023-12-20T07:11:32.746Z"
159428924,"JVC","1703056238","b","400","3360","97300","2023-12-20T07:10:52.709Z","2023-12-20T07:10:52.709Z"
159428923,"JVC","1703056238","b","600","3360","97300","2023-12-20T07:10:52.709Z","2023-12-20T07:10:52.709Z"
159428675,"JVC","1703056230","b","5000","3360","96300","2023-12-20T07:10:45.704Z","2023-12-20T07:10:45.704Z"
159428236,"JVC","1703056215","b","800","3360","90500","2023-12-20T07:10:30.721Z","2023-12-20T07:10:30.721Z"
159428199,"JVC","1703056213","s","2400","3350","90500","2023-12-20T07:10:26.705Z","2023-12-20T07:10:26.705Z"
159428198,"JVC","1703056213","s","500","3350","90500","2023-12-20T07:10:26.705Z","2023-12-20T07:10:26.705Z"
159428197,"JVC","1703056213","s","100","3350","90500","2023-12-20T07:10:26.705Z","2023-12-20T07:10:26.705Z"
159426826,"JVC","1703056165","b","200","3360","87300","2023-12-20T07:09:39.715Z","2023-12-20T07:09:39.715Z"
159424596,"JVC","1703056079","s","3400","3360","87300","2023-12-20T07:08:13.708Z","2023-12-20T07:08:13.708Z"
159421465,"JVC","1703055966","s","1600","3360","81900","2023-12-20T07:06:19.724Z","2023-12-20T07:06:19.724Z"
159421464,"JVC","1703055966","s","400","3360","81900","2023-12-20T07:06:19.724Z","2023-12-20T07:06:19.724Z"
159420981,"JVC","1703055945","b","600","3360","81300","2023-12-20T07:05:59.737Z","2023-12-20T07:05:59.737Z"
159414986,"JVC","1703055699","s","100","3360","78400","2023-12-20T07:01:53.702Z","2023-12-20T07:01:53.702Z"
159414985,"JVC","1703055699","s","2000","3360","78400","2023-12-20T07:01:53.702Z","2023-12-20T07:01:53.702Z"
159414984,"JVC","1703055699","s","100","3360","78400","2023-12-20T07:01:53.702Z","2023-12-20T07:01:53.702Z"
159414983,"JVC","1703055699","s","200","3360","78400","2023-12-20T07:01:53.702Z","2023-12-20T07:01:53.702Z"
159414982,"JVC","1703055699","s","500","3360","78400","2023-12-20T07:01:53.702Z","2023-12-20T07:01:53.702Z"
159414363,"JVC","1703055671","s","2700","3360","78400","2023-12-20T07:01:24.712Z","2023-12-20T07:01:24.712Z"
159414362,"JVC","1703055671","s","200","3360","78400","2023-12-20T07:01:24.712Z","2023-12-20T07:01:24.712Z"
159414155,"JVC","1703055661","s","500","3360","74500","2023-12-20T07:01:14.755Z","2023-12-20T07:01:14.755Z"
159414154,"JVC","1703055661","s","500","3360","74500","2023-12-20T07:01:14.755Z","2023-12-20T07:01:14.755Z"
159413273,"JVC","1703055625","s","500","3360","74500","2023-12-20T07:00:39.708Z","2023-12-20T07:00:39.708Z"
159413272,"JVC","1703055625","s","300","3360","74500","2023-12-20T07:00:39.708Z","2023-12-20T07:00:39.708Z"
159413271,"JVC","1703055625","s","100","3360","74500","2023-12-20T07:00:39.708Z","2023-12-20T07:00:39.708Z"
159413270,"JVC","1703055625","s","10000","3360","74500","2023-12-20T07:00:39.708Z","2023-12-20T07:00:39.708Z"
159413269,"JVC","1703055625","s","400","3360","74500","2023-12-20T07:00:39.708Z","2023-12-20T07:00:39.708Z"
159413268,"JVC","1703055625","s","800","3360","74500","2023-12-20T07:00:39.708Z","2023-12-20T07:00:39.708Z"
159413060,"JVC","1703055614","s","100","3360","62400","2023-12-20T07:00:28.699Z","2023-12-20T07:00:28.699Z"
159411240,"JVC","1703055536","s","100","3360","62300","2023-12-20T06:59:09.704Z","2023-12-20T06:59:09.704Z"
159411239,"JVC","1703055536","s","2200","3360","62300","2023-12-20T06:59:09.704Z","2023-12-20T06:59:09.704Z"
159411238,"JVC","1703055536","s","2700","3360","62300","2023-12-20T06:59:09.704Z","2023-12-20T06:59:09.704Z"
159410958,"JVC","1703055526","b","100","3370","57300","2023-12-20T06:59:00.727Z","2023-12-20T06:59:00.727Z"
159409077,"JVC","1703055454","s","2000","3370","54400","2023-12-20T06:57:48.705Z","2023-12-20T06:57:48.705Z"
159409076,"JVC","1703055454","s","800","3370","54400","2023-12-20T06:57:48.705Z","2023-12-20T06:57:48.705Z"
159405771,"JVC","1703055318","b","200","3370","54400","2023-12-20T06:55:31.721Z","2023-12-20T06:55:31.721Z"
159405247,"JVC","1703055298","b","800","3370","53400","2023-12-20T06:55:12.713Z","2023-12-20T06:55:12.713Z"
159399029,"JVC","1703055058","s","1000","3370","53400","2023-12-20T06:51:12.709Z","2023-12-20T06:51:12.709Z"
159399028,"JVC","1703055058","s","1000","3370","53400","2023-12-20T06:51:12.709Z","2023-12-20T06:51:12.709Z"
159399027,"JVC","1703055058","s","100","3370","53400","2023-12-20T06:51:12.709Z","2023-12-20T06:51:12.709Z"
159399026,"JVC","1703055058","s","300","3370","53400","2023-12-20T06:51:12.709Z","2023-12-20T06:51:12.709Z"
159393278,"JVC","1703054883","b","600","3380","51000","2023-12-20T06:48:17.705Z","2023-12-20T06:48:17.705Z"
159392810,"JVC","1703054866","b","400","3380","50000","2023-12-20T06:48:01.695Z","2023-12-20T06:48:01.695Z"
159392367,"JVC","1703054854","b","100","3380","49900","2023-12-20T06:47:48.745Z","2023-12-20T06:47:48.745Z"
159389237,"JVC","1703054749","s","100","3370","49900","2023-12-20T06:46:03.732Z","2023-12-20T06:46:03.732Z"
159383426,"JVC","1703054559","b","400","3380","49400","2023-12-20T06:42:52.686Z","2023-12-20T06:42:52.686Z"
159376773,"JVC","1703054303","b","600","3370","48800","2023-12-20T06:38:36.686Z","2023-12-20T06:38:36.686Z"
159376716,"JVC","1703054298","b","1000","3370","47800","2023-12-20T06:38:32.686Z","2023-12-20T06:38:32.686Z"
159375846,"JVC","1703054254","s","100","3370","46400","2023-12-20T06:37:48.682Z","2023-12-20T06:37:48.682Z"
159375845,"JVC","1703054254","s","700","3370","46400","2023-12-20T06:37:48.682Z","2023-12-20T06:37:48.682Z"
159375844,"JVC","1703054254","s","100","3370","46400","2023-12-20T06:37:48.682Z","2023-12-20T06:37:48.682Z"
159375843,"JVC","1703054254","s","500","3370","46400","2023-12-20T06:37:48.682Z","2023-12-20T06:37:48.682Z"
159374891,"JVC","1703054205","b","200","3380","46400","2023-12-20T06:36:59.713Z","2023-12-20T06:36:59.713Z"
159373398,"JVC","1703054107","b","100","3380","46100","2023-12-20T06:35:21.681Z","2023-12-20T06:35:21.681Z"
159372925,"JVC","1703054083","s","200","3380","46100","2023-12-20T06:34:57.686Z","2023-12-20T06:34:57.686Z"
159372924,"JVC","1703054083","s","100","3380","46100","2023-12-20T06:34:57.686Z","2023-12-20T06:34:57.686Z"
159369749,"JVC","1703053913","b","200","3380","45800","2023-12-20T06:32:06.680Z","2023-12-20T06:32:06.680Z"
159369570,"JVC","1703053903","b","600","3380","45600","2023-12-20T06:31:57.685Z","2023-12-20T06:31:57.685Z"
159369294,"JVC","1703053889","b","2100","3380","45000","2023-12-20T06:31:43.681Z","2023-12-20T06:31:43.681Z"
159368297,"JVC","1703053833","s","100","3380","42900","2023-12-20T06:30:46.672Z","2023-12-20T06:30:46.672Z"
159366578,"JVC","1703053763","b","100","3390","42800","2023-12-20T06:29:36.686Z","2023-12-20T06:29:36.686Z"
159366277,"JVC","1703053748","b","1000","3380","42700","2023-12-20T06:29:22.688Z","2023-12-20T06:29:22.688Z"
159366024,"JVC","1703053739","b","100","3380","41700","2023-12-20T06:29:13.687Z","2023-12-20T06:29:13.687Z"
159365983,"JVC","1703053737","b","700","3380","41600","2023-12-20T06:29:11.694Z","2023-12-20T06:29:11.694Z"
159365098,"JVC","1703053699","s","200","3380","40700","2023-12-20T06:28:32.673Z","2023-12-20T06:28:32.673Z"
159364780,"JVC","1703053686","b","100","3390","40700","2023-12-20T06:28:20.683Z","2023-12-20T06:28:20.683Z"
159359216,"JVC","1703053521","b","1900","3390","40600","2023-12-20T06:25:34.699Z","2023-12-20T06:25:34.699Z"
159359215,"JVC","1703053521","b","100","3390","40600","2023-12-20T06:25:34.699Z","2023-12-20T06:25:34.699Z"
159359214,"JVC","1703053521","b","1100","3390","40600","2023-12-20T06:25:34.699Z","2023-12-20T06:25:34.699Z"
159359139,"JVC","1703053520","b","100","3390","37500","2023-12-20T06:25:33.685Z","2023-12-20T06:25:33.685Z"
159356938,"JVC","1703053470","b","1800","3380","35600","2023-12-20T06:24:44.671Z","2023-12-20T06:24:44.671Z"
159356879,"JVC","1703053468","b","2000","3380","35600","2023-12-20T06:24:42.672Z","2023-12-20T06:24:42.672Z"
159353549,"JVC","1703053346","b","300","3380","33300","2023-12-20T06:22:40.664Z","2023-12-20T06:22:40.664Z"
159353037,"JVC","1703053322","b","800","3380","33300","2023-12-20T06:22:16.665Z","2023-12-20T06:22:16.665Z"
