"id","symbol","truncTime","matchType","matchVol","matchPrice","accumulatedVolume","createdAt","updatedAt"
159456910,"NDN","1703057011","b","600","9700","20200","2023-12-20T07:23:32.735Z","2023-12-20T07:23:32.735Z"
159456010,"NDN","1703056981","b","100","9700","19600","2023-12-20T07:23:02.754Z","2023-12-20T07:23:02.754Z"
159450295,"NDN","1703056812","b","300","9700","19500","2023-12-20T07:20:13.732Z","2023-12-20T07:20:13.732Z"
159439715,"NDN","1703056530","b","300","9700","19200","2023-12-20T07:15:31.838Z","2023-12-20T07:15:31.838Z"
159438745,"NDN","1703056510","b","2000","9700","18900","2023-12-20T07:15:11.789Z","2023-12-20T07:15:11.789Z"
159436631,"NDN","1703056462","b","200","9700","16900","2023-12-20T07:14:23.727Z","2023-12-20T07:14:23.727Z"
159432285,"NDN","1703056347","s","100","9600","16700","2023-12-20T07:12:28.753Z","2023-12-20T07:12:28.753Z"
159413786,"NDN","1703055659","s","1100","9600","16600","2023-12-20T07:01:00.708Z","2023-12-20T07:01:00.708Z"
159409775,"NDN","1703055493","b","100","9700","15500","2023-12-20T06:58:14.707Z","2023-12-20T06:58:14.707Z"
159408958,"NDN","1703055463","s","600","9600","15400","2023-12-20T06:57:44.693Z","2023-12-20T06:57:44.693Z"
159394028,"NDN","1703054923","b","100","9700","14800","2023-12-20T06:48:43.698Z","2023-12-20T06:48:43.698Z"
159360811,"NDN","1703053576","b","1000","9700","14700","2023-12-20T06:26:16.685Z","2023-12-20T06:26:16.685Z"
159344077,"NDN","1703052836","b","100","9700","13700","2023-12-20T06:13:57.657Z","2023-12-20T06:13:57.657Z"
159341747,"NDN","1703052698","s","1100","9600","13600","2023-12-20T06:11:39.655Z","2023-12-20T06:11:39.655Z"
159340104,"NDN","1703052611","s","200","9600","12500","2023-12-20T06:10:12.659Z","2023-12-20T06:10:12.659Z"
159328240,"NDN","1703052005","b","500","9700","12300","2023-12-20T06:00:08.717Z","2023-12-20T06:00:08.717Z"
159323853,"NDN","1703046336","b","100","9700","11800","2023-12-20T04:25:38.555Z","2023-12-20T04:25:38.555Z"
159321950,"NDN","1703046174","b","100","9700","11700","2023-12-20T04:22:56.550Z","2023-12-20T04:22:56.550Z"
159317611,"NDN","1703045812","b","200","9700","11600","2023-12-20T04:16:53.548Z","2023-12-20T04:16:53.548Z"
159316929,"NDN","1703045762","b","100","9700","11400","2023-12-20T04:16:04.544Z","2023-12-20T04:16:04.544Z"
159316537,"NDN","1703045744","b","200","9700","11300","2023-12-20T04:15:45.546Z","2023-12-20T04:15:45.546Z"
159315982,"NDN","1703045710","b","100","9700","11100","2023-12-20T04:15:11.576Z","2023-12-20T04:15:11.576Z"
159315642,"NDN","1703045695","b","300","9700","11000","2023-12-20T04:14:56.545Z","2023-12-20T04:14:56.545Z"
159315247,"NDN","1703045643","b","200","9700","10700","2023-12-20T04:14:05.554Z","2023-12-20T04:14:05.554Z"
159307219,"NDN","1703044851","b","400","9700","10500","2023-12-20T04:00:52.558Z","2023-12-20T04:00:52.558Z"
159274965,"NDN","1703042578","b","100","9700","10100","2023-12-20T03:23:00.502Z","2023-12-20T03:23:00.502Z"
159274033,"NDN","1703042504","b","200","9700","10000","2023-12-20T03:21:46.507Z","2023-12-20T03:21:46.507Z"
159273373,"NDN","1703042450","b","500","9700","9800","2023-12-20T03:20:52.510Z","2023-12-20T03:20:52.510Z"
159272285,"NDN","1703042375","b","500","9700","9300","2023-12-20T03:19:37.514Z","2023-12-20T03:19:37.514Z"
159270540,"NDN","1703042262","b","500","9700","8800","2023-12-20T03:17:44.495Z","2023-12-20T03:17:44.495Z"
159269331,"NDN","1703042174","b","100","9700","8300","2023-12-20T03:16:16.498Z","2023-12-20T03:16:16.498Z"
159259574,"NDN","1703041606","b","100","9700","8200","2023-12-20T03:06:47.502Z","2023-12-20T03:06:47.502Z"
159252741,"NDN","1703041194","unknown","100","9600","8100","2023-12-20T02:59:56.485Z","2023-12-20T02:59:56.485Z"
159252729,"NDN","1703041193","s","400","9600","8000","2023-12-20T02:59:55.488Z","2023-12-20T02:59:55.488Z"
159251962,"NDN","1703041155","b","100","9600","7600","2023-12-20T02:59:16.480Z","2023-12-20T02:59:16.480Z"
159249898,"NDN","1703041042","b","1500","9600","7500","2023-12-20T02:57:24.483Z","2023-12-20T02:57:24.483Z"
159241717,"NDN","1703040605","unknown","300","9600","6000","2023-12-20T02:50:07.483Z","2023-12-20T02:50:07.483Z"
159241079,"NDN","1703040564","b","100","9600","5700","2023-12-20T02:49:25.481Z","2023-12-20T02:49:25.481Z"
159240073,"NDN","1703040501","b","100","9600","5600","2023-12-20T02:48:22.479Z","2023-12-20T02:48:22.479Z"
159237364,"NDN","1703040341","s","500","9600","5500","2023-12-20T02:45:42.494Z","2023-12-20T02:45:42.494Z"
159236736,"NDN","1703040305","b","600","9700","5000","2023-12-20T02:45:06.485Z","2023-12-20T02:45:06.485Z"
159236239,"NDN","1703040280","s","1000","9600","4400","2023-12-20T02:44:41.468Z","2023-12-20T02:44:41.468Z"
159234516,"NDN","1703040182","s","200","9600","3400","2023-12-20T02:43:03.476Z","2023-12-20T02:43:03.476Z"
159222044,"NDN","1703039563","s","1000","9600","3200","2023-12-20T02:32:44.470Z","2023-12-20T02:32:44.470Z"
159220811,"NDN","1703039496","b","400","9700","2200","2023-12-20T02:31:37.481Z","2023-12-20T02:31:37.481Z"
159217939,"NDN","1703039368","b","100","9700","1800","2023-12-20T02:29:29.463Z","2023-12-20T02:29:29.463Z"
159209741,"NDN","1703039064","b","600","9700","1700","2023-12-20T02:24:26.465Z","2023-12-20T02:24:26.465Z"
159206079,"NDN","1703038908","b","100","9700","1100","2023-12-20T02:21:50.462Z","2023-12-20T02:21:50.462Z"
159192960,"NDN","1703037654","b","300","9500","1000","2023-12-20T02:00:56.432Z","2023-12-20T02:00:56.432Z"
159192856,"NDN","1703037616","b","500","9500","700","2023-12-20T02:00:22.446Z","2023-12-20T02:00:22.446Z"
159192844,"NDN","1703037615","b","100","9500","200","2023-12-20T02:00:21.434Z","2023-12-20T02:00:21.434Z"
159192826,"NDN","1703037612","b","100","9500","100","2023-12-20T02:00:18.435Z","2023-12-20T02:00:18.435Z"
