"id","symbol","truncTime","matchType","matchVol","matchPrice","accumulatedVolume","createdAt","updatedAt"
159473624,"NVL","1703058290","unknown","619600","16750","7071100","2023-12-20T07:45:04.932Z","2023-12-20T07:45:04.932Z"
159472832,"NVL","1703057387","b","2000","16800","6451500","2023-12-20T07:30:00.806Z","2023-12-20T07:30:00.806Z"
159472794,"NVL","1703057386","b","2000","16800","6449500","2023-12-20T07:29:59.731Z","2023-12-20T07:29:59.731Z"
159472623,"NVL","1703057382","s","600","16750","6447500","2023-12-20T07:29:56.753Z","2023-12-20T07:29:56.753Z"
159472622,"NVL","1703057382","s","800","16750","6447500","2023-12-20T07:29:56.753Z","2023-12-20T07:29:56.753Z"
159472621,"NVL","1703057382","s","500","16750","6447500","2023-12-20T07:29:56.753Z","2023-12-20T07:29:56.753Z"
159472620,"NVL","1703057382","s","200","16750","6447500","2023-12-20T07:29:56.753Z","2023-12-20T07:29:56.753Z"
159472619,"NVL","1703057382","s","10000","16750","6447500","2023-12-20T07:29:56.753Z","2023-12-20T07:29:56.753Z"
159472618,"NVL","1703057382","s","200","16750","6447500","2023-12-20T07:29:56.753Z","2023-12-20T07:29:56.753Z"
159472617,"NVL","1703057382","s","200","16750","6447500","2023-12-20T07:29:56.753Z","2023-12-20T07:29:56.753Z"
159472616,"NVL","1703057382","s","100","16750","6447500","2023-12-20T07:29:56.753Z","2023-12-20T07:29:56.753Z"
159472615,"NVL","1703057382","s","400","16750","6447500","2023-12-20T07:29:56.753Z","2023-12-20T07:29:56.753Z"
159472614,"NVL","1703057382","s","200","16750","6447500","2023-12-20T07:29:56.753Z","2023-12-20T07:29:56.753Z"
159472613,"NVL","1703057382","s","200","16750","6447500","2023-12-20T07:29:56.753Z","2023-12-20T07:29:56.753Z"
159472612,"NVL","1703057382","s","100","16750","6447500","2023-12-20T07:29:56.753Z","2023-12-20T07:29:56.753Z"
159472611,"NVL","1703057382","s","500","16750","6447500","2023-12-20T07:29:56.753Z","2023-12-20T07:29:56.753Z"
159472584,"NVL","1703057382","b","200","16800","6433500","2023-12-20T07:29:55.798Z","2023-12-20T07:29:55.798Z"
159472524,"NVL","1703057381","b","2400","16800","6418300","2023-12-20T07:29:55.798Z","2023-12-20T07:29:55.798Z"
159472523,"NVL","1703057381","b","200","16800","6418300","2023-12-20T07:29:55.798Z","2023-12-20T07:29:55.798Z"
159472522,"NVL","1703057381","b","2000","16800","6418300","2023-12-20T07:29:55.798Z","2023-12-20T07:29:55.798Z"
159472521,"NVL","1703057381","b","3000","16800","6418300","2023-12-20T07:29:55.798Z","2023-12-20T07:29:55.798Z"
159472520,"NVL","1703057381","b","100","16800","6418300","2023-12-20T07:29:55.798Z","2023-12-20T07:29:55.798Z"
159472519,"NVL","1703057381","b","500","16800","6418300","2023-12-20T07:29:55.798Z","2023-12-20T07:29:55.798Z"
159472518,"NVL","1703057381","b","300","16800","6418300","2023-12-20T07:29:55.798Z","2023-12-20T07:29:55.798Z"
159472517,"NVL","1703057381","b","300","16800","6418300","2023-12-20T07:29:55.798Z","2023-12-20T07:29:55.798Z"
159472516,"NVL","1703057381","b","1000","16800","6418300","2023-12-20T07:29:55.798Z","2023-12-20T07:29:55.798Z"
159472515,"NVL","1703057381","b","1000","16800","6418300","2023-12-20T07:29:55.798Z","2023-12-20T07:29:55.798Z"
159472514,"NVL","1703057381","b","4200","16800","6418300","2023-12-20T07:29:55.798Z","2023-12-20T07:29:55.798Z"
159472493,"NVL","1703057381","b","800","16800","6417200","2023-12-20T07:29:54.758Z","2023-12-20T07:29:54.758Z"
159472492,"NVL","1703057381","b","300","16800","6417200","2023-12-20T07:29:54.758Z","2023-12-20T07:29:54.758Z"
159472401,"NVL","1703057379","b","5000","16800","6417200","2023-12-20T07:29:52.794Z","2023-12-20T07:29:52.794Z"
159472079,"NVL","1703057372","b","18000","16800","6412200","2023-12-20T07:29:46.761Z","2023-12-20T07:29:46.761Z"
159471994,"NVL","1703057371","s","500","16750","6394200","2023-12-20T07:29:45.775Z","2023-12-20T07:29:45.775Z"
159471993,"NVL","1703057371","s","500","16750","6394200","2023-12-20T07:29:45.775Z","2023-12-20T07:29:45.775Z"
159471828,"NVL","1703057368","b","500","16800","6393200","2023-12-20T07:29:42.748Z","2023-12-20T07:29:42.748Z"
159471827,"NVL","1703057368","b","3000","16800","6393200","2023-12-20T07:29:42.748Z","2023-12-20T07:29:42.748Z"
159471712,"NVL","1703057365","s","1000","16750","6389700","2023-12-20T07:29:40.752Z","2023-12-20T07:29:40.752Z"
159471517,"NVL","1703057362","s","500","16750","6388700","2023-12-20T07:29:36.750Z","2023-12-20T07:29:36.750Z"
159471516,"NVL","1703057362","s","1000","16750","6388700","2023-12-20T07:29:36.750Z","2023-12-20T07:29:36.750Z"
159471515,"NVL","1703057362","s","500","16750","6388700","2023-12-20T07:29:36.750Z","2023-12-20T07:29:36.750Z"
159471475,"NVL","1703057361","s","600","16750","6386700","2023-12-20T07:29:35.753Z","2023-12-20T07:29:35.753Z"
159471457,"NVL","1703057360","b","200","16800","6386100","2023-12-20T07:29:33.776Z","2023-12-20T07:29:33.776Z"
159471429,"NVL","1703057360","b","1000","16800","6385900","2023-12-20T07:29:33.776Z","2023-12-20T07:29:33.776Z"
159471321,"NVL","1703057358","s","1200","16750","6384900","2023-12-20T07:29:32.788Z","2023-12-20T07:29:32.788Z"
159471320,"NVL","1703057358","b","400","16800","6384900","2023-12-20T07:29:32.788Z","2023-12-20T07:29:32.788Z"
159471160,"NVL","1703057355","s","100","16750","6383200","2023-12-20T07:29:29.802Z","2023-12-20T07:29:29.802Z"
159471156,"NVL","1703057355","s","100","16750","6383200","2023-12-20T07:29:29.802Z","2023-12-20T07:29:29.802Z"
159471155,"NVL","1703057355","s","400","16750","6383200","2023-12-20T07:29:29.802Z","2023-12-20T07:29:29.802Z"
159470886,"NVL","1703057350","s","300","16750","6382700","2023-12-20T07:29:24.802Z","2023-12-20T07:29:24.802Z"
159470628,"NVL","1703057346","s","200","16750","6382000","2023-12-20T07:29:20.749Z","2023-12-20T07:29:20.749Z"
159470627,"NVL","1703057346","s","100","16750","6382000","2023-12-20T07:29:20.749Z","2023-12-20T07:29:20.749Z"
159470626,"NVL","1703057346","s","100","16750","6382000","2023-12-20T07:29:20.749Z","2023-12-20T07:29:20.749Z"
159470293,"NVL","1703057341","s","100","16750","6382000","2023-12-20T07:29:15.879Z","2023-12-20T07:29:15.879Z"
159469808,"NVL","1703057330","s","800","16750","6381900","2023-12-20T07:29:04.769Z","2023-12-20T07:29:04.769Z"
159469807,"NVL","1703057330","s","300","16750","6381900","2023-12-20T07:29:04.769Z","2023-12-20T07:29:04.769Z"
159469806,"NVL","1703057330","s","400","16750","6381900","2023-12-20T07:29:04.769Z","2023-12-20T07:29:04.769Z"
159469805,"NVL","1703057330","s","500","16750","6381900","2023-12-20T07:29:04.769Z","2023-12-20T07:29:04.769Z"
159469804,"NVL","1703057330","s","1300","16750","6381900","2023-12-20T07:29:04.769Z","2023-12-20T07:29:04.769Z"
159469737,"NVL","1703057328","b","5000","16800","6373600","2023-12-20T07:29:02.732Z","2023-12-20T07:29:02.732Z"
159469719,"NVL","1703057327","b","1000","16800","6373600","2023-12-20T07:29:02.732Z","2023-12-20T07:29:02.732Z"
159469551,"NVL","1703057322","s","3800","16750","6372600","2023-12-20T07:28:57.731Z","2023-12-20T07:28:57.731Z"
159469516,"NVL","1703057322","b","1800","16800","6367000","2023-12-20T07:28:56.731Z","2023-12-20T07:28:56.731Z"
159469438,"NVL","1703057320","s","300","16750","6367000","2023-12-20T07:28:53.756Z","2023-12-20T07:28:53.756Z"
159469342,"NVL","1703057316","s","1000","16750","6366700","2023-12-20T07:28:50.734Z","2023-12-20T07:28:50.734Z"
159469296,"NVL","1703057315","s","400","16750","6365300","2023-12-20T07:28:49.766Z","2023-12-20T07:28:49.766Z"
159469084,"NVL","1703057311","s","100","16750","6365300","2023-12-20T07:28:45.786Z","2023-12-20T07:28:45.786Z"
159468654,"NVL","1703057300","s","1600","16750","6365200","2023-12-20T07:28:34.761Z","2023-12-20T07:28:34.761Z"
159468519,"NVL","1703057297","b","200","16800","6363400","2023-12-20T07:28:31.737Z","2023-12-20T07:28:31.737Z"
159468419,"NVL","1703057293","b","2100","16800","6363400","2023-12-20T07:28:27.758Z","2023-12-20T07:28:27.758Z"
159468418,"NVL","1703057293","b","400","16800","6363400","2023-12-20T07:28:27.758Z","2023-12-20T07:28:27.758Z"
159468417,"NVL","1703057293","b","100","16800","6363400","2023-12-20T07:28:27.758Z","2023-12-20T07:28:27.758Z"
159468416,"NVL","1703057293","b","400","16800","6363400","2023-12-20T07:28:27.758Z","2023-12-20T07:28:27.758Z"
159468073,"NVL","1703057286","b","5000","16800","6360400","2023-12-20T07:28:20.729Z","2023-12-20T07:28:20.729Z"
159467867,"NVL","1703057281","b","100","16800","6355400","2023-12-20T07:28:16.736Z","2023-12-20T07:28:16.736Z"
159467322,"NVL","1703057270","s","3000","16750","6352300","2023-12-20T07:28:04.762Z","2023-12-20T07:28:04.762Z"
159467316,"NVL","1703057270","b","200","16800","6352300","2023-12-20T07:28:04.762Z","2023-12-20T07:28:04.762Z"
159467045,"NVL","1703057265","s","1700","16750","6352100","2023-12-20T07:27:59.745Z","2023-12-20T07:27:59.745Z"
159466690,"NVL","1703057257","b","300","16800","6350400","2023-12-20T07:27:51.786Z","2023-12-20T07:27:51.786Z"
159466658,"NVL","1703057256","b","2000","16800","6350100","2023-12-20T07:27:50.798Z","2023-12-20T07:27:50.798Z"
159466657,"NVL","1703057256","b","500","16800","6350100","2023-12-20T07:27:50.798Z","2023-12-20T07:27:50.798Z"
159466656,"NVL","1703057256","b","1700","16800","6350100","2023-12-20T07:27:50.798Z","2023-12-20T07:27:50.798Z"
159466655,"NVL","1703057256","b","2500","16800","6350100","2023-12-20T07:27:50.798Z","2023-12-20T07:27:50.798Z"
159466654,"NVL","1703057256","b","13300","16800","6350100","2023-12-20T07:27:50.798Z","2023-12-20T07:27:50.798Z"
159466653,"NVL","1703057256","b","100","16800","6350100","2023-12-20T07:27:50.798Z","2023-12-20T07:27:50.798Z"
159466652,"NVL","1703057256","b","1200","16800","6350100","2023-12-20T07:27:50.798Z","2023-12-20T07:27:50.798Z"
159466596,"NVL","1703057255","b","5400","16800","6328800","2023-12-20T07:27:49.730Z","2023-12-20T07:27:49.730Z"
159466595,"NVL","1703057255","b","4600","16800","6328800","2023-12-20T07:27:49.730Z","2023-12-20T07:27:49.730Z"
159466589,"NVL","1703057255","b","500","16800","6318300","2023-12-20T07:27:49.730Z","2023-12-20T07:27:49.730Z"
159466403,"NVL","1703057251","s","400","16750","6318300","2023-12-20T07:27:45.767Z","2023-12-20T07:27:45.767Z"
159466358,"NVL","1703057250","s","100","16800","6317900","2023-12-20T07:27:44.741Z","2023-12-20T07:27:44.741Z"
159466357,"NVL","1703057250","s","500","16800","6317900","2023-12-20T07:27:44.741Z","2023-12-20T07:27:44.741Z"
159466356,"NVL","1703057250","s","100","16800","6317900","2023-12-20T07:27:44.741Z","2023-12-20T07:27:44.741Z"
159466355,"NVL","1703057250","s","400","16800","6317900","2023-12-20T07:27:44.741Z","2023-12-20T07:27:44.741Z"
159466354,"NVL","1703057250","s","100","16800","6317900","2023-12-20T07:27:44.741Z","2023-12-20T07:27:44.741Z"
159466353,"NVL","1703057250","s","200","16800","6317900","2023-12-20T07:27:44.741Z","2023-12-20T07:27:44.741Z"
159466352,"NVL","1703057250","s","500","16800","6317900","2023-12-20T07:27:44.741Z","2023-12-20T07:27:44.741Z"
159466351,"NVL","1703057250","s","100","16800","6317900","2023-12-20T07:27:44.741Z","2023-12-20T07:27:44.741Z"
159466350,"NVL","1703057250","s","800","16800","6317900","2023-12-20T07:27:44.741Z","2023-12-20T07:27:44.741Z"
159466349,"NVL","1703057250","s","1000","16800","6317900","2023-12-20T07:27:44.741Z","2023-12-20T07:27:44.741Z"
159466348,"NVL","1703057250","s","10000","16800","6317900","2023-12-20T07:27:44.741Z","2023-12-20T07:27:44.741Z"
