"id","symbol","truncTime","matchType","matchVol","matchPrice","accumulatedVolume","createdAt","updatedAt"
159473740,"POM","1703058291","unknown","41500","4850","2044100","2023-12-20T07:45:05.844Z","2023-12-20T07:45:05.844Z"
159472303,"POM","1703057377","b","2000","4860","2002600","2023-12-20T07:29:51.736Z","2023-12-20T07:29:51.736Z"
159472296,"POM","1703057377","s","700","4850","1999900","2023-12-20T07:29:51.736Z","2023-12-20T07:29:51.736Z"
159472210,"POM","1703057375","b","9100","4850","1999900","2023-12-20T07:29:49.747Z","2023-12-20T07:29:49.747Z"
159472190,"POM","1703057375","b","200","4850","1989900","2023-12-20T07:29:49.747Z","2023-12-20T07:29:49.747Z"
159472189,"POM","1703057375","s","100","4850","1989900","2023-12-20T07:29:49.747Z","2023-12-20T07:29:49.747Z"
159472188,"POM","1703057375","s","600","4850","1989900","2023-12-20T07:29:49.747Z","2023-12-20T07:29:49.747Z"
159472025,"POM","1703057372","s","100","4850","1989800","2023-12-20T07:29:46.761Z","2023-12-20T07:29:46.761Z"
159471566,"POM","1703057362","b","300","4850","1989500","2023-12-20T07:29:36.750Z","2023-12-20T07:29:36.750Z"
159471402,"POM","1703057359","s","800","4850","1989500","2023-12-20T07:29:33.776Z","2023-12-20T07:29:33.776Z"
159471401,"POM","1703057359","s","1900","4850","1989500","2023-12-20T07:29:33.776Z","2023-12-20T07:29:33.776Z"
159471400,"POM","1703057359","s","6100","4850","1989500","2023-12-20T07:29:33.776Z","2023-12-20T07:29:33.776Z"
159471399,"POM","1703057359","s","10000","4850","1989500","2023-12-20T07:29:33.776Z","2023-12-20T07:29:33.776Z"
159471398,"POM","1703057359","s","200","4850","1989500","2023-12-20T07:29:33.776Z","2023-12-20T07:29:33.776Z"
159471397,"POM","1703057359","s","100","4850","1989500","2023-12-20T07:29:33.776Z","2023-12-20T07:29:33.776Z"
159471396,"POM","1703057359","s","100","4850","1989500","2023-12-20T07:29:33.776Z","2023-12-20T07:29:33.776Z"
159471395,"POM","1703057359","s","1000","4850","1989500","2023-12-20T07:29:33.776Z","2023-12-20T07:29:33.776Z"
159471394,"POM","1703057359","s","100","4850","1989500","2023-12-20T07:29:33.776Z","2023-12-20T07:29:33.776Z"
159471393,"POM","1703057359","s","8200","4850","1989500","2023-12-20T07:29:33.776Z","2023-12-20T07:29:33.776Z"
159471392,"POM","1703057359","s","2000","4850","1989500","2023-12-20T07:29:33.776Z","2023-12-20T07:29:33.776Z"
159471391,"POM","1703057359","s","1000","4850","1989500","2023-12-20T07:29:33.776Z","2023-12-20T07:29:33.776Z"
159471390,"POM","1703057359","s","4800","4850","1989500","2023-12-20T07:29:33.776Z","2023-12-20T07:29:33.776Z"
159471389,"POM","1703057359","s","700","4850","1989500","2023-12-20T07:29:33.776Z","2023-12-20T07:29:33.776Z"
159471388,"POM","1703057359","s","12700","4850","1989500","2023-12-20T07:29:33.776Z","2023-12-20T07:29:33.776Z"
159471295,"POM","1703057358","s","500","4850","1939300","2023-12-20T07:29:31.763Z","2023-12-20T07:29:31.763Z"
159471289,"POM","1703057358","b","1500","4860","1939300","2023-12-20T07:29:31.763Z","2023-12-20T07:29:31.763Z"
159471288,"POM","1703057358","b","1500","4860","1939300","2023-12-20T07:29:31.763Z","2023-12-20T07:29:31.763Z"
159471090,"POM","1703057353","b","1000","4860","1935300","2023-12-20T07:29:27.775Z","2023-12-20T07:29:27.775Z"
159470613,"POM","1703057346","s","3600","4850","1925800","2023-12-20T07:29:19.744Z","2023-12-20T07:29:19.744Z"
159470612,"POM","1703057346","s","1000","4850","1925800","2023-12-20T07:29:19.744Z","2023-12-20T07:29:19.744Z"
159470611,"POM","1703057346","s","100","4850","1925800","2023-12-20T07:29:19.744Z","2023-12-20T07:29:19.744Z"
159470610,"POM","1703057346","s","100","4850","1925800","2023-12-20T07:29:19.744Z","2023-12-20T07:29:19.744Z"
159470609,"POM","1703057346","s","100","4850","1925800","2023-12-20T07:29:19.744Z","2023-12-20T07:29:19.744Z"
159470608,"POM","1703057346","s","1000","4850","1925800","2023-12-20T07:29:19.744Z","2023-12-20T07:29:19.744Z"
159470607,"POM","1703057346","s","3600","4850","1925800","2023-12-20T07:29:19.744Z","2023-12-20T07:29:19.744Z"
159469774,"POM","1703057329","s","1100","4850","1925800","2023-12-20T07:29:03.741Z","2023-12-20T07:29:03.741Z"
159469518,"POM","1703057322","s","1200","4850","1923500","2023-12-20T07:28:56.731Z","2023-12-20T07:28:56.731Z"
159469457,"POM","1703057321","b","100","4860","1923400","2023-12-20T07:28:54.745Z","2023-12-20T07:28:54.745Z"
159469037,"POM","1703057310","s","400","4860","1923400","2023-12-20T07:28:43.811Z","2023-12-20T07:28:43.811Z"
159468932,"POM","1703057307","s","1000","4860","1919700","2023-12-20T07:28:40.742Z","2023-12-20T07:28:40.742Z"
159468931,"POM","1703057307","s","100","4860","1919700","2023-12-20T07:28:40.742Z","2023-12-20T07:28:40.742Z"
159468930,"POM","1703057307","s","2000","4860","1919700","2023-12-20T07:28:40.742Z","2023-12-20T07:28:40.742Z"
159468929,"POM","1703057307","s","200","4860","1919700","2023-12-20T07:28:40.742Z","2023-12-20T07:28:40.742Z"
159467308,"POM","1703057270","b","1700","4870","1919700","2023-12-20T07:28:04.762Z","2023-12-20T07:28:04.762Z"
159467307,"POM","1703057270","b","300","4870","1919700","2023-12-20T07:28:04.762Z","2023-12-20T07:28:04.762Z"
159465763,"POM","1703057234","b","700","4870","1916400","2023-12-20T07:27:27.776Z","2023-12-20T07:27:27.776Z"
159465762,"POM","1703057234","b","500","4870","1916400","2023-12-20T07:27:27.776Z","2023-12-20T07:27:27.776Z"
159465761,"POM","1703057234","b","100","4870","1916400","2023-12-20T07:27:27.776Z","2023-12-20T07:27:27.776Z"
159465725,"POM","1703057232","s","200","4860","1916400","2023-12-20T07:27:26.749Z","2023-12-20T07:27:26.749Z"
159463722,"POM","1703057179","b","100","4860","1916100","2023-12-20T07:26:33.742Z","2023-12-20T07:26:33.742Z"
159463599,"POM","1703057178","b","1000","4860","1915100","2023-12-20T07:26:32.804Z","2023-12-20T07:26:32.804Z"
159463288,"POM","1703057171","b","100","4860","1914200","2023-12-20T07:26:25.741Z","2023-12-20T07:26:25.741Z"
159463287,"POM","1703057171","b","800","4860","1914200","2023-12-20T07:26:25.741Z","2023-12-20T07:26:25.741Z"
159462113,"POM","1703057146","b","100","4860","1914100","2023-12-20T07:26:00.771Z","2023-12-20T07:26:00.771Z"
159461975,"POM","1703057141","s","3200","4850","1910900","2023-12-20T07:25:55.761Z","2023-12-20T07:25:55.761Z"
159461968,"POM","1703057141","b","100","4860","1910800","2023-12-20T07:25:55.761Z","2023-12-20T07:25:55.761Z"
159461849,"POM","1703057138","s","5000","4850","1905800","2023-12-20T07:25:52.738Z","2023-12-20T07:25:52.738Z"
159461481,"POM","1703057128","s","1100","4850","1905800","2023-12-20T07:25:42.759Z","2023-12-20T07:25:42.759Z"
159461443,"POM","1703057127","b","33500","4860","1864500","2023-12-20T07:25:41.750Z","2023-12-20T07:25:41.750Z"
159461442,"POM","1703057127","b","6700","4860","1864500","2023-12-20T07:25:41.750Z","2023-12-20T07:25:41.750Z"
159461409,"POM","1703057126","s","4800","4850","1859500","2023-12-20T07:25:39.769Z","2023-12-20T07:25:39.769Z"
159461408,"POM","1703057126","s","200","4850","1859500","2023-12-20T07:25:39.769Z","2023-12-20T07:25:39.769Z"
159460878,"POM","1703057114","s","2800","4850","1855500","2023-12-20T07:25:29.726Z","2023-12-20T07:25:29.726Z"
159460877,"POM","1703057114","s","100","4850","1855500","2023-12-20T07:25:29.726Z","2023-12-20T07:25:29.726Z"
159460876,"POM","1703057114","s","1100","4850","1855500","2023-12-20T07:25:29.726Z","2023-12-20T07:25:29.726Z"
159460305,"POM","1703057097","b","3000","4860","1852500","2023-12-20T07:25:11.743Z","2023-12-20T07:25:11.743Z"
159460157,"POM","1703057093","s","100","4850","1852500","2023-12-20T07:25:07.736Z","2023-12-20T07:25:07.736Z"
159459809,"POM","1703057082","s","3000","4850","1852400","2023-12-20T07:24:56.739Z","2023-12-20T07:24:56.739Z"
159459140,"POM","1703057061","s","100","4860","1849100","2023-12-20T07:24:35.750Z","2023-12-20T07:24:35.750Z"
159459139,"POM","1703057061","s","200","4860","1849100","2023-12-20T07:24:35.750Z","2023-12-20T07:24:35.750Z"
159458190,"POM","1703057034","s","2200","4860","1846900","2023-12-20T07:24:08.738Z","2023-12-20T07:24:08.738Z"
159458187,"POM","1703057034","s","900","4860","1846900","2023-12-20T07:24:07.741Z","2023-12-20T07:24:07.741Z"
159458061,"POM","1703057030","s","5500","4860","1840500","2023-12-20T07:24:04.815Z","2023-12-20T07:24:04.815Z"
159457702,"POM","1703057022","b","1400","4860","1840500","2023-12-20T07:23:56.736Z","2023-12-20T07:23:56.736Z"
159457652,"POM","1703057021","b","100","4860","1839000","2023-12-20T07:23:55.751Z","2023-12-20T07:23:55.751Z"
159457650,"POM","1703057021","s","5200","4850","1839000","2023-12-20T07:23:55.751Z","2023-12-20T07:23:55.751Z"
159457591,"POM","1703057018","s","14300","4850","1785700","2023-12-20T07:23:52.733Z","2023-12-20T07:23:52.733Z"
159457590,"POM","1703057018","s","1000","4850","1785700","2023-12-20T07:23:52.733Z","2023-12-20T07:23:52.733Z"
159457589,"POM","1703057018","s","100","4850","1785700","2023-12-20T07:23:52.733Z","2023-12-20T07:23:52.733Z"
159457588,"POM","1703057018","s","1000","4850","1785700","2023-12-20T07:23:52.733Z","2023-12-20T07:23:52.733Z"
159457587,"POM","1703057018","s","5000","4850","1785700","2023-12-20T07:23:52.733Z","2023-12-20T07:23:52.733Z"
159457586,"POM","1703057018","s","100","4850","1785700","2023-12-20T07:23:52.733Z","2023-12-20T07:23:52.733Z"
159457585,"POM","1703057018","s","100","4850","1785700","2023-12-20T07:23:52.733Z","2023-12-20T07:23:52.733Z"
159457584,"POM","1703057018","s","100","4850","1785700","2023-12-20T07:23:52.733Z","2023-12-20T07:23:52.733Z"
159457583,"POM","1703057018","s","100","4850","1785700","2023-12-20T07:23:52.733Z","2023-12-20T07:23:52.733Z"
159457582,"POM","1703057018","s","100","4850","1785700","2023-12-20T07:23:52.733Z","2023-12-20T07:23:52.733Z"
159457581,"POM","1703057018","s","500","4850","1785700","2023-12-20T07:23:52.733Z","2023-12-20T07:23:52.733Z"
159457580,"POM","1703057018","s","24200","4850","1785700","2023-12-20T07:23:52.733Z","2023-12-20T07:23:52.733Z"
159457579,"POM","1703057018","s","1500","4860","1785700","2023-12-20T07:23:52.733Z","2023-12-20T07:23:52.733Z"
159456803,"POM","1703056996","s","1500","4860","1781700","2023-12-20T07:23:29.744Z","2023-12-20T07:23:29.744Z"
159456802,"POM","1703056996","s","100","4860","1781700","2023-12-20T07:23:29.744Z","2023-12-20T07:23:29.744Z"
159456801,"POM","1703056996","s","100","4860","1781700","2023-12-20T07:23:29.744Z","2023-12-20T07:23:29.744Z"
159456800,"POM","1703056996","s","100","4860","1781700","2023-12-20T07:23:29.744Z","2023-12-20T07:23:29.744Z"
159456799,"POM","1703056996","s","100","4860","1781700","2023-12-20T07:23:29.744Z","2023-12-20T07:23:29.744Z"
159456798,"POM","1703056996","s","2000","4860","1781700","2023-12-20T07:23:29.744Z","2023-12-20T07:23:29.744Z"
159456797,"POM","1703056996","s","100","4860","1781700","2023-12-20T07:23:29.744Z","2023-12-20T07:23:29.744Z"
159456131,"POM","1703056972","b","100","4870","1781600","2023-12-20T07:23:05.740Z","2023-12-20T07:23:05.740Z"
159455508,"POM","1703056954","b","200","4870","1781600","2023-12-20T07:22:47.727Z","2023-12-20T07:22:47.727Z"
159455491,"POM","1703056953","b","100","4870","1781300","2023-12-20T07:22:47.727Z","2023-12-20T07:22:47.727Z"
159453476,"POM","1703056895","s","100","4870","1781200","2023-12-20T07:21:49.747Z","2023-12-20T07:21:49.747Z"
