"id","symbol","truncTime","matchType","matchVol","matchPrice","accumulatedVolume","createdAt","updatedAt"
159473779,"PVS","1703058309","s","331200","38400","3042600","2023-12-20T07:45:10.737Z","2023-12-20T07:45:10.737Z"
159472676,"PVS","1703057397","s","15000","38200","2711400","2023-12-20T07:29:58.757Z","2023-12-20T07:29:58.757Z"
159472609,"PVS","1703057395","s","10000","38200","2696400","2023-12-20T07:29:56.753Z","2023-12-20T07:29:56.753Z"
159472433,"PVS","1703057392","s","100","38200","2686400","2023-12-20T07:29:53.752Z","2023-12-20T07:29:53.752Z"
159472171,"PVS","1703057387","s","200","38200","2686300","2023-12-20T07:29:48.745Z","2023-12-20T07:29:48.745Z"
159471797,"PVS","1703057380","b","2000","38300","2686100","2023-12-20T07:29:41.728Z","2023-12-20T07:29:41.728Z"
159471638,"PVS","1703057377","s","800","38200","2684100","2023-12-20T07:29:39.744Z","2023-12-20T07:29:39.744Z"
159471000,"PVS","1703057365","b","5000","38300","2683300","2023-12-20T07:29:26.767Z","2023-12-20T07:29:26.767Z"
159470916,"PVS","1703057363","s","2200","38200","2678300","2023-12-20T07:29:24.802Z","2023-12-20T07:29:24.802Z"
159470525,"PVS","1703057357","b","600","38300","2676100","2023-12-20T07:29:18.754Z","2023-12-20T07:29:18.754Z"
159469857,"PVS","1703057345","b","2000","38300","2675500","2023-12-20T07:29:06.730Z","2023-12-20T07:29:06.730Z"
159469811,"PVS","1703057343","b","200","38300","2673500","2023-12-20T07:29:04.769Z","2023-12-20T07:29:04.769Z"
159469680,"PVS","1703057339","b","2700","38300","2673300","2023-12-20T07:29:01.763Z","2023-12-20T07:29:01.763Z"
159469111,"PVS","1703057324","s","26300","38200","2670600","2023-12-20T07:28:45.786Z","2023-12-20T07:28:45.786Z"
159468850,"PVS","1703057317","s","1200","38200","2644300","2023-12-20T07:28:38.738Z","2023-12-20T07:28:38.738Z"
159467816,"PVS","1703057293","s","6400","38200","2643100","2023-12-20T07:28:15.781Z","2023-12-20T07:28:15.781Z"
159467039,"PVS","1703057278","s","800","38200","2636700","2023-12-20T07:27:59.745Z","2023-12-20T07:27:59.745Z"
159466695,"PVS","1703057270","b","200","38300","2635900","2023-12-20T07:27:51.786Z","2023-12-20T07:27:51.786Z"
159465598,"PVS","1703057241","b","200","38300","2635700","2023-12-20T07:27:22.754Z","2023-12-20T07:27:22.754Z"
159465208,"PVS","1703057232","s","1500","38200","2635500","2023-12-20T07:27:13.742Z","2023-12-20T07:27:13.742Z"
159464981,"PVS","1703057226","s","700","38200","2634000","2023-12-20T07:27:07.790Z","2023-12-20T07:27:07.790Z"
159464770,"PVS","1703057221","s","300","38200","2633300","2023-12-20T07:27:02.754Z","2023-12-20T07:27:02.754Z"
159462108,"PVS","1703057159","b","200","38300","2633000","2023-12-20T07:26:00.771Z","2023-12-20T07:26:00.771Z"
159461869,"PVS","1703057152","b","2000","38300","2632800","2023-12-20T07:25:53.768Z","2023-12-20T07:25:53.768Z"
159460833,"PVS","1703057126","b","500","38300","2630800","2023-12-20T07:25:27.754Z","2023-12-20T07:25:27.754Z"
159460494,"PVS","1703057116","b","3500","38300","2630300","2023-12-20T07:25:17.734Z","2023-12-20T07:25:17.734Z"
159460419,"PVS","1703057114","b","1000","38300","2626800","2023-12-20T07:25:15.747Z","2023-12-20T07:25:15.747Z"
159458769,"PVS","1703057065","b","300","38300","2625800","2023-12-20T07:24:26.724Z","2023-12-20T07:24:26.724Z"
159457262,"PVS","1703057021","b","500","38300","2625500","2023-12-20T07:23:42.726Z","2023-12-20T07:23:42.726Z"
159456895,"PVS","1703057011","b","100","38300","2625000","2023-12-20T07:23:32.735Z","2023-12-20T07:23:32.735Z"
159455933,"PVS","1703056980","s","63400","38300","2624900","2023-12-20T07:23:00.730Z","2023-12-20T07:23:00.730Z"
159455871,"PVS","1703056978","b","500","38400","2561500","2023-12-20T07:22:59.729Z","2023-12-20T07:22:59.729Z"
159455369,"PVS","1703056963","b","2000","38400","2561000","2023-12-20T07:22:44.752Z","2023-12-20T07:22:44.752Z"
159455227,"PVS","1703056960","b","300","38400","2559000","2023-12-20T07:22:41.766Z","2023-12-20T07:22:41.766Z"
159455103,"PVS","1703056955","s","5000","38300","2558700","2023-12-20T07:22:36.737Z","2023-12-20T07:22:36.737Z"
159454694,"PVS","1703056941","s","700","38300","2553700","2023-12-20T07:22:22.728Z","2023-12-20T07:22:22.728Z"
159452906,"PVS","1703056894","s","1100","38300","2553000","2023-12-20T07:21:35.727Z","2023-12-20T07:21:35.727Z"
159452656,"PVS","1703056887","s","4000","38300","2551900","2023-12-20T07:21:28.779Z","2023-12-20T07:21:28.779Z"
159452505,"PVS","1703056882","s","100","38300","2547900","2023-12-20T07:21:23.722Z","2023-12-20T07:21:23.722Z"
159452284,"PVS","1703056875","s","100","38300","2547800","2023-12-20T07:21:15.724Z","2023-12-20T07:21:15.724Z"
159451688,"PVS","1703056856","s","700","38300","2547700","2023-12-20T07:20:57.738Z","2023-12-20T07:20:57.738Z"
159450858,"PVS","1703056831","s","500","38300","2547000","2023-12-20T07:20:32.742Z","2023-12-20T07:20:32.742Z"
159449577,"PVS","1703056795","b","5000","38400","2546500","2023-12-20T07:19:56.729Z","2023-12-20T07:19:56.729Z"
159449215,"PVS","1703056782","b","2000","38400","2541500","2023-12-20T07:19:43.727Z","2023-12-20T07:19:43.727Z"
159447874,"PVS","1703056738","b","3000","38400","2539500","2023-12-20T07:18:59.728Z","2023-12-20T07:18:59.728Z"
159447613,"PVS","1703056730","b","5000","38400","2536500","2023-12-20T07:18:51.738Z","2023-12-20T07:18:51.738Z"
159447196,"PVS","1703056718","s","2500","38300","2531500","2023-12-20T07:18:39.766Z","2023-12-20T07:18:39.766Z"
159445845,"PVS","1703056680","b","100","38400","2529000","2023-12-20T07:18:01.727Z","2023-12-20T07:18:01.727Z"
159444621,"PVS","1703056643","b","2000","38400","2528900","2023-12-20T07:17:24.741Z","2023-12-20T07:17:24.741Z"
159444000,"PVS","1703056629","b","300","38400","2526900","2023-12-20T07:17:10.733Z","2023-12-20T07:17:10.733Z"
159443782,"PVS","1703056622","b","1000","38400","2526600","2023-12-20T07:17:03.722Z","2023-12-20T07:17:03.722Z"
159440583,"PVS","1703056554","b","300","38400","2525600","2023-12-20T07:15:56.736Z","2023-12-20T07:15:56.736Z"
159439444,"PVS","1703056526","b","3700","38400","2525300","2023-12-20T07:15:26.714Z","2023-12-20T07:15:26.714Z"
159439256,"PVS","1703056522","s","600","38400","2521600","2023-12-20T07:15:22.721Z","2023-12-20T07:15:22.721Z"
159439143,"PVS","1703056518","s","5000","38400","2521000","2023-12-20T07:15:19.723Z","2023-12-20T07:15:19.723Z"
159439087,"PVS","1703056516","s","700","38400","2516000","2023-12-20T07:15:17.736Z","2023-12-20T07:15:17.736Z"
159438587,"PVS","1703056508","s","1600","38400","2515300","2023-12-20T07:15:09.742Z","2023-12-20T07:15:09.742Z"
159437910,"PVS","1703056491","b","100","38400","2513700","2023-12-20T07:14:51.723Z","2023-12-20T07:14:51.723Z"
159437487,"PVS","1703056483","s","9900","38400","2513600","2023-12-20T07:14:43.774Z","2023-12-20T07:14:43.774Z"
159436844,"PVS","1703056469","s","1000","38400","2503700","2023-12-20T07:14:30.745Z","2023-12-20T07:14:30.745Z"
159436579,"PVS","1703056460","s","3000","38400","2502700","2023-12-20T07:14:22.743Z","2023-12-20T07:14:22.743Z"
159436486,"PVS","1703056458","s","100","38400","2499700","2023-12-20T07:14:20.729Z","2023-12-20T07:14:20.729Z"
159436158,"PVS","1703056450","b","2500","38400","2499600","2023-12-20T07:14:12.787Z","2023-12-20T07:14:12.787Z"
159436028,"PVS","1703056448","s","500","38400","2497100","2023-12-20T07:14:09.745Z","2023-12-20T07:14:09.745Z"
159435882,"PVS","1703056443","b","700","38400","2496600","2023-12-20T07:14:04.732Z","2023-12-20T07:14:04.732Z"
159435805,"PVS","1703056442","b","1500","38400","2495900","2023-12-20T07:14:03.771Z","2023-12-20T07:14:03.771Z"
159435679,"PVS","1703056439","b","2000","38400","2494400","2023-12-20T07:14:00.715Z","2023-12-20T07:14:00.715Z"
159435496,"PVS","1703056433","b","5000","38400","2492400","2023-12-20T07:13:54.712Z","2023-12-20T07:13:54.712Z"
159435407,"PVS","1703056430","b","1000","38400","2487400","2023-12-20T07:13:51.717Z","2023-12-20T07:13:51.717Z"
159435348,"PVS","1703056428","b","10000","38400","2486400","2023-12-20T07:13:50.712Z","2023-12-20T07:13:50.712Z"
159435072,"PVS","1703056423","b","2000","38400","2476400","2023-12-20T07:13:45.741Z","2023-12-20T07:13:45.741Z"
159434741,"PVS","1703056414","b","500","38400","2474400","2023-12-20T07:13:36.729Z","2023-12-20T07:13:36.729Z"
159434517,"PVS","1703056408","b","1000","38400","2473900","2023-12-20T07:13:29.759Z","2023-12-20T07:13:29.759Z"
159433963,"PVS","1703056395","b","500","38400","2472900","2023-12-20T07:13:16.736Z","2023-12-20T07:13:16.736Z"
159433503,"PVS","1703056384","b","50000","38400","2472400","2023-12-20T07:13:06.725Z","2023-12-20T07:13:06.725Z"
159432155,"PVS","1703056342","b","100","38400","2422400","2023-12-20T07:12:22.718Z","2023-12-20T07:12:22.718Z"
159431666,"PVS","1703056329","b","800","38400","2422300","2023-12-20T07:12:10.721Z","2023-12-20T07:12:10.721Z"
159430896,"PVS","1703056308","s","500","38300","2421500","2023-12-20T07:11:50.716Z","2023-12-20T07:11:50.716Z"
159430349,"PVS","1703056296","b","1000","38400","2421000","2023-12-20T07:11:38.733Z","2023-12-20T07:11:38.733Z"
159427397,"PVS","1703056196","b","500","38400","2420000","2023-12-20T07:09:57.727Z","2023-12-20T07:09:57.727Z"
159427350,"PVS","1703056194","s","10000","38300","2419500","2023-12-20T07:09:55.706Z","2023-12-20T07:09:55.706Z"
159427152,"PVS","1703056190","b","100","38400","2409500","2023-12-20T07:09:52.729Z","2023-12-20T07:09:52.729Z"
159426808,"PVS","1703056176","b","5000","38400","2409400","2023-12-20T07:09:38.709Z","2023-12-20T07:09:38.709Z"
159424181,"PVS","1703056074","b","100","38400","2404400","2023-12-20T07:07:56.712Z","2023-12-20T07:07:56.712Z"
159422852,"PVS","1703056025","s","1500","38300","2404300","2023-12-20T07:07:06.715Z","2023-12-20T07:07:06.715Z"
159422735,"PVS","1703056021","b","500","38400","2402800","2023-12-20T07:07:02.710Z","2023-12-20T07:07:02.710Z"
159421760,"PVS","1703055992","b","200","38400","2402300","2023-12-20T07:06:33.705Z","2023-12-20T07:06:33.705Z"
159420068,"PVS","1703055929","b","100","38400","2402100","2023-12-20T07:05:30.706Z","2023-12-20T07:05:30.706Z"
159419577,"PVS","1703055914","b","200","38400","2402000","2023-12-20T07:05:15.703Z","2023-12-20T07:05:15.703Z"
159418785,"PVS","1703055880","b","1000","38400","2401800","2023-12-20T07:04:41.709Z","2023-12-20T07:04:41.709Z"
159418740,"PVS","1703055878","b","1500","38400","2400800","2023-12-20T07:04:39.700Z","2023-12-20T07:04:39.700Z"
159417934,"PVS","1703055852","b","74000","38400","2399300","2023-12-20T07:04:14.707Z","2023-12-20T07:04:14.707Z"
159417566,"PVS","1703055836","s","700","38300","2325300","2023-12-20T07:03:58.704Z","2023-12-20T07:03:58.704Z"
159417311,"PVS","1703055822","s","800","38300","2324600","2023-12-20T07:03:43.714Z","2023-12-20T07:03:43.714Z"
159416498,"PVS","1703055791","s","1400","38300","2323800","2023-12-20T07:03:12.702Z","2023-12-20T07:03:12.702Z"
159416254,"PVS","1703055777","b","6600","38300","2322400","2023-12-20T07:02:58.710Z","2023-12-20T07:02:58.710Z"
159416209,"PVS","1703055774","b","6000","38300","2315800","2023-12-20T07:02:56.694Z","2023-12-20T07:02:56.694Z"
159415979,"PVS","1703055764","b","10000","38300","2309800","2023-12-20T07:02:46.700Z","2023-12-20T07:02:46.700Z"
159415882,"PVS","1703055759","b","10000","38300","2299800","2023-12-20T07:02:40.702Z","2023-12-20T07:02:40.702Z"
159415816,"PVS","1703055755","b","10000","38300","2289800","2023-12-20T07:02:36.739Z","2023-12-20T07:02:36.739Z"
