"id","symbol","truncTime","matchType","matchVol","matchPrice","accumulatedVolume","createdAt","updatedAt"
159473386,"SAB","1703058288","unknown","68700","62000","496600","2023-12-20T07:45:01.745Z","2023-12-20T07:45:01.745Z"
159472389,"SAB","1703057378","b","100","62500","496500","2023-12-20T07:29:52.794Z","2023-12-20T07:29:52.794Z"
159471255,"SAB","1703057357","s","500","62400","496000","2023-12-20T07:29:31.763Z","2023-12-20T07:29:31.763Z"
159470030,"SAB","1703057336","b","100","62500","495900","2023-12-20T07:29:10.766Z","2023-12-20T07:29:10.766Z"
159468768,"SAB","1703057303","b","200","62500","495900","2023-12-20T07:28:37.783Z","2023-12-20T07:28:37.783Z"
159468469,"SAB","1703057295","b","400","62500","495300","2023-12-20T07:28:29.729Z","2023-12-20T07:28:29.729Z"
159468360,"SAB","1703057292","s","200","62300","494800","2023-12-20T07:28:26.776Z","2023-12-20T07:28:26.776Z"
159468359,"SAB","1703057292","s","200","62300","494800","2023-12-20T07:28:26.776Z","2023-12-20T07:28:26.776Z"
159468358,"SAB","1703057292","s","100","62400","494800","2023-12-20T07:28:26.776Z","2023-12-20T07:28:26.776Z"
159465536,"SAB","1703057227","s","300","62300","494300","2023-12-20T07:27:21.770Z","2023-12-20T07:27:21.770Z"
159465535,"SAB","1703057227","s","200","62300","494300","2023-12-20T07:27:21.770Z","2023-12-20T07:27:21.770Z"
159465238,"SAB","1703057220","b","100","62500","494200","2023-12-20T07:27:14.750Z","2023-12-20T07:27:14.750Z"
159464155,"SAB","1703057193","b","800","62500","494200","2023-12-20T07:26:47.796Z","2023-12-20T07:26:47.796Z"
159464154,"SAB","1703057193","b","1000","62500","494200","2023-12-20T07:26:47.796Z","2023-12-20T07:26:47.796Z"
159464153,"SAB","1703057193","b","300","62500","494200","2023-12-20T07:26:47.796Z","2023-12-20T07:26:47.796Z"
159464152,"SAB","1703057193","b","2900","62500","494200","2023-12-20T07:26:47.796Z","2023-12-20T07:26:47.796Z"
159462861,"SAB","1703057162","b","1500","62500","487700","2023-12-20T07:26:16.796Z","2023-12-20T07:26:16.796Z"
159462757,"SAB","1703057161","s","200","62300","487200","2023-12-20T07:26:15.742Z","2023-12-20T07:26:15.742Z"
159462756,"SAB","1703057161","s","300","62300","487200","2023-12-20T07:26:15.742Z","2023-12-20T07:26:15.742Z"
159461904,"SAB","1703057140","b","100","62500","487100","2023-12-20T07:25:54.773Z","2023-12-20T07:25:54.773Z"
159460426,"SAB","1703057101","b","500","62500","485600","2023-12-20T07:25:15.747Z","2023-12-20T07:25:15.747Z"
159460425,"SAB","1703057101","b","1000","62400","485600","2023-12-20T07:25:15.747Z","2023-12-20T07:25:15.747Z"
159460228,"SAB","1703057096","s","200","62400","485100","2023-12-20T07:25:10.747Z","2023-12-20T07:25:10.747Z"
159460227,"SAB","1703057096","s","300","62400","485100","2023-12-20T07:25:10.747Z","2023-12-20T07:25:10.747Z"
159459604,"SAB","1703057074","b","200","62600","483900","2023-12-20T07:24:48.775Z","2023-12-20T07:24:48.775Z"
159459603,"SAB","1703057074","b","1000","62500","483900","2023-12-20T07:24:48.775Z","2023-12-20T07:24:48.775Z"
159459272,"SAB","1703057066","s","300","62400","482900","2023-12-20T07:24:41.734Z","2023-12-20T07:24:41.734Z"
159459271,"SAB","1703057066","s","100","62400","482900","2023-12-20T07:24:41.734Z","2023-12-20T07:24:41.734Z"
159459270,"SAB","1703057066","s","600","62400","482900","2023-12-20T07:24:41.734Z","2023-12-20T07:24:41.734Z"
159458086,"SAB","1703057031","s","400","62400","482400","2023-12-20T07:24:05.742Z","2023-12-20T07:24:05.742Z"
159458085,"SAB","1703057031","s","100","62400","482400","2023-12-20T07:24:05.742Z","2023-12-20T07:24:05.742Z"
159457993,"SAB","1703057029","b","1200","62500","481200","2023-12-20T07:24:03.753Z","2023-12-20T07:24:03.753Z"
159457349,"SAB","1703057010","b","800","62500","480000","2023-12-20T07:23:43.798Z","2023-12-20T07:23:43.798Z"
159457348,"SAB","1703057010","b","400","62400","480000","2023-12-20T07:23:43.798Z","2023-12-20T07:23:43.798Z"
159457041,"SAB","1703057004","b","1600","62400","478000","2023-12-20T07:23:37.735Z","2023-12-20T07:23:37.735Z"
159457040,"SAB","1703057004","b","400","62400","478000","2023-12-20T07:23:37.735Z","2023-12-20T07:23:37.735Z"
159456879,"SAB","1703056998","b","100","62400","477900","2023-12-20T07:23:32.735Z","2023-12-20T07:23:32.735Z"
159455908,"SAB","1703056966","s","500","62300","477400","2023-12-20T07:23:00.730Z","2023-12-20T07:23:00.730Z"
159455796,"SAB","1703056963","b","1000","62400","476400","2023-12-20T07:22:56.733Z","2023-12-20T07:22:56.733Z"
159455448,"SAB","1703056952","b","500","62400","475900","2023-12-20T07:22:45.756Z","2023-12-20T07:22:45.756Z"
159455335,"SAB","1703056950","b","800","62400","475100","2023-12-20T07:22:43.756Z","2023-12-20T07:22:43.756Z"
159454900,"SAB","1703056934","b","1000","62400","474100","2023-12-20T07:22:28.748Z","2023-12-20T07:22:28.748Z"
159454809,"SAB","1703056931","s","200","62300","473100","2023-12-20T07:22:25.763Z","2023-12-20T07:22:25.763Z"
159454808,"SAB","1703056931","s","500","62300","473100","2023-12-20T07:22:25.763Z","2023-12-20T07:22:25.763Z"
159454807,"SAB","1703056931","s","300","62300","473100","2023-12-20T07:22:25.763Z","2023-12-20T07:22:25.763Z"
159454745,"SAB","1703056929","b","300","62400","473100","2023-12-20T07:22:23.750Z","2023-12-20T07:22:23.750Z"
159454392,"SAB","1703056922","b","2500","62400","472800","2023-12-20T07:22:16.756Z","2023-12-20T07:22:16.756Z"
159454272,"SAB","1703056918","b","500","62400","469800","2023-12-20T07:22:12.785Z","2023-12-20T07:22:12.785Z"
159454197,"SAB","1703056917","b","1000","62400","469800","2023-12-20T07:22:10.756Z","2023-12-20T07:22:10.756Z"
159453851,"SAB","1703056904","b","900","62400","467600","2023-12-20T07:21:57.747Z","2023-12-20T07:21:57.747Z"
159453850,"SAB","1703056904","b","300","62400","467600","2023-12-20T07:21:57.747Z","2023-12-20T07:21:57.747Z"
159453639,"SAB","1703056900","s","100","62300","467100","2023-12-20T07:21:54.732Z","2023-12-20T07:21:54.732Z"
159453638,"SAB","1703056900","s","400","62300","467100","2023-12-20T07:21:54.732Z","2023-12-20T07:21:54.732Z"
159453165,"SAB","1703056887","b","500","62400","466600","2023-12-20T07:21:41.739Z","2023-12-20T07:21:41.739Z"
159452397,"SAB","1703056865","s","100","62300","464600","2023-12-20T07:21:20.738Z","2023-12-20T07:21:20.738Z"
159452396,"SAB","1703056865","s","500","62300","464600","2023-12-20T07:21:20.738Z","2023-12-20T07:21:20.738Z"
159452395,"SAB","1703056865","s","400","62300","464600","2023-12-20T07:21:20.738Z","2023-12-20T07:21:20.738Z"
159452394,"SAB","1703056865","s","100","62300","464600","2023-12-20T07:21:20.738Z","2023-12-20T07:21:20.738Z"
159452393,"SAB","1703056865","s","500","62300","464600","2023-12-20T07:21:20.738Z","2023-12-20T07:21:20.738Z"
159452392,"SAB","1703056865","s","400","62300","464600","2023-12-20T07:21:20.738Z","2023-12-20T07:21:20.738Z"
159452348,"SAB","1703056864","s","500","62300","463600","2023-12-20T07:21:19.730Z","2023-12-20T07:21:19.730Z"
159452347,"SAB","1703056864","s","500","62400","463600","2023-12-20T07:21:19.730Z","2023-12-20T07:21:19.730Z"
159451790,"SAB","1703056846","s","500","62300","452900","2023-12-20T07:21:00.728Z","2023-12-20T07:21:00.728Z"
159451789,"SAB","1703056846","s","300","62300","452900","2023-12-20T07:21:00.728Z","2023-12-20T07:21:00.728Z"
159451788,"SAB","1703056846","s","100","62300","452900","2023-12-20T07:21:00.728Z","2023-12-20T07:21:00.728Z"
159451787,"SAB","1703056846","s","400","62300","452900","2023-12-20T07:21:00.728Z","2023-12-20T07:21:00.728Z"
159451786,"SAB","1703056846","s","500","62300","452900","2023-12-20T07:21:00.728Z","2023-12-20T07:21:00.728Z"
159451785,"SAB","1703056846","s","8900","62300","452900","2023-12-20T07:21:00.728Z","2023-12-20T07:21:00.728Z"
159451772,"SAB","1703056846","b","800","62500","451600","2023-12-20T07:20:59.726Z","2023-12-20T07:20:59.726Z"
159451771,"SAB","1703056846","b","500","62400","451600","2023-12-20T07:20:59.726Z","2023-12-20T07:20:59.726Z"
159451692,"SAB","1703056843","b","100","62400","451500","2023-12-20T07:20:57.738Z","2023-12-20T07:20:57.738Z"
159451394,"SAB","1703056835","s","500","62300","451000","2023-12-20T07:20:49.731Z","2023-12-20T07:20:49.731Z"
159451088,"SAB","1703056825","b","400","62400","449700","2023-12-20T07:20:39.730Z","2023-12-20T07:20:39.730Z"
159451087,"SAB","1703056825","b","900","62400","449700","2023-12-20T07:20:39.730Z","2023-12-20T07:20:39.730Z"
159450625,"SAB","1703056811","b","100","62400","449600","2023-12-20T07:20:25.741Z","2023-12-20T07:20:25.741Z"
159449946,"SAB","1703056791","s","100","62400","442900","2023-12-20T07:20:04.763Z","2023-12-20T07:20:04.763Z"
159449945,"SAB","1703056791","s","100","62400","442900","2023-12-20T07:20:04.763Z","2023-12-20T07:20:04.763Z"
159449944,"SAB","1703056791","s","100","62400","442900","2023-12-20T07:20:04.763Z","2023-12-20T07:20:04.763Z"
159449943,"SAB","1703056791","s","100","62400","442900","2023-12-20T07:20:04.763Z","2023-12-20T07:20:04.763Z"
159449942,"SAB","1703056791","s","100","62400","442900","2023-12-20T07:20:04.763Z","2023-12-20T07:20:04.763Z"
159449941,"SAB","1703056791","s","100","62400","442900","2023-12-20T07:20:04.763Z","2023-12-20T07:20:04.763Z"
159449940,"SAB","1703056791","s","3000","62400","442900","2023-12-20T07:20:04.763Z","2023-12-20T07:20:04.763Z"
159449939,"SAB","1703056791","s","200","62400","442900","2023-12-20T07:20:04.763Z","2023-12-20T07:20:04.763Z"
159449938,"SAB","1703056791","s","300","62400","442900","2023-12-20T07:20:04.763Z","2023-12-20T07:20:04.763Z"
159449937,"SAB","1703056791","s","2600","62400","442900","2023-12-20T07:20:04.763Z","2023-12-20T07:20:04.763Z"
159449497,"SAB","1703056778","s","1000","62400","441900","2023-12-20T07:19:52.719Z","2023-12-20T07:19:52.719Z"
159449281,"SAB","1703056770","s","500","62400","441900","2023-12-20T07:19:44.733Z","2023-12-20T07:19:44.733Z"
159448759,"SAB","1703056754","b","1200","62600","440200","2023-12-20T07:19:28.724Z","2023-12-20T07:19:28.724Z"
159447752,"SAB","1703056720","b","1100","62600","439100","2023-12-20T07:18:54.724Z","2023-12-20T07:18:54.724Z"
159447644,"SAB","1703056718","s","2000","62400","437100","2023-12-20T07:18:52.764Z","2023-12-20T07:18:52.764Z"
159447197,"SAB","1703056705","s","500","62400","436600","2023-12-20T07:18:39.766Z","2023-12-20T07:18:39.766Z"
159446369,"SAB","1703056681","b","600","62600","436600","2023-12-20T07:18:15.740Z","2023-12-20T07:18:15.740Z"
159446290,"SAB","1703056680","b","400","62600","435200","2023-12-20T07:18:14.734Z","2023-12-20T07:18:14.734Z"
159446289,"SAB","1703056680","b","400","62600","435200","2023-12-20T07:18:14.734Z","2023-12-20T07:18:14.734Z"
159445725,"SAB","1703056662","b","1000","62600","434200","2023-12-20T07:17:56.716Z","2023-12-20T07:17:56.716Z"
159445412,"SAB","1703056653","b","600","62600","432200","2023-12-20T07:17:47.733Z","2023-12-20T07:17:47.733Z"
159445411,"SAB","1703056653","b","100","62600","432200","2023-12-20T07:17:47.733Z","2023-12-20T07:17:47.733Z"
159445410,"SAB","1703056653","b","1300","62600","432200","2023-12-20T07:17:47.733Z","2023-12-20T07:17:47.733Z"
159445174,"SAB","1703056647","s","1000","62400","431200","2023-12-20T07:17:41.744Z","2023-12-20T07:17:41.744Z"
159444905,"SAB","1703056639","s","500","62400","431200","2023-12-20T07:17:33.736Z","2023-12-20T07:17:33.736Z"
