"id","symbol","truncTime","matchType","matchVol","matchPrice","accumulatedVolume","createdAt","updatedAt"
159473686,"VPH","1703058291","unknown","5000","8220","33900","2023-12-20T07:45:04.932Z","2023-12-20T07:45:04.932Z"
159470544,"VPH","1703057344","s","1500","8220","27400","2023-12-20T07:29:18.754Z","2023-12-20T07:29:18.754Z"
159455419,"VPH","1703056951","s","1900","8220","27400","2023-12-20T07:22:45.756Z","2023-12-20T07:22:45.756Z"
159449035,"VPH","1703056762","s","200","8220","25500","2023-12-20T07:19:36.719Z","2023-12-20T07:19:36.719Z"
159448341,"VPH","1703056743","b","100","8220","25300","2023-12-20T07:19:16.754Z","2023-12-20T07:19:16.754Z"
159442887,"VPH","1703056587","b","200","8220","25000","2023-12-20T07:16:41.790Z","2023-12-20T07:16:41.790Z"
159440071,"VPH","1703056529","s","400","8200","25000","2023-12-20T07:15:43.756Z","2023-12-20T07:15:43.756Z"
159431849,"VPH","1703056321","b","100","8200","24600","2023-12-20T07:12:15.760Z","2023-12-20T07:12:15.760Z"
159420908,"VPH","1703055942","b","400","8180","24100","2023-12-20T07:05:56.730Z","2023-12-20T07:05:56.730Z"
159416342,"VPH","1703055770","s","500","8180","23500","2023-12-20T07:03:04.705Z","2023-12-20T07:03:04.705Z"
159416341,"VPH","1703055770","s","100","8190","23500","2023-12-20T07:03:04.705Z","2023-12-20T07:03:04.705Z"
159410054,"VPH","1703055492","s","1000","8180","23500","2023-12-20T06:58:25.706Z","2023-12-20T06:58:25.706Z"
159409678,"VPH","1703055477","s","500","8180","22500","2023-12-20T06:58:11.723Z","2023-12-20T06:58:11.723Z"
159409677,"VPH","1703055477","s","500","8180","22500","2023-12-20T06:58:11.723Z","2023-12-20T06:58:11.723Z"
159409147,"VPH","1703055457","s","600","8190","21500","2023-12-20T06:57:51.719Z","2023-12-20T06:57:51.719Z"
159409146,"VPH","1703055457","s","500","8190","21500","2023-12-20T06:57:51.719Z","2023-12-20T06:57:51.719Z"
159393392,"VPH","1703054887","b","300","8230","20100","2023-12-20T06:48:21.706Z","2023-12-20T06:48:21.706Z"
159375730,"VPH","1703054247","s","500","8200","19600","2023-12-20T06:37:41.681Z","2023-12-20T06:37:41.681Z"
159370000,"VPH","1703053930","b","100","8230","19500","2023-12-20T06:32:24.767Z","2023-12-20T06:32:24.767Z"
159353325,"VPH","1703053337","b","200","8200","19300","2023-12-20T06:22:31.670Z","2023-12-20T06:22:31.670Z"
159352022,"VPH","1703053271","s","300","8190","19300","2023-12-20T06:21:25.669Z","2023-12-20T06:21:25.669Z"
159352021,"VPH","1703053271","s","100","8190","19300","2023-12-20T06:21:25.669Z","2023-12-20T06:21:25.669Z"
159352020,"VPH","1703053271","s","500","8190","19300","2023-12-20T06:21:25.669Z","2023-12-20T06:21:25.669Z"
159352019,"VPH","1703053271","s","900","8190","19300","2023-12-20T06:21:25.669Z","2023-12-20T06:21:25.669Z"
159351471,"VPH","1703053239","b","200","8200","17500","2023-12-20T06:20:53.702Z","2023-12-20T06:20:53.702Z"
159343390,"VPH","1703052783","s","100","8210","17200","2023-12-20T06:13:18.651Z","2023-12-20T06:13:18.651Z"
159339390,"VPH","1703052562","b","100","8210","17200","2023-12-20T06:09:36.666Z","2023-12-20T06:09:36.666Z"
159339389,"VPH","1703052562","b","300","8210","17200","2023-12-20T06:09:36.666Z","2023-12-20T06:09:36.666Z"
159331871,"VPH","1703052181","b","100","8210","15800","2023-12-20T06:03:14.677Z","2023-12-20T06:03:14.677Z"
159331870,"VPH","1703052181","b","100","8210","15800","2023-12-20T06:03:14.677Z","2023-12-20T06:03:14.677Z"
159331869,"VPH","1703052181","b","800","8210","15800","2023-12-20T06:03:14.677Z","2023-12-20T06:03:14.677Z"
159319886,"VPH","1703045982","b","100","8210","15800","2023-12-20T04:19:55.553Z","2023-12-20T04:19:55.553Z"
159316386,"VPH","1703045720","b","100","8210","15700","2023-12-20T04:15:33.545Z","2023-12-20T04:15:33.545Z"
159316385,"VPH","1703045720","b","100","8210","15700","2023-12-20T04:15:33.545Z","2023-12-20T04:15:33.545Z"
159316384,"VPH","1703045720","b","800","8210","15700","2023-12-20T04:15:33.545Z","2023-12-20T04:15:33.545Z"
159309167,"VPH","1703045010","b","200","8210","14700","2023-12-20T04:03:44.540Z","2023-12-20T04:03:44.540Z"
159299412,"VPH","1703044158","s","100","8210","14500","2023-12-20T03:49:32.529Z","2023-12-20T03:49:32.529Z"
159286913,"VPH","1703043338","b","100","8200","14400","2023-12-20T03:35:51.518Z","2023-12-20T03:35:51.518Z"
159285921,"VPH","1703043285","b","100","8200","14200","2023-12-20T03:34:59.515Z","2023-12-20T03:34:59.515Z"
159284723,"VPH","1703043208","s","400","8200","14200","2023-12-20T03:33:42.512Z","2023-12-20T03:33:42.512Z"
159282803,"VPH","1703043089","s","100","8200","13700","2023-12-20T03:31:43.515Z","2023-12-20T03:31:43.515Z"
159279430,"VPH","1703042882","b","100","8200","13500","2023-12-20T03:28:16.508Z","2023-12-20T03:28:16.508Z"
159279429,"VPH","1703042882","b","100","8200","13500","2023-12-20T03:28:16.508Z","2023-12-20T03:28:16.508Z"
159272948,"VPH","1703042411","s","100","8200","13500","2023-12-20T03:20:25.499Z","2023-12-20T03:20:25.499Z"
159272947,"VPH","1703042411","s","500","8200","13500","2023-12-20T03:20:25.499Z","2023-12-20T03:20:25.499Z"
159266841,"VPH","1703041994","s","1000","8200","12900","2023-12-20T03:13:28.493Z","2023-12-20T03:13:28.493Z"
159266840,"VPH","1703041994","s","300","8200","12900","2023-12-20T03:13:28.493Z","2023-12-20T03:13:28.493Z"
159264439,"VPH","1703041863","s","100","8200","11500","2023-12-20T03:11:17.492Z","2023-12-20T03:11:17.492Z"
159261834,"VPH","1703041729","s","1100","8200","11500","2023-12-20T03:09:03.492Z","2023-12-20T03:09:03.492Z"
159253637,"VPH","1703041236","b","100","8200","10400","2023-12-20T03:00:49.498Z","2023-12-20T03:00:49.498Z"
159251266,"VPH","1703041108","b","1000","8200","10300","2023-12-20T02:58:42.488Z","2023-12-20T02:58:42.488Z"
159250224,"VPH","1703041052","s","200","8200","9300","2023-12-20T02:57:46.479Z","2023-12-20T02:57:46.479Z"
159239996,"VPH","1703040481","s","1100","8190","100","2023-12-20T02:48:15.479Z","2023-12-20T02:48:15.479Z"
159239995,"VPH","1703040481","s","5300","8190","100","2023-12-20T02:48:15.479Z","2023-12-20T02:48:15.479Z"
159239994,"VPH","1703040481","s","100","8190","100","2023-12-20T02:48:15.479Z","2023-12-20T02:48:15.479Z"
159239993,"VPH","1703040481","s","500","8190","100","2023-12-20T02:48:15.479Z","2023-12-20T02:48:15.479Z"
159239992,"VPH","1703040481","s","2000","8190","100","2023-12-20T02:48:15.479Z","2023-12-20T02:48:15.479Z"
159234478,"VPH","1703040167","b","100","8270","100","2023-12-20T02:43:01.480Z","2023-12-20T02:43:01.480Z"
