"price","change","match_qtty","side","time","total_vol"
12.2,0.1,1000,"sd","15:00:02",892800
12.3,0.2,200,"bu","15:00:01",891800
12.2,0.1,3100,"sd","14:58:49",891600
12.2,0.1,3000,"sd","14:57:51",888500
12.2,0.1,2000,"sd","14:57:34",885500
12.2,0.1,1300,"sd","14:56:37",883500
12.2,0.1,30000,"bu","14:55:35",882200
12.1,0,1800,"sd","14:55:25",852200
12.2,0.1,500,"bu","14:54:35",850400
12.2,0.1,5000,"bu","14:52:43",849900
12.2,0.1,1000,"bu","14:51:55",844900
12.2,0.1,3000,"bu","14:48:49",843900
12.2,0.1,100,"bu","14:47:50",840900
12.2,0.1,2000,"bu","14:47:28",840800
12.2,0.1,1000,"bu","14:47:09",838800
12.2,0.1,300,"bu","14:46:33",837800
12.2,0.1,1000,"bu","14:46:01",837500
12.2,0.1,400,"bu","14:45:20",836500
12.2,0.1,2000,"bu","14:42:36",836100
12.2,0.1,400,"bu","14:42:26",834100
12.2,0.1,90000,"bu","14:41:59",833700
12.2,0.1,1000,"bu","14:41:34",743700
12.1,0,600,"sd","14:40:05",742700
12.2,0.1,200,"bu","14:37:35",742100
12.2,0.1,1200,"bu","14:36:06",741900
12.1,0,100,"sd","14:34:14",740700
12.2,0.1,100,"bu","14:34:12",740600
12.1,0,100,"sd","14:33:57",740500
12.1,0,100,"sd","14:33:27",740400
12.1,0,200,"sd","14:32:56",740300
12.1,0,100,"sd","14:29:35",740100
12.1,0,400,"sd","14:28:43",740000
12.1,0,100,"sd","14:28:23",739600
12.1,0,100,"sd","14:28:12",739500
12.1,0,1000,"sd","14:27:57",739400
12.2,0.1,400,"bu","14:27:42",738400
12.1,0,2700,"sd","14:27:40",738000
12.1,0,1600,"sd","14:27:23",735300
12.1,0,6000,"sd","14:27:13",733700
12.1,0,1600,"sd","14:26:39",727700
12.1,0,100,"sd","14:25:55",726100
12.1,0,200,"sd","14:25:31",726000
12.1,0,400,"sd","14:25:21",725800
12.2,0.1,200,"bu","14:21:26",725400
12.2,0.1,300,"bu","14:20:10",725200
12.2,0.1,400,"bu","14:19:06",724900
12.2,0.1,100,"bu","14:19:04",724500
12.2,0.1,9600,"bu","14:18:31",724400
12.2,0.1,300,"sd","14:18:28",714800
12.2,0.1,100,"sd","14:18:23",714500
12.3,0.2,100,"bu","14:18:20",714400
12.2,0.1,5000,"sd","14:18:05",714300
12.2,0.1,100,"sd","14:17:45",709300
12.2,0.1,1400,"sd","14:17:31",709200
12.2,0.1,300,"sd","14:17:28",707800
12.2,0.1,100,"sd","14:17:23",707500
12.2,0.1,24100,"sd","14:17:22",707400
12.2,0.1,5000,"bu","14:16:44",683300
12.2,0.1,5000,"bu","14:16:28",678300
12.2,0.1,1100,"bu","14:15:44",673300
12.2,0.1,500,"bu","14:15:36",672200
12.2,0.1,4000,"bu","14:15:33",671700
12.2,0.1,11000,"bu","14:15:26",667700
12.2,0.1,5000,"bu","14:15:22",656700
12.2,0.1,100,"bu","14:15:20",651700
12.2,0.1,5000,"bu","14:14:56",651600
12.1,0,100,"sd","14:14:47",646600
12.2,0.1,1000,"bu","14:14:16",646500
12.2,0.1,2000,"bu","14:14:07",645500
12.1,0,100,"sd","14:13:42",643500
12.2,0.1,300,"bu","14:13:40",643400
12.1,0,200,"sd","14:13:38",643100
12.2,0.1,100,"bu","14:13:13",642900
12.1,0,300,"sd","14:12:50",642800
12.1,0,3200,"sd","14:12:04",642500
12.1,0,1000,"sd","14:09:24",639300
12.1,0,100,"sd","14:09:09",638300
12.2,0.1,100,"bu","14:06:59",638200
12.2,0.1,1000,"bu","14:05:04",638100
12.2,0.1,5200,"bu","14:03:37",637100
12.2,0.1,200,"bu","14:03:32",631900
12.2,0.1,11600,"bu","14:02:32",631700
12.2,0.1,5000,"sd","14:02:29",620100
12.2,0.1,100,"sd","14:02:26",615100
12.2,0.1,100,"sd","14:02:20",615000
12.2,0.1,4000,"sd","14:02:01",614900
12.2,0.1,100,"sd","14:01:50",610900
12.2,0.1,300,"sd","14:01:26",610800
12.2,0.1,600,"sd","14:01:06",610500
12.2,0.1,2000,"sd","14:00:56",609900
12.2,0.1,500,"sd","14:00:50",607900
12.2,0.1,200,"sd","13:59:53",607400
12.2,0.1,200,"sd","13:59:19",607200
12.2,0.1,1000,"sd","13:59:06",607000
12.2,0.1,800,"sd","13:58:12",606000
12.2,0.1,400,"sd","13:56:06",605200
12.2,0.1,8000,"sd","13:56:05",604800
12.2,0.1,500,"sd","13:54:26",596800
12.2,0.1,100,"sd","13:52:23",596300
12.3,0.2,1000,"bu","13:51:17",596200
12.2,0.1,100,"bu","13:50:44",595200
12.2,0.1,300,"bu","13:50:42",595100
12.2,0.1,1000,"bu","13:50:32",594800
12.2,0.1,1000,"bu","13:50:25",593800
12.2,0.1,20000,"bu","13:50:18",592800
12.2,0.1,3000,"bu","13:50:09",572800
12.2,0.1,200,"bu","13:49:33",569800
12.2,0.1,1000,"bu","13:47:09",569600
12.2,0.1,100,"bu","13:47:04",568600
12.2,0.1,1000,"bu","13:46:18",568500
12.2,0.1,1000,"bu","13:46:15",567500
12.2,0.1,300,"bu","13:44:42",566500
12.1,0,1200,"sd","13:44:10",566200
12.2,0.1,500,"","13:39:49",565000
12.2,0.1,100,"sd","13:39:40",564500
12.2,0.1,800,"sd","13:39:37",564400
12.2,0.1,1600,"sd","13:39:25",563600
12.2,0.1,1600,"bu","13:39:12",562000
12.2,0.1,400,"sd","13:38:57",560400
12.2,0.1,100,"bu","13:38:56",560000
12.2,0.1,300,"sd","13:38:46",559900
12.2,0.1,100,"sd","13:38:44",559600
12.2,0.1,2000,"sd","13:38:18",559500
12.2,0.1,1000,"sd","13:37:59",557500
12.2,0.1,2400,"sd","13:37:55",556500
12.2,0.1,400,"sd","13:37:32",554100
12.2,0.1,4700,"sd","13:37:06",553700
12.2,0.1,100,"bu","13:36:35",549000
12.2,0.1,500,"bu","13:36:31",548900
12.2,0.1,100,"bu","13:36:30",548400
12.2,0.1,1000,"bu","13:36:26",548300
12.2,0.1,500,"bu","13:36:21",547300
12.2,0.1,200,"bu","13:36:14",546800
12.2,0.1,100,"bu","13:36:03",546600
12.2,0.1,200,"bu","13:36:00",546500
12.2,0.1,100,"bu","13:35:59",546300
12.2,0.1,400,"bu","13:35:56",546200
12.2,0.1,600,"sd","13:35:55",545800
12.2,0.1,3500,"bu","13:35:52",545200
12.2,0.1,100,"bu","13:35:50",541700
12.2,0.1,13700,"bu","13:35:46",541600
12.2,0.1,200,"bu","13:35:43",527900
12.2,0.1,100,"bu","13:35:34",527700
12.2,0.1,200,"bu","13:35:24",527600
12.2,0.1,100,"bu","13:35:06",527400
12.2,0.1,200,"bu","13:35:00",527300
12.2,0.1,100,"bu","13:34:44",527100
12.2,0.1,200,"bu","13:34:38",527000
12.2,0.1,100,"bu","13:33:21",526800
12.2,0.1,2100,"bu","13:33:11",526700
12.2,0.1,500,"bu","13:33:07",524600
12.2,0.1,600,"bu","13:32:57",524100
12.2,0.1,300,"bu","13:32:56",523500
12.2,0.1,100,"bu","13:32:51",523200
12.2,0.1,100,"bu","13:32:36",523100
12.2,0.1,1000,"bu","13:32:35",523000
12.2,0.1,100,"bu","13:32:17",522000
12.2,0.1,2000,"bu","13:32:06",521900
12.2,0.1,600,"bu","13:32:03",519900
12.2,0.1,100,"bu","13:32:01",519300
12.2,0.1,400,"bu","13:31:52",519200
12.2,0.1,100,"bu","13:31:50",518800
12.2,0.1,200,"bu","13:31:39",518700
12.2,0.1,100,"bu","13:31:28",518500
12.2,0.1,200,"bu","13:31:18",518400
12.2,0.1,100,"bu","13:31:15",518200
12.2,0.1,1500,"bu","13:31:05",518100
12.2,0.1,10000,"bu","13:30:55",516600
12.2,0.1,200,"bu","13:30:51",506600
12.2,0.1,100,"bu","13:30:48",506400
12.2,0.1,200,"bu","13:30:38",506300
12.2,0.1,100,"bu","13:30:28",506100
12.1,0,7300,"sd","13:30:21",506000
12.2,0.1,200,"bu","13:30:05",498700
12.2,0.1,100,"bu","13:29:57",498500
12.2,0.1,2000,"bu","13:29:51",498400
12.2,0.1,100,"bu","13:29:23",496400
12.2,0.1,5000,"bu","13:29:17",496300
12.2,0.1,100,"bu","13:29:00",491300
12.2,0.1,200,"bu","13:28:54",491200
12.2,0.1,100,"bu","13:28:44",491000
12.2,0.1,300,"bu","13:28:37",490900
12.2,0.1,100,"bu","13:28:29",490600
12.2,0.1,200,"bu","13:28:18",490500
12.2,0.1,100,"bu","13:28:12",490300
12.2,0.1,200,"bu","13:28:06",490200
12.2,0.1,100,"bu","13:27:53",490000
12.2,0.1,200,"bu","13:27:45",489900
12.2,0.1,100,"bu","13:27:39",489700
12.2,0.1,100,"bu","13:27:29",489600
12.1,0,1800,"sd","13:26:58",489500
12.2,0.1,500,"bu","13:26:33",487700
12.2,0.1,1000,"bu","13:26:29",487200
12.2,0.1,1000,"bu","13:26:20",486200
12.2,0.1,500,"bu","13:26:14",485200
12.2,0.1,3000,"bu","13:26:07",484700
12.2,0.1,500,"bu","13:26:00",481700
12.2,0.1,500,"bu","13:25:59",481200
12.2,0.1,2100,"bu","13:25:54",480700
12.2,0.1,1000,"bu","13:25:49",478600
12.2,0.1,500,"bu","13:25:21",477600
12.2,0.1,1000,"bu","13:24:32",477100
12.1,0,1500,"sd","13:24:12",476100
12.1,0,100,"sd","13:22:38",474600
12.2,0.1,2000,"bu","13:22:36",474500
12.2,0.1,1000,"bu","13:22:17",472500
12.2,0.1,600,"bu","13:22:16",471500
12.2,0.1,1000,"bu","13:22:11",470900
12.2,0.1,1000,"bu","13:22:05",469900
12.2,0.1,1000,"bu","13:21:39",468900
12.2,0.1,2000,"bu","13:21:32",467900
12.2,0.1,1000,"bu","13:21:23",465900
12.2,0.1,2000,"bu","13:21:19",464900
12.2,0.1,1000,"bu","13:21:18",462900
12.2,0.1,5000,"bu","13:21:16",461900
12.2,0.1,200,"bu","13:21:01",456900
12.2,0.1,1000,"bu","13:20:01",456700
12.2,0.1,100,"bu","13:19:45",455700
12.1,0,3000,"sd","13:17:24",455600
12.1,0,300,"sd","13:16:53",452600
12.1,0,1000,"sd","13:16:05",452300
12.1,0,2000,"sd","13:14:07",451300
12.1,0,600,"sd","13:13:41",449300
12.1,0,3600,"sd","13:12:17",448700
12.1,0,900,"sd","13:11:41",445100
12.1,0,2500,"sd","13:09:25",444200
12.1,0,400,"sd","13:07:20",441700
12.1,0,5000,"sd","13:06:06",441300
12.1,0,200,"sd","13:04:39",436300
12.1,0,400,"sd","13:04:17",436100
12.2,0.1,1000,"bu","13:03:43",435700
12.2,0.1,800,"bu","13:03:40",434700
12.2,0.1,200,"bu","13:02:56",433900
12.2,0.1,200,"bu","13:02:42",433700
12.2,0.1,100,"bu","13:02:36",433500
12.2,0.1,100,"bu","13:01:55",433400
12.2,0.1,400,"bu","13:00:09",433300
12.2,0.1,50000,"bu","13:00:06",432900
12.1,0,1200,"sd","13:00:05",382900
12.2,0.1,5400,"bu","13:00:03",381700
12.1,0,2000,"sd","13:00:02",376300
12.2,0.1,100,"bu","11:30:00",374300
12.1,0,500,"sd","11:27:13",374200
12.2,0.1,1000,"bu","11:25:06",373700
12.2,0.1,2000,"bu","11:24:44",372700
12.2,0.1,2000,"bu","11:24:02",370700
12.1,0,1800,"sd","11:14:55",368700
12.1,0,400,"sd","11:13:13",366900
12.1,0,500,"sd","11:11:34",366500
12.1,0,2000,"sd","11:11:28",366000
12.1,0,2500,"sd","11:10:33",364000
12.1,0,700,"sd","11:10:18",361500
12.1,0,100,"sd","11:09:23",360800
12.1,0,300,"sd","11:08:01",360700
12.1,0,300,"sd","11:07:46",360400
12.1,0,10000,"sd","11:05:37",360100
12.1,0,1500,"sd","11:04:05",350100
12.1,0,15000,"sd","10:56:57",348600
12.1,0,600,"sd","10:56:09",333600
12.2,0.1,500,"bu","10:53:17",333000
12.2,0.1,500,"bu","10:51:22",332500
12.1,0,100,"sd","10:51:20",332000
12.2,0.1,900,"bu","10:46:02",331900
12.2,0.1,100,"bu","10:45:45",331000
12.2,0.1,1000,"bu","10:43:44",330900
12.1,0,200,"sd","10:43:27",329900
12.1,0,200,"sd","10:43:18",329700
12.1,0,2000,"sd","10:40:57",329500
12.1,0,100,"sd","10:39:58",327500
12.1,0,10000,"sd","10:37:07",327400
12.1,0,2000,"sd","10:36:49",317400
12.1,0,200,"sd","10:32:16",315400
12.1,0,500,"sd","10:29:01",315200
12.2,0.1,500,"bu","10:28:17",314700
12.2,0.1,5000,"bu","10:23:47",314200
12.1,0,500,"sd","10:21:13",309200
12.1,0,100,"sd","10:19:35",308700
12.1,0,600,"sd","10:14:50",308600
12.1,0,1100,"sd","10:13:40",308000
12.2,0.1,1000,"bu","10:12:39",306900
12.1,0,100,"sd","10:11:24",305900
12.1,0,100,"sd","10:10:56",305800
12.2,0.1,200,"bu","10:06:42",305700
12.2,0.1,500,"bu","10:06:34",305500
12.2,0.1,11500,"bu","10:05:03",305000
12.2,0.1,500,"bu","10:00:33",293500
12.1,0,100,"sd","10:00:06",293000
12.1,0,200,"sd","09:58:56",292900
12.2,0.1,100,"bu","09:58:26",292700
12.1,0,4000,"sd","09:56:42",292600
12.2,0.1,100,"bu","09:55:49",288600
12.2,0.1,2000,"bu","09:55:13",288500
12.2,0.1,200,"bu","09:55:03",286500
12.1,0,3000,"sd","09:54:37",286300
12.2,0.1,300,"bu","09:54:18",283300
12.2,0.1,800,"bu","09:53:40",283000
12.1,0,4000,"sd","09:53:25",282200
12.2,0.1,200,"bu","09:53:12",278200
12.2,0.1,800,"bu","09:52:23",278000
12.2,0.1,500,"bu","09:51:34",277200
12.2,0.1,5000,"bu","09:50:24",276700
12.2,0.1,1000,"bu","09:49:23",271700
12.2,0.1,2000,"bu","09:49:11",270700
12.2,0.1,100,"bu","09:48:55",268700
12.2,0.1,1000,"bu","09:48:51",268600
12.2,0.1,20000,"sd","09:48:48",267600
12.2,0.1,600,"sd","09:47:58",247600
12.2,0.1,200,"sd","09:47:52",247000
12.2,0.1,1000,"sd","09:47:31",246800
12.2,0.1,100,"sd","09:47:23",245800
12.3,0.2,1000,"bu","09:46:33",245700
12.2,0.1,100,"sd","09:46:29",244700
12.2,0.1,100,"sd","09:46:08",244600
12.2,0.1,800,"sd","09:45:10",244500
12.2,0.1,200,"sd","09:44:46",243700
12.2,0.1,3000,"sd","09:44:45",243500
12.2,0.1,15000,"sd","09:44:14",240500
12.2,0.1,2500,"sd","09:43:46",225500
12.2,0.1,1000,"sd","09:43:44",223000
12.2,0.1,800,"sd","09:43:18",222000
12.2,0.1,100,"sd","09:42:23",221200
12.2,0.1,500,"sd","09:41:58",221100
12.2,0.1,2000,"sd","09:41:30",220600
12.2,0.1,400,"sd","09:41:05",218600
12.2,0.1,500,"sd","09:40:32",218200
12.3,0.2,100,"bu","09:40:02",217700
12.3,0.2,100,"bu","09:39:28",217600
12.3,0.2,2000,"bu","09:39:10",217500
12.3,0.2,1700,"bu","09:38:28",215500
12.3,0.2,1000,"bu","09:35:36",213800
12.3,0.2,100,"bu","09:34:19",212800
12.2,0.1,1800,"sd","09:34:17",212700
12.2,0.1,49800,"sd","09:33:01",210900
12.3,0.2,200,"bu","09:32:59",161100
12.3,0.2,2000,"bu","09:32:37",160900
12.3,0.2,4900,"bu","09:31:33",158900
12.3,0.2,1000,"bu","09:31:08",154000
12.3,0.2,300,"bu","09:30:25",153000
12.3,0.2,1000,"bu","09:29:27",152700
12.3,0.2,500,"bu","09:29:12",151700
12.3,0.2,5000,"bu","09:29:00",151200
12.2,0.1,100,"sd","09:28:56",146200
12.2,0.1,500,"sd","09:28:13",146100
12.2,0.1,1000,"sd","09:27:51",145600
12.2,0.1,100,"sd","09:27:31",144600
12.2,0.1,1000,"sd","09:26:59",144500
12.2,0.1,1600,"sd","09:25:58",143500
12.3,0.2,100,"bu","09:25:48",141900
12.2,0.1,400,"sd","09:25:44",141800
12.2,0.1,100,"sd","09:25:05",141400
12.3,0.2,700,"bu","09:24:36",141300
12.3,0.2,100,"bu","09:24:35",140600
12.3,0.2,1000,"bu","09:24:03",140500
12.3,0.2,200,"bu","09:23:25",139500
12.3,0.2,1000,"bu","09:23:21",139300
12.3,0.2,5000,"bu","09:22:38",138300
12.2,0.1,5000,"sd","09:22:21",133300
12.2,0.1,1500,"sd","09:21:34",128300
12.2,0.1,200,"sd","09:21:28",126800
12.2,0.1,2000,"sd","09:21:20",126600
12.2,0.1,1000,"sd","09:21:10",124600
12.2,0.1,500,"sd","09:21:09",123600
12.2,0.1,1000,"sd","09:20:45",123100
12.3,0.2,3000,"bu","09:20:37",122100
12.3,0.2,900,"bu","09:19:19",119100
12.2,0.1,1000,"sd","09:18:33",118200
12.3,0.2,200,"bu","09:18:02",117200
12.3,0.2,50000,"bu","09:17:43",117000
12.3,0.2,16000,"bu","09:17:33",67000
12.3,0.2,1000,"bu","09:17:06",51000
12.3,0.2,5000,"bu","09:15:59",50000
12.3,0.2,400,"bu","09:15:45",45000
12.2,0.1,9900,"bu","09:15:34",44600
12.2,0.1,300,"bu","09:15:12",34700
12.2,0.1,2000,"bu","09:15:05",34400
12.2,0.1,100,"bu","09:14:50",32400
12.2,0.1,800,"bu","09:13:10",32300
12.2,0.1,500,"bu","09:11:51",31500
12.2,0.1,500,"sd","09:11:46",31000
12.2,0.1,100,"sd","09:11:03",30500
12.2,0.1,1000,"sd","09:10:51",30400
12.2,0.1,900,"sd","09:10:15",29400
12.2,0.1,1000,"bu","09:09:51",28500
12.2,0.1,1000,"bu","09:09:17",27500
12.2,0.1,3500,"bu","09:08:16",26500
12.2,0.1,3000,"bu","09:08:05",23000
12.2,0.1,900,"bu","09:07:45",20000
12.2,0.1,100,"bu","09:06:50",19100
12.2,0.1,800,"bu","09:06:27",19000
12.2,0.1,300,"sd","09:06:22",18200
12.2,0.1,500,"bu","09:06:06",17900
12.2,0.1,800,"bu","09:05:12",17400
12.2,0.1,400,"bu","09:04:12",16600
12.1,0,100,"sd","09:02:57",16200
12.2,0.1,10000,"bu","09:02:36",16100
12.2,0.1,5000,"bu","09:01:02",6100
12.2,0.1,100,"bu","09:00:20",1100
12.2,0.1,800,"sd","09:00:07",1000
12.2,0.1,200,"sd","09:00:06",200
