"price","change","match_qtty","side","time","total_vol"
23.35,0.1,499800,"","14:45:02",6618000
23.45,0.2,6500,"sd","14:29:57",6118200
23.5,0.25,2000,"bu","14:29:57",6111700
23.45,0.2,200,"sd","14:29:57",6109700
23.5,0.25,1000,"bu","14:29:57",6109500
23.5,0.25,25000,"bu","14:29:55",6108500
23.45,0.2,1000,"sd","14:29:55",6083500
23.45,0.2,1000,"sd","14:29:37",6082500
23.45,0.2,1000,"sd","14:29:36",6081500
23.45,0.2,500,"sd","14:29:28",6080500
23.5,0.25,5000,"bu","14:29:26",6080000
23.45,0.2,1000,"sd","14:29:21",6075000
23.5,0.25,4800,"bu","14:29:21",6074000
23.5,0.25,100,"bu","14:29:19",6069200
23.5,0.25,100,"bu","14:29:14",6069100
23.5,0.25,100,"bu","14:29:07",6069000
23.5,0.25,500,"bu","14:28:58",6068900
23.5,0.25,300,"bu","14:28:57",6068400
23.45,0.2,100,"sd","14:28:50",6068100
23.5,0.25,100,"bu","14:28:49",6068000
23.45,0.2,2500,"sd","14:28:48",6067900
23.5,0.25,900,"bu","14:28:44",6065400
23.5,0.25,700,"bu","14:28:40",6064500
23.45,0.2,2000,"sd","14:28:38",6063800
23.5,0.25,200,"bu","14:28:36",6061800
23.5,0.25,500,"bu","14:28:29",6061600
23.45,0.2,4000,"sd","14:28:26",6061100
23.45,0.2,100,"sd","14:28:05",6057100
23.5,0.25,1000,"bu","14:28:02",6057000
23.4,0.15,1000,"sd","14:27:58",6056000
23.4,0.15,14400,"sd","14:27:47",6055000
23.45,0.2,5600,"sd","14:27:47",6040600
23.45,0.2,3500,"sd","14:27:40",6035000
23.5,0.25,3000,"bu","14:27:31",6031500
23.5,0.25,23300,"sd","14:27:29",6028500
23.55,0.3,5500,"sd","14:27:29",6005200
23.55,0.3,500,"sd","14:27:28",5999700
23.55,0.3,300,"bu","14:27:23",5999200
23.5,0.25,600,"sd","14:27:13",5998900
23.5,0.25,900,"sd","14:27:12",5998300
23.5,0.25,1000,"sd","14:27:09",5997400
23.5,0.25,100,"sd","14:27:06",5996400
23.5,0.25,2000,"sd","14:27:05",5996300
23.5,0.25,4300,"sd","14:27:03",5994300
23.55,0.3,30000,"bu","14:27:03",5990000
23.5,0.25,3000,"sd","14:27:01",5960000
23.5,0.25,1000,"sd","14:26:54",5957000
23.55,0.3,90000,"bu","14:26:54",5956000
23.55,0.3,500,"bu","14:26:52",5866000
23.5,0.25,1000,"sd","14:26:51",5865500
23.5,0.25,2100,"sd","14:26:44",5863500
23.5,0.25,1000,"sd","14:26:41",5861400
23.55,0.3,4600,"bu","14:26:41",5860400
23.5,0.25,1000,"sd","14:26:37",5855800
23.5,0.25,2000,"sd","14:26:30",5854800
23.5,0.25,1000,"sd","14:26:29",5852800
23.5,0.25,600,"sd","14:26:26",5851800
23.5,0.25,61200,"bu","14:26:24",5851200
23.45,0.2,100,"sd","14:26:19",5790000
23.5,0.25,500,"bu","14:26:05",5789900
23.45,0.2,2600,"sd","14:25:58",5789400
23.45,0.2,400,"sd","14:25:55",5786800
23.45,0.2,100,"sd","14:25:52",5786400
23.45,0.2,900,"sd","14:25:50",5786300
23.45,0.2,1000,"sd","14:25:47",5785400
23.45,0.2,1000,"bu","14:25:45",5784400
23.45,0.2,500,"bu","14:25:44",5783400
23.45,0.2,500,"bu","14:25:43",5782900
23.45,0.2,3500,"bu","14:25:37",5782400
23.45,0.2,3500,"bu","14:25:28",5778900
23.45,0.2,500,"bu","14:25:24",5775400
23.45,0.2,200,"bu","14:25:16",5774900
23.4,0.15,10000,"sd","14:25:04",5774700
23.45,0.2,1000,"bu","14:25:02",5764700
23.45,0.2,700,"bu","14:24:47",5763700
23.45,0.2,2000,"bu","14:24:24",5763000
23.4,0.15,500,"sd","14:24:10",5761000
23.4,0.15,6000,"sd","14:23:55",5760500
23.4,0.15,10000,"sd","14:23:53",5754500
23.45,0.2,1700,"sd","14:23:36",5744500
23.45,0.2,1400,"bu","14:23:06",5742800
23.4,0.15,1000,"sd","14:23:05",5741400
23.45,0.2,200,"bu","14:23:04",5740400
23.45,0.2,1000,"bu","14:23:03",5740200
23.45,0.2,6300,"bu","14:23:01",5739200
23.4,0.15,10000,"sd","14:22:26",5732900
23.45,0.2,20000,"bu","14:22:14",5722900
23.45,0.2,7000,"bu","14:22:06",5702900
23.45,0.2,100,"bu","14:22:02",5695900
23.4,0.15,1000,"sd","14:22:00",5695800
23.45,0.2,300,"bu","14:21:59",5694800
23.4,0.15,300,"sd","14:21:56",5694500
23.4,0.15,1000,"sd","14:21:51",5694200
23.45,0.2,200,"bu","14:21:39",5693200
23.45,0.2,100,"bu","14:21:06",5693000
23.4,0.15,500,"sd","14:20:57",5692900
23.45,0.2,3200,"bu","14:20:53",5692400
23.4,0.15,10000,"sd","14:20:13",5689200
23.4,0.15,4000,"sd","14:20:06",5679200
23.4,0.15,1900,"sd","14:20:03",5675200
23.4,0.15,300,"sd","14:19:52",5673300
23.45,0.2,800,"sd","14:19:37",5673000
23.45,0.2,500,"sd","14:19:36",5672200
23.45,0.2,1000,"sd","14:19:35",5671700
23.45,0.2,5000,"sd","14:19:34",5670700
23.45,0.2,8000,"sd","14:19:34",5665700
23.45,0.2,300,"sd","14:19:32",5657700
23.45,0.2,100,"sd","14:19:31",5657400
23.45,0.2,5500,"sd","14:19:28",5657300
23.45,0.2,4000,"sd","14:19:26",5651800
23.45,0.2,600,"sd","14:19:23",5647800
23.45,0.2,900,"sd","14:19:22",5647200
23.45,0.2,1000,"sd","14:19:10",5646300
23.45,0.2,100,"sd","14:19:09",5645300
23.45,0.2,800,"sd","14:19:08",5645200
23.45,0.2,200,"sd","14:18:58",5644400
23.45,0.2,2000,"sd","14:18:48",5644200
23.5,0.25,900,"bu","14:18:38",5642200
23.5,0.25,4000,"bu","14:17:52",5641300
23.5,0.25,9900,"bu","14:17:41",5637300
23.5,0.25,500,"bu","14:17:38",5627400
23.45,0.2,3000,"sd","14:17:26",5626900
23.45,0.2,5000,"sd","14:17:25",5623900
23.45,0.2,200,"sd","14:17:22",5618900
23.5,0.25,300,"bu","14:17:21",5618700
23.5,0.25,1000,"bu","14:17:19",5618400
23.5,0.25,7500,"bu","14:17:15",5617400
23.5,0.25,18400,"sd","14:17:04",5609900
23.5,0.25,2000,"sd","14:17:03",5591500
23.5,0.25,3000,"sd","14:17:03",5589500
23.5,0.25,1000,"sd","14:17:02",5586500
23.5,0.25,300,"sd","14:17:01",5585500
23.5,0.25,200,"sd","14:17:01",5585200
23.5,0.25,13100,"sd","14:16:51",5585000
23.5,0.25,1000,"sd","14:16:43",5571900
23.5,0.25,11000,"sd","14:16:40",5570900
23.5,0.25,1400,"sd","14:16:37",5559900
23.5,0.25,5000,"sd","14:16:25",5558500
23.5,0.25,5000,"sd","14:16:19",5553500
23.5,0.25,2000,"sd","14:16:17",5548500
23.55,0.3,100,"bu","14:15:54",5546500
23.55,0.3,1000,"bu","14:15:19",5546400
23.55,0.3,200,"bu","14:15:18",5545400
23.55,0.3,6800,"bu","14:15:08",5545200
23.5,0.25,5000,"sd","14:15:01",5538400
23.55,0.3,6700,"bu","14:14:55",5533400
23.55,0.3,200,"bu","14:14:48",5526700
23.55,0.3,700,"bu","14:14:34",5526500
23.5,0.25,500,"sd","14:14:11",5525800
23.5,0.25,300,"sd","14:13:36",5525300
23.55,0.3,200,"bu","14:13:11",5525000
23.5,0.25,4400,"bu","14:13:00",5524800
23.5,0.25,1000,"bu","14:12:53",5520400
23.5,0.25,500,"bu","14:12:52",5519400
23.5,0.25,500,"bu","14:12:50",5518900
23.5,0.25,100,"bu","14:12:41",5518400
23.5,0.25,400,"bu","14:12:35",5518300
23.5,0.25,500,"bu","14:12:26",5517900
23.5,0.25,9800,"bu","14:12:23",5517400
23.5,0.25,15500,"bu","14:11:20",5507600
23.5,0.25,1500,"bu","14:11:20",5492100
23.45,0.2,100,"sd","14:11:13",5490600
23.45,0.2,700,"bu","14:11:10",5490500
23.45,0.2,22800,"bu","14:11:09",5489800
23.45,0.2,4200,"bu","14:11:08",5467000
23.4,0.15,6000,"sd","14:11:08",5462800
23.45,0.2,800,"bu","14:11:07",5456800
23.4,0.15,500,"sd","14:11:05",5456000
23.4,0.15,2800,"sd","14:11:01",5455500
23.45,0.2,1000,"bu","14:10:56",5452700
23.4,0.15,10000,"sd","14:10:35",5451700
23.4,0.15,1000,"sd","14:10:29",5441700
23.4,0.15,1000,"sd","14:10:12",5440700
23.4,0.15,1500,"sd","14:10:08",5439700
23.4,0.15,1000,"sd","14:10:07",5438200
23.4,0.15,4800,"sd","14:10:04",5437200
23.4,0.15,5000,"sd","14:10:00",5432400
23.4,0.15,3000,"sd","14:09:45",5427400
23.4,0.15,1000,"sd","14:09:44",5424400
23.4,0.15,1500,"sd","14:09:44",5423400
23.4,0.15,200,"sd","14:09:42",5421900
23.4,0.15,3300,"sd","14:09:40",5421700
23.4,0.15,100,"sd","14:09:34",5418400
23.4,0.15,6600,"bu","14:09:31",5418300
23.4,0.15,17000,"sd","14:09:30",5411700
23.4,0.15,80000,"sd","14:09:27",5394700
23.4,0.15,100,"sd","14:09:24",5314700
23.4,0.15,700,"sd","14:09:07",5314600
23.4,0.15,10000,"sd","14:09:05",5313900
23.4,0.15,2000,"sd","14:09:02",5303900
23.4,0.15,6700,"sd","14:08:53",5301900
23.45,0.2,400,"bu","14:08:51",5295200
23.45,0.2,10000,"sd","14:08:25",5294800
23.45,0.2,300,"sd","14:08:18",5284800
23.45,0.2,100,"sd","14:08:11",5284500
23.45,0.2,100,"sd","14:08:10",5284400
23.45,0.2,500,"bu","14:08:08",5284300
23.45,0.2,500,"sd","14:08:01",5283800
23.45,0.2,500,"bu","14:08:01",5283300
23.45,0.2,30000,"bu","14:07:56",5282800
23.45,0.2,2000,"bu","14:07:55",5252800
23.45,0.2,1000,"bu","14:07:30",5250800
23.45,0.2,900,"bu","14:07:25",5249800
23.45,0.2,1000,"bu","14:07:13",5248900
23.45,0.2,14100,"sd","14:06:49",5247900
23.45,0.2,400,"sd","14:06:48",5233800
23.45,0.2,1000,"sd","14:06:47",5233400
23.45,0.2,300,"sd","14:06:39",5232400
23.45,0.2,5000,"sd","14:06:39",5232100
23.45,0.2,100,"sd","14:06:33",5227100
23.45,0.2,5400,"sd","14:06:31",5227000
23.45,0.2,1000,"sd","14:06:29",5221600
23.45,0.2,5000,"sd","14:06:27",5220600
23.45,0.2,16300,"sd","14:06:23",5215600
23.45,0.2,1200,"sd","14:06:18",5199300
23.45,0.2,30000,"sd","14:06:12",5198100
23.45,0.2,500,"sd","14:06:09",5168100
23.5,0.25,100,"bu","14:06:08",5167600
23.45,0.2,1100,"sd","14:06:07",5167500
23.45,0.2,500,"sd","14:05:58",5166400
23.45,0.2,200,"sd","14:05:57",5165900
23.45,0.2,6500,"sd","14:05:42",5165700
23.45,0.2,3000,"sd","14:05:37",5159200
23.45,0.2,100,"sd","14:05:23",5156200
23.45,0.2,100,"sd","14:05:19",5156100
23.45,0.2,1800,"sd","14:05:10",5156000
23.45,0.2,100,"sd","14:05:06",5154200
23.45,0.2,10000,"sd","14:04:50",5154100
23.45,0.2,100,"sd","14:04:37",5144100
23.45,0.2,2000,"sd","14:04:27",5144000
23.45,0.2,100,"sd","14:04:04",5142000
23.45,0.2,1500,"sd","14:04:03",5141900
23.45,0.2,300,"sd","14:04:01",5140400
23.45,0.2,300,"sd","14:03:58",5140100
23.45,0.2,100,"sd","14:03:53",5139800
23.45,0.2,100,"sd","14:03:49",5139700
23.5,0.25,500,"bu","14:03:49",5139600
23.45,0.2,500,"sd","14:03:46",5139100
23.45,0.2,300,"sd","14:03:36",5138600
23.45,0.2,2800,"sd","14:03:29",5138300
23.45,0.2,10000,"sd","14:03:20",5135500
23.45,0.2,500,"sd","14:03:19",5125500
23.45,0.2,100000,"sd","14:02:41",5125000
23.45,0.2,3000,"sd","14:02:23",5025000
23.5,0.25,200,"bu","14:02:22",5022000
23.5,0.25,500,"bu","14:02:22",5021800
23.5,0.25,600,"bu","14:02:13",5021300
23.5,0.25,3700,"sd","14:02:11",5020700
23.5,0.25,1000,"sd","14:02:10",5017000
23.5,0.25,2000,"sd","14:02:08",5016000
23.5,0.25,4300,"sd","14:02:07",5014000
23.5,0.25,3900,"sd","14:02:06",5009700
23.5,0.25,5000,"sd","14:02:04",5005800
23.5,0.25,1000,"sd","14:02:03",5000800
23.5,0.25,1000,"sd","14:02:02",4999800
23.5,0.25,4000,"sd","14:01:57",4998800
23.5,0.25,2400,"sd","14:01:55",4994800
23.5,0.25,100,"sd","14:01:53",4992400
23.5,0.25,5000,"sd","14:01:52",4992300
23.5,0.25,3000,"sd","14:01:46",4987300
23.5,0.25,15100,"sd","14:01:42",4984300
23.5,0.25,400,"sd","14:01:35",4969200
23.5,0.25,1000,"sd","14:01:33",4968800
23.5,0.25,300,"sd","14:01:30",4967800
23.5,0.25,6000,"sd","14:01:19",4967500
23.5,0.25,200,"sd","14:00:48",4961500
23.5,0.25,200,"sd","14:00:25",4961300
23.5,0.25,2000,"sd","14:00:16",4961100
23.5,0.25,800,"sd","14:00:05",4959100
23.5,0.25,1300,"sd","13:59:39",4958300
23.55,0.3,500,"bu","13:59:23",4957000
23.5,0.25,1000,"sd","13:59:20",4956500
23.55,0.3,300,"bu","13:59:09",4955500
23.55,0.3,100,"bu","13:59:08",4955200
23.55,0.3,6300,"bu","13:58:44",4955100
23.5,0.25,5000,"sd","13:58:36",4948800
23.5,0.25,700,"sd","13:58:24",4943800
23.5,0.25,200,"sd","13:57:38",4943100
23.55,0.3,400,"bu","13:57:35",4942900
23.55,0.3,700,"bu","13:57:30",4942500
23.5,0.25,800,"sd","13:57:29",4941800
23.55,0.3,100,"bu","13:57:25",4941000
23.5,0.25,2000,"sd","13:56:51",4940900
23.5,0.25,1000,"sd","13:56:26",4938900
23.5,0.25,5500,"sd","13:56:22",4937900
23.5,0.25,2500,"sd","13:55:33",4932400
23.5,0.25,3000,"sd","13:55:32",4929900
23.5,0.25,500,"sd","13:55:22",4926900
23.55,0.3,200,"bu","13:54:33",4926400
23.55,0.3,500,"bu","13:53:51",4926200
23.55,0.3,100,"bu","13:53:32",4925700
23.55,0.3,500,"bu","13:53:00",4925600
23.5,0.25,100,"sd","13:52:42",4925100
23.55,0.3,1000,"bu","13:52:14",4925000
23.55,0.3,2600,"bu","13:51:57",4924000
23.55,0.3,7300,"bu","13:51:54",4921400
23.55,0.3,600,"bu","13:51:53",4914100
23.55,0.3,30000,"bu","13:51:49",4913500
23.55,0.3,4600,"bu","13:51:47",4883500
23.55,0.3,200,"bu","13:51:44",4878900
23.55,0.3,100,"bu","13:51:41",4878700
23.55,0.3,100,"bu","13:51:28",4878600
23.55,0.3,15000,"bu","13:51:23",4878500
23.55,0.3,7100,"bu","13:51:21",4863500
23.55,0.3,800,"bu","13:50:50",4856400
23.55,0.3,600,"bu","13:50:38",4855600
23.55,0.3,100,"bu","13:50:35",4855000
23.5,0.25,400,"sd","13:50:31",4854900
23.55,0.3,1000,"bu","13:50:28",4854500
23.55,0.3,100,"bu","13:50:12",4853500
23.55,0.3,1500,"bu","13:50:08",4853400
23.55,0.3,1000,"bu","13:50:04",4851900
23.55,0.3,2000,"bu","13:49:36",4850900
23.55,0.3,2000,"bu","13:49:23",4848900
23.5,0.25,1000,"sd","13:49:15",4846900
23.5,0.25,1400,"bu","13:48:56",4845900
23.5,0.25,1000,"bu","13:48:55",4844500
23.5,0.25,400,"bu","13:48:49",4843500
23.5,0.25,7400,"bu","13:48:43",4843100
23.5,0.25,1000,"bu","13:48:33",4835700
23.5,0.25,2500,"bu","13:48:18",4834700
23.5,0.25,500,"bu","13:48:07",4832200
23.5,0.25,23000,"sd","13:47:51",4831700
23.5,0.25,2000,"sd","13:47:08",4808700
23.5,0.25,5000,"sd","13:46:48",4806700
23.55,0.3,100,"bu","13:46:41",4801700
23.5,0.25,1000,"sd","13:46:16",4801600
23.55,0.3,100,"bu","13:46:05",4800600
23.5,0.25,400,"sd","13:45:55",4800500
23.5,0.25,500,"sd","13:45:33",4800100
23.5,0.25,10000,"sd","13:45:01",4799600
23.55,0.3,3000,"bu","13:44:40",4789600
23.5,0.25,6300,"bu","13:44:40",4786600
23.5,0.25,1000,"bu","13:44:38",4780300
23.5,0.25,700,"sd","13:44:04",4779300
23.5,0.25,200,"sd","13:43:48",4778600
23.5,0.25,20000,"sd","13:43:40",4778400
23.55,0.3,1000,"bu","13:43:37",4758400
23.5,0.25,2800,"sd","13:43:36",4757400
23.5,0.25,500,"sd","13:43:35",4754600
23.5,0.25,200,"sd","13:43:29",4754100
23.5,0.25,500,"sd","13:43:28",4753900
23.5,0.25,2000,"sd","13:43:20",4753400
23.55,0.3,200,"bu","13:43:17",4751400
23.5,0.25,6200,"sd","13:43:11",4751200
23.5,0.25,100,"sd","13:42:31",4745000
23.55,0.3,100,"bu","13:42:27",4744900
23.5,0.25,200,"sd","13:42:27",4744800
23.5,0.25,1000,"sd","13:42:25",4744600
23.5,0.25,7700,"sd","13:42:13",4743600
23.5,0.25,500,"sd","13:42:07",4735900
23.5,0.25,200,"sd","13:41:40",4735400
23.5,0.25,100,"sd","13:41:18",4735200
23.5,0.25,5000,"sd","13:41:08",4735100
23.5,0.25,700,"sd","13:40:58",4730100
23.5,0.25,500,"sd","13:40:51",4729400
23.5,0.25,100,"sd","13:40:44",4728900
23.5,0.25,400,"sd","13:40:41",4728800
23.5,0.25,2000,"sd","13:40:39",4728400
23.5,0.25,3600,"sd","13:40:38",4726400
23.5,0.25,500,"sd","13:40:36",4722800
23.5,0.25,2500,"sd","13:40:31",4722300
23.5,0.25,5000,"sd","13:40:22",4719800
23.5,0.25,1000,"bu","13:39:59",4714800
23.5,0.25,300,"bu","13:39:57",4713800
23.5,0.25,300,"bu","13:39:43",4713500
23.45,0.2,5000,"sd","13:39:18",4713200
23.5,0.25,5000,"bu","13:39:15",4708200
23.5,0.25,5200,"sd","13:38:55",4703200
23.5,0.25,90000,"sd","13:38:37",4698000
23.5,0.25,1000,"sd","13:38:32",4608000
23.5,0.25,1000,"sd","13:38:26",4607000
23.5,0.25,5000,"sd","13:38:17",4606000
23.5,0.25,200,"sd","13:38:14",4601000
23.5,0.25,10000,"sd","13:37:45",4600800
23.55,0.3,7800,"sd","13:37:42",4590800
23.55,0.3,600,"sd","13:37:41",4583000
23.55,0.3,1000,"sd","13:37:40",4582400
23.55,0.3,6500,"sd","13:37:34",4581400
23.55,0.3,1000,"sd","13:37:33",4574900
23.55,0.3,1000,"sd","13:37:32",4573900
23.55,0.3,33500,"sd","13:37:29",4572900
23.55,0.3,2000,"sd","13:37:22",4539400
23.55,0.3,2000,"sd","13:37:21",4537400
23.55,0.3,1000,"sd","13:37:20",4535400
23.55,0.3,2000,"sd","13:37:19",4534400
23.55,0.3,1800,"sd","13:37:14",4532400
23.55,0.3,200,"sd","13:37:13",4530600
23.55,0.3,100,"sd","13:37:12",4530400
23.55,0.3,29300,"sd","13:37:07",4530300
23.55,0.3,500,"sd","13:37:04",4501000
23.55,0.3,7000,"sd","13:37:01",4500500
23.55,0.3,200,"sd","13:36:59",4493500
23.55,0.3,100,"sd","13:36:40",4493300
23.55,0.3,100,"sd","13:36:25",4493200
23.55,0.3,500,"sd","13:36:00",4493100
23.55,0.3,500,"sd","13:35:05",4492600
23.55,0.3,2000,"sd","13:34:50",4492100
23.55,0.3,2000,"sd","13:34:14",4490100
23.6,0.35,1000,"bu","13:34:09",4488100
23.55,0.3,1000,"sd","13:33:57",4487100
23.55,0.3,3000,"sd","13:33:21",4486100
23.55,0.3,1000,"sd","13:33:13",4483100
23.6,0.35,100,"bu","13:32:58",4482100
23.6,0.35,100,"bu","13:32:40",4482000
23.6,0.35,500,"bu","13:32:25",4481900
23.55,0.3,500,"sd","13:32:15",4481400
23.55,0.3,7000,"sd","13:31:47",4480900
23.55,0.3,4000,"sd","13:31:42",4473900
23.6,0.35,1000,"bu","13:30:57",4469900
23.55,0.3,2500,"sd","13:30:25",4468900
23.55,0.3,1000,"sd","13:30:18",4466400
23.55,0.3,9200,"sd","13:30:05",4465400
23.55,0.3,100,"sd","13:29:58",4456200
23.55,0.3,300,"sd","13:29:56",4456100
23.55,0.3,2100,"sd","13:29:50",4455800
23.55,0.3,500,"sd","13:29:28",4453700
23.55,0.3,600,"sd","13:29:26",4453200
23.55,0.3,100,"sd","13:29:22",4452600
23.55,0.3,400,"sd","13:29:19",4452500
23.55,0.3,500,"sd","13:29:11",4452100
23.55,0.3,2000,"sd","13:29:08",4451600
23.55,0.3,500,"sd","13:28:48",4449600
23.55,0.3,600,"sd","13:28:43",4449100
23.55,0.3,15000,"sd","13:28:41",4448500
23.55,0.3,1300,"sd","13:28:31",4433500
23.55,0.3,49900,"bu","13:28:09",4432200
23.55,0.3,1000,"bu","13:28:07",4382300
23.55,0.3,2500,"bu","13:28:00",4381300
23.55,0.3,1300,"bu","13:27:39",4378800
23.55,0.3,200,"bu","13:27:35",4377500
23.55,0.3,2000,"bu","13:26:29",4377300
23.55,0.3,14100,"sd","13:26:06",4375300
23.55,0.3,2000,"sd","13:25:48",4361200
23.55,0.3,5000,"sd","13:25:43",4359200
23.55,0.3,5000,"bu","13:25:27",4354200
23.55,0.3,3000,"sd","13:25:09",4349200
23.55,0.3,29200,"sd","13:24:34",4346200
23.6,0.35,200,"bu","13:24:24",4317000
23.55,0.3,500,"sd","13:23:48",4316800
23.55,0.3,1500,"sd","13:23:10",4316300
23.55,0.3,100,"sd","13:23:06",4314800
23.55,0.3,3700,"bu","13:22:58",4314700
23.55,0.3,1300,"bu","13:22:52",4311000
23.55,0.3,200,"bu","13:22:44",4309700
23.55,0.3,19900,"sd","13:22:42",4309500
23.55,0.3,1000,"sd","13:22:37",4289600
23.55,0.3,4000,"sd","13:22:35",4288600
23.55,0.3,800,"sd","13:22:19",4284600
23.6,0.35,100,"bu","13:22:15",4283800
23.55,0.3,300,"sd","13:21:51",4283700
23.55,0.3,200,"sd","13:21:48",4283400
23.55,0.3,200,"sd","13:21:39",4283200
23.55,0.3,3500,"bu","13:21:13",4283000
23.55,0.3,11800,"sd","13:21:04",4279500
23.55,0.3,500,"sd","13:20:54",4267700
23.55,0.3,100,"sd","13:20:33",4267200
23.55,0.3,100,"sd","13:20:27",4267100
23.55,0.3,100,"sd","13:20:20",4267000
23.55,0.3,1500,"bu","13:20:18",4266900
23.55,0.3,2000,"bu","13:20:08",4265400
23.55,0.3,100,"bu","13:19:58",4263400
23.55,0.3,2000,"bu","13:19:56",4263300
23.55,0.3,4600,"bu","13:19:50",4261300
23.55,0.3,400,"bu","13:19:50",4256700
23.55,0.3,1000,"bu","13:19:47",4256300
23.55,0.3,500,"bu","13:19:33",4255300
23.55,0.3,3100,"sd","13:19:26",4254800
23.55,0.3,3000,"sd","13:19:22",4251700
23.55,0.3,3000,"sd","13:19:06",4248700
23.6,0.35,800,"bu","13:18:53",4245700
23.55,0.3,200,"bu","13:18:33",4244900
23.55,0.3,1000,"bu","13:18:23",4244700
23.55,0.3,1000,"bu","13:18:22",4243700
23.55,0.3,400,"bu","13:18:15",4242700
23.55,0.3,400,"sd","13:18:12",4242300
23.55,0.3,14800,"bu","13:17:55",4241900
23.55,0.3,1000,"bu","13:17:48",4227100
23.55,0.3,200,"bu","13:17:44",4226100
23.55,0.3,100,"bu","13:17:43",4225900
23.55,0.3,500,"bu","13:17:29",4225800
23.55,0.3,3500,"bu","13:17:21",4225300
23.5,0.25,100,"sd","13:16:43",4221800
23.5,0.25,5000,"sd","13:16:27",4221700
23.5,0.25,100,"sd","13:16:19",4216700
23.5,0.25,300,"bu","13:16:18",4216600
23.5,0.25,700,"bu","13:16:15",4216300
23.5,0.25,300,"bu","13:16:13",4215600
23.5,0.25,500,"bu","13:16:07",4215300
23.5,0.25,400,"sd","13:16:04",4214800
23.5,0.25,3600,"bu","13:16:02",4214400
23.5,0.25,1000,"bu","13:15:58",4210800
23.5,0.25,100,"bu","13:15:58",4209800
23.45,0.2,100,"sd","13:15:43",4209700
23.45,0.2,3300,"sd","13:15:33",4209600
23.5,0.25,2100,"sd","13:15:24",4206300
23.5,0.25,100,"sd","13:15:23",4204200
23.5,0.25,2000,"sd","13:15:19",4204100
23.5,0.25,10000,"sd","13:15:13",4202100
23.5,0.25,10000,"sd","13:15:12",4192100
23.5,0.25,100,"sd","13:15:08",4182100
23.55,0.3,300,"bu","13:14:43",4182000
23.55,0.3,1900,"bu","13:13:00",4181700
23.55,0.3,10900,"bu","13:12:59",4179800
23.55,0.3,400,"bu","13:12:53",4168900
23.55,0.3,2000,"bu","13:12:50",4168500
23.55,0.3,900,"bu","13:12:15",4166500
23.5,0.25,100,"sd","13:12:03",4165600
23.5,0.25,7000,"sd","13:11:55",4165500
23.55,0.3,100,"bu","13:11:54",4158500
23.5,0.25,1100,"bu","13:11:39",4158400
23.45,0.2,400,"sd","13:11:37",4157300
23.5,0.25,1000,"bu","13:11:34",4156900
23.5,0.25,100,"bu","13:11:26",4155900
23.5,0.25,500,"bu","13:11:23",4155800
23.5,0.25,5000,"bu","13:11:15",4155300
23.5,0.25,300,"bu","13:11:12",4150300
23.5,0.25,100,"bu","13:11:03",4150000
23.5,0.25,200,"bu","13:11:01",4149900
23.5,0.25,100,"bu","13:10:56",4149700
23.45,0.2,5000,"sd","13:10:39",4149600
23.5,0.25,62300,"sd","13:10:31",4144600
23.5,0.25,100,"sd","13:10:27",4082300
23.5,0.25,700,"sd","13:10:26",4082200
23.55,0.3,400,"bu","13:10:01",4081500
23.5,0.25,2500,"sd","13:09:52",4081100
23.55,0.3,100,"bu","13:09:05",4078600
23.55,0.3,7500,"sd","13:08:49",4078500
23.55,0.3,2000,"sd","13:08:48",4071000
23.55,0.3,4500,"sd","13:08:45",4069000
23.55,0.3,400,"sd","13:08:44",4064500
23.55,0.3,100,"sd","13:08:42",4064100
23.55,0.3,200,"sd","13:08:40",4064000
23.55,0.3,500,"sd","13:08:38",4063800
23.55,0.3,100,"sd","13:08:32",4063300
23.55,0.3,1000,"sd","13:08:20",4063200
23.55,0.3,1100,"sd","13:08:18",4062200
23.55,0.3,600,"sd","13:08:08",4061100
23.55,0.3,2000,"sd","13:07:40",4060500
23.6,0.35,1000,"bu","13:07:31",4058500
23.55,0.3,1000,"sd","13:07:25",4057500
23.6,0.35,1000,"bu","13:07:18",4056500
23.6,0.35,10000,"bu","13:07:11",4055500
23.6,0.35,100,"bu","13:06:53",4045500
23.6,0.35,10000,"bu","13:06:32",4045400
23.55,0.3,100,"sd","13:06:28",4035400
23.55,0.3,700,"sd","13:06:24",4035300
23.55,0.3,200,"sd","13:06:16",4034600
23.55,0.3,100,"sd","13:06:08",4034400
23.55,0.3,9100,"bu","13:06:00",4034300
23.55,0.3,500,"bu","13:05:33",4025200
23.55,0.3,10000,"bu","13:05:22",4024700
23.55,0.3,5000,"bu","13:05:02",4014700
23.5,0.25,100,"sd","13:05:01",4009700
23.55,0.3,100,"bu","13:04:54",4009600
23.55,0.3,1000,"bu","13:04:49",4009500
23.55,0.3,5000,"bu","13:04:45",4008500
23.55,0.3,1000,"bu","13:04:35",4003500
23.55,0.3,100,"bu","13:04:16",4002500
23.55,0.3,9900,"bu","13:04:14",4002400
23.55,0.3,10000,"bu","13:03:37",3992500
23.5,0.25,1000,"sd","13:03:30",3982500
23.5,0.25,71400,"bu","13:03:29",3981500
23.5,0.25,7000,"bu","13:03:21",3910100
23.45,0.2,100,"sd","13:03:17",3903100
23.45,0.2,600,"sd","13:02:54",3903000
23.45,0.2,500,"sd","13:02:28",3902400
23.5,0.25,1000,"bu","13:02:25",3901900
23.45,0.2,10000,"sd","13:01:03",3900900
23.45,0.2,2500,"sd","13:00:42",3890900
23.45,0.2,5000,"sd","13:00:17",3888400
23.45,0.2,2000,"sd","13:00:13",3883400
23.45,0.2,1000,"sd","13:00:12",3881400
23.45,0.2,300,"sd","13:00:07",3880400
23.45,0.2,2600,"sd","13:00:05",3880100
23.45,0.2,22100,"sd","13:00:04",3877500
23.45,0.2,100,"sd","13:00:03",3855400
23.45,0.2,2300,"sd","13:00:02",3855300
23.45,0.2,500,"sd","13:00:00",3853000
23.5,0.25,100,"bu","13:00:00",3852500
23.45,0.2,400,"sd","11:29:30",3852400
23.45,0.2,100,"sd","11:29:29",3852000
23.45,0.2,100,"sd","11:29:17",3851900
23.45,0.2,3000,"sd","11:29:15",3851800
23.45,0.2,200,"sd","11:29:10",3848800
23.45,0.2,1000,"sd","11:28:58",3848600
23.45,0.2,300,"sd","11:28:56",3847600
23.45,0.2,200,"sd","11:28:51",3847300
23.45,0.2,1500,"sd","11:28:39",3847100
23.45,0.2,400,"sd","11:28:25",3845600
23.5,0.25,1000,"bu","11:27:21",3845200
23.45,0.2,200,"sd","11:26:43",3844200
23.45,0.2,6000,"sd","11:26:14",3844000
23.45,0.2,1900,"sd","11:25:10",3838000
23.45,0.2,200,"sd","11:25:07",3836100
23.45,0.2,200,"sd","11:23:46",3835900
23.45,0.2,3200,"sd","11:23:24",3835700
23.45,0.2,3800,"sd","11:23:23",3832500
23.45,0.2,6400,"sd","11:23:17",3828700
23.45,0.2,3000,"sd","11:22:55",3822300
23.45,0.2,200,"sd","11:22:46",3819300
23.45,0.2,100,"sd","11:22:25",3819100
23.45,0.2,100,"sd","11:21:55",3819000
23.45,0.2,1000,"sd","11:21:22",3818900
23.5,0.25,6500,"bu","11:20:33",3817900
23.5,0.25,300,"bu","11:20:21",3811400
23.5,0.25,100,"bu","11:20:02",3811100
23.45,0.2,7000,"sd","11:19:43",3811000
23.45,0.2,300,"sd","11:18:25",3804000
23.5,0.25,500,"bu","11:18:13",3803700
23.5,0.25,1200,"bu","11:17:53",3803200
23.5,0.25,100,"bu","11:17:34",3802000
23.5,0.25,100,"bu","11:17:00",3801900
23.5,0.25,100,"bu","11:16:54",3801800
23.5,0.25,1000,"bu","11:16:36",3801700
23.5,0.25,400,"bu","11:16:29",3800700
23.5,0.25,1000,"bu","11:15:57",3800300
23.5,0.25,400,"bu","11:15:55",3799300
23.5,0.25,5600,"bu","11:15:53",3798900
23.5,0.25,400,"bu","11:15:34",3793300
23.5,0.25,5000,"bu","11:14:53",3792900
23.5,0.25,500,"bu","11:14:52",3787900
23.5,0.25,500,"bu","11:13:54",3787400
23.5,0.25,100,"bu","11:13:33",3786900
23.45,0.2,3000,"sd","11:13:33",3786800
23.45,0.2,500,"sd","11:13:26",3783800
23.5,0.25,200,"bu","11:13:23",3783300
23.45,0.2,100,"sd","11:13:12",3783100
23.5,0.25,500,"bu","11:13:11",3783000
23.45,0.2,11500,"sd","11:12:20",3782500
23.45,0.2,2000,"sd","11:11:38",3771000
23.5,0.25,5200,"bu","11:11:04",3769000
23.45,0.2,1000,"sd","11:10:36",3763800
23.45,0.2,100,"sd","11:09:56",3762800
23.45,0.2,10000,"sd","11:09:37",3762700
23.45,0.2,3000,"sd","11:09:06",3752700
23.45,0.2,1600,"sd","11:08:59",3749700
23.45,0.2,100,"sd","11:08:56",3748100
23.5,0.25,400,"bu","11:08:17",3748000
23.5,0.25,900,"bu","11:07:54",3747600
23.5,0.25,1100,"bu","11:07:49",3746700
23.5,0.25,2800,"sd","11:06:55",3745600
23.5,0.25,5000,"sd","11:06:53",3742800
23.5,0.25,5000,"sd","11:06:48",3737800
23.5,0.25,3600,"sd","11:06:46",3732800
23.5,0.25,1000,"sd","11:06:42",3729200
23.5,0.25,2700,"sd","11:06:36",3728200
23.5,0.25,3000,"sd","11:06:35",3725500
23.5,0.25,500,"sd","11:06:29",3722500
23.5,0.25,100,"sd","11:05:54",3722000
23.5,0.25,5000,"sd","11:05:53",3721900
23.5,0.25,3000,"sd","11:05:39",3716900
23.5,0.25,100,"sd","11:05:28",3713900
23.5,0.25,1000,"sd","11:05:26",3713800
23.5,0.25,10000,"sd","11:05:11",3712800
23.5,0.25,900,"sd","11:05:04",3702800
23.5,0.25,2000,"sd","11:05:01",3701900
23.5,0.25,1000,"sd","11:04:53",3699900
23.55,0.3,500,"bu","11:04:51",3698900
23.5,0.25,2000,"sd","11:04:39",3698400
23.5,0.25,400,"sd","11:04:38",3696400
23.5,0.25,400,"sd","11:04:36",3696000
23.5,0.25,7000,"sd","11:04:23",3695600
23.5,0.25,500,"sd","11:04:20",3688600
23.5,0.25,2000,"sd","11:04:10",3688100
23.5,0.25,500,"sd","11:03:55",3686100
23.5,0.25,1000,"sd","11:03:54",3685600
23.5,0.25,400,"sd","11:03:50",3684600
23.5,0.25,20000,"sd","11:03:19",3684200
23.5,0.25,300,"sd","11:03:14",3664200
23.55,0.3,500,"bu","11:02:54",3663900
23.55,0.3,1000,"bu","11:02:53",3663400
23.55,0.3,600,"bu","11:02:31",3662400
23.55,0.3,1700,"bu","11:02:28",3661800
23.55,0.3,100,"bu","11:02:18",3660100
23.55,0.3,200,"bu","11:02:05",3660000
23.55,0.3,300,"bu","11:01:43",3659800
23.55,0.3,300,"sd","11:01:40",3659500
23.55,0.3,100,"sd","11:01:38",3659200
23.55,0.3,8000,"sd","11:01:36",3659100
23.55,0.3,5000,"sd","11:01:26",3651100
23.6,0.35,2200,"bu","11:01:24",3646100
23.6,0.35,600,"bu","11:01:20",3643900
23.55,0.3,500,"sd","11:01:19",3643300
23.55,0.3,100,"sd","11:00:04",3642800
23.55,0.3,500,"sd","10:59:50",3642700
23.55,0.3,300,"sd","10:59:37",3642200
23.55,0.3,2000,"sd","10:59:34",3641900
23.6,0.35,2000,"bu","10:59:25",3639900
23.55,0.3,300,"sd","10:59:20",3637900
23.55,0.3,500,"sd","10:59:05",3637600
23.55,0.3,100,"sd","10:58:56",3637100
23.55,0.3,300,"bu","10:58:54",3637000
23.55,0.3,400,"bu","10:58:50",3636700
23.55,0.3,100,"bu","10:58:40",3636300
23.55,0.3,4000,"bu","10:58:38",3636200
23.55,0.3,10000,"bu","10:58:33",3632200
23.55,0.3,10000,"bu","10:58:31",3622200
23.55,0.3,500,"bu","10:58:29",3612200
23.5,0.25,200,"sd","10:58:25",3611700
23.55,0.3,1000,"bu","10:57:45",3611500
23.5,0.25,100,"sd","10:57:40",3610500
23.5,0.25,500,"sd","10:57:11",3610400
23.5,0.25,1000,"sd","10:57:09",3609900
23.5,0.25,500,"sd","10:56:55",3608900
23.5,0.25,4500,"sd","10:56:46",3608400
23.55,0.3,8000,"bu","10:56:03",3603900
23.55,0.3,1000,"bu","10:55:48",3595900
23.55,0.3,100,"bu","10:55:40",3594900
23.55,0.3,5000,"bu","10:55:36",3594800
23.55,0.3,100,"bu","10:55:25",3589800
23.55,0.3,100,"bu","10:55:05",3589700
23.55,0.3,500,"bu","10:55:01",3589600
23.55,0.3,6000,"bu","10:54:55",3589100
23.55,0.3,200,"bu","10:54:39",3583100
23.55,0.3,200,"bu","10:54:28",3582900
23.55,0.3,100,"bu","10:54:23",3582700
23.55,0.3,500,"sd","10:54:04",3582600
23.55,0.3,500,"bu","10:53:59",3582100
23.55,0.3,300,"bu","10:53:52",3581600
23.55,0.3,6200,"sd","10:53:47",3581300
23.55,0.3,1300,"sd","10:53:34",3575100
23.55,0.3,20000,"sd","10:53:32",3573800
23.55,0.3,200,"sd","10:53:10",3553800
23.55,0.3,600,"sd","10:53:07",3553600
23.55,0.3,100,"sd","10:53:01",3553000
23.55,0.3,3900,"bu","10:52:56",3552900
23.5,0.25,200,"sd","10:52:55",3549000
23.55,0.3,13000,"bu","10:52:51",3548800
23.5,0.25,200,"sd","10:52:43",3535800
23.5,0.25,2600,"sd","10:52:31",3535600
23.5,0.25,300,"sd","10:52:30",3533000
23.5,0.25,500,"sd","10:52:28",3532700
23.5,0.25,3000,"sd","10:52:16",3532200
23.55,0.3,2200,"bu","10:52:15",3529200
23.5,0.25,3200,"sd","10:52:14",3527000
23.5,0.25,2000,"sd","10:52:02",3523800
23.5,0.25,700,"sd","10:51:31",3521800
23.55,0.3,1000,"bu","10:51:18",3521100
23.5,0.25,200,"sd","10:51:05",3520100
23.5,0.25,1000,"sd","10:51:03",3519900
23.5,0.25,1000,"sd","10:50:58",3518900
23.5,0.25,200,"sd","10:50:49",3517900
23.5,0.25,500,"sd","10:50:39",3517700
23.5,0.25,300,"sd","10:50:38",3517200
23.5,0.25,1500,"sd","10:50:35",3516900
23.5,0.25,2000,"sd","10:50:18",3515400
23.5,0.25,1000,"sd","10:50:17",3513400
23.5,0.25,200,"sd","10:50:05",3512400
23.5,0.25,300,"sd","10:49:58",3512200
23.5,0.25,1500,"sd","10:49:51",3511900
23.5,0.25,200,"sd","10:49:50",3510400
23.5,0.25,3200,"sd","10:49:49",3510200
23.5,0.25,200,"sd","10:49:39",3507000
23.5,0.25,100,"sd","10:49:35",3506800
23.5,0.25,400,"sd","10:49:31",3506700
23.5,0.25,3000,"sd","10:49:29",3506300
23.5,0.25,2500,"sd","10:49:17",3503300
23.5,0.25,3500,"sd","10:49:12",3500800
23.5,0.25,300,"sd","10:48:45",3497300
23.55,0.3,3000,"bu","10:48:31",3497000
23.55,0.3,100,"bu","10:48:12",3494000
23.5,0.25,400,"sd","10:48:10",3493900
23.55,0.3,300,"bu","10:48:09",3493500
23.55,0.3,500,"sd","10:48:06",3493200
23.55,0.3,3000,"sd","10:48:03",3492700
23.55,0.3,2000,"sd","10:48:01",3489700
23.55,0.3,7000,"sd","10:47:56",3487700
23.55,0.3,2700,"sd","10:47:52",3480700
23.55,0.3,500,"sd","10:47:49",3478000
23.55,0.3,15000,"sd","10:47:48",3477500
23.55,0.3,800,"sd","10:47:45",3462500
23.55,0.3,3400,"sd","10:47:44",3461700
23.55,0.3,500,"sd","10:47:42",3458300
23.55,0.3,1000,"sd","10:47:41",3457800
23.55,0.3,3000,"sd","10:47:40",3456800
23.55,0.3,2000,"sd","10:47:32",3453800
23.55,0.3,500,"sd","10:47:31",3451800
23.55,0.3,400,"sd","10:47:25",3451300
23.55,0.3,14500,"sd","10:47:23",3450900
23.55,0.3,10600,"sd","10:47:20",3436400
23.55,0.3,5000,"sd","10:47:13",3425800
23.55,0.3,100,"sd","10:47:07",3420800
23.6,0.35,100,"bu","10:47:05",3420700
23.55,0.3,5000,"sd","10:47:03",3420600
23.55,0.3,500,"sd","10:47:02",3415600
23.55,0.3,10000,"sd","10:47:00",3415100
23.55,0.3,400,"sd","10:46:52",3405100
23.55,0.3,1300,"sd","10:46:47",3404700
23.55,0.3,200,"sd","10:46:42",3403400
23.55,0.3,1000,"sd","10:46:32",3403200
23.55,0.3,4000,"sd","10:46:30",3402200
23.55,0.3,200,"sd","10:46:02",3398200
23.55,0.3,700,"sd","10:46:00",3398000
23.55,0.3,2600,"sd","10:45:59",3397300
23.55,0.3,400,"sd","10:45:42",3394700
23.55,0.3,400,"sd","10:45:36",3394300
23.55,0.3,100,"sd","10:45:23",3393900
23.55,0.3,1000,"sd","10:45:22",3393800
23.55,0.3,3000,"sd","10:45:07",3392800
23.55,0.3,2000,"sd","10:44:47",3389800
23.55,0.3,400,"sd","10:44:46",3387800
23.55,0.3,400,"sd","10:44:29",3387400
23.6,0.35,200,"bu","10:44:16",3387000
23.6,0.35,1000,"bu","10:43:56",3386800
23.6,0.35,300,"bu","10:43:38",3385800
23.6,0.35,200,"bu","10:43:33",3385500
23.6,0.35,1000,"bu","10:42:49",3385300
23.6,0.35,1000,"bu","10:42:43",3384300
23.6,0.35,5000,"bu","10:42:35",3383300
23.6,0.35,200,"bu","10:42:27",3378300
23.6,0.35,5000,"bu","10:41:58",3378100
23.55,0.3,200,"sd","10:41:54",3373100
23.55,0.3,100,"sd","10:41:51",3372900
23.6,0.35,500,"bu","10:41:16",3372800
23.6,0.35,2800,"bu","10:41:10",3372300
23.6,0.35,1000,"bu","10:40:37",3369500
23.6,0.35,8900,"sd","10:40:27",3368500
23.6,0.35,2900,"sd","10:40:17",3359600
23.6,0.35,1200,"bu","10:40:16",3356700
23.6,0.35,100,"bu","10:40:13",3355500
23.6,0.35,5000,"sd","10:39:55",3355400
23.55,0.3,2200,"sd","10:39:39",3350400
23.6,0.35,3300,"sd","10:39:39",3348200
23.6,0.35,2000,"sd","10:39:05",3344900
23.6,0.35,2700,"bu","10:39:01",3342900
23.6,0.35,300,"bu","10:38:57",3340200
23.6,0.35,3000,"bu","10:38:39",3339900
23.6,0.35,500,"bu","10:38:27",3336900
23.6,0.35,59600,"sd","10:38:24",3336400
23.65,0.4,6200,"bu","10:38:23",3276800
23.65,0.4,5000,"bu","10:38:17",3270600
23.6,0.35,200,"sd","10:38:14",3265600
23.65,0.4,200,"bu","10:38:09",3265400
23.6,0.35,30000,"sd","10:38:04",3265200
23.65,0.4,3000,"bu","10:37:58",3235200
23.6,0.35,1000,"sd","10:37:57",3232200
23.6,0.35,100,"sd","10:37:40",3231200
23.65,0.4,1000,"bu","10:37:27",3231100
23.65,0.4,100,"bu","10:37:24",3230100
23.65,0.4,3100,"bu","10:37:21",3230000
23.65,0.4,1500,"bu","10:37:09",3226900
23.6,0.35,500,"sd","10:37:04",3225400
23.65,0.4,3000,"bu","10:36:57",3224900
23.65,0.4,100,"bu","10:36:56",3221900
23.6,0.35,1300,"sd","10:36:25",3221800
23.6,0.35,600,"sd","10:36:10",3220500
23.6,0.35,1100,"sd","10:35:42",3219900
23.6,0.35,1000,"sd","10:35:29",3218800
23.65,0.4,100,"bu","10:35:25",3217800
23.65,0.4,6800,"sd","10:34:58",3217700
23.65,0.4,10000,"sd","10:34:49",3210900
23.7,0.45,700,"bu","10:34:49",3200900
23.65,0.4,20000,"sd","10:34:32",3200200
23.65,0.4,900,"sd","10:34:24",3180200
23.65,0.4,2100,"sd","10:34:21",3179300
23.7,0.45,100,"bu","10:34:18",3177200
23.7,0.45,500,"bu","10:33:43",3177100
23.7,0.45,6200,"bu","10:33:18",3176600
23.65,0.4,200,"sd","10:33:17",3170400
23.65,0.4,500,"sd","10:33:09",3170200
23.65,0.4,100,"sd","10:33:08",3169700
23.65,0.4,1000,"sd","10:33:02",3169600
23.65,0.4,400,"sd","10:32:58",3168600
23.65,0.4,2000,"sd","10:32:54",3168200
23.65,0.4,500,"sd","10:32:53",3166200
23.65,0.4,8600,"sd","10:32:51",3165700
23.65,0.4,1000,"sd","10:32:45",3157100
23.65,0.4,38400,"sd","10:32:43",3156100
23.65,0.4,500,"sd","10:32:41",3117700
23.65,0.4,7000,"sd","10:32:35",3117200
23.65,0.4,3000,"sd","10:32:10",3110200
23.65,0.4,4000,"sd","10:32:04",3107200
23.65,0.4,1800,"sd","10:31:52",3103200
23.65,0.4,200,"sd","10:30:48",3101400
23.7,0.45,2500,"bu","10:30:07",3101200
23.7,0.45,100,"bu","10:29:55",3098700
23.7,0.45,1000,"bu","10:29:40",3098600
23.7,0.45,10000,"bu","10:29:39",3097600
23.7,0.45,4200,"sd","10:29:04",3087600
23.7,0.45,1000,"sd","10:29:03",3083400
23.7,0.45,100,"sd","10:29:02",3082400
23.7,0.45,100,"sd","10:29:00",3082300
23.7,0.45,500,"sd","10:29:00",3082200
23.7,0.45,30000,"sd","10:28:55",3081700
23.75,0.5,500,"bu","10:28:55",3051700
23.7,0.45,1000,"sd","10:28:54",3051200
23.7,0.45,1500,"sd","10:28:43",3050200
23.7,0.45,5000,"sd","10:28:42",3048700
23.7,0.45,500,"sd","10:28:28",3043700
23.7,0.45,500,"sd","10:28:25",3043200
23.75,0.5,1000,"bu","10:28:22",3042700
23.7,0.45,400,"sd","10:28:12",3041700
23.75,0.5,13000,"bu","10:28:12",3041300
23.75,0.5,10000,"bu","10:28:08",3028300
23.7,0.45,400,"sd","10:27:53",3018300
23.7,0.45,100,"sd","10:27:47",3017900
23.75,0.5,2000,"bu","10:27:41",3017800
23.75,0.5,500,"bu","10:27:28",3015800
23.7,0.45,1000,"sd","10:27:19",3015300
23.7,0.45,400,"sd","10:27:13",3014300
23.75,0.5,500,"bu","10:27:08",3013900
23.7,0.45,1000,"sd","10:27:07",3013400
23.7,0.45,3000,"sd","10:27:01",3012400
23.75,0.5,1700,"bu","10:26:44",3009400
23.7,0.45,400,"sd","10:26:37",3007700
23.7,0.45,1000,"sd","10:26:29",3007300
23.7,0.45,3600,"sd","10:26:09",3006300
23.75,0.5,1000,"bu","10:25:50",3002700
23.7,0.45,1000,"sd","10:25:43",3001700
23.7,0.45,600,"sd","10:25:34",3000700
23.7,0.45,200,"sd","10:25:33",3000100
23.75,0.5,100,"bu","10:25:17",2999900
23.7,0.45,500,"sd","10:25:13",2999800
23.7,0.45,100,"sd","10:25:04",2999300
23.7,0.45,500,"sd","10:24:38",2999200
23.7,0.45,400,"sd","10:24:31",2998700
23.7,0.45,1500,"sd","10:24:17",2998300
23.7,0.45,800,"bu","10:24:14",2996800
23.7,0.45,100,"bu","10:24:05",2996000
23.7,0.45,500,"bu","10:23:45",2995900
23.65,0.4,1000,"sd","10:23:39",2995400
23.75,0.5,1000,"bu","10:23:21",2994400
23.7,0.45,7000,"sd","10:23:06",2993400
23.7,0.45,500,"sd","10:23:01",2986400
23.7,0.45,2100,"sd","10:22:49",2985900
23.75,0.5,100,"bu","10:22:38",2983800
23.7,0.45,3000,"sd","10:22:37",2983700
23.7,0.45,500,"sd","10:22:08",2980700
23.7,0.45,2000,"sd","10:21:55",2980200
23.7,0.45,1800,"sd","10:21:49",2978200
23.7,0.45,4200,"sd","10:21:48",2976400
23.7,0.45,100,"bu","10:21:47",2972200
23.7,0.45,5100,"bu","10:21:43",2972100
23.7,0.45,100,"bu","10:21:42",2967000
23.7,0.45,300,"bu","10:21:39",2966900
23.7,0.45,5200,"bu","10:21:36",2966600
23.7,0.45,28800,"bu","10:21:33",2961400
23.7,0.45,100,"bu","10:21:32",2932600
23.7,0.45,400,"bu","10:21:24",2932500
23.7,0.45,100,"bu","10:21:21",2932100
23.65,0.4,100,"sd","10:21:19",2932000
23.7,0.45,500,"bu","10:21:13",2931900
23.7,0.45,1000,"bu","10:21:06",2931400
23.7,0.45,100,"bu","10:20:57",2930400
23.7,0.45,1000,"bu","10:20:34",2930300
23.7,0.45,10000,"bu","10:20:05",2929300
23.65,0.4,400,"sd","10:19:53",2919300
23.65,0.4,1000,"sd","10:19:30",2918900
23.7,0.45,100,"bu","10:18:53",2917900
23.7,0.45,10000,"bu","10:18:47",2917800
23.65,0.4,1000,"sd","10:18:42",2907800
23.7,0.45,100,"bu","10:18:42",2906800
23.7,0.45,500,"bu","10:18:29",2906700
23.7,0.45,500,"sd","10:18:20",2906200
23.7,0.45,900,"sd","10:18:19",2905700
23.7,0.45,900,"sd","10:18:19",2904800
23.7,0.45,100,"sd","10:18:18",2903900
23.7,0.45,24000,"sd","10:18:17",2903800
23.7,0.45,3000,"sd","10:18:11",2879800
23.7,0.45,1000,"sd","10:18:05",2876800
23.75,0.5,2800,"bu","10:18:03",2875800
23.7,0.45,8000,"sd","10:18:02",2873000
23.7,0.45,1000,"sd","10:17:40",2865000
23.7,0.45,1000,"sd","10:17:40",2864000
23.7,0.45,100,"sd","10:17:35",2863000
23.7,0.45,1000,"sd","10:17:34",2862900
23.7,0.45,2000,"sd","10:17:32",2861900
23.7,0.45,3000,"sd","10:17:30",2859900
23.7,0.45,1200,"sd","10:17:27",2856900
23.7,0.45,300,"sd","10:17:26",2855700
23.75,0.5,2000,"bu","10:17:24",2855400
23.7,0.45,2000,"sd","10:17:23",2853400
23.7,0.45,4500,"sd","10:17:21",2851400
23.7,0.45,2000,"sd","10:17:20",2846900
23.7,0.45,500,"sd","10:17:19",2844900
23.7,0.45,100,"sd","10:17:19",2844400
23.7,0.45,100,"sd","10:17:15",2844300
23.7,0.45,100,"sd","10:17:08",2844200
23.75,0.5,700,"bu","10:17:07",2844100
23.7,0.45,10000,"sd","10:17:07",2843400
23.7,0.45,1400,"sd","10:17:02",2833400
23.7,0.45,10000,"sd","10:17:01",2832000
23.7,0.45,1000,"sd","10:16:56",2822000
23.7,0.45,2000,"sd","10:16:49",2821000
23.7,0.45,300,"sd","10:16:45",2819000
23.7,0.45,100,"sd","10:16:44",2818700
23.7,0.45,200,"sd","10:16:32",2818600
23.7,0.45,20000,"sd","10:16:28",2818400
23.7,0.45,2100,"sd","10:16:25",2798400
23.7,0.45,5000,"sd","10:16:21",2796300
23.7,0.45,1000,"sd","10:16:21",2791300
23.7,0.45,500,"sd","10:16:13",2790300
23.7,0.45,2000,"sd","10:16:07",2789800
23.7,0.45,500,"sd","10:16:03",2787800
23.7,0.45,200,"sd","10:15:49",2787300
23.7,0.45,1000,"sd","10:15:43",2787100
23.7,0.45,100,"sd","10:15:42",2786100
23.75,0.5,200,"bu","10:15:25",2786000
23.75,0.5,900,"bu","10:15:21",2785800
23.7,0.45,300,"sd","10:15:15",2784900
23.75,0.5,300,"bu","10:15:11",2784600
23.75,0.5,6200,"bu","10:15:09",2784300
23.7,0.45,200,"sd","10:15:07",2778100
23.7,0.45,500,"sd","10:15:04",2777900
23.75,0.5,200,"bu","10:15:00",2777400
23.75,0.5,1000,"bu","10:14:54",2777200
23.75,0.5,400,"bu","10:14:50",2776200
23.75,0.5,500,"bu","10:14:49",2775800
23.75,0.5,12700,"sd","10:14:45",2775300
23.75,0.5,100,"sd","10:14:45",2762600
23.75,0.5,1000,"sd","10:14:44",2762500
23.75,0.5,21000,"sd","10:14:44",2761500
23.75,0.5,7000,"sd","10:14:42",2740500
23.75,0.5,10000,"sd","10:14:41",2733500
23.75,0.5,4000,"sd","10:14:39",2723500
23.75,0.5,40100,"sd","10:14:38",2719500
23.75,0.5,1000,"sd","10:14:38",2679400
23.75,0.5,10000,"sd","10:14:35",2678400
23.75,0.5,27000,"sd","10:14:34",2668400
23.75,0.5,10000,"sd","10:14:31",2641400
23.75,0.5,100,"sd","10:14:23",2631400
23.8,0.55,700,"bu","10:14:20",2631300
23.8,0.55,500,"bu","10:14:12",2630600
23.8,0.55,700,"bu","10:14:11",2630100
23.75,0.5,500,"sd","10:14:05",2629400
23.8,0.55,3000,"bu","10:13:52",2628900
23.8,0.55,1000,"bu","10:13:50",2625900
23.8,0.55,200,"bu","10:13:48",2624900
23.8,0.55,100,"bu","10:13:39",2624700
23.8,0.55,10000,"bu","10:13:36",2624600
23.75,0.5,500,"sd","10:13:36",2614600
23.8,0.55,5000,"bu","10:13:33",2614100
23.75,0.5,100,"sd","10:13:31",2609100
23.75,0.5,1000,"sd","10:13:30",2609000
23.75,0.5,500,"sd","10:13:23",2608000
23.8,0.55,6000,"bu","10:13:21",2607500
23.8,0.55,2000,"bu","10:13:19",2601500
23.75,0.5,1000,"sd","10:13:17",2599500
23.75,0.5,800,"sd","10:13:14",2598500
23.75,0.5,3000,"sd","10:13:13",2597700
23.75,0.5,200,"bu","10:13:06",2594700
23.75,0.5,4100,"bu","10:13:02",2594500
23.75,0.5,20000,"bu","10:12:59",2590400
23.75,0.5,200,"bu","10:12:57",2570400
23.75,0.5,100,"bu","10:12:56",2570200
23.75,0.5,20000,"bu","10:12:55",2570100
23.75,0.5,4600,"bu","10:12:55",2550100
23.75,0.5,16700,"bu","10:12:54",2545500
23.75,0.5,17500,"bu","10:12:54",2528800
23.75,0.5,300,"bu","10:12:51",2511300
23.75,0.5,20100,"bu","10:12:50",2511000
23.75,0.5,1000,"bu","10:12:47",2490900
23.75,0.5,5000,"bu","10:12:45",2489900
23.75,0.5,500,"bu","10:12:38",2484900
23.75,0.5,10000,"bu","10:12:38",2484400
23.75,0.5,4000,"bu","10:12:37",2474400
23.75,0.5,1000,"bu","10:12:33",2470400
23.7,0.45,200,"sd","10:12:32",2469400
23.75,0.5,1000,"bu","10:12:31",2469200
23.75,0.5,200,"bu","10:12:29",2468200
23.7,0.45,1000,"sd","10:12:24",2468000
23.75,0.5,2000,"bu","10:12:23",2467000
23.75,0.5,500,"bu","10:12:20",2465000
23.7,0.45,100,"sd","10:12:14",2464500
23.7,0.45,3000,"sd","10:12:10",2464400
23.7,0.45,5000,"sd","10:12:07",2461400
23.75,0.5,11900,"bu","10:12:05",2456400
23.7,0.45,100,"sd","10:12:02",2444500
23.7,0.45,2000,"sd","10:11:49",2444400
23.75,0.5,100,"bu","10:11:48",2442400
23.7,0.45,100,"sd","10:11:47",2442300
23.7,0.45,100,"sd","10:11:43",2442200
23.7,0.45,47200,"bu","10:11:24",2442100
23.7,0.45,10000,"bu","10:11:23",2394900
23.7,0.45,1600,"bu","10:11:22",2384900
23.7,0.45,50000,"bu","10:11:20",2383300
23.7,0.45,6500,"bu","10:11:18",2333300
23.7,0.45,1000,"bu","10:11:17",2326800
23.7,0.45,5000,"bu","10:11:14",2325800
23.65,0.4,3000,"sd","10:11:11",2320800
23.7,0.45,5000,"bu","10:11:09",2317800
23.7,0.45,7000,"bu","10:10:58",2312800
23.7,0.45,20000,"bu","10:10:57",2305800
23.7,0.45,20000,"bu","10:10:55",2285800
23.7,0.45,6000,"bu","10:10:49",2265800
23.7,0.45,200,"bu","10:10:42",2259800
23.7,0.45,5000,"bu","10:10:41",2259600
23.7,0.45,5000,"bu","10:10:34",2254600
23.7,0.45,10000,"bu","10:10:31",2249600
23.7,0.45,1000,"bu","10:10:30",2239600
23.7,0.45,2000,"bu","10:10:29",2238600
23.7,0.45,5000,"bu","10:10:21",2236600
23.65,0.4,1400,"sd","10:10:17",2231600
23.65,0.4,100,"bu","10:10:15",2230200
23.65,0.4,400,"bu","10:10:15",2230100
23.65,0.4,300,"bu","10:10:14",2229700
23.65,0.4,100,"bu","10:10:13",2229400
23.65,0.4,7300,"bu","10:10:13",2229300
23.65,0.4,300,"bu","10:10:12",2222000
23.65,0.4,100,"bu","10:10:12",2221700
23.65,0.4,500,"bu","10:10:09",2221600
23.65,0.4,18400,"sd","10:10:08",2221100
23.7,0.45,400,"bu","10:10:06",2202700
23.65,0.4,1600,"sd","10:10:03",2202300
23.6,0.35,1000,"sd","10:10:00",2200700
23.7,0.45,800,"bu","10:09:59",2199700
23.65,0.4,16900,"bu","10:09:59",2198900
23.65,0.4,82300,"bu","10:09:59",2182000
23.65,0.4,5000,"bu","10:09:58",2099700
23.65,0.4,3100,"bu","10:09:56",2094700
23.6,0.35,1000,"sd","10:09:55",2091600
23.65,0.4,20000,"bu","10:09:52",2090600
23.65,0.4,5000,"bu","10:09:47",2070600
23.6,0.35,100,"sd","10:09:47",2065600
23.65,0.4,8000,"bu","10:09:39",2065500
23.6,0.35,5000,"sd","10:09:22",2057500
23.6,0.35,100,"sd","10:09:15",2052500
23.6,0.35,500,"sd","10:09:10",2052400
23.6,0.35,1000,"sd","10:08:57",2051900
23.6,0.35,200,"sd","10:08:54",2050900
23.6,0.35,1000,"sd","10:08:52",2050700
23.6,0.35,400,"sd","10:08:42",2049700
23.6,0.35,3500,"sd","10:08:15",2049300
23.6,0.35,300,"sd","10:08:06",2045800
23.6,0.35,1000,"sd","10:07:53",2045500
23.6,0.35,4000,"sd","10:07:45",2044500
23.6,0.35,2000,"sd","10:07:41",2040500
23.65,0.4,100,"bu","10:07:37",2038500
23.6,0.35,200,"sd","10:07:30",2038400
23.6,0.35,500,"sd","10:07:21",2038200
23.65,0.4,1000,"bu","10:07:03",2037700
23.6,0.35,1500,"sd","10:06:45",2036700
23.65,0.4,200,"bu","10:06:34",2035200
23.65,0.4,500,"bu","10:06:17",2035000
23.65,0.4,100,"bu","10:06:10",2034500
23.65,0.4,10000,"bu","10:06:02",2034400
23.6,0.35,200,"sd","10:05:52",2024400
23.65,0.4,300,"bu","10:05:49",2024200
23.6,0.35,100,"sd","10:05:34",2023900
23.6,0.35,100,"sd","10:05:29",2023800
23.65,0.4,1000,"bu","10:05:23",2023700
23.6,0.35,2000,"sd","10:05:19",2022700
23.65,0.4,700,"bu","10:05:14",2020700
23.6,0.35,200,"sd","10:04:48",2020000
23.6,0.35,100,"sd","10:04:40",2019800
23.6,0.35,2000,"sd","10:04:37",2019700
23.6,0.35,10000,"sd","10:04:29",2017700
23.6,0.35,10000,"sd","10:04:24",2007700
23.6,0.35,100,"sd","10:03:54",1997700
23.6,0.35,2000,"sd","10:03:48",1997600
23.6,0.35,100,"sd","10:03:25",1995600
23.6,0.35,4800,"sd","10:03:24",1995500
23.6,0.35,200,"sd","10:03:18",1990700
23.6,0.35,100,"sd","10:03:16",1990500
23.6,0.35,1000,"sd","10:03:08",1990400
23.6,0.35,300,"sd","10:02:47",1989400
23.6,0.35,10000,"sd","10:02:32",1989100
23.6,0.35,100,"sd","10:02:22",1979100
23.6,0.35,200,"sd","10:02:11",1979000
23.6,0.35,2000,"sd","10:02:03",1978800
23.6,0.35,500,"sd","10:01:58",1976800
23.65,0.4,2000,"bu","10:01:57",1976300
23.6,0.35,500,"sd","10:01:34",1974300
23.6,0.35,1200,"sd","10:01:33",1973800
23.6,0.35,44000,"bu","10:01:22",1972600
23.6,0.35,6000,"bu","10:01:04",1928600
23.6,0.35,1000,"bu","10:00:42",1922600
23.6,0.35,2000,"bu","10:00:33",1921600
23.6,0.35,1000,"sd","10:00:32",1919600
23.6,0.35,500,"sd","10:00:31",1918600
23.6,0.35,10000,"sd","10:00:28",1918100
23.6,0.35,10000,"sd","10:00:27",1908100
23.6,0.35,500,"sd","10:00:26",1898100
23.6,0.35,100,"sd","10:00:23",1897600
23.6,0.35,20000,"sd","10:00:21",1897500
23.65,0.4,100,"bu","10:00:19",1877500
23.6,0.35,10000,"sd","10:00:18",1877400
23.6,0.35,10000,"sd","10:00:16",1867400
23.6,0.35,300,"sd","09:59:59",1857400
23.65,0.4,2400,"bu","09:59:49",1857100
23.65,0.4,2000,"bu","09:59:39",1854700
23.65,0.4,200,"bu","09:59:20",1852700
23.6,0.35,3000,"sd","09:59:18",1852500
23.6,0.35,5000,"sd","09:59:13",1849500
23.65,0.4,200,"bu","09:59:05",1844500
23.6,0.35,15000,"sd","09:59:04",1844300
23.65,0.4,1500,"bu","09:58:58",1829300
23.6,0.35,100,"sd","09:58:55",1827800
23.65,0.4,1100,"bu","09:58:53",1827700
23.6,0.35,1000,"sd","09:58:53",1826600
23.6,0.35,10000,"sd","09:58:40",1825600
23.65,0.4,2500,"bu","09:58:32",1815600
23.6,0.35,400,"sd","09:58:30",1813100
23.65,0.4,100,"bu","09:58:09",1812700
23.65,0.4,200,"bu","09:58:09",1812600
23.65,0.4,700,"bu","09:57:19",1812400
23.65,0.4,200,"bu","09:57:14",1811700
23.6,0.35,200,"sd","09:57:02",1811500
23.6,0.35,100,"sd","09:56:52",1811300
23.6,0.35,1000,"sd","09:56:48",1811200
23.6,0.35,100,"sd","09:56:47",1810200
23.65,0.4,1100,"bu","09:56:47",1810100
23.6,0.35,2000,"sd","09:56:44",1809000
23.6,0.35,500,"sd","09:56:38",1807000
23.6,0.35,100,"sd","09:56:35",1806500
23.6,0.35,5000,"sd","09:56:30",1806400
23.65,0.4,200,"bu","09:56:22",1801400
23.6,0.35,400,"sd","09:56:18",1801200
23.6,0.35,3000,"sd","09:56:16",1800800
23.6,0.35,100,"sd","09:56:10",1797800
23.6,0.35,500,"sd","09:56:08",1797700
23.65,0.4,2400,"bu","09:55:57",1797200
23.6,0.35,500,"sd","09:55:53",1794800
23.6,0.35,300,"sd","09:55:45",1794300
23.6,0.35,1000,"sd","09:55:44",1794000
23.6,0.35,100,"sd","09:55:36",1793000
23.6,0.35,3000,"sd","09:55:32",1792900
23.6,0.35,1500,"sd","09:55:27",1789900
23.6,0.35,200,"sd","09:55:26",1788400
23.6,0.35,100,"sd","09:55:24",1788200
23.6,0.35,4000,"sd","09:55:12",1788100
23.65,0.4,1900,"bu","09:55:09",1784100
23.6,0.35,1000,"sd","09:55:09",1782200
23.6,0.35,500,"sd","09:55:04",1781200
23.6,0.35,31300,"bu","09:55:03",1780700
23.6,0.35,2000,"bu","09:54:53",1749400
23.55,0.3,100,"sd","09:54:37",1747400
23.55,0.3,3000,"sd","09:54:27",1747300
23.55,0.3,3000,"sd","09:54:08",1744300
23.6,0.35,6000,"bu","09:54:08",1741300
23.6,0.35,1500,"bu","09:54:04",1735300
23.6,0.35,10000,"bu","09:53:53",1733800
23.55,0.3,800,"sd","09:53:44",1723800
23.55,0.3,4900,"sd","09:53:38",1723000
23.55,0.3,100,"sd","09:53:20",1718100
23.6,0.35,2000,"bu","09:53:13",1718000
23.6,0.35,11200,"sd","09:53:03",1716000
23.6,0.35,200,"sd","09:52:57",1704800
23.6,0.35,2500,"sd","09:52:56",1704600
23.6,0.35,15000,"sd","09:52:54",1702100
23.6,0.35,10000,"sd","09:52:53",1687100
23.6,0.35,200,"sd","09:52:47",1677100
23.6,0.35,1100,"sd","09:52:45",1676900
23.6,0.35,50000,"sd","09:52:39",1675800
23.6,0.35,3000,"sd","09:52:23",1625800
23.6,0.35,2000,"sd","09:52:15",1622800
23.6,0.35,400,"sd","09:52:10",1620800
23.6,0.35,1000,"sd","09:52:04",1620400
23.6,0.35,200,"sd","09:51:56",1619400
23.65,0.4,100,"bu","09:51:48",1619200
23.6,0.35,1000,"sd","09:51:29",1619100
23.65,0.4,1000,"bu","09:51:20",1618100
23.6,0.35,300,"sd","09:50:58",1617100
23.65,0.4,500,"bu","09:50:43",1616800
23.6,0.35,500,"sd","09:50:40",1616300
23.65,0.4,1000,"bu","09:50:38",1615800
23.65,0.4,100,"bu","09:50:32",1614800
23.65,0.4,1000,"bu","09:50:31",1614700
23.65,0.4,2000,"bu","09:50:27",1613700
23.65,0.4,200,"bu","09:50:07",1611700
23.65,0.4,10000,"bu","09:49:58",1611500
23.6,0.35,1000,"sd","09:49:55",1601500
23.65,0.4,200,"bu","09:49:31",1600500
23.65,0.4,13700,"sd","09:49:26",1600300
23.65,0.4,500,"sd","09:49:24",1586600
23.65,0.4,500,"sd","09:49:21",1586100
23.65,0.4,200,"sd","09:49:20",1585600
23.65,0.4,20000,"sd","09:49:16",1585400
23.65,0.4,500,"sd","09:49:14",1565400
23.65,0.4,3600,"sd","09:49:12",1564900
23.65,0.4,500,"sd","09:49:10",1561300
23.65,0.4,200,"sd","09:49:10",1560800
23.65,0.4,100,"sd","09:49:08",1560600
23.65,0.4,1000,"sd","09:49:06",1560500
23.65,0.4,11000,"sd","09:49:01",1559500
23.65,0.4,200,"sd","09:48:58",1548500
23.7,0.45,100,"bu","09:48:57",1548300
23.65,0.4,2000,"sd","09:48:56",1548200
23.65,0.4,100,"sd","09:48:50",1546200
23.65,0.4,4000,"sd","09:48:47",1546100
23.65,0.4,500,"sd","09:48:43",1542100
23.65,0.4,500,"sd","09:48:40",1541600
23.65,0.4,2000,"sd","09:48:33",1541100
23.65,0.4,43900,"bu","09:48:30",1539100
23.6,0.35,500,"sd","09:48:21",1495200
23.6,0.35,100,"sd","09:48:16",1494700
23.6,0.35,37300,"bu","09:48:09",1494600
23.6,0.35,300,"bu","09:47:56",1457300
23.6,0.35,200,"bu","09:47:37",1457000
23.6,0.35,1500,"bu","09:47:32",1456800
23.55,0.3,4000,"sd","09:47:31",1455300
23.6,0.35,3900,"bu","09:47:20",1451300
23.6,0.35,5000,"bu","09:47:17",1447400
23.6,0.35,1400,"bu","09:47:16",1442400
23.6,0.35,500,"bu","09:47:08",1441000
23.6,0.35,6400,"bu","09:47:02",1440500
23.6,0.35,5000,"bu","09:46:56",1434100
23.6,0.35,1000,"bu","09:46:55",1429100
23.6,0.35,4000,"bu","09:46:53",1428100
23.6,0.35,300,"bu","09:46:50",1424100
23.6,0.35,3000,"bu","09:46:47",1423800
23.6,0.35,14700,"sd","09:46:45",1420800
23.65,0.4,500,"bu","09:46:44",1406100
23.6,0.35,3500,"sd","09:46:44",1405600
23.6,0.35,1000,"sd","09:46:38",1402100
23.6,0.35,800,"bu","09:46:37",1401100
23.6,0.35,4200,"sd","09:46:37",1400300
23.6,0.35,3500,"sd","09:46:34",1396100
23.6,0.35,400,"sd","09:46:34",1392600
23.65,0.4,7300,"bu","09:46:28",1392200
23.6,0.35,700,"bu","09:46:28",1384900
23.6,0.35,2800,"sd","09:46:26",1384200
23.65,0.4,1800,"bu","09:46:21",1381400
23.6,0.35,20000,"sd","09:46:20",1379600
23.65,0.4,600,"bu","09:46:08",1359600
23.6,0.35,50000,"sd","09:46:05",1359000
23.65,0.4,1500,"bu","09:46:03",1309000
23.65,0.4,100,"bu","09:45:58",1307500
23.6,0.35,1300,"sd","09:45:54",1307400
23.65,0.4,200,"bu","09:45:50",1306100
23.6,0.35,20000,"sd","09:45:47",1305900
23.6,0.35,5000,"sd","09:45:42",1285900
23.6,0.35,200,"sd","09:45:35",1280900
23.65,0.4,1000,"bu","09:45:32",1280700
23.6,0.35,6000,"bu","09:45:29",1279700
23.6,0.35,1400,"bu","09:45:28",1273700
23.6,0.35,500,"bu","09:45:16",1272300
23.6,0.35,7000,"sd","09:45:14",1271800
23.65,0.4,9000,"bu","09:45:14",1264800
23.6,0.35,20000,"sd","09:45:12",1255800
23.6,0.35,5000,"sd","09:45:09",1235800
23.6,0.35,5000,"sd","09:45:01",1230800
23.65,0.4,3500,"bu","09:44:53",1225800
23.65,0.4,2200,"bu","09:44:42",1222300
23.6,0.35,10000,"sd","09:44:39",1220100
23.65,0.4,200,"bu","09:44:36",1210100
23.6,0.35,5000,"sd","09:44:35",1209900
23.6,0.35,1000,"sd","09:44:31",1204900
23.6,0.35,400,"sd","09:44:30",1203900
23.6,0.35,200,"sd","09:44:28",1203500
23.6,0.35,2000,"sd","09:44:28",1203300
23.6,0.35,200,"sd","09:44:19",1201300
23.6,0.35,1200,"sd","09:44:06",1201100
23.6,0.35,500,"sd","09:44:03",1199900
23.6,0.35,500,"sd","09:43:56",1199400
23.6,0.35,500,"sd","09:43:54",1198900
23.65,0.4,12500,"bu","09:43:49",1198400
23.65,0.4,3900,"bu","09:43:47",1185900
23.65,0.4,10000,"bu","09:43:37",1182000
23.6,0.35,1000,"sd","09:43:34",1172000
23.65,0.4,400,"bu","09:43:31",1171000
23.65,0.4,200,"bu","09:43:30",1170600
23.65,0.4,1300,"bu","09:43:25",1170400
23.65,0.4,100,"bu","09:43:24",1169100
23.65,0.4,7900,"sd","09:43:19",1169000
23.7,0.45,7000,"bu","09:43:18",1161100
23.65,0.4,100,"sd","09:43:17",1154100
23.7,0.45,700,"bu","09:43:17",1154000
23.65,0.4,5000,"sd","09:43:15",1153300
23.65,0.4,1000,"sd","09:43:15",1148300
23.65,0.4,100,"sd","09:43:14",1147300
23.65,0.4,3000,"sd","09:43:12",1147200
23.65,0.4,500,"sd","09:43:11",1144200
23.65,0.4,5000,"sd","09:43:09",1143700
23.65,0.4,7000,"sd","09:43:05",1138700
23.65,0.4,100,"sd","09:43:03",1131700
23.7,0.45,900,"bu","09:42:57",1131600
23.7,0.45,1000,"bu","09:42:56",1130700
23.65,0.4,300,"sd","09:42:51",1129700
23.65,0.4,12100,"sd","09:42:46",1129400
23.7,0.45,500,"bu","09:42:44",1117300
23.7,0.45,200,"bu","09:42:43",1116800
23.7,0.45,1000,"bu","09:42:39",1116600
23.7,0.45,500,"bu","09:42:35",1115600
23.65,0.4,1000,"sd","09:42:34",1115100
23.7,0.45,1800,"bu","09:42:31",1114100
23.7,0.45,5000,"bu","09:42:30",1112300
23.7,0.45,1000,"bu","09:42:28",1107300
23.7,0.45,11000,"bu","09:42:27",1106300
23.7,0.45,200,"bu","09:42:26",1095300
23.65,0.4,1000,"sd","09:42:24",1095100
23.7,0.45,400,"bu","09:42:22",1094100
23.7,0.45,2000,"bu","09:42:20",1093700
23.7,0.45,20000,"bu","09:42:18",1091700
23.7,0.45,2100,"bu","09:42:16",1071700
23.7,0.45,2000,"bu","09:42:09",1069600
23.7,0.45,11000,"bu","09:42:08",1067600
23.7,0.45,200,"bu","09:42:05",1056600
23.7,0.45,5000,"bu","09:42:04",1056400
23.7,0.45,100,"bu","09:41:58",1051400
23.7,0.45,4500,"bu","09:41:56",1051300
23.7,0.45,10000,"bu","09:41:51",1046800
23.7,0.45,900,"bu","09:41:50",1036800
23.7,0.45,2200,"bu","09:41:46",1035900
23.7,0.45,200,"bu","09:41:42",1033700
23.7,0.45,600,"sd","09:41:38",1033500
23.7,0.45,1000,"sd","09:41:37",1032900
23.7,0.45,5000,"sd","09:41:35",1031900
23.7,0.45,20200,"sd","09:41:32",1026900
23.7,0.45,5100,"sd","09:41:29",1006700
23.7,0.45,600,"sd","09:41:27",1001600
23.7,0.45,1000,"sd","09:41:26",1001000
23.7,0.45,200,"bu","09:41:25",1000000
23.75,0.5,200,"bu","09:41:24",999800
23.7,0.45,800,"bu","09:41:24",999600
23.7,0.45,4400,"bu","09:41:24",998800
23.7,0.45,12500,"bu","09:41:21",994400
23.7,0.45,1000,"bu","09:41:16",981900
23.7,0.45,1500,"sd","09:41:15",980900
23.7,0.45,20000,"sd","09:41:13",979400
23.75,0.5,300,"bu","09:41:13",959400
23.75,0.5,900,"bu","09:41:12",959100
23.7,0.45,300,"sd","09:41:09",958200
23.7,0.45,1000,"sd","09:41:08",957900
23.75,0.5,100,"bu","09:41:06",956900
23.7,0.45,12200,"bu","09:41:06",951900
23.7,0.45,200,"bu","09:41:04",939700
23.7,0.45,49400,"bu","09:41:03",939500
23.7,0.45,500,"bu","09:41:02",890100
23.7,0.45,500,"bu","09:41:00",889600
23.7,0.45,100,"bu","09:40:59",889100
23.7,0.45,900,"bu","09:40:53",889000
23.7,0.45,500,"bu","09:40:51",888100
23.7,0.45,200,"bu","09:40:49",887600
23.65,0.4,9900,"bu","09:40:45",887400
23.65,0.4,2500,"bu","09:40:44",877500
23.65,0.4,6500,"bu","09:40:43",875000
23.65,0.4,100,"bu","09:40:42",868500
23.65,0.4,1200,"bu","09:40:41",868400
23.65,0.4,1000,"bu","09:40:40",867200
23.65,0.4,4200,"bu","09:40:38",866200
23.65,0.4,700,"bu","09:40:34",862000
23.65,0.4,2700,"bu","09:40:34",861300
23.65,0.4,1000,"bu","09:40:22",858600
23.65,0.4,600,"bu","09:40:19",857600
23.65,0.4,800,"bu","09:40:17",857000
23.6,0.35,500,"sd","09:40:16",856200
23.6,0.35,300,"sd","09:40:09",855700
23.6,0.35,200,"sd","09:40:08",855400
23.6,0.35,100,"sd","09:40:07",855200
23.6,0.35,5000,"sd","09:40:05",855100
23.6,0.35,200,"sd","09:40:01",850100
23.6,0.35,1000,"sd","09:39:58",849900
23.6,0.35,600,"sd","09:39:57",848900
23.6,0.35,1000,"sd","09:39:52",848300
23.6,0.35,7200,"bu","09:39:47",847300
23.6,0.35,9000,"bu","09:39:47",840100
23.6,0.35,2000,"bu","09:39:45",831100
23.6,0.35,5000,"bu","09:39:44",829100
23.6,0.35,1300,"bu","09:39:43",824100
23.6,0.35,2000,"bu","09:39:42",822800
23.55,0.3,2000,"sd","09:39:41",820800
23.6,0.35,20600,"bu","09:39:39",818800
23.6,0.35,8000,"bu","09:39:39",798200
23.55,0.3,200,"sd","09:39:39",790200
23.6,0.35,500,"bu","09:39:38",790000
23.6,0.35,200,"bu","09:39:37",789500
23.6,0.35,300,"bu","09:39:35",789300
23.6,0.35,300,"bu","09:39:32",789000
23.6,0.35,100,"bu","09:39:28",788700
23.6,0.35,1600,"bu","09:39:27",788600
23.6,0.35,100,"bu","09:39:25",787000
23.55,0.3,100,"sd","09:39:20",786900
23.6,0.35,5000,"bu","09:39:17",786800
23.55,0.3,1000,"sd","09:39:15",781800
23.55,0.3,10000,"sd","09:39:13",780800
23.55,0.3,100,"sd","09:39:12",770800
23.55,0.3,200,"sd","09:39:09",770700
23.55,0.3,100,"sd","09:39:08",770500
23.55,0.3,200,"sd","09:39:07",770400
23.55,0.3,2400,"bu","09:39:05",770200
23.55,0.3,100,"bu","09:39:04",767800
23.55,0.3,3600,"bu","09:39:03",767700
23.55,0.3,500,"bu","09:39:02",764100
23.55,0.3,2000,"bu","09:39:01",763600
23.55,0.3,5000,"bu","09:39:01",761600
23.55,0.3,500,"bu","09:38:58",756600
23.55,0.3,13000,"bu","09:38:56",756100
23.55,0.3,500,"bu","09:38:51",743100
23.55,0.3,300,"bu","09:38:49",742600
23.55,0.3,3000,"bu","09:38:48",742300
23.55,0.3,100,"bu","09:38:47",739300
23.55,0.3,15000,"bu","09:38:44",739200
23.55,0.3,7000,"bu","09:38:43",724200
23.5,0.25,1000,"sd","09:38:43",717200
23.55,0.3,500,"bu","09:38:36",716200
23.5,0.25,100,"sd","09:38:31",715700
23.55,0.3,600,"bu","09:38:29",715600
23.5,0.25,3000,"sd","09:38:24",715000
23.55,0.3,500,"bu","09:38:23",712000
23.55,0.3,2000,"bu","09:38:19",711500
23.55,0.3,200,"bu","09:38:12",709500
23.55,0.3,10000,"bu","09:38:08",709300
23.55,0.3,100,"bu","09:38:02",699300
23.55,0.3,1100,"bu","09:38:01",699200
23.5,0.25,300,"sd","09:37:56",698100
23.55,0.3,100,"bu","09:37:26",697800
23.5,0.25,1500,"sd","09:36:59",697700
23.55,0.3,6000,"bu","09:36:54",696200
23.5,0.25,100,"sd","09:36:51",690200
23.5,0.25,100,"sd","09:36:49",690100
23.5,0.25,100,"sd","09:36:47",690000
23.5,0.25,41200,"bu","09:36:44",689900
23.45,0.2,100,"sd","09:36:35",648700
23.45,0.2,5000,"sd","09:36:31",648600
23.45,0.2,500,"sd","09:36:23",643600
23.45,0.2,400,"sd","09:36:05",643100
23.45,0.2,200,"sd","09:36:00",642700
23.5,0.25,3000,"bu","09:35:55",642500
23.45,0.2,500,"sd","09:35:36",639500
23.45,0.2,2400,"bu","09:35:25",639000
23.45,0.2,14500,"bu","09:35:24",636600
23.45,0.2,100,"bu","09:35:22",622100
23.45,0.2,2200,"bu","09:35:21",622000
23.45,0.2,10000,"bu","09:35:19",619800
23.45,0.2,3000,"bu","09:35:17",609800
23.45,0.2,10000,"bu","09:35:13",606800
23.45,0.2,1000,"bu","09:35:09",596800
23.45,0.2,4800,"sd","09:35:01",595800
23.45,0.2,5200,"bu","09:34:52",591000
23.45,0.2,1300,"bu","09:34:50",585800
23.45,0.2,3000,"sd","09:34:39",584500
23.45,0.2,3000,"sd","09:34:37",580700
23.45,0.2,600,"sd","09:34:32",577700
23.45,0.2,1000,"sd","09:34:30",577100
23.45,0.2,20000,"sd","09:34:28",576100
23.45,0.2,800,"sd","09:34:26",556100
23.45,0.2,100,"sd","09:34:21",555300
23.45,0.2,1000,"sd","09:34:11",555200
23.45,0.2,1000,"sd","09:34:09",554200
23.45,0.2,4500,"bu","09:33:56",553200
23.45,0.2,900,"bu","09:33:51",548700
23.45,0.2,11800,"bu","09:33:39",547800
23.45,0.2,2000,"bu","09:33:33",536000
23.45,0.2,600,"bu","09:33:31",534000
23.45,0.2,1000,"bu","09:33:23",533400
23.45,0.2,800,"bu","09:33:17",532400
23.4,0.15,1000,"sd","09:33:16",531600
23.45,0.2,1000,"bu","09:33:10",529600
23.45,0.2,5000,"bu","09:33:07",528600
23.45,0.2,200,"bu","09:33:03",523600
23.45,0.2,600,"bu","09:33:00",523400
23.45,0.2,4000,"bu","09:32:54",522800
23.45,0.2,5300,"sd","09:32:53",518800
23.45,0.2,200,"sd","09:32:51",513500
23.45,0.2,5500,"bu","09:32:49",513300
23.45,0.2,500,"bu","09:32:46",507800
23.45,0.2,200,"bu","09:32:42",507300
23.45,0.2,1000,"bu","09:32:37",507100
23.45,0.2,100,"bu","09:32:25",506100
23.45,0.2,300,"bu","09:32:24",506000
23.45,0.2,100,"bu","09:32:14",505700
23.45,0.2,300,"bu","09:32:11",505600
23.45,0.2,1000,"bu","09:32:06",505300
23.4,0.15,300,"sd","09:31:54",504300
23.45,0.2,100,"bu","09:31:53",504000
23.45,0.2,10700,"bu","09:31:49",503900
23.45,0.2,200,"bu","09:31:45",493200
23.45,0.2,300,"bu","09:31:38",493000
23.45,0.2,8300,"bu","09:31:34",492700
23.45,0.2,10000,"bu","09:31:27",484400
23.45,0.2,500,"bu","09:31:25",474400
23.45,0.2,1000,"bu","09:31:23",473900
23.45,0.2,2000,"bu","09:31:22",472900
23.45,0.2,500,"bu","09:31:15",470900
23.45,0.2,100,"bu","09:31:11",470400
23.45,0.2,100,"bu","09:31:07",470300
23.4,0.15,500,"sd","09:30:49",470200
23.45,0.2,1900,"bu","09:30:48",469700
23.45,0.2,200,"bu","09:30:36",467800
23.45,0.2,200,"bu","09:30:34",467600
23.4,0.15,1100,"bu","09:30:28",467400
23.4,0.15,200,"bu","09:30:26",466300
23.4,0.15,4000,"bu","09:30:24",466100
23.4,0.15,1000,"bu","09:30:19",462100
23.4,0.15,800,"bu","09:30:15",461100
23.4,0.15,1000,"bu","09:30:13",460300
23.4,0.15,500,"bu","09:30:06",459300
23.4,0.15,200,"bu","09:30:03",458800
23.4,0.15,100,"bu","09:29:55",458600
23.4,0.15,5000,"bu","09:29:53",458500
23.4,0.15,100,"bu","09:29:51",453500
23.4,0.15,200,"bu","09:29:42",453400
23.4,0.15,100,"bu","09:29:28",453200
23.4,0.15,1100,"bu","09:29:23",453100
23.4,0.15,100,"bu","09:29:15",452000
23.4,0.15,500,"bu","09:29:14",451900
23.4,0.15,100,"bu","09:28:57",451400
23.4,0.15,200,"bu","09:28:53",451300
23.4,0.15,500,"bu","09:28:43",451100
23.4,0.15,100,"bu","09:28:39",450600
23.4,0.15,200,"bu","09:28:36",450500
23.35,0.1,1000,"sd","09:28:35",450300
23.35,0.1,200,"sd","09:28:25",449300
23.35,0.1,100,"bu","09:28:21",449100
23.35,0.1,800,"bu","09:28:19",449000
23.35,0.1,100,"sd","09:28:17",448200
23.4,0.15,200,"bu","09:28:16",448100
23.4,0.15,5900,"bu","09:28:10",447900
23.35,0.1,100,"bu","09:28:10",442000
23.35,0.1,500,"bu","09:28:09",441900
23.35,0.1,100,"bu","09:27:57",441400
23.35,0.1,300,"sd","09:27:49",441300
23.4,0.15,300,"bu","09:27:44",441000
23.4,0.15,100,"bu","09:27:39",440700
23.4,0.15,200,"bu","09:27:27",440600
23.4,0.15,300,"bu","09:27:27",440400
23.3,0.05,2300,"bu","09:27:16",440100
23.3,0.05,200,"bu","09:27:12",437800
23.3,0.05,1000,"bu","09:27:10",437600
23.3,0.05,4900,"bu","09:27:03",436600
23.3,0.05,100,"bu","09:27:02",431700
23.3,0.05,100,"bu","09:26:57",431600
23.3,0.05,600,"bu","09:26:54",431500
23.3,0.05,2000,"bu","09:26:53",430900
23.3,0.05,73300,"sd","09:26:51",428900
23.3,0.05,7500,"sd","09:26:50",355600
23.35,0.1,8000,"sd","09:26:50",348100
23.4,0.15,100,"bu","09:26:47",340100
23.4,0.15,500,"bu","09:26:42",340000
23.4,0.15,500,"bu","09:26:41",339500
23.4,0.15,100,"bu","09:26:37",339000
23.4,0.15,13900,"bu","09:26:35",338900
23.4,0.15,600,"bu","09:26:34",325000
23.35,0.1,3000,"sd","09:26:23",324400
23.4,0.15,100,"bu","09:26:23",321400
23.4,0.15,100,"bu","09:26:21",321300
23.4,0.15,100,"bu","09:26:20",321200
23.4,0.15,700,"bu","09:26:18",321100
23.4,0.15,100,"bu","09:26:17",320400
23.4,0.15,3000,"bu","09:26:07",320300
23.4,0.15,100,"bu","09:26:03",317300
23.4,0.15,100,"bu","09:26:02",317200
23.4,0.15,100,"bu","09:25:57",317100
23.4,0.15,100,"bu","09:25:56",317000
23.4,0.15,2000,"bu","09:25:49",316900
23.4,0.15,100,"bu","09:25:49",314900
23.4,0.15,100,"bu","09:25:47",314800
23.4,0.15,100,"bu","09:25:46",314700
23.4,0.15,400,"bu","09:25:46",314600
23.4,0.15,200,"bu","09:25:44",314200
23.4,0.15,200,"bu","09:25:42",314000
23.35,0.1,5000,"sd","09:25:42",313800
23.4,0.15,100,"bu","09:25:42",308800
23.4,0.15,400,"bu","09:25:40",308700
23.4,0.15,200,"bu","09:25:39",308300
23.35,0.1,300,"sd","09:25:38",308100
23.4,0.15,100,"bu","09:25:32",307800
23.35,0.1,5000,"sd","09:25:25",307700
23.35,0.1,4000,"sd","09:25:16",302700
23.4,0.15,3200,"bu","09:25:07",298700
23.35,0.1,300,"sd","09:24:58",295500
23.35,0.1,200,"sd","09:23:59",295200
23.35,0.1,5000,"sd","09:23:51",295000
23.35,0.1,100,"sd","09:23:44",290000
23.35,0.1,4000,"sd","09:23:18",289900
23.35,0.1,100,"sd","09:22:43",285900
23.35,0.1,800,"sd","09:22:38",285800
23.35,0.1,300,"sd","09:22:27",285000
23.35,0.1,300,"sd","09:22:23",284700
23.4,0.15,1000,"bu","09:22:21",284400
23.4,0.15,100,"bu","09:22:02",283400
23.4,0.15,1800,"sd","09:21:54",283300
23.4,0.15,40000,"sd","09:21:49",281500
23.45,0.2,3000,"bu","09:21:47",241500
23.4,0.15,500,"sd","09:21:46",238500
23.45,0.2,1000,"bu","09:21:42",238000
23.45,0.2,16800,"sd","09:21:32",237000
23.45,0.2,500,"sd","09:21:31",220200
23.5,0.25,500,"bu","09:20:56",219700
23.5,0.25,22400,"sd","09:20:51",219200
23.55,0.3,6200,"bu","09:20:46",196800
23.55,0.3,100,"bu","09:20:33",190600
23.55,0.3,5000,"bu","09:20:24",190500
23.5,0.25,1100,"sd","09:20:01",185500
23.55,0.3,3400,"sd","09:19:58",184400
23.55,0.3,14200,"bu","09:19:56",181000
23.55,0.3,400,"bu","09:19:56",166800
23.55,0.3,1500,"bu","09:19:44",166400
23.55,0.3,2000,"bu","09:19:31",164900
23.5,0.25,100,"sd","09:19:30",162900
23.5,0.25,16300,"bu","09:19:19",162800
23.5,0.25,2800,"bu","09:19:18",146500
23.45,0.2,100,"sd","09:19:17",143700
23.5,0.25,400,"bu","09:19:16",143600
23.5,0.25,20000,"bu","09:19:15",143200
23.5,0.25,5000,"bu","09:19:11",123200
23.5,0.25,10000,"bu","09:19:10",118200
23.5,0.25,200,"bu","09:19:06",108200
23.5,0.25,10000,"bu","09:19:02",108000
23.45,0.2,100,"sd","09:18:58",98000
23.45,0.2,2200,"sd","09:18:49",97900
23.45,0.2,100,"sd","09:18:41",95700
23.5,0.25,900,"bu","09:18:40",95600
23.45,0.2,100,"sd","09:18:33",94700
23.45,0.2,100,"sd","09:18:32",94600
23.45,0.2,2000,"sd","09:18:25",94500
23.45,0.2,18600,"bu","09:18:17",92500
23.45,0.2,19600,"bu","09:18:16",73900
23.4,0.15,300,"sd","09:18:12",54300
23.4,0.15,3000,"sd","09:18:11",54000
23.4,0.15,200,"sd","09:18:01",51000
23.4,0.15,1000,"sd","09:17:59",50800
23.4,0.15,500,"sd","09:17:29",49800
23.45,0.2,7000,"bu","09:16:56",49300
23.4,0.15,1000,"sd","09:16:56",42300
23.4,0.15,100,"sd","09:16:55",41300
23.4,0.15,500,"sd","09:16:41",41200
23.4,0.15,100,"bu","09:16:36",40700
23.4,0.15,100,"bu","09:16:32",40600
23.4,0.15,300,"bu","09:16:31",40500
23.4,0.15,3000,"bu","09:16:29",40200
23.4,0.15,1000,"bu","09:16:14",37200
23.4,0.15,700,"sd","09:16:06",36200
23.4,0.15,500,"sd","09:15:46",35500
23.45,0.2,100,"bu","09:15:38",35000
23.4,0.15,1000,"sd","09:15:33",34900
23.45,0.2,100,"bu","09:15:32",33900
23.45,0.2,33800,"","09:15:04",33800
