"price","change","match_qtty","side","time","total_vol"
16.55,0.05,17400,"","14:45:03",655500
16.55,0.05,1000,"bu","14:29:51",638100
16.55,0.05,1500,"bu","14:29:34",637100
16.55,0.05,100,"bu","14:29:30",635600
16.55,0.05,100,"bu","14:29:12",635500
16.55,0.05,1000,"sd","14:29:11",635400
16.6,0.1,5000,"bu","14:29:01",634400
16.55,0.05,1000,"sd","14:28:59",629400
16.55,0.05,400,"sd","14:28:20",628400
16.55,0.05,3000,"sd","14:28:13",628000
16.5,0,1300,"bu","14:27:15",625000
16.5,0,3000,"bu","14:27:13",623700
16.5,0,4000,"bu","14:27:11",620700
16.5,0,10000,"bu","14:27:10",616700
16.5,0,10000,"bu","14:26:45",606700
16.45,-0.05,9000,"sd","14:22:54",596700
16.45,-0.05,1000,"sd","14:22:31",587700
16.45,-0.05,100,"sd","14:22:22",586700
16.45,-0.05,100,"sd","14:21:44",586600
16.5,0,500,"bu","14:20:50",586500
16.5,0,1000,"bu","14:20:31",586000
16.5,0,500,"bu","14:20:20",585000
16.5,0,7100,"sd","14:20:07",584500
16.5,0,9700,"sd","14:19:44",577400
16.55,0.05,300,"sd","14:19:44",567700
16.55,0.05,1000,"sd","14:19:20",567400
16.55,0.05,500,"sd","14:19:13",566400
16.55,0.05,2400,"sd","14:19:12",565900
16.55,0.05,300,"sd","14:18:45",563500
16.55,0.05,1500,"sd","14:18:33",563200
16.55,0.05,500,"sd","14:18:25",561700
16.55,0.05,2000,"sd","14:17:27",561200
16.55,0.05,500,"bu","14:15:25",559200
16.55,0.05,500,"sd","14:15:17",558700
16.55,0.05,1000,"sd","14:14:27",558200
16.55,0.05,1000,"sd","14:13:54",557200
16.55,0.05,200,"sd","14:13:38",556200
16.55,0.05,2300,"bu","14:13:25",556000
16.55,0.05,500,"bu","14:13:19",553700
16.5,0,1000,"sd","14:11:12",553200
16.5,0,200,"sd","14:09:45",552200
16.5,0,5800,"sd","14:09:20",552000
16.5,0,3000,"sd","14:08:19",546200
16.5,0,1000,"sd","14:07:53",543200
16.55,0.05,1300,"sd","14:07:32",542200
16.55,0.05,1300,"sd","14:07:22",540900
16.55,0.05,30000,"sd","14:07:17",539600
16.55,0.05,9000,"sd","14:07:16",509600
16.55,0.05,10700,"sd","14:07:12",500600
16.55,0.05,500,"sd","14:06:37",489900
16.55,0.05,2000,"sd","14:06:32",489400
16.55,0.05,200,"sd","14:06:05",487400
16.55,0.05,100,"sd","14:06:03",487200
16.55,0.05,100,"sd","14:06:01",487100
16.55,0.05,1500,"sd","14:05:51",487000
16.55,0.05,1300,"sd","14:05:33",485500
16.55,0.05,100,"sd","14:05:19",484200
16.55,0.05,500,"sd","14:04:35",484100
16.55,0.05,800,"sd","14:04:29",483600
16.55,0.05,5000,"sd","14:03:23",482800
16.55,0.05,500,"sd","14:02:37",477800
16.55,0.05,3000,"sd","14:02:22",477300
16.55,0.05,2000,"sd","14:02:20",474300
16.55,0.05,500,"sd","14:01:23",472300
16.55,0.05,100,"sd","14:00:50",471800
16.6,0.1,500,"sd","14:00:30",471700
16.6,0.1,200,"sd","14:00:25",471200
16.6,0.1,200,"sd","14:00:18",471000
16.6,0.1,200,"bu","13:59:57",470800
16.6,0.1,1100,"sd","13:59:50",470600
16.6,0.1,200,"sd","13:59:48",469500
16.6,0.1,2000,"sd","13:59:39",469300
16.6,0.1,2000,"sd","13:59:26",467300
16.6,0.1,200,"sd","13:58:54",465300
16.6,0.1,1000,"sd","13:58:24",465100
16.6,0.1,100,"sd","13:57:29",464100
16.6,0.1,4000,"bu","13:56:21",464000
16.6,0.1,400,"bu","13:56:20",460000
16.6,0.1,200,"sd","13:56:02",459600
16.6,0.1,200,"sd","13:55:47",459400
16.6,0.1,500,"sd","13:55:34",459200
16.6,0.1,500,"sd","13:55:04",458700
16.6,0.1,22500,"bu","13:54:50",458200
16.55,0.05,100,"sd","13:54:37",435700
16.55,0.05,33700,"bu","13:54:19",435600
16.5,0,200,"sd","13:51:32",401900
16.5,0,100,"sd","13:51:27",401700
16.5,0,500,"sd","13:51:01",401600
16.5,0,100,"sd","13:50:58",401100
16.55,0.05,200,"bu","13:49:35",401000
16.5,0,500,"sd","13:48:23",400800
16.5,0,4300,"sd","13:48:14",400300
16.5,0,700,"bu","13:47:51",396000
16.5,0,900,"bu","13:47:50",395300
16.5,0,200,"bu","13:47:42",394400
16.5,0,5000,"bu","13:46:21",394200
16.5,0,5000,"sd","13:45:33",389200
16.5,0,1600,"sd","13:45:28",384200
16.5,0,3900,"sd","13:44:46",382600
16.5,0,1300,"sd","13:44:45",378700
16.55,0.05,200,"bu","13:42:28",377400
16.55,0.05,300,"bu","13:42:16",377200
16.55,0.05,2900,"sd","13:42:01",376900
16.55,0.05,200,"sd","13:41:52",374000
16.55,0.05,900,"sd","13:41:37",373800
16.55,0.05,5600,"sd","13:40:30",372900
16.55,0.05,2000,"sd","13:39:39",367300
16.55,0.05,400,"sd","13:39:04",365300
16.55,0.05,2000,"sd","13:38:58",364900
16.55,0.05,10000,"sd","13:38:13",362900
16.55,0.05,4700,"sd","13:37:39",352900
16.55,0.05,5300,"sd","13:37:38",348200
16.55,0.05,2000,"sd","13:35:22",342900
16.55,0.05,800,"sd","13:35:16",340900
16.55,0.05,1000,"sd","13:34:45",340100
16.55,0.05,3200,"sd","13:34:15",339100
16.55,0.05,100,"sd","13:34:12",335900
16.55,0.05,1000,"sd","13:34:08",335800
16.55,0.05,600,"sd","13:33:36",334800
16.55,0.05,2700,"sd","13:31:19",334200
16.55,0.05,2300,"sd","13:31:19",331500
16.55,0.05,400,"sd","13:29:49",329200
16.55,0.05,2400,"sd","13:29:24",328800
16.55,0.05,10000,"sd","13:29:23",326400
16.55,0.05,500,"sd","13:29:16",316400
16.55,0.05,500,"sd","13:28:34",315900
16.55,0.05,1000,"sd","13:26:24",315400
16.6,0.1,400,"bu","13:26:11",314400
16.55,0.05,500,"sd","13:26:11",314000
16.55,0.05,200,"sd","13:25:19",313500
16.55,0.05,100,"bu","13:24:14",313300
16.55,0.05,500,"bu","13:24:05",313200
16.55,0.05,700,"bu","13:23:55",312700
16.55,0.05,2000,"bu","13:23:53",312000
16.55,0.05,5000,"bu","13:23:44",310000
16.55,0.05,100,"bu","13:22:50",305000
16.55,0.05,1000,"bu","13:22:20",304900
16.55,0.05,500,"bu","13:21:55",303900
16.5,0,800,"bu","13:18:18",303400
16.45,-0.05,300,"sd","13:18:11",302600
16.5,0,3000,"bu","13:18:06",302300
16.5,0,1000,"bu","13:17:50",299300
16.5,0,3000,"bu","13:17:32",298300
16.5,0,200,"bu","13:16:26",295300
16.45,-0.05,10000,"sd","13:14:08",295100
16.5,0,2500,"sd","13:13:54",285100
16.5,0,500,"bu","13:13:53",282600
16.5,0,500,"sd","13:13:29",282100
16.5,0,400,"sd","13:13:25",281600
16.5,0,1000,"sd","13:12:58",281200
16.5,0,100,"bu","13:12:08",280200
16.5,0,2500,"bu","13:11:52",280100
16.5,0,1500,"bu","13:11:42",277600
16.5,0,5900,"sd","13:10:24",276100
16.5,0,100,"sd","13:08:59",270200
16.5,0,2000,"sd","13:07:54",270100
16.5,0,6400,"bu","13:06:14",268100
16.5,0,3200,"bu","13:06:02",261700
16.5,0,1000,"bu","13:05:38",258500
16.5,0,100,"bu","13:05:01",257500
16.5,0,5100,"bu","13:04:46",257400
16.5,0,100,"bu","13:04:35",252300
16.5,0,1000,"bu","13:04:10",252200
16.5,0,1100,"sd","13:00:24",251200
16.5,0,100,"sd","13:00:17",250100
16.5,0,500,"bu","11:25:38",250000
16.5,0,500,"bu","11:25:19",249500
16.5,0,200,"bu","11:23:41",249000
16.5,0,100,"bu","11:20:59",248800
16.5,0,3000,"bu","11:18:18",248700
16.5,0,200,"bu","11:16:10",245700
16.5,0,200,"bu","11:15:41",245500
16.5,0,1200,"bu","11:14:18",245300
16.5,0,100,"bu","11:10:38",244100
16.5,0,2000,"bu","11:10:35",244000
16.5,0,100,"bu","11:10:21",242000
16.5,0,100,"bu","11:10:03",241900
16.5,0,500,"bu","11:09:20",241800
16.5,0,1000,"bu","11:08:49",241300
16.5,0,300,"sd","11:08:35",240300
16.5,0,1100,"bu","11:08:10",240000
16.5,0,100,"bu","11:07:39",238900
16.45,-0.05,5000,"sd","11:07:08",238800
16.5,0,1700,"bu","11:06:59",233800
16.5,0,5000,"bu","11:06:15",232100
16.5,0,100,"bu","11:05:49",227100
16.5,0,300,"bu","11:04:53",227000
16.5,0,200,"bu","11:03:28",226700
16.5,0,200,"sd","11:02:16",226500
16.5,0,300,"bu","11:00:49",226300
16.5,0,100,"bu","11:00:23",226000
16.5,0,100,"bu","10:59:54",225900
16.45,-0.05,200,"sd","10:56:15",225800
16.45,-0.05,1700,"sd","10:53:19",225600
16.5,0,500,"sd","10:53:10",223600
16.5,0,200,"sd","10:52:32",223100
16.5,0,200,"sd","10:50:14",222900
16.45,-0.05,3900,"sd","10:49:17",222700
16.5,0,28800,"sd","10:49:17",218800
16.55,0.05,2000,"bu","10:47:05",190000
16.55,0.05,1400,"sd","10:44:07",188000
16.55,0.05,200,"bu","10:43:25",186600
16.5,0,500,"sd","10:42:12",186400
16.55,0.05,700,"sd","10:40:31",185900
16.55,0.05,500,"sd","10:38:49",185200
16.55,0.05,200,"sd","10:38:02",184700
16.55,0.05,100,"sd","10:36:51",184500
16.55,0.05,600,"bu","10:35:54",184400
16.55,0.05,300,"bu","10:35:51",183800
16.55,0.05,300,"bu","10:35:22",183500
16.55,0.05,900,"sd","10:34:42",183200
16.55,0.05,4000,"bu","10:34:29",182300
16.55,0.05,4000,"sd","10:32:51",178300
16.55,0.05,200,"sd","10:31:48",174300
16.55,0.05,3400,"sd","10:30:33",174100
16.55,0.05,1100,"bu","10:29:05",170700
16.55,0.05,100,"bu","10:28:17",169600
16.55,0.05,200,"bu","10:28:02",169500
16.55,0.05,500,"bu","10:26:32",169300
16.55,0.05,100,"bu","10:21:34",168800
16.55,0.05,400,"sd","10:20:39",168700
16.55,0.05,500,"sd","10:20:25",168300
16.55,0.05,3000,"sd","10:20:08",167800
16.55,0.05,6400,"sd","10:19:14",164800
16.55,0.05,2000,"bu","10:16:08",158400
16.55,0.05,8000,"bu","10:15:35",156400
16.55,0.05,100,"bu","10:14:35",148400
16.55,0.05,200,"bu","10:14:31",148300
16.55,0.05,200,"bu","10:11:26",148100
16.55,0.05,200,"bu","10:11:18",147900
16.55,0.05,4000,"bu","10:10:51",147700
16.55,0.05,200,"bu","10:09:24",143700
16.55,0.05,200,"bu","10:05:41",143500
16.55,0.05,500,"bu","10:05:39",143300
16.55,0.05,300,"bu","10:02:47",142800
16.55,0.05,100,"bu","10:00:30",142500
16.5,0,500,"sd","09:57:50",142400
16.5,0,3500,"sd","09:57:34",141900
16.55,0.05,1000,"sd","09:57:34",138400
16.55,0.05,25100,"sd","09:56:55",137400
16.55,0.05,100,"sd","09:55:49",112300
16.6,0.1,100,"bu","09:55:43",112200
16.6,0.1,200,"bu","09:54:55",112100
16.6,0.1,100,"sd","09:54:03",111900
16.6,0.1,2500,"sd","09:53:46",111800
16.6,0.1,2000,"sd","09:53:22",109300
16.6,0.1,400,"sd","09:53:09",107300
16.6,0.1,100,"sd","09:52:40",106900
16.6,0.1,5500,"bu","09:52:30",106800
16.6,0.1,200,"bu","09:49:10",101300
16.6,0.1,900,"bu","09:49:10",101100
16.6,0.1,1400,"sd","09:48:11",100200
16.6,0.1,2000,"sd","09:48:01",98800
16.6,0.1,500,"sd","09:47:50",96800
16.6,0.1,1000,"sd","09:47:34",96300
16.6,0.1,2800,"bu","09:46:20",95300
16.6,0.1,100,"bu","09:46:17",92500
16.6,0.1,500,"bu","09:45:13",92400
16.6,0.1,1000,"bu","09:45:11",91900
16.6,0.1,1600,"sd","09:44:47",90900
16.6,0.1,2000,"sd","09:44:32",89300
16.6,0.1,1000,"sd","09:44:16",87300
16.6,0.1,5400,"bu","09:44:11",86300
16.6,0.1,200,"bu","09:42:41",80900
16.6,0.1,4400,"sd","09:41:43",80700
16.6,0.1,3300,"bu","09:41:34",76300
16.6,0.1,1000,"bu","09:41:28",73000
16.6,0.1,1200,"sd","09:38:11",72000
16.6,0.1,2200,"sd","09:36:55",70800
16.6,0.1,7200,"bu","09:36:52",68600
16.6,0.1,100,"bu","09:32:18",61400
16.6,0.1,1800,"sd","09:32:18",61300
16.6,0.1,5000,"sd","09:32:15",59500
16.65,0.15,200,"bu","09:31:29",54500
16.6,0.1,1000,"sd","09:31:22",54300
16.6,0.1,2000,"sd","09:31:18",53300
16.6,0.1,5000,"sd","09:30:58",51300
16.65,0.15,200,"bu","09:29:50",46300
16.6,0.1,1000,"sd","09:29:33",46100
16.6,0.1,1000,"sd","09:29:27",45100
16.6,0.1,100,"sd","09:28:49",44100
16.6,0.1,100,"bu","09:27:45",44000
16.6,0.1,3000,"bu","09:25:07",43900
16.6,0.1,3700,"sd","09:24:41",40900
16.6,0.1,100,"sd","09:24:36",37200
16.6,0.1,500,"sd","09:23:50",37100
16.6,0.1,100,"sd","09:23:40",36600
16.6,0.1,200,"sd","09:23:17",36500
16.7,0.2,200,"bu","09:19:13",36300
16.7,0.2,100,"bu","09:18:54",36100
16.7,0.2,500,"bu","09:18:42",36000
16.7,0.2,2000,"bu","09:18:32",35500
16.7,0.2,600,"bu","09:18:02",33500
16.7,0.2,32900,"","09:15:04",32900
