"symbol","time","price","change","vol","total","side"
"EIB","14:45:00",18.25,-0.05,1510000,7699300,
"EIB","14:29:58",18.35,0.05,3700,6189300,"B"
"EIB","14:29:55",18.35,0.05,8000,6185600,"B"
"EIB","14:29:44",18.35,0.05,15000,6177600,"B"
"EIB","14:29:35",18.35,0.05,400,6162600,"B"
"EIB","14:29:34",18.35,0.05,800,6162200,"B"
"EIB","14:29:33",18.35,0.05,3400,6161400,"B"
"EIB","14:29:31",18.4,0.1,2000,6158000,"S"
"EIB","14:29:28",18.35,0.05,500000,6156000,"B"
"EIB","14:29:08",18.35,0.05,6000,5656000,"B"
"EIB","14:29:00",18.35,0.05,100,5650000,"B"
"EIB","14:28:58",18.35,0.05,1500,5649900,"B"
"EIB","14:28:37",18.4,0.1,400,5648400,"S"
"EIB","14:28:24",18.4,0.1,100,5648000,"S"
"EIB","14:28:22",18.35,0.05,1400,5647900,"B"
"EIB","14:27:47",18.4,0.1,600,5646500,"S"
"EIB","14:27:45",18.35,0.05,1500,5645900,"B"
"EIB","14:27:42",18.4,0.1,500,5644400,"S"
"EIB","14:27:24",18.4,0.1,7000,5643900,"S"
"EIB","14:27:21",18.4,0.1,200,5636900,"S"
"EIB","14:27:09",18.35,0.05,1400,5636700,"B"
"EIB","14:27:06",18.4,0.1,30000,5635300,"S"
"EIB","14:26:53",18.4,0.1,100,5605300,"S"
"EIB","14:26:32",18.35,0.05,1300,5605200,"B"
"EIB","14:26:13",18.4,0.1,100,5603900,"S"
"EIB","14:26:07",18.4,0.1,27700,5603800,"B"
"EIB","14:26:06",18.4,0.1,1300,5576100,"B"
"EIB","14:26:01",18.4,0.1,2000,5574800,"B"
"EIB","14:26:00",18.4,0.1,1200,5572800,"B"
"EIB","14:25:58",18.4,0.1,6600,5571600,"B"
"EIB","14:25:51",18.4,0.1,100,5565000,"B"
"EIB","14:25:43",18.4,0.1,30000,5564900,"B"
"EIB","14:25:28",18.4,0.1,1300,5534900,"B"
"EIB","14:25:26",18.4,0.1,20000,5533600,"B"
"EIB","14:25:23",18.4,0.1,40000,5513600,"B"
"EIB","14:25:12",18.4,0.1,4000,5473600,"B"
"EIB","14:25:03",18.4,0.1,2000,5469600,"B"
"EIB","14:24:56",18.4,0.1,1400,5467600,"B"
"EIB","14:24:53",18.4,0.1,100,5466200,"B"
"EIB","14:24:52",18.45,0.15,500,5466100,"S"
"EIB","14:24:44",18.4,0.1,1700,5465600,"B"
"EIB","14:24:35",18.4,0.1,50000,5463900,"B"
"EIB","14:24:31",18.4,0.1,200,5413900,"B"
"EIB","14:24:23",18.4,0.1,1000,5413700,"B"
"EIB","14:24:21",18.4,0.1,1300,5412700,"B"
"EIB","14:23:51",18.4,0.1,400,5411400,"B"
"EIB","14:23:50",18.4,0.1,1300,5411000,"B"
"EIB","14:23:47",18.4,0.1,6600,5409700,"B"
"EIB","14:23:43",18.45,0.15,2500,5403100,"S"
"EIB","14:23:39",18.4,0.1,22000,5400600,"B"
"EIB","14:23:17",18.4,0.1,2300,5378600,"B"
"EIB","14:23:16",18.4,0.1,1400,5376300,"B"
"EIB","14:23:08",18.4,0.1,1300,5374900,"B"
"EIB","14:22:40",18.4,0.1,1400,5373600,"B"
"EIB","14:22:37",18.45,0.15,100,5372200,"S"
"EIB","14:22:30",18.45,0.15,100,5372100,"S"
"EIB","14:22:29",18.4,0.1,1000,5372000,"B"
"EIB","14:22:25",18.4,0.1,200,5371000,"B"
"EIB","14:22:05",18.4,0.1,1300,5370800,"B"
"EIB","14:21:34",18.4,0.1,1200,5369500,"B"
"EIB","14:21:20",18.4,0.1,100,5368300,"B"
"EIB","14:21:15",18.4,0.1,100,5368200,"B"
"EIB","14:21:05",18.4,0.1,1300,5368100,"B"
"EIB","14:21:02",18.4,0.1,1400,5366800,"B"
"EIB","14:20:38",18.4,0.1,22400,5365400,"B"
"EIB","14:20:28",18.4,0.1,1500,5343000,"B"
"EIB","14:20:09",18.4,0.1,1000,5341500,"B"
"EIB","14:19:54",18.4,0.1,1300,5340500,"B"
"EIB","14:19:23",18.4,0.1,1300,5339200,"B"
"EIB","14:19:21",18.45,0.15,5000,5337900,"S"
"EIB","14:19:07",18.45,0.15,700,5332900,"S"
"EIB","14:18:49",18.4,0.1,1300,5332200,"B"
"EIB","14:18:47",18.4,0.1,1000,5330900,"B"
"EIB","14:18:43",18.4,0.1,200,5329900,"B"
"EIB","14:18:23",18.4,0.1,200,5329700,"B"
"EIB","14:18:21",18.4,0.1,1000,5329500,"B"
"EIB","14:18:16",18.4,0.1,1300,5328500,"B"
"EIB","14:18:12",18.45,0.15,100,5327200,"S"
"EIB","14:17:57",18.45,0.15,100,5327100,"S"
"EIB","14:17:45",18.4,0.1,1200,5327000,"B"
"EIB","14:17:25",18.4,0.1,200,5325800,"B"
"EIB","14:17:24",18.45,0.15,300,5325600,"S"
"EIB","14:17:13",18.4,0.1,1300,5325300,"B"
"EIB","14:16:41",18.4,0.1,1400,5324000,"B"
"EIB","14:16:12",18.4,0.1,15700,5322600,"S"
"EIB","14:16:07",18.4,0.1,6000,5306900,"S"
"EIB","14:16:07",18.35,0.05,1200,5300900,"B"
"EIB","14:16:06",18.4,0.1,10000,5299700,"S"
"EIB","14:16:05",18.4,0.1,2000,5289700,"S"
"EIB","14:16:00",18.4,0.1,100,5287700,"S"
"EIB","14:15:55",18.4,0.1,100,5287600,"S"
"EIB","14:15:45",18.4,0.1,2000,5287500,"S"
"EIB","14:15:34",18.35,0.05,1400,5285500,"B"
"EIB","14:14:59",18.35,0.05,1500,5284100,"B"
"EIB","14:14:55",18.4,0.1,67900,5282600,"B"
"EIB","14:14:50",18.4,0.1,5000,5214700,"B"
"EIB","14:14:38",18.4,0.1,20000,5209700,"B"
"EIB","14:14:32",18.4,0.1,400,5189700,"B"
"EIB","14:14:22",18.4,0.1,1300,5189300,"B"
"EIB","14:14:03",18.4,0.1,3000,5188000,"B"
"EIB","14:13:50",18.4,0.1,1300,5185000,"B"
"EIB","14:13:18",18.35,0.05,700,5183700,"B"
"EIB","14:13:18",18.4,0.1,600,5183000,"B"
"EIB","14:13:09",18.4,0.1,200,5182400,"S"
"EIB","14:13:06",18.4,0.1,2300,5182200,"B"
"EIB","14:13:06",18.4,0.1,3000,5179900,"B"
"EIB","14:13:03",18.4,0.1,4000,5176900,"B"
"EIB","14:13:02",18.4,0.1,500,5172900,"B"
"EIB","14:12:55",18.4,0.1,300,5172400,"B"
"EIB","14:12:54",18.4,0.1,1400,5172100,"S"
"EIB","14:12:53",18.4,0.1,1000,5170700,"S"
"EIB","14:12:51",18.4,0.1,100,5169700,"S"
"EIB","14:12:42",18.4,0.1,800,5169600,"B"
"EIB","14:12:34",18.4,0.1,4200,5168800,"S"
"EIB","14:12:28",18.35,0.05,400,5164600,"B"
"EIB","14:12:13",18.35,0.05,5000,5164200,"B"
"EIB","14:11:56",18.35,0.05,1000,5159200,"B"
"EIB","14:11:56",18.4,0.1,100,5158200,"S"
"EIB","14:11:49",18.4,0.1,200,5158100,"S"
"EIB","14:11:41",18.4,0.1,100,5157900,"S"
"EIB","14:11:39",18.35,0.05,1200,5157800,"B"
"EIB","14:11:37",18.4,0.1,200,5156600,"S"
"EIB","14:11:13",18.4,0.1,500,5156400,"S"
"EIB","14:11:06",18.4,0.1,2500,5155900,"B"
"EIB","14:10:58",18.4,0.1,300,5153400,"B"
"EIB","14:10:56",18.4,0.1,200,5153100,"B"
"EIB","14:10:54",18.4,0.1,1000,5152900,"B"
"EIB","14:10:51",18.4,0.1,2500,5151900,"B"
"EIB","14:10:48",18.4,0.1,7900,5149400,"B"
"EIB","14:10:47",18.4,0.1,32100,5141500,"B"
"EIB","14:10:41",18.4,0.1,25500,5109400,"B"
"EIB","14:10:35",18.4,0.1,1300,5083900,"B"
"EIB","14:10:30",18.4,0.1,50000,5082600,"B"
"EIB","14:10:18",18.45,0.15,2000,5032600,"S"
"EIB","14:10:13",18.4,0.1,10000,5030600,"B"
"EIB","14:10:12",18.4,0.1,1000,5020600,"B"
"EIB","14:10:04",18.4,0.1,1200,5019600,"B"
"EIB","14:10:01",18.45,0.15,2000,5018400,"S"
"EIB","14:09:49",18.4,0.1,65000,5016400,"B"
"EIB","14:09:45",18.4,0.1,11000,4951400,"B"
"EIB","14:09:32",18.4,0.1,1400,4940400,"B"
"EIB","14:09:28",18.4,0.1,5000,4939000,"B"
"EIB","14:09:15",18.4,0.1,1000,4934000,"B"
"EIB","14:09:06",18.4,0.1,1000,4933000,"B"
"EIB","14:09:05",18.4,0.1,2000,4932000,"B"
"EIB","14:08:58",18.4,0.1,1400,4930000,"B"
"EIB","14:08:34",18.4,0.1,1100,4928600,"B"
"EIB","14:08:26",18.4,0.1,800,4927500,"B"
"EIB","14:08:22",18.4,0.1,1300,4926700,"B"
"EIB","14:08:17",18.4,0.1,9000,4925400,"B"
"EIB","14:08:16",18.4,0.1,4000,4916400,"B"
"EIB","14:07:50",18.4,0.1,2200,4912400,"B"
"EIB","14:07:33",18.4,0.1,100,4910200,"B"
"EIB","14:07:26",18.4,0.1,2000,4910100,"B"
"EIB","14:07:19",18.4,0.1,1200,4908100,"B"
"EIB","14:06:54",18.4,0.1,10000,4906900,"B"
"EIB","14:06:49",18.45,0.15,1000,4896900,"S"
"EIB","14:06:48",18.4,0.1,1500,4895900,"B"
"EIB","14:06:12",18.4,0.1,1200,4894400,"B"
"EIB","14:05:41",18.4,0.1,1200,4893200,"B"
"EIB","14:05:37",18.45,0.15,100,4892000,"S"
"EIB","14:05:36",18.45,0.15,2300,4891900,"S"
"EIB","14:05:28",18.45,0.15,2000,4889600,"S"
"EIB","14:05:13",18.4,0.1,8200,4887600,"B"
"EIB","14:05:10",18.4,0.1,1400,4879400,"B"
"EIB","14:04:40",18.4,0.1,40000,4878000,"B"
"EIB","14:04:37",18.4,0.1,1200,4838000,"B"
"EIB","14:04:32",18.45,0.15,1000,4836800,"S"
"EIB","14:04:06",18.4,0.1,1400,4835800,"B"
"EIB","14:03:43",18.4,0.1,1100,4834400,"B"
"EIB","14:03:29",18.4,0.1,1300,4833300,"B"
"EIB","14:03:09",18.4,0.1,200,4832000,"B"
"EIB","14:02:56",18.4,0.1,1400,4831800,"B"
"EIB","14:02:48",18.4,0.1,10000,4830400,"B"
"EIB","14:02:37",18.4,0.1,10000,4820400,"B"
"EIB","14:02:34",18.4,0.1,5500,4810400,"B"
"EIB","14:02:21",18.4,0.1,1500,4804900,"B"
"EIB","14:02:11",18.4,0.1,500,4803400,"B"
"EIB","14:01:53",18.4,0.1,300,4802900,"B"
"EIB","14:01:45",18.4,0.1,1200,4802600,"B"
"EIB","14:01:14",18.4,0.1,1400,4801400,"B"
"EIB","14:01:06",18.4,0.1,10000,4800000,"B"
"EIB","14:00:39",18.4,0.1,1300,4790000,"B"
"EIB","14:00:23",18.4,0.1,200,4788700,"B"
"EIB","14:00:07",18.4,0.1,700,4788500,"B"
"EIB","14:00:06",18.4,0.1,500,4787800,"B"
"EIB","13:59:36",18.4,0.1,1300,4787300,"B"
"EIB","13:59:31",18.4,0.1,25000,4786000,"B"
"EIB","13:59:22",18.4,0.1,2200,4761000,"S"
"EIB","13:59:21",18.4,0.1,3000,4758800,"S"
"EIB","13:59:14",18.4,0.1,94800,4755800,"B"
"EIB","13:59:03",18.4,0.1,1200,4661000,"B"
"EIB","13:58:53",18.4,0.1,2000,4659800,"B"
"EIB","13:58:32",18.4,0.1,1300,4657800,"B"
"EIB","13:57:59",18.4,0.1,1300,4656500,"B"
"EIB","13:57:27",18.4,0.1,1300,4655200,"B"
"EIB","13:56:54",18.4,0.1,1300,4653900,"B"
"EIB","13:56:28",18.4,0.1,6600,4652600,"S"
"EIB","13:56:22",18.35,0.05,1200,4646000,"B"
"EIB","13:56:13",18.4,0.1,10000,4644800,"S"
"EIB","13:56:06",18.4,0.1,400,4634800,"S"
"EIB","13:56:06",18.4,0.1,3200,4634400,"B"
"EIB","13:56:01",18.4,0.1,1400,4631200,"S"
"EIB","13:55:54",18.4,0.1,58600,4629800,"B"
"EIB","13:55:51",18.4,0.1,1300,4571200,"B"
"EIB","13:55:49",18.4,0.1,100,4569900,"B"
"EIB","13:55:38",18.4,0.1,27000,4569800,"B"
"EIB","13:55:28",18.4,0.1,25000,4542800,"B"
"EIB","13:55:20",18.4,0.1,2000,4517800,"B"
"EIB","13:55:19",18.4,0.1,1400,4515800,"B"
"EIB","13:55:00",18.4,0.1,112000,4514400,"B"
"EIB","13:54:56",18.4,0.1,900,4402400,"B"
"EIB","13:54:42",18.4,0.1,1300,4401500,"B"
"EIB","13:54:23",18.4,0.1,20000,4400200,"B"
"EIB","13:54:20",18.4,0.1,500,4380200,"B"
"EIB","13:54:12",18.4,0.1,1300,4379700,"B"
"EIB","13:53:54",18.4,0.1,100,4378400,"B"
"EIB","13:53:39",18.4,0.1,2600,4378300,"S"
"EIB","13:53:38",18.4,0.1,12600,4375700,"S"
"EIB","13:53:38",18.35,0.05,1200,4363100,"B"
"EIB","13:53:36",18.4,0.1,200,4361900,"S"
"EIB","13:53:15",18.4,0.1,5000,4361700,"S"
"EIB","13:53:11",18.4,0.1,2000,4356700,"S"
"EIB","13:53:07",18.35,0.05,1300,4354700,"B"
"EIB","13:52:57",18.4,0.1,5000,4353400,"S"
"EIB","13:52:51",18.4,0.1,100,4348400,"S"
"EIB","13:52:45",18.4,0.1,200,4348300,"B"
"EIB","13:52:42",18.4,0.1,1000,4348100,"B"
"EIB","13:52:40",18.4,0.1,1000,4347100,"B"
"EIB","13:52:35",18.4,0.1,1200,4346100,"B"
"EIB","13:52:29",18.4,0.1,5000,4344900,"B"
"EIB","13:52:26",18.4,0.1,5000,4339900,"B"
"EIB","13:52:18",18.4,0.1,1600,4334900,"B"
"EIB","13:52:17",18.4,0.1,22800,4333300,"B"
"EIB","13:52:16",18.45,0.15,5000,4310500,"S"
"EIB","13:52:10",18.4,0.1,159100,4305500,"B"
"EIB","13:52:09",18.4,0.1,245900,4146400,"B"
"EIB","13:52:04",18.4,0.1,26500,3900500,"B"
"EIB","13:51:53",18.4,0.1,6900,3874000,"B"
"EIB","13:51:49",18.4,0.1,66200,3867100,"B"
"EIB","13:51:49",18.4,0.1,53800,3800900,"B"
"EIB","13:51:42",18.4,0.1,200,3747100,"B"
"EIB","13:51:34",18.4,0.1,3600,3746900,"B"
"EIB","13:51:31",18.4,0.1,500,3743300,"B"
"EIB","13:51:29",18.4,0.1,5000,3742800,"B"
"EIB","13:51:28",18.4,0.1,1400,3737800,"B"
"EIB","13:51:27",18.4,0.1,2000,3736400,"B"
"EIB","13:51:19",18.4,0.1,3000,3734400,"B"
"EIB","13:51:15",18.4,0.1,300,3731400,"B"
"EIB","13:51:04",18.4,0.1,200,3731100,"B"
"EIB","13:51:02",18.4,0.1,4800,3730900,"B"
"EIB","13:50:51",18.4,0.1,1400,3726100,"B"
"EIB","13:50:46",18.4,0.1,3000,3724700,"B"
"EIB","13:50:23",18.4,0.1,10000,3721700,"B"
"EIB","13:50:17",18.4,0.1,1300,3711700,"B"
"EIB","13:49:44",18.4,0.1,1400,3710400,"B"
"EIB","13:49:32",18.45,0.15,300,3709000,"S"
"EIB","13:49:08",18.4,0.1,1500,3708700,"B"
"EIB","13:48:47",18.4,0.1,400,3707200,"B"
"EIB","13:48:31",18.4,0.1,1400,3706800,"B"
"EIB","13:48:11",18.45,0.15,1000,3705400,"S"
"EIB","13:47:55",18.4,0.1,1300,3704400,"B"
"EIB","13:47:34",18.4,0.1,300,3703100,"B"
"EIB","13:47:24",18.4,0.1,1200,3702800,"B"
"EIB","13:47:05",18.4,0.1,20000,3701600,"B"
"EIB","13:46:53",18.45,0.15,10000,3681600,"S"
"EIB","13:46:52",18.4,0.1,1600,3671600,"B"
"EIB","13:46:12",18.4,0.1,1300,3670000,"B"
"EIB","13:46:01",18.45,0.15,20000,3668700,"S"
"EIB","13:45:39",18.4,0.1,1400,3648700,"B"
"EIB","13:45:37",18.4,0.1,10000,3647300,"B"
"EIB","13:45:05",18.4,0.1,1200,3637300,"B"
"EIB","13:44:33",18.4,0.1,1300,3636100,"B"
"EIB","13:44:32",18.4,0.1,5600,3634800,"B"
"EIB","13:44:23",18.45,0.15,1300,3629200,"S"
"EIB","13:44:11",18.4,0.1,400,3627900,"B"
"EIB","13:44:02",18.4,0.1,1200,3627500,"B"
"EIB","13:44:01",18.4,0.1,100,3626300,"B"
"EIB","13:43:30",18.4,0.1,1500,3626200,"B"
"EIB","13:42:55",18.4,0.1,1300,3624700,"B"
"EIB","13:42:48",18.4,0.1,200,3623400,"B"
"EIB","13:42:21",18.4,0.1,1200,3623200,"B"
"EIB","13:42:20",18.4,0.1,5000,3622000,"B"
"EIB","13:41:49",18.4,0.1,1400,3617000,"B"
"EIB","13:41:16",18.4,0.1,1300,3615600,"B"
"EIB","13:40:42",18.4,0.1,1300,3614300,"B"
"EIB","13:40:10",18.4,0.1,1300,3613000,"B"
"EIB","13:40:02",18.4,0.1,500,3611700,"B"
"EIB","13:39:46",18.4,0.1,3800,3611200,"B"
"EIB","13:39:42",18.4,0.1,10000,3607400,"B"
"EIB","13:39:37",18.4,0.1,1400,3597400,"B"
"EIB","13:39:20",18.45,0.15,1000,3596000,"S"
"EIB","13:39:01",18.4,0.1,1300,3595000,"B"
"EIB","13:38:53",18.45,0.15,900,3593700,"S"
"EIB","13:38:43",18.45,0.15,2000,3592800,"S"
"EIB","13:38:29",18.4,0.1,1200,3590800,"B"
"EIB","13:38:09",18.4,0.1,6900,3589600,"B"
"EIB","13:38:00",18.45,0.15,4800,3582700,"S"
"EIB","13:37:59",18.4,0.1,1300,3577900,"B"
"EIB","13:37:27",18.45,0.15,100,3576600,"S"
"EIB","13:37:25",18.4,0.1,1400,3576500,"B"
"EIB","13:37:02",18.45,0.15,1000,3575100,"S"
"EIB","13:36:52",18.4,0.1,1400,3574100,"B"
"EIB","13:36:46",18.45,0.15,500,3572700,"S"
"EIB","13:36:39",18.45,0.15,1000,3572200,"S"
"EIB","13:36:14",18.4,0.1,1400,3571200,"B"
"EIB","13:36:02",18.45,0.15,700,3569800,"S"
"EIB","13:35:40",18.4,0.1,1300,3569100,"B"
"EIB","13:35:34",18.45,0.15,5000,3567800,"S"
"EIB","13:35:18",18.45,0.15,2000,3562800,"S"
"EIB","13:35:07",18.4,0.1,1400,3560800,"B"
"EIB","13:34:33",18.4,0.1,1200,3559400,"B"
"EIB","13:34:12",18.4,0.1,200,3558200,"B"
"EIB","13:34:01",18.4,0.1,1400,3558000,"B"
"EIB","13:33:38",18.45,0.15,20000,3556600,"S"
"EIB","13:33:28",18.4,0.1,1200,3536600,"B"
"EIB","13:33:21",18.45,0.15,20000,3535400,"S"
"EIB","13:33:11",18.4,0.1,600,3515400,"B"
"EIB","13:33:02",18.4,0.1,10000,3514800,"B"
"EIB","13:32:56",18.4,0.1,1300,3504800,"B"
"EIB","13:32:53",18.45,0.15,2000,3503500,"S"
"EIB","13:32:24",18.4,0.1,1200,3501500,"B"
"EIB","13:32:15",18.45,0.15,100,3500300,"S"
"EIB","13:32:12",18.45,0.15,2300,3500200,"S"
"EIB","13:32:11",18.45,0.15,100,3497900,"S"
"EIB","13:32:10",18.45,0.15,200,3497800,"S"
"EIB","13:31:56",18.45,0.15,3000,3497600,"S"
"EIB","13:31:53",18.4,0.1,1300,3494600,"B"
"EIB","13:31:53",18.45,0.15,100,3493300,"S"
"EIB","13:31:31",18.45,0.15,200,3493200,"S"
"EIB","13:31:22",18.4,0.1,1300,3493000,"B"
"EIB","13:30:56",18.45,0.15,9000,3491700,"S"
"EIB","13:30:49",18.4,0.1,1200,3482700,"B"
"EIB","13:30:46",18.4,0.1,500,3481500,"B"
"EIB","13:30:19",18.4,0.1,1500,3481000,"B"
"EIB","13:30:18",18.4,0.1,1200,3479500,"B"
"EIB","13:30:09",18.45,0.15,2000,3478300,"S"
"EIB","13:29:53",18.45,0.15,100,3476300,"S"
"EIB","13:29:47",18.4,0.1,1300,3476200,"B"
"EIB","13:29:43",18.45,0.15,17300,3474900,"S"
"EIB","13:29:22",18.45,0.15,1300,3457600,"S"
"EIB","13:29:19",18.45,0.15,1000,3456300,"S"
"EIB","13:29:17",18.45,0.15,2900,3455300,"S"
"EIB","13:29:15",18.4,0.1,1500,3452400,"B"
"EIB","13:28:42",18.45,0.15,2600,3450900,"S"
"EIB","13:28:38",18.4,0.1,1200,3448300,"B"
"EIB","13:28:36",18.45,0.15,30000,3447100,"S"
"EIB","13:28:32",18.4,0.1,200,3417100,"B"
"EIB","13:28:07",18.4,0.1,1300,3416900,"B"
"EIB","13:27:35",18.4,0.1,1300,3415600,"B"
"EIB","13:27:33",18.45,0.15,1000,3414300,"S"
"EIB","13:27:06",18.45,0.15,5500,3413300,"S"
"EIB","13:27:02",18.4,0.1,1300,3407800,"B"
"EIB","13:27:01",18.45,0.15,100,3406500,"S"
"EIB","13:26:37",18.45,0.15,2000,3406400,"S"
"EIB","13:26:33",18.45,0.15,1000,3404400,"S"
"EIB","13:26:30",18.4,0.1,1300,3403400,"B"
"EIB","13:25:56",18.4,0.1,1400,3402100,"B"
"EIB","13:25:34",18.45,0.15,6100,3400700,"S"
"EIB","13:25:23",18.45,0.15,10000,3394600,"S"
"EIB","13:25:21",18.4,0.1,1200,3384600,"B"
"EIB","13:24:50",18.4,0.1,1300,3383400,"B"
"EIB","13:24:42",18.45,0.15,300,3382100,"S"
"EIB","13:24:32",18.45,0.15,1000,3381800,"S"
"EIB","13:24:19",18.4,0.1,1200,3380800,"B"
"EIB","13:24:12",18.45,0.15,10000,3379600,"S"
"EIB","13:23:52",18.4,0.1,2000,3369600,"B"
"EIB","13:23:51",18.45,0.15,3000,3367600,"S"
"EIB","13:23:47",18.4,0.1,1500,3364600,"B"
"EIB","13:23:42",18.45,0.15,20000,3363100,"S"
"EIB","13:23:41",18.45,0.15,2000,3343100,"S"
"EIB","13:23:37",18.45,0.15,12000,3341100,"S"
"EIB","13:23:34",18.45,0.15,500,3329100,"S"
"EIB","13:23:32",18.45,0.15,1300,3328600,"S"
"EIB","13:23:20",18.45,0.15,10000,3327300,"S"
"EIB","13:23:13",18.45,0.15,10000,3317300,"S"
"EIB","13:23:11",18.4,0.1,1300,3307300,"B"
"EIB","13:23:08",18.45,0.15,10000,3306000,"S"
"EIB","13:23:02",18.45,0.15,3000,3296000,"S"
"EIB","13:22:38",18.4,0.1,1400,3293000,"B"
"EIB","13:22:17",18.4,0.1,50000,3291600,"B"
"EIB","13:22:07",18.45,0.15,4000,3241600,"S"
"EIB","13:22:04",18.45,0.15,60000,3237600,"S"
"EIB","13:22:01",18.4,0.1,1300,3177600,"B"
"EIB","13:21:40",18.45,0.15,19800,3176300,"S"
"EIB","13:21:35",18.45,0.15,700,3156500,"S"
"EIB","13:21:29",18.4,0.1,1200,3155800,"B"
"EIB","13:21:19",18.4,0.1,20000,3154600,"B"
"EIB","13:20:58",18.4,0.1,1500,3134600,"B"
"EIB","13:20:50",18.45,0.15,1000,3133100,"S"
"EIB","13:20:46",18.45,0.15,5000,3132100,"S"
"EIB","13:20:23",18.45,0.15,15000,3127100,"S"
"EIB","13:20:22",18.4,0.1,1300,3112100,"B"
"EIB","13:19:49",18.4,0.1,1300,3110800,"B"
"EIB","13:19:15",18.4,0.1,1300,3109500,"B"
"EIB","13:19:01",18.4,0.1,500,3108200,"B"
"EIB","13:18:44",18.4,0.1,1300,3107700,"B"
"EIB","13:18:37",18.45,0.15,2000,3106400,"S"
"EIB","13:18:31",18.45,0.15,2000,3104400,"S"
"EIB","13:18:11",18.4,0.1,1300,3102400,"B"
"EIB","13:18:05",18.4,0.1,100,3101100,"B"
"EIB","13:17:37",18.4,0.1,1300,3101000,"B"
"EIB","13:17:15",18.45,0.15,500,3099700,"S"
"EIB","13:17:04",18.4,0.1,1300,3099200,"B"
"EIB","13:16:33",18.4,0.1,1200,3097900,"B"
"EIB","13:16:02",18.4,0.1,1200,3096700,"B"
"EIB","13:15:42",18.4,0.1,500,3095500,"B"
"EIB","13:15:31",18.4,0.1,1500,3095000,"B"
"EIB","13:14:53",18.4,0.1,1300,3093500,"B"
"EIB","13:14:37",18.45,0.15,700,3092200,"S"
"EIB","13:14:22",18.4,0.1,1300,3091500,"B"
"EIB","13:14:21",18.4,0.1,1000,3090200,"B"
"EIB","13:13:49",18.4,0.1,1300,3089200,"B"
"EIB","13:13:49",18.45,0.15,200,3087900,"S"
"EIB","13:13:15",18.4,0.1,1300,3087700,"B"
"EIB","13:12:53",18.45,0.15,10000,3086400,"S"
"EIB","13:12:43",18.4,0.1,1300,3076400,"B"
"EIB","13:12:11",18.4,0.1,2000,3075100,"B"
"EIB","13:12:10",18.4,0.1,1400,3073100,"B"
"EIB","13:12:08",18.45,0.15,100,3071700,"S"
"EIB","13:12:04",18.45,0.15,200,3071600,"S"
"EIB","13:11:40",18.45,0.15,2000,3071400,"S"
"EIB","13:11:36",18.4,0.1,1300,3069400,"B"
"EIB","13:11:02",18.4,0.1,1300,3068100,"B"
"EIB","13:10:37",18.4,0.1,100000,3066800,"B"
"EIB","13:10:28",18.4,0.1,1300,2966800,"B"
"EIB","13:09:57",18.4,0.1,1300,2965500,"B"
"EIB","13:09:50",18.4,0.1,800,2964200,"B"
"EIB","13:09:25",18.4,0.1,1200,2963400,"B"
"EIB","13:09:03",18.45,0.15,100,2962200,"S"
"EIB","13:08:53",18.4,0.1,1300,2962100,"B"
"EIB","13:08:21",18.4,0.1,1200,2960800,"B"
"EIB","13:07:50",18.4,0.1,1400,2959600,"B"
"EIB","13:07:15",18.4,0.1,1200,2958200,"B"
"EIB","13:06:44",18.4,0.1,1300,2957000,"B"
"EIB","13:06:38",18.4,0.1,20000,2955700,"B"
"EIB","13:06:13",18.4,0.1,1500,2935700,"B"
"EIB","13:06:10",18.45,0.15,1500,2934200,"S"
"EIB","13:06:00",18.4,0.1,100,2932700,"B"
"EIB","13:05:34",18.4,0.1,1300,2932600,"B"
"EIB","13:05:07",18.45,0.15,145500,2931300,"S"
"EIB","13:05:02",18.4,0.1,1200,2785800,"B"
"EIB","13:04:31",18.4,0.1,1300,2784600,"B"
"EIB","13:04:21",18.4,0.1,5000,2783300,"B"
"EIB","13:04:06",18.4,0.1,10000,2778300,"B"
"EIB","13:04:00",18.4,0.1,1300,2768300,"B"
"EIB","13:03:26",18.4,0.1,1300,2767000,"B"
"EIB","13:03:24",18.45,0.15,200,2765700,"S"
"EIB","13:02:55",18.4,0.1,1200,2765500,"B"
"EIB","13:02:23",18.4,0.1,1300,2764300,"B"
"EIB","13:02:23",18.45,0.15,1000,2763000,"S"
"EIB","13:02:04",18.4,0.1,8900,2762000,"B"
"EIB","13:01:52",18.4,0.1,1300,2753100,"B"
"EIB","13:01:17",18.4,0.1,1300,2751800,"B"
"EIB","13:00:45",18.4,0.1,1400,2750500,"B"
"EIB","13:00:25",18.4,0.1,900,2749100,"B"
"EIB","13:00:20",18.45,0.15,200,2748200,"S"
"EIB","13:00:14",18.45,0.15,1000,2748000,"S"
"EIB","13:00:14",18.4,0.1,1100,2747000,"B"
"EIB","13:00:09",18.4,0.1,200,2745900,"B"
"EIB","13:00:08",18.45,0.15,20000,2745700,"S"
"EIB","13:00:04",18.4,0.1,10000,2725700,"B"
"EIB","13:00:01",18.45,0.15,500,2715700,"S"
"EIB","13:00:00",18.4,0.1,100,2715200,"B"
"EIB","11:29:41",18.4,0.1,1500,2715100,"B"
"EIB","11:29:32",18.4,0.1,2400,2713600,"B"
"EIB","11:29:05",18.4,0.1,1400,2711200,"B"
"EIB","11:28:28",18.4,0.1,1300,2709800,"B"
"EIB","11:27:56",18.4,0.1,1400,2708500,"B"
"EIB","11:27:55",18.4,0.1,2000,2707100,"B"
"EIB","11:27:19",18.4,0.1,1400,2705100,"B"
"EIB","11:26:45",18.4,0.1,1200,2703700,"B"
"EIB","11:26:34",18.45,0.15,5000,2702500,"S"
"EIB","11:26:14",18.4,0.1,1400,2697500,"B"
"EIB","11:25:55",18.4,0.1,200,2696100,"B"
"EIB","11:25:40",18.4,0.1,1200,2695900,"B"
"EIB","11:25:28",18.4,0.1,500,2694700,"B"
"EIB","11:25:26",18.45,0.15,2500,2694200,"S"
"EIB","11:25:10",18.4,0.1,1400,2691700,"B"
"EIB","11:24:37",18.45,0.15,100,2690300,"S"
"EIB","11:24:33",18.4,0.1,1300,2690200,"B"
"EIB","11:24:03",18.45,0.15,200,2688900,"S"
"EIB","11:24:02",18.4,0.1,1200,2688700,"B"
"EIB","11:23:31",18.4,0.1,1300,2687500,"B"
"EIB","11:23:20",18.45,0.15,2000,2686200,"S"
"EIB","11:22:59",18.4,0.1,1300,2684200,"B"
"EIB","11:22:27",18.4,0.1,1200,2682900,"B"
"EIB","11:21:59",18.45,0.15,10000,2681700,"S"
"EIB","11:21:55",18.4,0.1,1300,2671700,"B"
"EIB","11:21:23",18.4,0.1,1200,2670400,"B"
"EIB","11:21:13",18.45,0.15,1000,2669200,"S"
"EIB","11:21:00",18.45,0.15,1000,2668200,"S"
"EIB","11:20:51",18.4,0.1,1300,2667200,"B"
"EIB","11:20:48",18.45,0.15,5000,2665900,"S"
"EIB","11:20:19",18.4,0.1,1300,2660900,"B"
"EIB","11:20:05",18.45,0.15,2000,2659600,"S"
"EIB","11:19:48",18.4,0.1,1200,2657600,"B"
"EIB","11:19:17",18.4,0.1,1300,2656400,"B"
"EIB","11:18:45",18.4,0.1,1300,2655100,"B"
"EIB","11:18:21",18.45,0.15,40000,2653800,"S"
"EIB","11:18:14",18.4,0.1,11000,2613800,"B"
"EIB","11:18:11",18.4,0.1,1200,2602800,"B"
"EIB","11:17:40",18.4,0.1,1300,2601600,"B"
"EIB","11:17:38",18.4,0.1,500,2600300,"B"
"EIB","11:17:21",18.4,0.1,600,2599800,"B"
"EIB","11:17:09",18.4,0.1,1400,2599200,"B"
"EIB","11:16:33",18.4,0.1,1300,2597800,"B"
"EIB","11:16:01",18.4,0.1,1200,2596500,"B"
"EIB","11:15:35",18.4,0.1,1700,2595300,"B"
"EIB","11:15:29",18.4,0.1,1300,2593600,"B"
"EIB","11:15:08",18.4,0.1,11700,2592300,"B"
"EIB","11:14:57",18.4,0.1,1400,2580600,"B"
"EIB","11:14:21",18.4,0.1,1300,2579200,"B"
"EIB","11:14:18",18.45,0.15,200,2577900,"S"
"EIB","11:13:58",18.45,0.15,500,2577700,"S"
"EIB","11:13:57",18.45,0.15,2000,2577200,"S"
"EIB","11:13:49",18.4,0.1,1400,2575200,"B"
"EIB","11:13:35",18.45,0.15,20000,2573800,"S"
"EIB","11:13:34",18.45,0.15,100,2553800,"S"
"EIB","11:13:15",18.4,0.1,1300,2553700,"B"
"EIB","11:12:43",18.4,0.1,1300,2552400,"B"
"EIB","11:12:08",18.4,0.1,1300,2551100,"B"
"EIB","11:11:37",18.4,0.1,1300,2549800,"B"
"EIB","11:11:33",18.45,0.15,1200,2548500,"S"
"EIB","11:11:03",18.4,0.1,1300,2547300,"B"
"EIB","11:10:58",18.45,0.15,5000,2546000,"S"
"EIB","11:10:30",18.4,0.1,1300,2541000,"B"
"EIB","11:09:58",18.45,0.15,100,2539700,"S"
"EIB","11:09:57",18.4,0.1,1500,2539600,"B"
"EIB","11:09:35",18.45,0.15,200,2538100,"S"
"EIB","11:09:21",18.4,0.1,1400,2537900,"B"
"EIB","11:08:44",18.4,0.1,1300,2536500,"B"
"EIB","11:08:12",18.4,0.1,1300,2535200,"B"
"EIB","11:07:42",18.4,0.1,200,2533900,"B"
"EIB","11:07:39",18.4,0.1,1200,2533700,"B"
"EIB","11:07:19",18.4,0.1,3000,2532500,"B"
"EIB","11:07:08",18.4,0.1,1300,2529500,"B"
"EIB","11:07:05",18.4,0.1,2000,2528200,"B"
"EIB","11:06:37",18.4,0.1,1400,2526200,"B"
"EIB","11:06:23",18.4,0.1,25000,2524800,"B"
"EIB","11:06:01",18.4,0.1,1300,2499800,"B"
"EIB","11:05:55",18.4,0.1,4500,2498500,"B"
"EIB","11:05:51",18.4,0.1,1000,2494000,"B"
"EIB","11:05:29",18.4,0.1,1400,2493000,"B"
"EIB","11:05:27",18.4,0.1,1200,2491600,"B"
"EIB","11:04:52",18.4,0.1,1400,2490400,"B"
"EIB","11:04:36",18.4,0.1,100,2489000,"B"
"EIB","11:04:27",18.4,0.1,200,2488900,"B"
"EIB","11:04:18",18.4,0.1,1300,2488700,"B"
"EIB","11:03:44",18.4,0.1,1300,2487400,"B"
"EIB","11:03:13",18.4,0.1,1300,2486100,"B"
"EIB","11:03:11",18.45,0.15,1000,2484800,"S"
"EIB","11:03:01",18.45,0.15,3000,2483800,"S"
"EIB","11:02:39",18.4,0.1,1200,2480800,"B"
"EIB","11:02:24",18.45,0.15,300,2479600,"S"
"EIB","11:02:08",18.4,0.1,1500,2479300,"B"
"EIB","11:01:53",18.4,0.1,10000,2477800,"B"
"EIB","11:01:45",18.4,0.1,10000,2467800,"B"
"EIB","11:01:34",18.4,0.1,10000,2457800,"B"
"EIB","11:01:31",18.4,0.1,1400,2447800,"B"
"EIB","11:01:00",18.4,0.1,25000,2446400,"B"
"EIB","11:00:56",18.4,0.1,1300,2421400,"B"
"EIB","11:00:50",18.45,0.15,100,2420100,"S"
"EIB","11:00:23",18.4,0.1,1300,2420000,"B"
"EIB","10:59:50",18.4,0.1,1300,2418700,"B"
"EIB","10:59:44",18.45,0.15,2100,2417400,"S"
"EIB","10:59:19",18.4,0.1,1200,2415300,"B"
"EIB","10:59:18",18.45,0.15,500,2414100,"S"
"EIB","10:58:50",18.45,0.15,100,2413600,"S"
"EIB","10:58:47",18.4,0.1,1300,2413500,"B"
"EIB","10:58:14",18.4,0.1,1400,2412200,"B"
"EIB","10:57:41",18.4,0.1,1300,2410800,"B"
"EIB","10:57:21",18.4,0.1,100,2409500,"B"
"EIB","10:57:07",18.4,0.1,1500,2409400,"B"
"EIB","10:56:31",18.4,0.1,1400,2407900,"B"
"EIB","10:56:23",18.45,0.15,127100,2406500,"B"
"EIB","10:56:14",18.45,0.15,13100,2279400,"B"
"EIB","10:55:54",18.45,0.15,1300,2266300,"B"
"EIB","10:55:46",18.45,0.15,3000,2265000,"B"
"EIB","10:55:23",18.45,0.15,1300,2262000,"B"
"EIB","10:54:54",18.5,0.2,2500,2260700,"S"
"EIB","10:54:50",18.45,0.15,1400,2258200,"B"
"EIB","10:54:48",18.5,0.2,100,2256800,"S"
"EIB","10:54:46",18.5,0.2,100,2256700,"S"
"EIB","10:54:33",18.45,0.15,3000,2256600,"B"
"EIB","10:54:23",18.45,0.15,10000,2253600,"B"
"EIB","10:54:17",18.45,0.15,1400,2243600,"B"
"EIB","10:53:42",18.45,0.15,1200,2242200,"B"
"EIB","10:53:14",18.45,0.15,6900,2241000,"B"
"EIB","10:53:13",18.45,0.15,3100,2234100,"B"
"EIB","10:53:10",18.45,0.15,1200,2231000,"B"
"EIB","10:53:02",18.45,0.15,1000,2229800,"B"
"EIB","10:52:50",18.45,0.15,50000,2228800,"B"
"EIB","10:52:39",18.45,0.15,1300,2178800,"B"
"EIB","10:52:16",18.45,0.15,600,2177500,"S"
"EIB","10:52:10",18.45,0.15,1000,2176900,"S"
"EIB","10:52:04",18.45,0.15,35000,2175900,"S"
"EIB","10:51:42",18.45,0.15,100,2140900,"S"
"EIB","10:51:35",18.4,0.1,1300,2140800,"B"
"EIB","10:51:14",18.45,0.15,1000,2139500,"S"
"EIB","10:51:02",18.4,0.1,1400,2138500,"B"
"EIB","10:50:56",18.45,0.15,1600,2137100,"S"
"EIB","10:50:46",18.45,0.15,100,2135500,"S"
"EIB","10:50:13",18.45,0.15,500,2135400,"S"
"EIB","10:50:05",18.45,0.15,300,2134900,"S"
"EIB","10:50:04",18.45,0.15,700,2134600,"S"
"EIB","10:49:53",18.45,0.15,2000,2133900,"S"
"EIB","10:49:46",18.45,0.15,2000,2131900,"S"
"EIB","10:49:45",18.45,0.15,25000,2129900,"S"
"EIB","10:49:35",18.4,0.1,3000,2104900,"B"
"EIB","10:49:21",18.4,0.1,1500,2101900,"B"
"EIB","10:48:44",18.4,0.1,1200,2100400,"B"
"EIB","10:48:38",18.45,0.15,3000,2099200,"S"
"EIB","10:48:38",18.45,0.15,9900,2096200,"S"
"EIB","10:48:35",18.45,0.15,10000,2086300,"S"
"EIB","10:48:33",18.45,0.15,2800,2076300,"S"
"EIB","10:48:13",18.4,0.1,1400,2073500,"B"
"EIB","10:48:07",18.45,0.15,2000,2072100,"S"
"EIB","10:47:54",18.45,0.15,7300,2070100,"S"
"EIB","10:47:38",18.4,0.1,1200,2062800,"B"
"EIB","10:47:37",18.45,0.15,100,2061600,"S"
"EIB","10:47:32",18.45,0.15,1000,2061500,"S"
"EIB","10:47:15",18.45,0.15,200,2060500,"S"
"EIB","10:47:07",18.4,0.1,1400,2060300,"B"
"EIB","10:46:32",18.4,0.1,1300,2058900,"B"
"EIB","10:46:01",18.45,0.15,9300,2057600,"S"
"EIB","10:46:00",18.4,0.1,1200,2048300,"B"
"EIB","10:45:57",18.45,0.15,1000,2047100,"S"
"EIB","10:45:28",18.4,0.1,1300,2046100,"B"
"EIB","10:45:15",18.45,0.15,10000,2044800,"S"
"EIB","10:45:01",18.45,0.15,200,2034800,"S"
"EIB","10:44:56",18.4,0.1,1500,2034600,"B"
"EIB","10:44:20",18.4,0.1,1400,2033100,"B"
"EIB","10:44:07",18.45,0.15,10000,2031700,"S"
"EIB","10:43:45",18.4,0.1,1200,2021700,"B"
"EIB","10:43:40",18.45,0.15,500,2020500,"S"
"EIB","10:43:23",18.45,0.15,300,2020000,"B"
"EIB","10:43:13",18.45,0.15,1300,2019700,"B"
"EIB","10:43:00",18.45,0.15,6900,2018400,"B"
"EIB","10:42:57",18.45,0.15,2000,2011500,"B"
"EIB","10:42:46",18.45,0.15,21400,2009500,"B"
"EIB","10:42:41",18.45,0.15,1400,1988100,"B"
"EIB","10:42:34",18.45,0.15,200,1986700,"B"
"EIB","10:42:13",18.45,0.15,15000,1986500,"B"
"EIB","10:42:06",18.45,0.15,1400,1971500,"B"
"EIB","10:41:42",18.45,0.15,1000,1970100,"B"
"EIB","10:41:33",18.45,0.15,1200,1969100,"B"
"EIB","10:41:29",18.45,0.15,2900,1967900,"S"
"EIB","10:41:28",18.45,0.15,100,1965000,"S"
"EIB","10:41:24",18.45,0.15,5000,1964900,"S"
"EIB","10:41:23",18.45,0.15,600,1959900,"S"
"EIB","10:41:18",18.45,0.15,2000,1959300,"S"
"EIB","10:41:17",18.45,0.15,2000,1957300,"S"
"EIB","10:41:16",18.45,0.15,200,1955300,"S"
"EIB","10:41:13",18.45,0.15,5000,1955100,"S"
"EIB","10:41:12",18.45,0.15,500,1950100,"S"
"EIB","10:41:06",18.45,0.15,1000,1949600,"S"
"EIB","10:40:59",18.4,0.1,1300,1948600,"B"
"EIB","10:40:51",18.45,0.15,5000,1947300,"S"
"EIB","10:40:43",18.45,0.15,10000,1942300,"S"
"EIB","10:40:28",18.4,0.1,1300,1932300,"B"
"EIB","10:40:02",18.45,0.15,2000,1931000,"S"
"EIB","10:40:00",18.45,0.15,100,1929000,"S"
"EIB","10:39:58",18.45,0.15,1000,1928900,"S"
"EIB","10:39:57",18.45,0.15,2000,1927900,"S"
"EIB","10:39:55",18.4,0.1,1400,1925900,"B"
"EIB","10:39:53",18.45,0.15,10000,1924500,"S"
"EIB","10:39:52",18.45,0.15,300,1914500,"S"
"EIB","10:39:43",18.45,0.15,20000,1914200,"S"
"EIB","10:39:33",18.45,0.15,200,1894200,"S"
"EIB","10:39:23",18.45,0.15,1000,1894000,"S"
"EIB","10:39:20",18.4,0.1,1400,1893000,"B"
"EIB","10:39:20",18.45,0.15,40000,1891600,"S"
"EIB","10:39:03",18.45,0.15,2000,1851600,"S"
"EIB","10:38:44",18.4,0.1,1500,1849600,"B"
"EIB","10:38:29",18.45,0.15,5400,1848100,"S"
"EIB","10:38:07",18.4,0.1,1300,1842700,"B"
"EIB","10:37:58",18.45,0.15,2000,1841400,"S"
"EIB","10:37:35",18.45,0.15,900,1839400,"S"
"EIB","10:37:35",18.4,0.1,1300,1838500,"B"
"EIB","10:37:06",18.45,0.15,200,1837200,"S"
"EIB","10:37:01",18.4,0.1,1300,1837000,"B"
"EIB","10:36:38",18.45,0.15,5000,1835700,"S"
"EIB","10:36:27",18.4,0.1,2300,1830700,"B"
"EIB","10:35:53",18.4,0.1,1300,1828400,"B"
"EIB","10:35:19",18.4,0.1,1400,1827100,"B"
"EIB","10:35:10",18.45,0.15,5000,1825700,"S"
"EIB","10:34:58",18.45,0.15,4000,1820700,"S"
"EIB","10:34:44",18.4,0.1,1300,1816700,"B"
"EIB","10:34:12",18.4,0.1,1300,1815400,"B"
"EIB","10:33:40",18.45,0.15,300,1814100,"S"
"EIB","10:33:39",18.4,0.1,1300,1813800,"B"
"EIB","10:33:07",18.4,0.1,1300,1812500,"B"
"EIB","10:33:07",18.45,0.15,10000,1811200,"S"
"EIB","10:32:53",18.45,0.15,100,1801200,"S"
"EIB","10:32:34",18.4,0.1,1300,1801100,"B"
"EIB","10:32:21",18.45,0.15,14500,1799800,"S"
"EIB","10:32:02",18.4,0.1,1400,1785300,"B"
"EIB","10:31:41",18.45,0.15,100,1783900,"S"
"EIB","10:31:28",18.4,0.1,1300,1783800,"B"
"EIB","10:31:06",18.45,0.15,2900,1782500,"B"
"EIB","10:31:00",18.45,0.15,1500,1779600,"S"
"EIB","10:30:57",18.45,0.15,5000,1778100,"S"
"EIB","10:30:19",18.45,0.15,1300,1771900,"B"
"EIB","10:29:59",18.45,0.15,600,1770600,"B"
"EIB","10:29:54",18.45,0.15,1300,1770000,"B"
"EIB","10:29:24",18.45,0.15,2400,1768700,"S"
"EIB","10:29:01",18.45,0.15,500,1766300,"S"
"EIB","10:28:56",18.45,0.15,1100,1765800,"S"
"EIB","10:28:48",18.45,0.15,1000,1764700,"S"
"EIB","10:28:44",18.45,0.15,13600,1763700,"B"
"EIB","10:28:14",18.45,0.15,1400,1750100,"B"
"EIB","10:27:40",18.4,0.1,400,1748700,"B"
"EIB","10:27:40",18.45,0.15,900,1748300,"B"
"EIB","10:27:28",18.45,0.15,100,1747400,"S"
"EIB","10:27:23",18.45,0.15,4900,1747300,"B"
"EIB","10:27:07",18.45,0.15,1300,1742400,"B"
"EIB","10:26:45",18.45,0.15,200,1741100,"B"
"EIB","10:26:37",18.45,0.15,4100,1740900,"S"
"EIB","10:25:57",18.45,0.15,3500,1736800,"B"
"EIB","10:25:40",18.45,0.15,1000,1733300,"B"
"EIB","10:25:28",18.45,0.15,700,1732300,"B"
"EIB","10:25:27",18.45,0.15,1300,1731600,"B"
"EIB","10:25:23",18.45,0.15,2000,1730300,"B"
"EIB","10:24:54",18.45,0.15,1400,1728300,"B"
"EIB","10:24:41",18.45,0.15,5000,1726900,"B"
"EIB","10:24:20",18.45,0.15,10000,1721900,"B"
"EIB","10:24:12",18.45,0.15,30000,1710600,"B"
"EIB","10:23:52",18.45,0.15,5000,1680600,"B"
"EIB","10:23:47",18.45,0.15,1300,1675600,"B"
"EIB","10:23:15",18.45,0.15,1200,1674300,"B"
"EIB","10:23:05",18.45,0.15,500,1673100,"B"
"EIB","10:22:55",18.45,0.15,800,1672600,"B"
"EIB","10:22:43",18.45,0.15,1300,1671800,"B"
"EIB","10:22:41",18.45,0.15,5000,1670500,"B"
"EIB","10:22:22",18.45,0.15,6100,1665500,"B"
"EIB","10:22:11",18.45,0.15,1300,1659400,"B"
"EIB","10:21:59",18.45,0.15,4700,1658100,"S"
"EIB","10:21:47",18.45,0.15,25300,1653400,"B"
"EIB","10:21:39",18.45,0.15,1400,1628100,"B"
"EIB","10:21:24",18.45,0.15,2000,1626700,"B"
"EIB","10:21:03",18.45,0.15,1400,1624700,"B"
"EIB","10:20:45",18.45,0.15,500,1623300,"B"
"EIB","10:20:29",18.45,0.15,1400,1622800,"B"
"EIB","10:19:55",18.45,0.15,1300,1621400,"B"
"EIB","10:19:26",18.45,0.15,70000,1620100,"B"
"EIB","10:19:22",18.45,0.15,1200,1550100,"B"
"EIB","10:19:03",18.5,0.2,1000,1548900,"S"
"EIB","10:18:50",18.45,0.15,1200,1547900,"B"
"EIB","10:18:39",18.45,0.15,40400,1546700,"B"
"EIB","10:18:19",18.45,0.15,1300,1506300,"B"
"EIB","10:17:46",18.45,0.15,1400,1505000,"B"
"EIB","10:17:12",18.45,0.15,1400,1503600,"B"
"EIB","10:17:07",18.5,0.2,300,1502200,"S"
"EIB","10:16:41",18.5,0.2,2000,1501900,"S"
"EIB","10:16:38",18.45,0.15,1200,1499900,"B"
"EIB","10:16:10",18.5,0.2,500,1498700,"S"
"EIB","10:16:07",18.45,0.15,1300,1498200,"B"
"EIB","10:15:41",18.5,0.2,600,1496900,"S"
"EIB","10:15:34",18.45,0.15,1200,1496300,"B"
"EIB","10:15:14",18.5,0.2,5200,1495100,"S"
"EIB","10:15:04",18.5,0.2,900,1489900,"S"
"EIB","10:15:03",18.45,0.15,1500,1489000,"B"
"EIB","10:14:49",18.45,0.15,1000,1487500,"B"
"EIB","10:14:26",18.45,0.15,1300,1486500,"B"
"EIB","10:13:53",18.45,0.15,1400,1485200,"B"
"EIB","10:13:18",18.45,0.15,1300,1483800,"B"
"EIB","10:13:11",18.45,0.15,600,1482500,"B"
"EIB","10:13:05",18.45,0.15,30000,1481900,"B"
"EIB","10:12:45",18.45,0.15,1300,1451900,"B"
"EIB","10:12:13",18.45,0.15,1300,1450600,"B"
"EIB","10:11:39",18.45,0.15,1300,1449300,"B"
"EIB","10:11:07",18.45,0.15,1300,1448000,"B"
"EIB","10:10:35",18.45,0.15,1300,1446700,"B"
"EIB","10:10:25",18.45,0.15,1000,1445400,"B"
"EIB","10:10:03",18.45,0.15,1200,1444400,"B"
"EIB","10:10:00",18.45,0.15,200,1443200,"B"
"EIB","10:09:42",18.45,0.15,20000,1443000,"B"
"EIB","10:09:36",18.5,0.2,400,1423000,"S"
"EIB","10:09:30",18.45,0.15,1300,1422600,"B"
"EIB","10:09:14",18.45,0.15,500,1421300,"B"
"EIB","10:08:59",18.45,0.15,1300,1420800,"B"
"EIB","10:08:27",18.45,0.15,1200,1419500,"B"
"EIB","10:07:55",18.45,0.15,1300,1418300,"B"
"EIB","10:07:32",18.45,0.15,200,1417000,"B"
"EIB","10:07:24",18.45,0.15,1200,1416800,"B"
"EIB","10:06:52",18.45,0.15,1300,1415600,"B"
"EIB","10:06:21",18.45,0.15,1200,1414300,"B"
"EIB","10:06:10",18.45,0.15,2000,1413100,"B"
"EIB","10:05:49",18.45,0.15,1200,1411100,"B"
"EIB","10:05:29",18.5,0.2,200,1409900,"S"
"EIB","10:05:18",18.45,0.15,1300,1409700,"B"
"EIB","10:05:08",18.45,0.15,11900,1408400,"B"
"EIB","10:05:08",18.45,0.15,8100,1396500,"B"
"EIB","10:04:47",18.45,0.15,1400,1388400,"B"
"EIB","10:04:12",18.45,0.15,1300,1387000,"B"
"EIB","10:03:40",18.45,0.15,1200,1385700,"B"
"EIB","10:03:15",18.45,0.15,1000,1384500,"B"
"EIB","10:03:14",18.45,0.15,2500,1383500,"B"
"EIB","10:03:09",18.45,0.15,1500,1381000,"B"
"EIB","10:03:03",18.45,0.15,1000,1379500,"B"
"EIB","10:02:31",18.45,0.15,1300,1378500,"B"
"EIB","10:02:12",18.45,0.15,100,1377200,"B"
"EIB","10:02:02",18.45,0.15,2000,1377100,"B"
"EIB","10:01:59",18.45,0.15,1300,1375100,"B"
"EIB","10:01:26",18.45,0.15,1000,1373800,"B"
"EIB","10:01:24",18.45,0.15,1400,1372800,"B"
"EIB","10:01:13",18.45,0.15,300,1371400,"B"
"EIB","10:01:06",18.45,0.15,2000,1371100,"B"
"EIB","10:00:50",18.45,0.15,1300,1369100,"B"
"EIB","10:00:18",18.45,0.15,1400,1367800,"B"
"EIB","09:59:52",18.45,0.15,1000,1366400,"B"
"EIB","09:59:42",18.45,0.15,1300,1365400,"B"
"EIB","09:59:28",18.45,0.15,1000,1364100,"B"
"EIB","09:59:10",18.45,0.15,1300,1363100,"B"
"EIB","09:58:37",18.45,0.15,1200,1361800,"B"
"EIB","09:58:11",18.45,0.15,39000,1360600,"B"
"EIB","09:58:06",18.45,0.15,1400,1321600,"B"
"EIB","09:58:00",18.45,0.15,700,1320200,"B"
"EIB","09:57:45",18.45,0.15,1000,1319500,"B"
"EIB","09:57:31",18.45,0.15,1300,1318500,"B"
"EIB","09:57:28",18.45,0.15,300,1317200,"B"
"EIB","09:57:22",18.45,0.15,76100,1316900,"S"
"EIB","09:57:12",18.45,0.15,500,1240800,"S"
"EIB","09:57:00",18.4,0.1,1200,1240300,"B"
"EIB","09:56:53",18.45,0.15,23900,1239100,"B"
"EIB","09:56:27",18.45,0.15,1400,1215200,"B"
"EIB","09:56:18",18.5,0.2,3000,1213800,"S"
"EIB","09:56:04",18.45,0.15,9100,1210800,"S"
"EIB","09:55:52",18.4,0.1,1400,1201700,"B"
"EIB","09:55:30",18.45,0.15,30500,1200300,"B"
"EIB","09:55:30",18.45,0.15,64300,1169800,"B"
"EIB","09:55:17",18.45,0.15,1300,1105500,"B"
"EIB","09:54:59",18.45,0.15,10000,1104200,"B"
"EIB","09:54:55",18.45,0.15,2500,1094200,"B"
"EIB","09:54:45",18.45,0.15,1300,1091700,"B"
"EIB","09:54:23",18.45,0.15,2000,1090400,"B"
"EIB","09:54:20",18.45,0.15,2700,1088400,"B"
"EIB","09:54:12",18.45,0.15,1300,1085700,"B"
"EIB","09:53:40",18.45,0.15,1400,1084400,"B"
"EIB","09:53:38",18.45,0.15,4000,1083000,"B"
"EIB","09:53:10",18.45,0.15,500,1079000,"B"
"EIB","09:53:07",18.45,0.15,1200,1078500,"B"
"EIB","09:52:41",18.5,0.2,500,1077300,"S"
"EIB","09:52:36",18.45,0.15,1400,1076800,"B"
"EIB","09:52:10",18.45,0.15,400,1075400,"B"
"EIB","09:52:02",18.5,0.2,20000,1075000,"S"
"EIB","09:52:01",18.45,0.15,1500,1055000,"B"
"EIB","09:51:24",18.45,0.15,1300,1053500,"B"
"EIB","09:51:19",18.45,0.15,3500,1052200,"B"
"EIB","09:51:03",18.45,0.15,5000,1048700,"B"
"EIB","09:50:56",18.45,0.15,1000,1043700,"B"
"EIB","09:50:52",18.45,0.15,100,1042700,"B"
"EIB","09:50:50",18.45,0.15,1300,1042600,"B"
"EIB","09:50:41",18.45,0.15,100,1041300,"B"
"EIB","09:50:17",18.45,0.15,1600,1041200,"B"
"EIB","09:50:15",18.5,0.2,100,1039600,"S"
"EIB","09:49:41",18.45,0.15,1200,1039500,"B"
"EIB","09:49:10",18.45,0.15,1400,1038300,"B"
"EIB","09:48:36",18.5,0.2,10000,1036900,"S"
"EIB","09:48:33",18.45,0.15,1300,1026900,"B"
"EIB","09:48:25",18.5,0.2,2800,1025600,"S"
"EIB","09:48:06",18.5,0.2,1500,1022800,"S"
"EIB","09:48:01",18.45,0.15,1300,1021300,"B"
"EIB","09:47:57",18.5,0.2,50000,1020000,"S"
"EIB","09:47:47",18.5,0.2,200,970000,"S"
"EIB","09:47:30",18.45,0.15,1300,969800,"B"
"EIB","09:47:17",18.5,0.2,300,968500,"S"
"EIB","09:47:16",18.5,0.2,500,968200,"S"
"EIB","09:47:00",18.5,0.2,3600,967700,"S"
"EIB","09:46:57",18.45,0.15,1200,964100,"B"
"EIB","09:46:33",18.5,0.2,20000,962900,"S"
"EIB","09:46:26",18.45,0.15,1200,942900,"B"
"EIB","09:46:03",18.5,0.2,11600,941700,"B"
"EIB","09:46:02",18.5,0.2,1000,930100,"B"
"EIB","09:45:55",18.5,0.2,1300,929100,"B"
"EIB","09:45:55",18.5,0.2,1000,927800,"B"
"EIB","09:45:50",18.5,0.2,200,926800,"B"
"EIB","09:45:48",18.5,0.2,800,926600,"B"
"EIB","09:45:46",18.5,0.2,800,925800,"B"
"EIB","09:45:38",18.5,0.2,1000,925000,"B"
"EIB","09:45:23",18.5,0.2,1300,924000,"B"
"EIB","09:45:10",18.5,0.2,91600,922700,"S"
"EIB","09:45:05",18.5,0.2,100,831100,"S"
"EIB","09:44:53",18.5,0.2,100,831000,"S"
"EIB","09:44:37",18.5,0.2,500,830900,"S"
"EIB","09:44:32",18.5,0.2,10000,830400,"S"
"EIB","09:44:27",18.5,0.2,10000,820400,"S"
"EIB","09:44:15",18.45,0.15,1200,810400,"B"
"EIB","09:44:10",18.5,0.2,1000,809200,"S"
"EIB","09:43:53",18.5,0.2,100,808200,"S"
"EIB","09:43:48",18.5,0.2,29100,808100,"S"
"EIB","09:43:44",18.45,0.15,1500,779000,"B"
"EIB","09:43:41",18.5,0.2,5000,777500,"S"
"EIB","09:43:22",18.45,0.15,28000,772500,"B"
"EIB","09:43:08",18.5,0.2,50000,744500,"S"
"EIB","09:43:08",18.45,0.15,1600,694500,"B"
"EIB","09:43:01",18.5,0.2,100,692900,"S"
"EIB","09:42:28",18.45,0.15,1200,692800,"B"
"EIB","09:42:13",18.5,0.2,3700,691600,"B"
"EIB","09:41:59",18.5,0.2,6800,687900,"S"
"EIB","09:41:56",18.45,0.15,1400,681100,"B"
"EIB","09:41:54",18.5,0.2,5000,679700,"S"
"EIB","09:41:36",18.5,0.2,500,674700,"S"
"EIB","09:41:33",18.5,0.2,6700,674200,"B"
"EIB","09:41:32",18.5,0.2,200,667500,"B"
"EIB","09:41:30",18.5,0.2,50000,667300,"B"
"EIB","09:41:29",18.55,0.25,20000,617300,"S"
"EIB","09:41:21",18.5,0.2,1300,597300,"B"
"EIB","09:41:20",18.55,0.25,1700,596000,"S"
"EIB","09:41:12",18.5,0.2,4000,594300,"B"
"EIB","09:40:48",18.5,0.2,1300,590300,"B"
"EIB","09:40:27",18.55,0.25,3000,589000,"S"
"EIB","09:40:26",18.5,0.2,200,586000,"B"
"EIB","09:40:21",18.5,0.2,5000,585800,"B"
"EIB","09:40:17",18.5,0.2,1200,580800,"B"
"EIB","09:40:07",18.5,0.2,900,579600,"B"
"EIB","09:39:55",18.5,0.2,2000,578700,"B"
"EIB","09:39:53",18.5,0.2,23900,576700,"B"
"EIB","09:39:48",18.55,0.25,6600,552800,"S"
"EIB","09:39:45",18.5,0.2,1300,546200,"B"
"EIB","09:39:41",18.5,0.2,500,544900,"B"
"EIB","09:39:21",18.5,0.2,500,544400,"B"
"EIB","09:39:14",18.5,0.2,1300,543900,"B"
"EIB","09:38:57",18.5,0.2,5000,542600,"B"
"EIB","09:38:56",18.55,0.25,9000,537600,"S"
"EIB","09:38:44",18.5,0.2,100,528600,"B"
"EIB","09:38:40",18.5,0.2,1300,528500,"B"
"EIB","09:38:16",18.5,0.2,15100,527200,"S"
"EIB","09:38:14",18.5,0.2,1200,512100,"S"
"EIB","09:38:11",18.5,0.2,17500,510900,"S"
"EIB","09:38:09",18.5,0.2,22800,493400,"S"
"EIB","09:38:08",18.45,0.15,1300,470600,"B"
"EIB","09:38:07",18.5,0.2,13100,469300,"S"
"EIB","09:38:05",18.5,0.2,11000,456200,"S"
"EIB","09:38:04",18.5,0.2,800,445200,"S"
"EIB","09:38:02",18.5,0.2,50000,444400,"S"
"EIB","09:37:59",18.5,0.2,10000,394400,"S"
"EIB","09:37:54",18.5,0.2,1400,384400,"S"
"EIB","09:37:41",18.5,0.2,4000,383000,"S"
"EIB","09:37:41",18.45,0.15,300,379000,"B"
"EIB","09:37:41",18.5,0.2,100,378700,"S"
"EIB","09:37:34",18.45,0.15,1300,378600,"B"
"EIB","09:37:28",18.5,0.2,1000,377300,"S"
"EIB","09:37:27",18.5,0.2,8000,376300,"S"
"EIB","09:37:11",18.5,0.2,3000,368300,"S"
"EIB","09:37:03",18.45,0.15,1200,365300,"B"
"EIB","09:37:00",18.5,0.2,4200,364100,"S"
"EIB","09:36:53",18.5,0.2,20800,359900,"S"
"EIB","09:36:42",18.45,0.15,100,339100,"B"
"EIB","09:36:32",18.45,0.15,1300,339000,"B"
"EIB","09:35:58",18.45,0.15,1300,337700,"B"
"EIB","09:35:40",18.45,0.15,20400,336400,"S"
"EIB","09:35:37",18.45,0.15,50000,316000,"S"
"EIB","09:35:26",18.4,0.1,1300,266000,"B"
"EIB","09:35:24",18.45,0.15,20000,264700,"S"
"EIB","09:34:54",18.4,0.1,1400,244700,"B"
"EIB","09:34:22",18.4,0.1,1000,243300,"B"
"EIB","09:34:20",18.4,0.1,1300,242300,"B"
"EIB","09:33:55",18.4,0.1,1000,241000,"B"
"EIB","09:33:46",18.4,0.1,1500,240000,"B"
"EIB","09:33:45",18.4,0.1,3200,238500,"B"
"EIB","09:33:44",18.4,0.1,1600,235300,"B"
"EIB","09:33:07",18.4,0.1,1500,233700,"B"
"EIB","09:33:06",18.4,0.1,300,232200,"B"
"EIB","09:32:30",18.4,0.1,1200,231900,"B"
"EIB","09:32:04",18.4,0.1,1800,230700,"S"
"EIB","09:31:51",18.4,0.1,500,228900,"S"
"EIB","09:31:46",18.4,0.1,4200,228400,"B"
"EIB","09:31:33",18.4,0.1,3000,224200,"B"
"EIB","09:31:28",18.4,0.1,1300,221200,"B"
"EIB","09:31:22",18.4,0.1,100,219900,"S"
"EIB","09:31:11",18.4,0.1,300,219800,"S"
"EIB","09:31:00",18.4,0.1,600,219500,"B"
"EIB","09:30:54",18.4,0.1,1600,218900,"B"
"EIB","09:30:49",18.4,0.1,4000,217300,"B"
"EIB","09:30:42",18.4,0.1,5800,213300,"S"
"EIB","09:30:38",18.4,0.1,19400,207500,"S"
"EIB","09:30:34",18.4,0.1,8200,188100,"B"
"EIB","09:30:19",18.4,0.1,1900,179900,"S"
"EIB","09:30:14",18.4,0.1,100,178000,"S"
"EIB","09:30:13",18.4,0.1,4300,177900,"B"
"EIB","09:30:04",18.4,0.1,1000,173600,"B"
"EIB","09:29:51",18.4,0.1,5500,172600,"B"
"EIB","09:29:48",18.4,0.1,4000,167100,"B"
"EIB","09:29:43",18.4,0.1,1300,163100,"B"
"EIB","09:29:30",18.4,0.1,200,161800,"B"
"EIB","09:29:24",18.4,0.1,100,161600,"B"
"EIB","09:29:10",18.4,0.1,3000,161500,"B"
"EIB","09:28:45",18.4,0.1,2000,158500,"B"
"EIB","09:28:43",18.4,0.1,4000,156500,"B"
"EIB","09:28:20",18.4,0.1,200,152500,"B"
"EIB","09:27:22",18.4,0.1,100,152300,"B"
"EIB","09:26:31",18.45,0.15,50000,152200,"S"
"EIB","09:26:11",18.45,0.15,100,102200,"S"
"EIB","09:26:03",18.4,0.1,5000,102100,"B"
"EIB","09:25:57",18.45,0.15,3500,97100,"S"
"EIB","09:25:40",18.45,0.15,100,93600,"S"
"EIB","09:25:32",18.45,0.15,100,93500,"S"
"EIB","09:25:18",18.45,0.15,1100,93400,"B"
"EIB","09:25:14",18.45,0.15,8000,92300,"B"
"EIB","09:25:05",18.45,0.15,2000,84300,"B"
"EIB","09:24:45",18.45,0.15,200,82300,"B"
"EIB","09:24:08",18.45,0.15,400,82100,"B"
"EIB","09:24:07",18.45,0.15,1400,81700,"B"
"EIB","09:23:50",18.45,0.15,500,80300,"B"
"EIB","09:23:49",18.45,0.15,100,79800,"B"
"EIB","09:23:27",18.45,0.15,200,79700,"B"
"EIB","09:23:22",18.45,0.15,300,79500,"S"
"EIB","09:23:16",18.45,0.15,6000,79200,"B"
"EIB","09:23:04",18.45,0.15,200,73200,"B"
"EIB","09:22:43",18.45,0.15,1000,73000,"B"
"EIB","09:22:31",18.45,0.15,12900,72000,"S"
"EIB","09:22:07",18.4,0.1,500,59100,"B"
"EIB","09:22:03",18.4,0.1,7600,58600,"S"
"EIB","09:21:45",18.4,0.1,10000,51000,"S"
"EIB","09:21:44",18.4,0.1,10000,41000,"S"
"EIB","09:21:31",18.4,0.1,10000,31000,"S"
"EIB","09:20:09",18.35,0.05,500,21000,"B"
"EIB","09:19:25",18.35,0.05,1000,20500,"B"
"EIB","09:19:19",18.35,0.05,4000,19500,"B"
"EIB","09:17:26",18.35,0.05,100,15500,"S"
"EIB","09:17:11",18.35,0.05,1400,15400,"B"
"EIB","09:16:57",18.4,0.1,10000,14000,"S"
"EIB","09:16:45",18.4,0.1,2700,4000,"S"
"EIB","09:15:00",18.4,0.1,1300,1300,
