"symbol","time","price","change","vol","total","side"
"MWG","14:45:00",42.65,0.3,593400,8477900,
"MWG","14:29:57",42.75,0.4,2000,7884500,"B"
"MWG","14:29:53",42.75,0.4,200,7882500,"B"
"MWG","14:29:51",42.75,0.4,200,7882300,"B"
"MWG","14:29:50",42.75,0.4,16600,7882100,"B"
"MWG","14:29:49",42.75,0.4,200,7865500,"B"
"MWG","14:29:41",42.75,0.4,8300,7865300,"B"
"MWG","14:29:41",42.8,0.45,11700,7857000,"B"
"MWG","14:29:31",42.8,0.45,900,7845300,"B"
"MWG","14:29:29",42.8,0.45,2500,7844400,"B"
"MWG","14:29:19",42.8,0.45,500,7841900,"B"
"MWG","14:29:18",42.8,0.45,800,7841400,"B"
"MWG","14:29:16",42.85,0.5,200,7840600,"B"
"MWG","14:29:14",42.9,0.55,2100,7840400,"S"
"MWG","14:29:12",42.8,0.45,3800,7837400,"B"
"MWG","14:29:11",42.85,0.5,200,7833600,"S"
"MWG","14:29:09",42.85,0.5,9200,7833400,"B"
"MWG","14:29:02",42.85,0.5,3800,7824200,"B"
"MWG","14:28:55",42.85,0.5,1000,7820400,"B"
"MWG","14:28:54",42.85,0.5,3200,7819400,"B"
"MWG","14:28:53",42.9,0.55,1000,7816200,"S"
"MWG","14:28:51",42.9,0.55,200,7815200,"S"
"MWG","14:28:47",42.9,0.55,500,7815000,"S"
"MWG","14:28:46",42.9,0.55,100,7814500,"S"
"MWG","14:28:39",42.9,0.55,100,7814400,"S"
"MWG","14:28:30",42.9,0.55,300,7814300,"S"
"MWG","14:28:26",42.9,0.55,1000,7814000,"S"
"MWG","14:28:17",42.85,0.5,3000,7813000,"B"
"MWG","14:28:15",42.9,0.55,400,7810000,"S"
"MWG","14:28:03",42.9,0.55,500,7809600,"S"
"MWG","14:27:58",42.9,0.55,400,7809100,"B"
"MWG","14:27:57",42.9,0.55,6700,7808700,"B"
"MWG","14:27:56",42.9,0.55,500,7802000,"B"
"MWG","14:27:54",42.9,0.55,5000,7801500,"B"
"MWG","14:27:52",42.9,0.55,2000,7796500,"B"
"MWG","14:27:51",42.9,0.55,8000,7794500,"S"
"MWG","14:27:50",42.9,0.55,3900,7786500,"S"
"MWG","14:27:48",42.9,0.55,100,7782600,"S"
"MWG","14:27:47",42.9,0.55,100,7782500,"S"
"MWG","14:27:40",42.9,0.55,2000,7782400,"S"
"MWG","14:27:34",42.9,0.55,3000,7780400,"S"
"MWG","14:27:26",42.9,0.55,100,7777400,"S"
"MWG","14:27:23",42.9,0.55,100,7777300,"S"
"MWG","14:27:21",42.9,0.55,800,7777200,"B"
"MWG","14:27:19",42.9,0.55,4200,7776400,"S"
"MWG","14:27:18",42.9,0.55,200,7772200,"B"
"MWG","14:27:07",42.9,0.55,200,7772000,"S"
"MWG","14:27:06",42.9,0.55,800,7771800,"B"
"MWG","14:27:03",42.9,0.55,11100,7771000,"B"
"MWG","14:26:59",42.95,0.6,100,7759900,"S"
"MWG","14:26:53",42.9,0.55,100,7759800,"B"
"MWG","14:26:50",42.9,0.55,500,7759700,"B"
"MWG","14:26:47",42.9,0.55,1500,7759200,"S"
"MWG","14:26:41",42.85,0.5,700,7757700,"B"
"MWG","14:26:40",42.9,0.55,9000,7757000,"S"
"MWG","14:26:29",42.85,0.5,4700,7748000,"S"
"MWG","14:26:23",42.85,0.5,200,7743300,"S"
"MWG","14:26:15",42.85,0.5,300,7743100,"S"
"MWG","14:26:10",42.8,0.45,4100,7742800,"S"
"MWG","14:26:07",42.8,0.45,3000,7738700,"S"
"MWG","14:26:06",42.8,0.45,1000,7735700,"S"
"MWG","14:26:03",42.8,0.45,100,7734700,"S"
"MWG","14:26:02",42.8,0.45,500,7734600,"S"
"MWG","14:26:00",42.8,0.45,2000,7734100,"S"
"MWG","14:25:59",42.75,0.4,200,7732100,"B"
"MWG","14:25:59",42.8,0.45,200,7731900,"S"
"MWG","14:25:56",42.8,0.45,1100,7731700,"S"
"MWG","14:25:53",42.75,0.4,3500,7730600,"B"
"MWG","14:25:52",42.8,0.45,1100,7727100,"S"
"MWG","14:25:48",42.8,0.45,10000,7726000,"S"
"MWG","14:25:45",42.75,0.4,2200,7716000,"S"
"MWG","14:25:43",42.75,0.4,2000,7713800,"S"
"MWG","14:25:42",42.7,0.35,2800,7711800,"B"
"MWG","14:25:37",42.75,0.4,900,7709000,"B"
"MWG","14:25:36",42.75,0.4,100,7708100,"B"
"MWG","14:25:35",42.75,0.4,2300,7708000,"S"
"MWG","14:25:34",42.75,0.4,100,7705700,"S"
"MWG","14:25:32",42.75,0.4,600,7705600,"B"
"MWG","14:25:31",42.75,0.4,400,7705000,"S"
"MWG","14:25:30",42.75,0.4,200,7704600,"S"
"MWG","14:25:30",42.75,0.4,300,7704400,"S"
"MWG","14:25:25",42.7,0.35,1000,7704100,"B"
"MWG","14:25:25",42.7,0.35,1000,7703100,"B"
"MWG","14:25:24",42.75,0.4,500,7702100,"S"
"MWG","14:25:21",42.75,0.4,2000,7701600,"S"
"MWG","14:25:14",42.75,0.4,100,7699600,"S"
"MWG","14:25:13",42.65,0.3,27000,7699500,"B"
"MWG","14:25:13",42.7,0.35,6600,7672500,"B"
"MWG","14:25:12",42.75,0.4,500,7665900,"S"
"MWG","14:25:06",42.7,0.35,2000,7665400,"B"
"MWG","14:25:04",42.65,0.3,2600,7663400,"B"
"MWG","14:25:03",42.7,0.35,3100,7660800,"S"
"MWG","14:25:02",42.7,0.35,5000,7657700,"S"
"MWG","14:25:01",42.7,0.35,200,7652700,"S"
"MWG","14:25:00",42.7,0.35,200,7652500,"S"
"MWG","14:24:58",42.7,0.35,1000,7652300,"S"
"MWG","14:24:58",42.7,0.35,100,7651300,"S"
"MWG","14:24:57",42.7,0.35,3300,7651200,"S"
"MWG","14:24:57",42.7,0.35,1600,7647900,"S"
"MWG","14:24:56",42.7,0.35,1600,7646300,"S"
"MWG","14:24:55",42.7,0.35,400,7644700,"S"
"MWG","14:24:53",42.7,0.35,12500,7644300,"B"
"MWG","14:24:52",42.7,0.35,700,7631800,"B"
"MWG","14:24:47",42.7,0.35,1200,7631100,"S"
"MWG","14:24:45",42.7,0.35,17000,7629900,"S"
"MWG","14:24:43",42.7,0.35,15000,7612900,"S"
"MWG","14:24:42",42.7,0.35,1200,7597900,"S"
"MWG","14:24:34",42.7,0.35,400,7595200,"S"
"MWG","14:24:33",42.7,0.35,100,7594800,"S"
"MWG","14:24:32",42.7,0.35,100,7594700,"S"
"MWG","14:24:32",42.7,0.35,100,7594600,"S"
"MWG","14:24:31",42.65,0.3,1900,7594500,"B"
"MWG","14:24:30",42.65,0.3,3000,7592600,"B"
"MWG","14:24:26",42.7,0.35,1200,7589600,"S"
"MWG","14:24:26",42.7,0.35,500,7588400,"S"
"MWG","14:24:25",42.7,0.35,26900,7587900,"B"
"MWG","14:24:25",42.7,0.35,400,7561000,"B"
"MWG","14:24:24",42.7,0.35,3000,7560600,"B"
"MWG","14:24:23",42.75,0.4,100,7557600,"S"
"MWG","14:24:19",42.7,0.35,2000,7557500,"B"
"MWG","14:24:14",42.7,0.35,4400,7555500,"B"
"MWG","14:24:14",42.75,0.4,100,7551100,"S"
"MWG","14:24:13",42.7,0.35,8800,7551000,"B"
"MWG","14:24:12",42.75,0.4,5000,7542200,"S"
"MWG","14:24:10",42.75,0.4,9000,7537200,"S"
"MWG","14:24:06",42.75,0.4,6500,7528200,"B"
"MWG","14:24:04",42.75,0.4,1600,7521700,"S"
"MWG","14:24:01",42.7,0.35,200,7520100,"B"
"MWG","14:23:58",42.75,0.4,2000,7519900,"S"
"MWG","14:23:57",42.7,0.35,500,7517900,"B"
"MWG","14:23:56",42.65,0.3,10000,7517400,"B"
"MWG","14:23:54",42.65,0.3,43500,7507400,"B"
"MWG","14:23:54",42.7,0.35,800,7463900,"B"
"MWG","14:23:51",42.7,0.35,1400,7463100,"S"
"MWG","14:23:49",42.7,0.35,5000,7461700,"B"
"MWG","14:23:48",42.75,0.4,1000,7456700,"S"
"MWG","14:23:47",42.7,0.35,1200,7455700,"B"
"MWG","14:23:44",42.75,0.4,6200,7454500,"S"
"MWG","14:23:43",42.75,0.4,100,7448300,"S"
"MWG","14:23:40",42.75,0.4,8400,7448200,"B"
"MWG","14:23:35",42.75,0.4,1100,7439800,"B"
"MWG","14:23:34",42.8,0.45,100,7438700,"S"
"MWG","14:23:30",42.8,0.45,5700,7438600,"B"
"MWG","14:23:29",42.85,0.5,6000,7432900,"S"
"MWG","14:23:26",42.8,0.45,4700,7426900,"B"
"MWG","14:23:20",42.85,0.5,5100,7422200,"S"
"MWG","14:23:19",42.85,0.5,6100,7417100,"B"
"MWG","14:23:15",42.9,0.55,100,7411000,"S"
"MWG","14:23:14",42.9,0.55,18700,7410900,"B"
"MWG","14:23:11",42.9,0.55,2000,7392200,"B"
"MWG","14:23:09",42.9,0.55,20000,7390200,"B"
"MWG","14:23:05",42.95,0.6,11800,7370200,"B"
"MWG","14:23:04",42.95,0.6,500,7358400,"B"
"MWG","14:23:01",42.95,0.6,700,7357900,"B"
"MWG","14:22:54",42.95,0.6,1000,7357200,"B"
"MWG","14:22:49",42.95,0.6,100,7356200,"B"
"MWG","14:22:47",42.95,0.6,3600,7356100,"S"
"MWG","14:22:47",42.9,0.55,15800,7352500,"B"
"MWG","14:22:46",42.95,0.6,100,7336700,"S"
"MWG","14:22:39",42.95,0.6,100,7336600,"S"
"MWG","14:22:38",42.95,0.6,1000,7336500,"S"
"MWG","14:22:38",42.9,0.55,20000,7335500,"B"
"MWG","14:22:37",42.95,0.6,100,7315500,"S"
"MWG","14:22:36",42.95,0.6,1100,7315400,"S"
"MWG","14:22:30",42.95,0.6,10000,7314300,"S"
"MWG","14:22:27",42.95,0.6,500,7304300,"S"
"MWG","14:22:16",42.95,0.6,2000,7303800,"S"
"MWG","14:22:10",42.95,0.6,200,7301800,"S"
"MWG","14:22:05",42.95,0.6,2000,7301600,"S"
"MWG","14:22:03",42.95,0.6,25700,7299600,"B"
"MWG","14:22:01",42.95,0.6,5000,7273900,"B"
"MWG","14:22:00",42.95,0.6,1500,7268900,"B"
"MWG","14:22:00",43,0.65,7400,7267400,"B"
"MWG","14:22:00",43,0.65,45500,7260000,"B"
"MWG","14:22:00",43.05,0.7,12400,7214500,"B"
"MWG","14:21:43",43.05,0.7,15800,7202100,"B"
"MWG","14:21:37",43.1,0.75,14800,7186300,"B"
"MWG","14:21:30",43.1,0.75,15800,7171500,"B"
"MWG","14:21:25",43.15,0.8,100,7155700,"S"
"MWG","14:21:23",43.15,0.8,1000,7155600,"B"
"MWG","14:21:21",43.15,0.8,5000,7154600,"B"
"MWG","14:21:18",43.15,0.8,15800,7149600,"B"
"MWG","14:21:11",43.15,0.8,500,7133800,"B"
"MWG","14:21:09",43.15,0.8,500,7133300,"B"
"MWG","14:21:07",43.15,0.8,15800,7132800,"B"
"MWG","14:20:58",43.15,0.8,100,7117000,"B"
"MWG","14:20:55",43.15,0.8,500,7116900,"B"
"MWG","14:20:53",43.15,0.8,15800,7116400,"B"
"MWG","14:20:46",43.15,0.8,5000,7099400,"B"
"MWG","14:20:44",43.2,0.85,4000,7094400,"S"
"MWG","14:20:41",43.2,0.85,600,7090400,"S"
"MWG","14:20:38",43.15,0.8,100,7089800,"B"
"MWG","14:20:20",43.2,0.85,1000,7089700,"S"
"MWG","14:20:09",43.2,0.85,500,7088700,"S"
"MWG","14:20:04",43.2,0.85,10000,7088200,"S"
"MWG","14:20:01",43.15,0.8,500,7078200,"B"
"MWG","14:19:57",43.15,0.8,200,7077700,"B"
"MWG","14:19:54",43.2,0.85,4000,7077500,"S"
"MWG","14:19:48",43.2,0.85,500,7073500,"S"
"MWG","14:19:35",43.15,0.8,2800,7073000,"B"
"MWG","14:19:20",43.2,0.85,600,7070200,"S"
"MWG","14:18:58",43.2,0.85,1000,7069600,"S"
"MWG","14:18:42",43.2,0.85,1800,7068600,"S"
"MWG","14:18:31",43.2,0.85,3300,7066800,"B"
"MWG","14:18:18",43.2,0.85,400,7063500,"B"
"MWG","14:18:17",43.2,0.85,300,7063100,"B"
"MWG","14:18:12",43.2,0.85,300,7062800,"B"
"MWG","14:18:03",43.2,0.85,1300,7062500,"B"
"MWG","14:17:58",43.2,0.85,5000,7061200,"B"
"MWG","14:17:58",43.2,0.85,10000,7056200,"B"
"MWG","14:17:57",43.2,0.85,300,7046200,"B"
"MWG","14:17:30",43.25,0.9,4300,7045900,"S"
"MWG","14:17:07",43.25,0.9,300,7041600,"S"
"MWG","14:17:05",43.2,0.85,200,7041300,"B"
"MWG","14:16:49",43.2,0.85,100,7041100,"B"
"MWG","14:16:45",43.25,0.9,1000,7041000,"S"
"MWG","14:16:24",43.2,0.85,100,7040000,"B"
"MWG","14:16:10",43.25,0.9,2000,7039900,"S"
"MWG","14:16:04",43.25,0.9,1200,7037900,"S"
"MWG","14:16:02",43.25,0.9,2800,7036700,"S"
"MWG","14:15:57",43.2,0.85,5800,7033900,"B"
"MWG","14:15:49",43.2,0.85,5000,7028100,"B"
"MWG","14:15:45",43.2,0.85,22500,7023100,"S"
"MWG","14:15:43",43.15,0.8,700,7000600,"B"
"MWG","14:15:41",43.2,0.85,2800,6999900,"S"
"MWG","14:15:26",43.2,0.85,4100,6997100,"S"
"MWG","14:15:26",43.15,0.8,100,6993000,"S"
"MWG","14:15:24",43.15,0.8,900,6992900,"B"
"MWG","14:15:21",43.2,0.85,800,6992000,"S"
"MWG","14:15:21",43.15,0.8,2000,6991200,"S"
"MWG","14:15:18",43.15,0.8,3800,6989200,"S"
"MWG","14:15:11",43.15,0.8,900,6985400,"S"
"MWG","14:15:08",43.15,0.8,3800,6984500,"S"
"MWG","14:15:08",43.1,0.75,100,6980700,"B"
"MWG","14:15:04",43.15,0.8,4300,6980600,"S"
"MWG","14:15:01",43.15,0.8,1000,6976300,"S"
"MWG","14:15:00",43.15,0.8,3800,6975300,"S"
"MWG","14:14:53",43.15,0.8,4000,6971500,"S"
"MWG","14:14:43",43.15,0.8,6700,6967500,"S"
"MWG","14:14:42",43.15,0.8,200,6960800,"S"
"MWG","14:14:38",43.1,0.75,100,6960600,"S"
"MWG","14:14:33",43.15,0.8,2600,6960500,"S"
"MWG","14:14:33",43.1,0.75,20000,6957900,"B"
"MWG","14:14:32",43.1,0.75,3000,6937900,"B"
"MWG","14:14:29",43.1,0.75,3000,6934900,"B"
"MWG","14:14:22",43.15,0.8,2800,6931900,"S"
"MWG","14:14:08",43.15,0.8,1000,6929100,"S"
"MWG","14:14:04",43.15,0.8,1000,6928100,"S"
"MWG","14:13:58",43.15,0.8,2000,6897100,"S"
"MWG","14:13:53",43.1,0.75,6000,6895100,"B"
"MWG","14:13:34",43.15,0.8,1000,6889100,"S"
"MWG","14:13:28",43.15,0.8,2000,6888100,"S"
"MWG","14:13:27",43.15,0.8,500,6886100,"S"
"MWG","14:13:27",43.1,0.75,1000,6885600,"B"
"MWG","14:13:19",43.15,0.8,1300,6884600,"S"
"MWG","14:13:17",43.1,0.75,3600,6883300,"B"
"MWG","14:12:47",43.1,0.75,500,6879700,"B"
"MWG","14:12:13",43.15,0.8,74500,6879200,"B"
"MWG","14:11:52",43.2,0.85,200,6804700,"S"
"MWG","14:11:45",43.15,0.8,2000,6804500,"B"
"MWG","14:11:42",43.15,0.8,2400,6802500,"B"
"MWG","14:11:41",43.2,0.85,3000,6800100,"S"
"MWG","14:11:39",43.15,0.8,500,6797100,"B"
"MWG","14:11:23",43.2,0.85,300,6796600,"S"
"MWG","14:10:55",43.2,0.85,300,6796300,"S"
"MWG","14:10:51",43.2,0.85,3000,6796000,"S"
"MWG","14:10:46",43.15,0.8,2000,6793000,"B"
"MWG","14:10:38",43.2,0.85,1000,6791000,"S"
"MWG","14:10:30",43.15,0.8,100,6790000,"B"
"MWG","14:10:27",43.2,0.85,300,6789900,"S"
"MWG","14:10:25",43.15,0.8,800,6789600,"B"
"MWG","14:10:08",43.2,0.85,200,6788800,"S"
"MWG","14:10:08",43.2,0.85,100,6788600,"S"
"MWG","14:09:56",43.2,0.85,1500,6788500,"S"
"MWG","14:09:46",43.2,0.85,100,6787000,"S"
"MWG","14:09:45",43.2,0.85,1000,6786900,"S"
"MWG","14:09:41",43.2,0.85,600,6785900,"S"
"MWG","14:09:33",43.2,0.85,1000,6785300,"S"
"MWG","14:09:28",43.2,0.85,1700,6784300,"S"
"MWG","14:09:20",43.2,0.85,3000,6782600,"S"
"MWG","14:09:17",43.2,0.85,500,6779600,"S"
"MWG","14:09:14",43.2,0.85,1000,6779100,"S"
"MWG","14:09:03",43.2,0.85,2800,6778100,"S"
"MWG","14:08:58",43.2,0.85,900,6775300,"B"
"MWG","14:08:57",43.2,0.85,500,6774400,"B"
"MWG","14:08:54",43.2,0.85,2700,6773900,"S"
"MWG","14:08:41",43.2,0.85,1800,6771200,"B"
"MWG","14:08:36",43.25,0.9,700,6769400,"S"
"MWG","14:08:33",43.2,0.85,100,6768700,"B"
"MWG","14:08:31",43.2,0.85,5000,6768600,"B"
"MWG","14:08:24",43.2,0.85,700,6763600,"B"
"MWG","14:08:22",43.25,0.9,300,6762900,"S"
"MWG","14:07:59",43.2,0.85,200,6762600,"B"
"MWG","14:07:48",43.2,0.85,3800,6762400,"B"
"MWG","14:07:41",43.25,0.9,100,6758600,"S"
"MWG","14:07:15",43.2,0.85,400,6758500,"B"
"MWG","14:06:52",43.25,0.9,1000,6758100,"S"
"MWG","14:06:47",43.25,0.9,300,6757100,"S"
"MWG","14:06:44",43.2,0.85,2300,6756800,"B"
"MWG","14:06:44",43.2,0.85,7700,6754500,"B"
"MWG","14:06:42",43.25,0.9,100,6746800,"S"
"MWG","14:06:27",43.2,0.85,5000,6746700,"B"
"MWG","14:06:21",43.25,0.9,200,6741700,"S"
"MWG","14:06:09",43.25,0.9,1400,6741500,"S"
"MWG","14:05:55",43.25,0.9,700,6740100,"B"
"MWG","14:05:48",43.25,0.9,300,6739400,"B"
"MWG","14:05:26",43.25,0.9,100,6739100,"B"
"MWG","14:05:14",43.25,0.9,800,6739000,"S"
"MWG","14:05:05",43.25,0.9,500,6738200,"S"
"MWG","14:04:56",43.2,0.85,500,6737700,"B"
"MWG","14:04:41",43.2,0.85,200,6737200,"B"
"MWG","14:04:38",43.2,0.85,200,6737000,"B"
"MWG","14:04:24",43.2,0.85,2000,6736800,"B"
"MWG","14:03:47",43.2,0.85,3800,6734800,"B"
"MWG","14:03:29",43.2,0.85,300,6731000,"B"
"MWG","14:03:28",43.25,0.9,2800,6730700,"S"
"MWG","14:03:28",43.2,0.85,100,6727900,"B"
"MWG","14:03:26",43.25,0.9,10000,6727800,"S"
"MWG","14:03:08",43.25,0.9,2800,6717800,"S"
"MWG","14:03:00",43.25,0.9,1000,6715000,"S"
"MWG","14:02:58",43.2,0.85,1900,6714000,"B"
"MWG","14:02:48",43.2,0.85,1200,6712100,"B"
"MWG","14:02:45",43.25,0.9,100,6710900,"S"
"MWG","14:02:42",43.2,0.85,500,6710800,"B"
"MWG","14:02:20",43.2,0.85,8300,6710300,"B"
"MWG","14:02:10",43.2,0.85,500,6702000,"B"
"MWG","14:02:00",43.2,0.85,9500,6701500,"B"
"MWG","14:01:59",43.25,0.9,6300,6692000,"B"
"MWG","14:01:43",43.25,0.9,9000,6685700,"B"
"MWG","14:01:39",43.25,0.9,900,6676700,"B"
"MWG","14:01:23",43.25,0.9,2000,6675800,"B"
"MWG","14:01:15",43.3,0.95,100,6673800,"S"
"MWG","14:00:51",43.3,0.95,2000,6673700,"S"
"MWG","14:00:37",43.3,0.95,200,6671700,"S"
"MWG","14:00:35",43.3,0.95,100,6671500,"S"
"MWG","14:00:22",43.3,0.95,2000,6671400,"S"
"MWG","14:00:20",43.3,0.95,2000,6669400,"S"
"MWG","14:00:16",43.3,0.95,5000,6667400,"S"
"MWG","14:00:01",43.3,0.95,200,6662400,"S"
"MWG","13:59:57",43.3,0.95,15000,6662200,"S"
"MWG","13:59:36",43.3,0.95,1000,6647200,"S"
"MWG","13:59:26",43.25,0.9,2000,6646200,"B"
"MWG","13:59:23",43.25,0.9,1000,6644200,"B"
"MWG","13:58:50",43.3,0.95,2500,6643200,"S"
"MWG","13:58:44",43.25,0.9,1600,6640700,"B"
"MWG","13:58:42",43.25,0.9,500,6639100,"B"
"MWG","13:58:17",43.25,0.9,7000,6638600,"S"
"MWG","13:58:15",43.25,0.9,200,6631600,"S"
"MWG","13:58:11",43.25,0.9,200,6631400,"S"
"MWG","13:58:04",43.25,0.9,2800,6631200,"S"
"MWG","13:57:54",43.25,0.9,5000,6628400,"S"
"MWG","13:57:48",43.25,0.9,500,6623400,"S"
"MWG","13:57:48",43.25,0.9,1100,6622900,"S"
"MWG","13:57:46",43.25,0.9,3300,6621800,"S"
"MWG","13:57:41",43.25,0.9,2800,6618500,"S"
"MWG","13:57:27",43.25,0.9,1900,6615700,"S"
"MWG","13:57:26",43.25,0.9,3800,6613800,"S"
"MWG","13:57:21",43.2,0.85,2500,6610000,"S"
"MWG","13:57:20",43.2,0.85,2800,6607500,"S"
"MWG","13:57:18",43.2,0.85,20000,6604700,"S"
"MWG","13:57:16",43.15,0.8,1000,6584700,"B"
"MWG","13:57:08",43.2,0.85,1000,6583700,"S"
"MWG","13:57:02",43.2,0.85,2800,6582700,"S"
"MWG","13:56:55",43.2,0.85,100,6579900,"S"
"MWG","13:56:29",43.2,0.85,2800,6579800,"S"
"MWG","13:56:10",43.15,0.8,1000,6577000,"B"
"MWG","13:56:09",43.2,0.85,3300,6576000,"S"
"MWG","13:56:05",43.2,0.85,100,6572700,"S"
"MWG","13:56:02",43.2,0.85,100,6572600,"S"
"MWG","13:56:01",43.2,0.85,500,6572500,"S"
"MWG","13:56:00",43.2,0.85,2000,6572000,"S"
"MWG","13:55:54",43.2,0.85,100,6570000,"S"
"MWG","13:55:48",43.2,0.85,2800,6569900,"S"
"MWG","13:55:38",43.15,0.8,5700,6567100,"B"
"MWG","13:55:29",43.2,0.85,2800,6561400,"S"
"MWG","13:55:18",43.2,0.85,500,6558600,"S"
"MWG","13:55:07",43.2,0.85,6100,6558100,"S"
"MWG","13:55:04",43.15,0.8,2400,6552000,"B"
"MWG","13:54:56",43.15,0.8,20000,6549600,"B"
"MWG","13:54:46",43.2,0.85,2800,6529600,"S"
"MWG","13:54:29",43.15,0.8,200,6526800,"B"
"MWG","13:53:45",43.15,0.8,10000,6526600,"B"
"MWG","13:53:13",43.2,0.85,1000,6516600,"S"
"MWG","13:53:10",43.2,0.85,100,6515600,"S"
"MWG","13:53:06",43.15,0.8,1000,6515500,"B"
"MWG","13:53:05",43.2,0.85,100,6514500,"S"
"MWG","13:52:58",43.2,0.85,600,6514400,"S"
"MWG","13:52:53",43.15,0.8,1000,6513800,"B"
"MWG","13:52:29",43.2,0.85,2000,6512800,"S"
"MWG","13:52:16",43.2,0.85,9200,6510800,"B"
"MWG","13:52:15",43.25,0.9,4300,6501600,"S"
"MWG","13:52:02",43.2,0.85,1400,6497300,"B"
"MWG","13:51:43",43.2,0.85,1000,6495900,"B"
"MWG","13:51:43",43.25,0.9,600,6494900,"S"
"MWG","13:51:28",43.2,0.85,100,6494300,"B"
"MWG","13:50:44",43.2,0.85,100,6494200,"B"
"MWG","13:49:59",43.25,0.9,1000,6494100,"S"
"MWG","13:49:44",43.25,0.9,300,6493100,"S"
"MWG","13:49:36",43.25,0.9,18200,6492800,"B"
"MWG","13:49:32",43.25,0.9,100,6474600,"B"
"MWG","13:49:28",43.25,0.9,7900,6474500,"B"
"MWG","13:49:11",43.25,0.9,1500,6466600,"B"
"MWG","13:49:09",43.25,0.9,12300,6465100,"S"
"MWG","13:48:52",43.25,0.9,2000,6452800,"S"
"MWG","13:48:52",43.2,0.85,2000,6450800,"S"
"MWG","13:48:42",43.2,0.85,4000,6448800,"B"
"MWG","13:48:41",43.2,0.85,500,6444800,"B"
"MWG","13:48:33",43.2,0.85,5400,6444300,"B"
"MWG","13:48:09",43.2,0.85,100,6438900,"B"
"MWG","13:48:04",43.2,0.85,1700,6438800,"B"
"MWG","13:47:53",43.2,0.85,2900,6437100,"S"
"MWG","13:47:49",43.2,0.85,47100,6434200,"B"
"MWG","13:47:37",43.25,0.9,4000,6387100,"S"
"MWG","13:47:30",43.2,0.85,10000,6383100,"B"
"MWG","13:47:27",43.25,0.9,1000,6373100,"S"
"MWG","13:47:21",43.25,0.9,1000,6372100,"S"
"MWG","13:47:11",43.25,0.9,1000,6371100,"S"
"MWG","13:47:04",43.2,0.85,1900,6370100,"B"
"MWG","13:46:41",43.2,0.85,2700,6368200,"B"
"MWG","13:46:21",43.2,0.85,7900,6365500,"B"
"MWG","13:46:21",43.2,0.85,100,6357600,"B"
"MWG","13:46:05",43.2,0.85,4900,6357500,"B"
"MWG","13:46:00",43.25,0.9,600,6352600,"B"
"MWG","13:46:00",43.25,0.9,200,6352000,"B"
"MWG","13:45:58",43.25,0.9,200,6351800,"B"
"MWG","13:45:57",43.25,0.9,1000,6351600,"B"
"MWG","13:45:39",43.25,0.9,1000,6350600,"B"
"MWG","13:45:34",43.25,0.9,4300,6349600,"B"
"MWG","13:45:33",43.25,0.9,1400,6345300,"B"
"MWG","13:45:28",43.25,0.9,2000,6343900,"B"
"MWG","13:45:15",43.25,0.9,500,6341900,"B"
"MWG","13:45:14",43.25,0.9,100,6341400,"B"
"MWG","13:45:02",43.25,0.9,1000,6341300,"B"
"MWG","13:44:59",43.25,0.9,5000,6340300,"B"
"MWG","13:44:48",43.25,0.9,100,6335300,"B"
"MWG","13:44:39",43.25,0.9,5200,6335200,"B"
"MWG","13:44:37",43.25,0.9,2000,6330000,"B"
"MWG","13:44:35",43.25,0.9,1200,6328000,"B"
"MWG","13:44:30",43.25,0.9,1700,6326800,"S"
"MWG","13:44:20",43.2,0.85,300,6325100,"B"
"MWG","13:43:54",43.2,0.85,2100,6324800,"B"
"MWG","13:43:47",43.3,0.95,200,6314800,"S"
"MWG","13:43:39",43.3,0.95,100,6314600,"S"
"MWG","13:42:56",43.3,0.95,100,6314500,"S"
"MWG","13:42:54",43.25,0.9,500,6314400,"B"
"MWG","13:42:45",43.25,0.9,1000,6313900,"B"
"MWG","13:42:34",43.25,0.9,2000,6312900,"B"
"MWG","13:42:32",43.25,0.9,6600,6310900,"B"
"MWG","13:42:19",43.25,0.9,10000,6304300,"B"
"MWG","13:42:02",43.3,0.95,300,6294300,"S"
"MWG","13:41:51",43.25,0.9,500,6294000,"B"
"MWG","13:41:33",43.25,0.9,500,6293500,"B"
"MWG","13:41:27",43.3,0.95,1000,6293000,"S"
"MWG","13:41:08",43.25,0.9,200,6292000,"B"
"MWG","13:40:52",43.25,0.9,500,6291800,"B"
"MWG","13:40:27",43.25,0.9,500,6291300,"B"
"MWG","13:40:23",43.25,0.9,1000,6290800,"B"
"MWG","13:40:19",43.25,0.9,2400,6289800,"B"
"MWG","13:40:06",43.25,0.9,200,6287400,"B"
"MWG","13:40:04",43.3,0.95,1000,6287200,"S"
"MWG","13:39:59",43.3,0.95,1000,6286200,"S"
"MWG","13:39:54",43.3,0.95,1000,6285200,"S"
"MWG","13:39:50",43.3,0.95,5000,6284200,"S"
"MWG","13:39:44",43.25,0.9,900,6279200,"B"
"MWG","13:39:21",43.25,0.9,100,6278300,"B"
"MWG","13:39:07",43.3,0.95,1000,6278200,"S"
"MWG","13:38:58",43.25,0.9,500,6277200,"B"
"MWG","13:38:57",43.25,0.9,100,6276700,"B"
"MWG","13:38:55",43.25,0.9,2400,6276600,"B"
"MWG","13:38:40",43.25,0.9,5000,6274200,"B"
"MWG","13:38:25",43.25,0.9,300,6269200,"B"
"MWG","13:38:10",43.25,0.9,500,6268900,"B"
"MWG","13:38:04",43.25,0.9,1000,6268400,"B"
"MWG","13:37:54",43.3,0.95,100,6267400,"S"
"MWG","13:37:28",43.3,0.95,100,6267300,"S"
"MWG","13:37:25",43.3,0.95,200,6267200,"S"
"MWG","13:37:15",43.3,0.95,200,6267000,"S"
"MWG","13:37:14",43.3,0.95,500,6266800,"B"
"MWG","13:37:10",43.3,0.95,500,6266300,"B"
"MWG","13:37:09",43.3,0.95,10000,6265800,"B"
"MWG","13:37:08",43.3,0.95,1400,6255800,"B"
"MWG","13:37:03",43.3,0.95,1000,6254400,"B"
"MWG","13:36:59",43.3,0.95,3100,6253400,"B"
"MWG","13:36:58",43.3,0.95,400,6250300,"B"
"MWG","13:36:58",43.35,1,1000,6249900,"S"
"MWG","13:36:36",43.3,0.95,3400,6248900,"B"
"MWG","13:36:28",43.3,0.95,2000,6245500,"B"
"MWG","13:35:58",43.35,1,1000,6243500,"S"
"MWG","13:35:56",43.3,0.95,3000,6242500,"B"
"MWG","13:35:52",43.35,1,2800,6239500,"B"
"MWG","13:35:49",43.35,1,6600,6236700,"B"
"MWG","13:35:48",43.35,1,1000,6230100,"B"
"MWG","13:35:47",43.35,1,100,6229100,"B"
"MWG","13:35:38",43.35,1,200,6229000,"B"
"MWG","13:35:36",43.4,1.05,100,6228800,"S"
"MWG","13:35:33",43.35,1,500,6228700,"B"
"MWG","13:35:30",43.35,1,2000,6228200,"B"
"MWG","13:35:29",43.35,1,5300,6226200,"B"
"MWG","13:35:28",43.35,1,500,6220900,"B"
"MWG","13:35:24",43.35,1,19800,6220400,"B"
"MWG","13:35:22",43.35,1,100,6200600,"B"
"MWG","13:35:20",43.35,1,500,6200500,"B"
"MWG","13:35:13",43.35,1,500,6200000,"B"
"MWG","13:35:07",43.35,1,2000,6199500,"B"
"MWG","13:35:06",43.35,1,1500,6197500,"B"
"MWG","13:35:05",43.35,1,500,6196000,"B"
"MWG","13:35:02",43.35,1,500,6195500,"B"
"MWG","13:35:02",43.35,1,1300,6195000,"B"
"MWG","13:34:58",43.35,1,200,6193700,"B"
"MWG","13:34:54",43.35,1,15000,6193500,"B"
"MWG","13:34:45",43.35,1,500,6178500,"B"
"MWG","13:34:42",43.35,1,200,6178000,"B"
"MWG","13:34:25",43.35,1,2400,6177800,"B"
"MWG","13:34:17",43.4,1.05,900,6175400,"S"
"MWG","13:34:16",43.4,1.05,100,6174500,"S"
"MWG","13:34:12",43.4,1.05,1000,6174400,"S"
"MWG","13:34:10",43.35,1,9000,6173400,"B"
"MWG","13:34:09",43.35,1,3000,6163900,"B"
"MWG","13:34:09",43.35,1,100,6160900,"B"
"MWG","13:34:01",43.35,1,1000,6160800,"B"
"MWG","13:33:47",43.4,1.05,1000,6159800,"S"
"MWG","13:33:28",43.4,1.05,5000,6158800,"S"
"MWG","13:32:38",43.4,1.05,200,6153800,"S"
"MWG","13:32:07",43.4,1.05,10000,6153600,"S"
"MWG","13:31:58",43.4,1.05,100,6143600,"S"
"MWG","13:31:41",43.4,1.05,5600,6143500,"S"
"MWG","13:31:31",43.4,1.05,200,6137900,"S"
"MWG","13:31:22",43.4,1.05,100,6137700,"S"
"MWG","13:31:14",43.4,1.05,18300,6137600,"B"
"MWG","13:31:06",43.4,1.05,1800,6119300,"B"
"MWG","13:31:04",43.4,1.05,900,6117500,"S"
"MWG","13:30:57",43.4,1.05,10000,6116600,"S"
"MWG","13:30:42",43.4,1.05,1000,6106600,"S"
"MWG","13:30:41",43.4,1.05,500,6105600,"S"
"MWG","13:30:36",43.4,1.05,1000,6105100,"S"
"MWG","13:30:34",43.4,1.05,12600,6104100,"B"
"MWG","13:30:27",43.4,1.05,5000,6091500,"B"
"MWG","13:30:19",43.4,1.05,1400,6086500,"S"
"MWG","13:30:17",43.4,1.05,30000,6085100,"S"
"MWG","13:29:57",43.4,1.05,500,6055100,"S"
"MWG","13:29:51",43.4,1.05,100,6054600,"S"
"MWG","13:29:50",43.4,1.05,34600,6054500,"B"
"MWG","13:29:49",43.45,1.1,3700,6019900,"S"
"MWG","13:29:46",43.4,1.05,5000,6016200,"B"
"MWG","13:29:41",43.4,1.05,1000,6011200,"B"
"MWG","13:29:08",43.45,1.1,500,6010200,"S"
"MWG","13:28:56",43.4,1.05,1000,6009700,"B"
"MWG","13:28:50",43.45,1.1,100,6008700,"S"
"MWG","13:28:50",43.45,1.1,9900,6008600,"S"
"MWG","13:28:44",43.45,1.1,4500,5998700,"S"
"MWG","13:28:36",43.45,1.1,500,5994200,"S"
"MWG","13:28:34",43.45,1.1,2000,5993700,"S"
"MWG","13:28:33",43.4,1.05,200,5991700,"B"
"MWG","13:28:30",43.45,1.1,500,5991500,"S"
"MWG","13:28:24",43.45,1.1,7000,5991000,"S"
"MWG","13:28:10",43.4,1.05,500,5984000,"B"
"MWG","13:27:58",43.45,1.1,2500,5983500,"S"
"MWG","13:27:56",43.4,1.05,500,5981000,"B"
"MWG","13:27:54",43.4,1.05,2000,5980500,"B"
"MWG","13:27:50",43.4,1.05,900,5978500,"B"
"MWG","13:27:47",43.4,1.05,2000,5977600,"B"
"MWG","13:27:45",43.45,1.1,800,5975600,"S"
"MWG","13:27:37",43.4,1.05,100,5974800,"B"
"MWG","13:27:35",43.4,1.05,4600,5974700,"B"
"MWG","13:27:33",43.4,1.05,200,5970100,"B"
"MWG","13:27:31",43.4,1.05,100,5969900,"B"
"MWG","13:27:26",43.4,1.05,1000,5969800,"B"
"MWG","13:27:16",43.4,1.05,1000,5968800,"B"
"MWG","13:27:14",43.4,1.05,100,5967800,"B"
"MWG","13:27:11",43.4,1.05,500,5966700,"B"
"MWG","13:27:05",43.4,1.05,3500,5966200,"B"
"MWG","13:27:03",43.4,1.05,4600,5962700,"B"
"MWG","13:27:03",43.4,1.05,1000,5958100,"B"
"MWG","13:26:54",43.4,1.05,1100,5957100,"B"
"MWG","13:26:50",43.4,1.05,10300,5956000,"S"
"MWG","13:26:47",43.4,1.05,300,5945700,"S"
"MWG","13:26:44",43.4,1.05,100,5945400,"S"
"MWG","13:26:30",43.4,1.05,21500,5945300,"B"
"MWG","13:26:29",43.4,1.05,1900,5923800,"B"
"MWG","13:26:18",43.4,1.05,600,5921900,"B"
"MWG","13:26:17",43.4,1.05,1400,5921300,"B"
"MWG","13:25:58",43.4,1.05,2400,5919900,"B"
"MWG","13:25:51",43.45,1.1,200,5917500,"S"
"MWG","13:25:49",43.45,1.1,2000,5917300,"S"
"MWG","13:25:47",43.45,1.1,2100,5915300,"S"
"MWG","13:25:41",43.45,1.1,800,5913200,"S"
"MWG","13:25:31",43.45,1.1,1000,5912400,"S"
"MWG","13:25:30",43.45,1.1,300,5911400,"S"
"MWG","13:25:10",43.45,1.1,3000,5911100,"S"
"MWG","13:25:07",43.45,1.1,1000,5908100,"S"
"MWG","13:24:45",43.5,1.15,100000,5907100,"S"
"MWG","13:24:40",43.5,1.15,51800,5807100,"S"
"MWG","13:24:40",43.45,1.1,8200,5755300,"S"
"MWG","13:24:35",43.45,1.1,60000,5747100,"S"
"MWG","13:24:31",43.4,1.05,300,5687100,"S"
"MWG","13:24:28",43.4,1.05,100,5686800,"S"
"MWG","13:24:16",43.4,1.05,5200,5686700,"S"
"MWG","13:24:08",43.35,1,100,5681500,"B"
"MWG","13:24:03",43.4,1.05,90000,5681400,"S"
"MWG","13:23:51",43.4,1.05,1400,5591400,"S"
"MWG","13:23:49",43.35,1,5700,5585500,"S"
"MWG","13:23:28",43.3,0.95,5100,5579800,"S"
"MWG","13:23:27",43.3,0.95,900,5574700,"S"
"MWG","13:23:20",43.3,0.95,400,5573800,"S"
"MWG","13:23:11",43.3,0.95,100,5573400,"S"
"MWG","13:23:08",43.3,0.95,500,5573300,"S"
"MWG","13:23:07",43.3,0.95,1900,5572800,"S"
"MWG","13:22:59",43.3,0.95,100,5570900,"S"
"MWG","13:22:56",43.3,0.95,100,5570800,"S"
"MWG","13:22:51",43.3,0.95,5700,5570700,"S"
"MWG","13:22:17",43.3,0.95,500,5565000,"S"
"MWG","13:22:16",43.3,0.95,1900,5564500,"S"
"MWG","13:22:10",43.3,0.95,5700,5562600,"S"
"MWG","13:22:08",43.3,0.95,100,5556900,"S"
"MWG","13:21:54",43.3,0.95,5700,5556800,"S"
"MWG","13:21:52",43.25,0.9,6400,5551100,"S"
"MWG","13:21:52",43.25,0.9,300,5544700,"S"
"MWG","13:21:43",43.25,0.9,5700,5544400,"S"
"MWG","13:21:42",43.2,0.85,2600,5538700,"B"
"MWG","13:21:40",43.25,0.9,1900,5536100,"S"
"MWG","13:21:37",43.25,0.9,500,5534200,"S"
"MWG","13:21:33",43.2,0.85,100,5533700,"B"
"MWG","13:20:48",43.2,0.85,52300,5533600,"S"
"MWG","13:20:42",43.15,0.8,5000,5481300,"B"
"MWG","13:20:33",43.15,0.8,400,5476300,"B"
"MWG","13:20:33",43.15,0.8,3000,5475900,"B"
"MWG","13:20:12",43.15,0.8,100,5472900,"B"
"MWG","13:19:40",43.15,0.8,5000,5472800,"B"
"MWG","13:19:30",43.15,0.8,200,5467800,"B"
"MWG","13:19:24",43.15,0.8,200,5467600,"B"
"MWG","13:19:00",43.15,0.8,100,5467400,"B"
"MWG","13:18:58",43.15,0.8,300,5467300,"B"
"MWG","13:18:45",43.15,0.8,200,5467000,"B"
"MWG","13:18:38",43.15,0.8,2000,5466800,"B"
"MWG","13:18:29",43.15,0.8,100,5464800,"B"
"MWG","13:18:23",43.15,0.8,500,5464700,"B"
"MWG","13:18:21",43.15,0.8,100,5464200,"B"
"MWG","13:18:16",43.15,0.8,100,5464100,"B"
"MWG","13:18:10",43.15,0.8,300,5464000,"B"
"MWG","13:18:07",43.15,0.8,4000,5463700,"B"
"MWG","13:18:04",43.15,0.8,500,5459700,"B"
"MWG","13:18:01",43.15,0.8,100,5459200,"B"
"MWG","13:17:35",43.15,0.8,300,5459100,"B"
"MWG","13:17:34",43.15,0.8,100,5458800,"B"
"MWG","13:17:34",43.15,0.8,100,5458700,"B"
"MWG","13:17:05",43.15,0.8,100,5458600,"B"
"MWG","13:17:02",43.2,0.85,500,5458500,"S"
"MWG","13:15:50",43.15,0.8,3600,5458000,"S"
"MWG","13:15:47",43.1,0.75,100,5454400,"B"
"MWG","13:15:44",43.15,0.8,500,5454300,"S"
"MWG","13:15:41",43.15,0.8,6500,5453800,"S"
"MWG","13:15:39",43.1,0.75,100,5447300,"B"
"MWG","13:15:36",43.15,0.8,500,5447200,"S"
"MWG","13:15:27",43.1,0.75,10000,5446700,"B"
"MWG","13:15:11",43.1,0.75,300,5436700,"S"
"MWG","13:15:03",43.1,0.75,55000,5436400,"S"
"MWG","13:14:53",43.05,0.7,200,5381400,"B"
"MWG","13:14:34",43.05,0.7,1000,5381200,"B"
"MWG","13:13:34",43.05,0.7,300,5380200,"B"
"MWG","13:13:13",43.1,0.75,800,5379900,"S"
"MWG","13:13:12",43.1,0.75,1000,5379100,"S"
"MWG","13:13:04",43.05,0.7,200,5378100,"B"
"MWG","13:13:01",43.05,0.7,8000,5377900,"B"
"MWG","13:12:52",43.1,0.75,100,5369900,"S"
"MWG","13:12:45",43.05,0.7,100,5369800,"B"
"MWG","13:12:38",43.05,0.7,5000,5369700,"B"
"MWG","13:12:36",43.05,0.7,200,5364700,"B"
"MWG","13:12:36",43.05,0.7,1800,5364500,"B"
"MWG","13:12:34",43.05,0.7,14800,5362700,"B"
"MWG","13:12:33",43.05,0.7,5200,5347900,"B"
"MWG","13:12:16",43.1,0.75,500,5342700,"S"
"MWG","13:12:11",43.05,0.7,1500,5342200,"B"
"MWG","13:11:48",43.05,0.7,100,5340700,"B"
"MWG","13:11:47",43.1,0.75,100,5340600,"S"
"MWG","13:11:23",43.1,0.75,200,5340500,"S"
"MWG","13:11:11",43.1,0.75,1100,5340300,"S"
"MWG","13:11:10",43.05,0.7,1000,5339200,"B"
"MWG","13:11:09",43.1,0.75,100,5338200,"S"
"MWG","13:11:03",43.1,0.75,1000,5338100,"S"
"MWG","13:10:53",43.1,0.75,5000,5337100,"S"
"MWG","13:10:46",43.05,0.7,500,5332100,"B"
"MWG","13:10:39",43.05,0.7,500,5331600,"B"
"MWG","13:10:28",43.05,0.7,800,5331100,"B"
"MWG","13:09:59",43.1,0.75,5700,5330300,"S"
"MWG","13:09:57",43.05,0.7,100,5324600,"B"
"MWG","13:09:48",43.1,0.75,200,5324500,"S"
"MWG","13:09:46",43.1,0.75,3200,5324300,"B"
"MWG","13:09:43",43.1,0.75,1500,5321100,"B"
"MWG","13:09:42",43.1,0.75,3500,5319600,"B"
"MWG","13:09:34",43.1,0.75,10000,5316100,"B"
"MWG","13:09:22",43.1,0.75,7000,5306100,"B"
"MWG","13:09:19",43.1,0.75,500,5299100,"B"
"MWG","13:09:13",43.1,0.75,10000,5298600,"B"
"MWG","13:09:05",43.1,0.75,900,5288600,"B"
"MWG","13:08:33",43.1,0.75,100,5287700,"B"
"MWG","13:08:20",43.15,0.8,3000,5287600,"S"
"MWG","13:08:03",43.15,0.8,5000,5284600,"B"
"MWG","13:07:52",43.2,0.85,1700,5279600,"S"
"MWG","13:07:52",43.15,0.8,1600,5277900,"S"
"MWG","13:07:42",43.15,0.8,100,5276300,"S"
"MWG","13:07:41",43.15,0.8,100,5276200,"S"
"MWG","13:07:39",43.15,0.8,100,5276100,"S"
"MWG","13:07:38",43.15,0.8,500,5276000,"S"
"MWG","13:07:28",43.15,0.8,3200,5275500,"B"
"MWG","13:06:58",43.15,0.8,5000,5272300,"B"
"MWG","13:06:53",43.15,0.8,5000,5267300,"B"
"MWG","13:06:43",43.15,0.8,200,5262300,"B"
"MWG","13:06:43",43.15,0.8,800,5262100,"S"
"MWG","13:06:40",43.15,0.8,10000,5261300,"S"
"MWG","13:06:32",43.15,0.8,10000,5251300,"S"
"MWG","13:06:29",43.1,0.75,1000,5241300,"B"
"MWG","13:06:29",43.1,0.75,1100,5240300,"B"
"MWG","13:06:11",43.1,0.75,1300,5239200,"B"
"MWG","13:05:15",43.1,0.75,100,5237900,"B"
"MWG","13:04:14",43.1,0.75,300,5237800,"S"
"MWG","13:04:12",43.1,0.75,500,5237500,"S"
"MWG","13:04:11",43.1,0.75,100,5237000,"S"
"MWG","13:04:10",43.1,0.75,1100,5236900,"S"
"MWG","13:04:07",43.1,0.75,100,5235800,"S"
"MWG","13:04:05",43.1,0.75,10000,5235700,"S"
"MWG","13:04:04",43.1,0.75,800,5225700,"S"
"MWG","13:04:00",43.1,0.75,10000,5224900,"S"
"MWG","13:03:58",43.1,0.75,1000,5214900,"S"
"MWG","13:03:54",43.1,0.75,1000,5213900,"S"
"MWG","13:03:53",43.1,0.75,10000,5212900,"S"
"MWG","13:03:23",43.1,0.75,5700,5202900,"S"
"MWG","13:03:18",43.1,0.75,20000,5197200,"S"
"MWG","13:03:17",43.05,0.7,1000,5177200,"B"
"MWG","13:03:08",43.1,0.75,100,5176200,"S"
"MWG","13:03:03",43.1,0.75,25000,5176100,"S"
"MWG","13:03:00",43.1,0.75,5700,5151100,"S"
"MWG","13:02:57",43.1,0.75,5000,5145400,"S"
"MWG","13:02:52",43.1,0.75,6000,5140400,"S"
"MWG","13:02:49",43.1,0.75,1300,5134400,"S"
"MWG","13:02:47",43.1,0.75,3300,5133100,"B"
"MWG","13:02:39",43.1,0.75,200,5129800,"B"
"MWG","13:02:29",43.1,0.75,1800,5129600,"S"
"MWG","13:02:25",43.1,0.75,1000,5127800,"S"
"MWG","13:02:24",43.1,0.75,300,5126800,"S"
"MWG","13:02:17",43.1,0.75,1000,5126500,"S"
"MWG","13:01:38",43.1,0.75,500,5125500,"S"
"MWG","13:01:23",43.1,0.75,1000,5125000,"S"
"MWG","13:01:02",43.1,0.75,200,5124000,"S"
"MWG","13:01:00",43.05,0.7,700,5123800,"B"
"MWG","13:00:56",43.1,0.75,7300,5123100,"B"
"MWG","13:00:50",43.1,0.75,5000,5115800,"B"
"MWG","13:00:46",43.1,0.75,200,5110800,"B"
"MWG","13:00:19",43.15,0.8,3000,5110600,"S"
"MWG","13:00:16",43.15,0.8,2400,5107600,"S"
"MWG","13:00:09",43.15,0.8,500,5105200,"S"
"MWG","13:00:08",43.15,0.8,400,5104700,"S"
"MWG","13:00:07",43.1,0.75,200,5104300,"B"
"MWG","13:00:03",43.2,0.85,200,5104100,"S"
"MWG","13:00:03",43.1,0.75,800,5103900,"S"
"MWG","13:00:02",43.1,0.75,500,5103100,"S"
"MWG","13:00:02",43.1,0.75,57600,5102600,"B"
"MWG","13:00:02",43.15,0.8,10100,5045000,"B"
"MWG","13:00:01",43.2,0.85,1000,5034900,"S"
"MWG","13:00:01",43.15,0.8,700,5033900,"B"
"MWG","13:00:00",43.15,0.8,100,5033200,"B"
"MWG","13:00:00",43.2,0.85,2900,5033100,"S"
"MWG","13:00:00",43.15,0.8,1000,5030200,"B"
"MWG","13:00:00",43.2,0.85,2400,5029200,"S"
"MWG","11:29:18",43.2,0.85,100,5026800,"S"
"MWG","11:29:12",43.15,0.8,500,5026700,"B"
"MWG","11:28:49",43.2,0.85,100,5026200,"S"
"MWG","11:28:49",43.15,0.8,1300,5026100,"B"
"MWG","11:28:43",43.15,0.8,2000,5024800,"B"
"MWG","11:28:35",43.2,0.85,100,5022800,"S"
"MWG","11:28:30",43.2,0.85,100,5022700,"S"
"MWG","11:28:25",43.15,0.8,3000,5022600,"B"
"MWG","11:28:21",43.15,0.8,500,5019600,"B"
"MWG","11:28:18",43.15,0.8,1000,5019100,"B"
"MWG","11:27:50",43.15,0.8,2100,5018100,"B"
"MWG","11:27:40",43.2,0.85,100,5016000,"S"
"MWG","11:27:37",43.15,0.8,1000,5015900,"B"
"MWG","11:27:27",43.15,0.8,1000,5014900,"B"
"MWG","11:27:07",43.15,0.8,500,5013900,"B"
"MWG","11:27:05",43.15,0.8,4800,5013400,"B"
"MWG","11:26:46",43.15,0.8,3900,5008600,"B"
"MWG","11:26:46",43.15,0.8,16600,5004700,"B"
"MWG","11:26:43",43.2,0.85,1000,4988100,"S"
"MWG","11:26:41",43.2,0.85,5000,4987100,"S"
"MWG","11:26:39",43.2,0.85,600,4982100,"S"
"MWG","11:26:37",43.15,0.8,1500,4981500,"B"
"MWG","11:26:36",43.2,0.85,1000,4980000,"S"
"MWG","11:26:22",43.2,0.85,500,4979000,"S"
"MWG","11:26:11",43.2,0.85,500,4978500,"S"
"MWG","11:26:01",43.2,0.85,10000,4978000,"S"
"MWG","11:25:39",43.2,0.85,100,4968000,"S"
"MWG","11:25:38",43.2,0.85,200,4967900,"S"
"MWG","11:25:27",43.2,0.85,300,4967700,"S"
"MWG","11:25:07",43.2,0.85,300,4967400,"S"
"MWG","11:24:28",43.2,0.85,100,4967100,"S"
"MWG","11:24:11",43.2,0.85,300,4967000,"S"
"MWG","11:24:05",43.2,0.85,600,4966700,"S"
"MWG","11:23:49",43.2,0.85,500,4966100,"S"
"MWG","11:23:35",43.2,0.85,300,4965600,"S"
"MWG","11:23:27",43.2,0.85,1000,4965300,"S"
"MWG","11:23:23",43.2,0.85,100,4964300,"S"
"MWG","11:23:07",43.2,0.85,600,4964200,"S"
"MWG","11:22:48",43.2,0.85,500,4963600,"S"
"MWG","11:22:46",43.2,0.85,10000,4963100,"S"
"MWG","11:22:44",43.2,0.85,100,4953100,"S"
"MWG","11:22:35",43.2,0.85,7200,4953000,"S"
"MWG","11:22:15",43.2,0.85,500,4945800,"S"
"MWG","11:22:10",43.2,0.85,300,4945300,"S"
"MWG","11:21:23",43.2,0.85,100,4945000,"S"
"MWG","11:21:20",43.2,0.85,3200,4944900,"S"
"MWG","11:21:14",43.15,0.8,500,4941700,"B"
"MWG","11:21:09",43.15,0.8,1000,4941200,"B"
"MWG","11:20:56",43.15,0.8,1000,4940200,"B"
"MWG","11:20:45",43.15,0.8,3000,4939200,"B"
"MWG","11:20:23",43.2,0.85,10000,4936200,"B"
"MWG","11:20:22",43.2,0.85,7000,4926200,"B"
"MWG","11:20:18",43.2,0.85,7000,4919200,"B"
"MWG","11:20:16",43.2,0.85,30000,4912200,"B"
"MWG","11:20:08",43.2,0.85,300,4882200,"B"
"MWG","11:20:07",43.2,0.85,3700,4881900,"B"
"MWG","11:20:01",43.2,0.85,1000,4878200,"B"
"MWG","11:19:59",43.2,0.85,500,4877200,"B"
"MWG","11:19:56",43.2,0.85,6700,4876700,"B"
"MWG","11:19:49",43.2,0.85,200,4870000,"B"
"MWG","11:19:47",43.2,0.85,8800,4869800,"B"
"MWG","11:19:45",43.2,0.85,100,4861000,"B"
"MWG","11:19:38",43.2,0.85,100,4860900,"B"
"MWG","11:19:31",43.2,0.85,1000,4860800,"B"
"MWG","11:19:25",43.2,0.85,600,4859800,"B"
"MWG","11:19:17",43.2,0.85,100,4859200,"B"
"MWG","11:19:14",43.25,0.9,100,4859100,"S"
"MWG","11:18:49",43.2,0.85,1000,4859000,"B"
"MWG","11:18:38",43.2,0.85,1000,4858000,"B"
"MWG","11:18:26",43.2,0.85,200,4857000,"B"
"MWG","11:18:06",43.25,0.9,1000,4856800,"S"
"MWG","11:17:57",43.2,0.85,3000,4855800,"B"
"MWG","11:17:46",43.2,0.85,600,4852800,"B"
"MWG","11:17:39",43.2,0.85,200,4852200,"B"
"MWG","11:17:37",43.2,0.85,600,4852000,"B"
"MWG","11:17:33",43.2,0.85,400,4851400,"B"
"MWG","11:17:26",43.25,0.9,700,4851000,"S"
"MWG","11:17:18",43.2,0.85,400,4850300,"B"
"MWG","11:17:07",43.2,0.85,100,4849900,"B"
"MWG","11:17:05",43.2,0.85,100,4849800,"B"
"MWG","11:16:51",43.2,0.85,700,4849700,"B"
"MWG","11:16:39",43.25,0.9,100,4849000,"S"
"MWG","11:16:34",43.2,0.85,100,4848900,"B"
"MWG","11:16:31",43.2,0.85,2000,4848800,"B"
"MWG","11:16:25",43.2,0.85,1000,4846800,"B"
"MWG","11:16:19",43.25,0.9,1900,4845800,"S"
"MWG","11:16:08",43.25,0.9,500,4843900,"S"
"MWG","11:15:58",43.25,0.9,500,4843400,"S"
"MWG","11:15:53",43.2,0.85,1000,4842900,"B"
"MWG","11:15:44",43.25,0.9,4000,4841900,"S"
"MWG","11:15:35",43.25,0.9,10000,4837900,"S"
"MWG","11:15:35",43.2,0.85,200,4827900,"B"
"MWG","11:14:34",43.2,0.85,400,4827700,"B"
"MWG","11:14:08",43.25,0.9,500,4827300,"S"
"MWG","11:14:06",43.25,0.9,500,4826800,"S"
"MWG","11:13:48",43.25,0.9,1000,4826300,"S"
"MWG","11:13:41",43.2,0.85,500,4825300,"B"
"MWG","11:13:19",43.25,0.9,1000,4824800,"S"
"MWG","11:13:14",43.25,0.9,5600,4823800,"S"
"MWG","11:13:11",43.25,0.9,1000,4818200,"S"
"MWG","11:13:09",43.25,0.9,200,4817200,"B"
"MWG","11:12:55",43.3,0.95,2900,4817000,"S"
"MWG","11:12:55",43.25,0.9,100,4814100,"S"
"MWG","11:12:46",43.25,0.9,25000,4814000,"B"
"MWG","11:12:33",43.3,0.95,3000,4789000,"S"
"MWG","11:12:06",43.3,0.95,1000,4786000,"S"
"MWG","11:12:06",43.25,0.9,500,4785000,"B"
"MWG","11:12:00",43.25,0.9,1000,4784500,"B"
"MWG","11:11:44",43.25,0.9,500,4783500,"B"
"MWG","11:10:52",43.3,0.95,200,4783000,"S"
"MWG","11:10:11",43.3,0.95,23500,4782800,"B"
"MWG","11:10:04",43.35,1,3000,4759300,"S"
"MWG","11:10:03",43.35,1,1000,4756300,"S"
"MWG","11:09:58",43.35,1,3800,4755300,"S"
"MWG","11:09:51",43.35,1,2000,4751500,"S"
"MWG","11:09:34",43.35,1,2000,4749500,"S"
"MWG","11:09:33",43.35,1,100,4747500,"S"
"MWG","11:08:08",43.35,1,1500,4747400,"S"
"MWG","11:07:56",43.35,1,100,4745900,"S"
"MWG","11:07:55",43.35,1,200,4745800,"S"
"MWG","11:07:18",43.35,1,500,4745600,"S"
"MWG","11:07:12",43.3,0.95,500,4745100,"B"
"MWG","11:06:49",43.3,0.95,100,4744600,"B"
"MWG","11:06:42",43.3,0.95,500,4744500,"B"
"MWG","11:06:30",43.35,1,400,4744000,"S"
"MWG","11:06:16",43.35,1,500,4743600,"S"
"MWG","11:05:42",43.35,1,100,4743100,"S"
"MWG","11:05:37",43.35,1,23200,4743000,"S"
"MWG","11:05:30",43.3,0.95,300,4719800,"B"
"MWG","11:05:25",43.3,0.95,9300,4719500,"S"
"MWG","11:05:19",43.25,0.9,7900,4710200,"B"
"MWG","11:05:00",43.25,0.9,600,4702300,"B"
"MWG","11:04:54",43.3,0.95,300,4701700,"S"
"MWG","11:04:47",43.3,0.95,200,4701400,"S"
"MWG","11:04:45",43.3,0.95,500,4701200,"S"
"MWG","11:04:19",43.3,0.95,1000,4700700,"S"
"MWG","11:04:10",43.25,0.9,300,4699700,"B"
"MWG","11:03:47",43.3,0.95,100,4699400,"S"
"MWG","11:03:37",43.3,0.95,1000,4699300,"S"
"MWG","11:03:31",43.3,0.95,300,4698300,"S"
"MWG","11:03:22",43.3,0.95,400,4698000,"S"
"MWG","11:02:56",43.3,0.95,1000,4697600,"S"
"MWG","11:02:54",43.25,0.9,11000,4696600,"B"
"MWG","11:02:51",43.3,0.95,500,4685600,"S"
"MWG","11:02:40",43.3,0.95,1000,4685100,"S"
"MWG","11:02:20",43.3,0.95,300,4684100,"S"
"MWG","11:02:13",43.3,0.95,10000,4683800,"S"
"MWG","11:01:59",43.3,0.95,500,4673800,"S"
"MWG","11:01:55",43.3,0.95,200,4673300,"S"
"MWG","11:01:52",43.3,0.95,100,4673100,"S"
"MWG","11:01:36",43.3,0.95,2000,4673000,"S"
"MWG","11:01:29",43.25,0.9,500,4671000,"B"
"MWG","11:01:27",43.25,0.9,100,4670500,"B"
"MWG","11:01:24",43.3,0.95,3300,4670400,"S"
"MWG","11:00:34",43.25,0.9,1000,4667100,"B"
"MWG","11:00:23",43.3,0.95,1000,4666100,"S"
"MWG","10:59:53",43.25,0.9,4000,4665100,"B"
"MWG","10:59:52",43.25,0.9,100,4661100,"B"
"MWG","10:59:43",43.25,0.9,100,4661000,"B"
"MWG","10:59:27",43.25,0.9,2000,4660900,"B"
"MWG","10:58:58",43.25,0.9,200,4658900,"B"
"MWG","10:58:51",43.25,0.9,1100,4658700,"B"
"MWG","10:58:34",43.25,0.9,2000,4657600,"S"
"MWG","10:58:30",43.25,0.9,2300,4655600,"S"
"MWG","10:58:27",43.25,0.9,500,4653300,"S"
"MWG","10:58:16",43.25,0.9,1800,4652800,"B"
"MWG","10:58:12",43.25,0.9,1100,4651000,"B"
"MWG","10:58:08",43.25,0.9,400,4649900,"B"
"MWG","10:58:00",43.25,0.9,200,4649500,"B"
"MWG","10:57:53",43.25,0.9,100,4649300,"B"
"MWG","10:57:51",43.25,0.9,2500,4649200,"B"
"MWG","10:57:41",43.25,0.9,800,4646700,"B"
"MWG","10:57:39",43.25,0.9,800,4645900,"B"
"MWG","10:57:34",43.25,0.9,500,4645100,"B"
"MWG","10:57:29",43.25,0.9,8800,4644600,"B"
"MWG","10:57:21",43.25,0.9,8000,4635800,"B"
"MWG","10:57:11",43.25,0.9,2000,4627800,"B"
"MWG","10:57:08",43.25,0.9,500,4625800,"B"
"MWG","10:56:51",43.3,0.95,500,4625300,"S"
"MWG","10:56:40",43.3,0.95,500,4624800,"S"
"MWG","10:56:32",43.3,0.95,1000,4624300,"S"
"MWG","10:56:31",43.3,0.95,100,4623300,"S"
"MWG","10:56:29",43.25,0.9,2200,4623200,"B"
"MWG","10:56:21",43.3,0.95,200,4621000,"S"
"MWG","10:56:13",43.3,0.95,100,4620800,"S"
"MWG","10:55:57",43.3,0.95,28800,4620700,"B"
"MWG","10:55:50",43.35,1,1000,4591900,"S"
"MWG","10:55:45",43.35,1,100,4590900,"S"
"MWG","10:55:43",43.3,0.95,5000,4590800,"B"
"MWG","10:55:33",43.3,0.95,100,4585800,"B"
"MWG","10:55:32",43.3,0.95,100,4585700,"B"
"MWG","10:55:20",43.35,1,900,4585600,"S"
"MWG","10:55:04",43.35,1,3800,4584700,"B"
"MWG","10:54:41",43.35,1,33300,4580900,"B"
"MWG","10:54:39",43.35,1,100,4547600,"B"
"MWG","10:54:23",43.35,1,500,4547500,"B"
"MWG","10:54:15",43.4,1.05,700,4547000,"S"
"MWG","10:54:09",43.4,1.05,1000,4546300,"S"
"MWG","10:54:01",43.4,1.05,200,4545300,"S"
"MWG","10:53:49",43.4,1.05,500,4545100,"S"
"MWG","10:53:25",43.4,1.05,41300,4544600,"B"
"MWG","10:53:17",43.45,1.1,7200,4503300,"B"
"MWG","10:53:01",43.5,1.15,100,4496100,"S"
"MWG","10:52:53",43.45,1.1,22000,4496000,"B"
"MWG","10:52:51",43.45,1.1,300,4474000,"B"
"MWG","10:52:40",43.5,1.15,1000,4473700,"S"
"MWG","10:52:30",43.45,1.1,100,4472700,"B"
"MWG","10:52:26",43.5,1.15,100,4472600,"S"
"MWG","10:52:21",43.45,1.1,100,4472500,"B"
"MWG","10:52:18",43.45,1.1,700,4472400,"B"
"MWG","10:52:18",43.5,1.15,100,4471700,"S"
"MWG","10:52:16",43.45,1.1,20200,4471600,"B"
"MWG","10:52:10",43.45,1.1,300,4451400,"B"
"MWG","10:51:43",43.45,1.1,400,4451100,"B"
"MWG","10:51:42",43.5,1.15,1000,4450700,"S"
"MWG","10:51:41",43.5,1.15,3000,4449700,"S"
"MWG","10:51:25",43.5,1.15,1700,4446700,"S"
"MWG","10:51:18",43.45,1.1,300,4445000,"B"
"MWG","10:51:08",43.5,1.15,1000,4444700,"S"
"MWG","10:51:04",43.5,1.15,500,4443700,"S"
"MWG","10:51:01",43.5,1.15,1000,4443200,"S"
"MWG","10:50:58",43.5,1.15,2000,4442200,"S"
"MWG","10:50:52",43.45,1.1,1000,4440200,"B"
"MWG","10:50:50",43.5,1.15,15000,4439200,"S"
"MWG","10:50:41",43.45,1.1,1000,4424200,"B"
"MWG","10:50:39",43.45,1.1,100,4423200,"B"
"MWG","10:50:34",43.45,1.1,400,4423100,"B"
"MWG","10:50:09",43.45,1.1,1000,4422700,"B"
"MWG","10:50:08",43.45,1.1,2000,4421700,"B"
"MWG","10:49:55",43.5,1.15,200,4419700,"S"
"MWG","10:49:50",43.45,1.1,200,4419500,"B"
"MWG","10:48:35",43.5,1.15,100,4419300,"S"
"MWG","10:48:33",43.5,1.15,100,4419200,"S"
"MWG","10:48:08",43.5,1.15,16800,4419100,"S"
"MWG","10:48:05",43.45,1.1,700,4402300,"B"
"MWG","10:48:00",43.45,1.1,100,4401600,"B"
"MWG","10:47:55",43.45,1.1,4000,4401500,"B"
"MWG","10:47:47",43.45,1.1,100,4397500,"B"
"MWG","10:47:45",43.45,1.1,3100,4397400,"S"
"MWG","10:47:45",43.4,1.05,7800,4394300,"S"
"MWG","10:47:43",43.4,1.05,10000,4386500,"S"
"MWG","10:47:35",43.4,1.05,40800,4376500,"B"
"MWG","10:47:35",43.4,1.05,6100,4335700,"B"
"MWG","10:47:35",43.45,1.1,34800,4329600,"B"
"MWG","10:47:26",43.45,1.1,5200,4294800,"S"
"MWG","10:47:25",43.45,1.1,500,4289600,"S"
"MWG","10:47:24",43.45,1.1,1000,4289100,"S"
"MWG","10:47:24",43.4,1.05,900,4288100,"B"
"MWG","10:46:37",43.45,1.1,500,4287200,"S"
"MWG","10:46:22",43.45,1.1,500,4286700,"S"
"MWG","10:46:11",43.45,1.1,25100,4286200,"B"
"MWG","10:46:11",43.5,1.15,100,4261100,"S"
"MWG","10:45:32",43.5,1.15,10000,4261000,"S"
"MWG","10:45:15",43.5,1.15,200,4251000,"S"
"MWG","10:44:38",43.5,1.15,500,4250800,"S"
"MWG","10:44:22",43.45,1.1,1000,4250300,"B"
"MWG","10:44:18",43.5,1.15,100,4249300,"S"
"MWG","10:44:12",43.45,1.1,200,4249200,"B"
"MWG","10:44:08",43.45,1.1,1000,4249000,"B"
"MWG","10:44:07",43.45,1.1,1000,4248000,"B"
"MWG","10:43:54",43.45,1.1,100,4247000,"B"
"MWG","10:43:51",43.45,1.1,1000,4246900,"B"
"MWG","10:43:51",43.45,1.1,900,4245900,"B"
"MWG","10:43:49",43.5,1.15,200,4245000,"S"
"MWG","10:43:46",43.45,1.1,5800,4244800,"B"
"MWG","10:43:37",43.45,1.1,2200,4239000,"B"
"MWG","10:43:29",43.45,1.1,1000,4236800,"B"
"MWG","10:43:21",43.45,1.1,1000,4235800,"B"
"MWG","10:42:58",43.45,1.1,1000,4234800,"B"
"MWG","10:42:43",43.5,1.15,200,4233800,"S"
"MWG","10:42:14",43.5,1.15,100,4233600,"S"
"MWG","10:42:05",43.5,1.15,200,4233500,"S"
"MWG","10:41:31",43.45,1.1,200,4233300,"B"
"MWG","10:41:24",43.45,1.1,3000,4233100,"B"
"MWG","10:41:23",43.45,1.1,100,4230100,"B"
"MWG","10:41:11",43.5,1.15,100,4230000,"S"
"MWG","10:40:57",43.45,1.1,3800,4229900,"B"
"MWG","10:40:49",43.5,1.15,1100,4226100,"S"
"MWG","10:40:47",43.5,1.15,500,4225000,"S"
"MWG","10:40:45",43.5,1.15,3800,4224500,"S"
"MWG","10:40:40",43.45,1.1,9000,4220700,"B"
"MWG","10:40:36",43.5,1.15,100,4211700,"S"
"MWG","10:40:33",43.45,1.1,10000,4211600,"B"
"MWG","10:40:16",43.45,1.1,100,4201600,"B"
"MWG","10:39:57",43.5,1.15,26500,4201500,"B"
"MWG","10:39:55",43.5,1.15,100,4175000,"B"
"MWG","10:39:35",43.5,1.15,100,4174900,"B"
"MWG","10:39:27",43.55,1.2,100,4174800,"S"
"MWG","10:39:06",43.55,1.2,400,4174700,"S"
"MWG","10:39:03",43.55,1.2,100,4174300,"S"
"MWG","10:38:34",43.55,1.2,100,4174200,"S"
"MWG","10:38:20",43.55,1.2,400,4174100,"B"
"MWG","10:38:09",43.55,1.2,10000,4173700,"B"
"MWG","10:38:04",43.55,1.2,1000,4163700,"B"
"MWG","10:37:58",43.55,1.2,10000,4162700,"B"
"MWG","10:37:57",43.55,1.2,100,4152700,"B"
"MWG","10:37:54",43.55,1.2,800,4152600,"B"
"MWG","10:37:51",43.55,1.2,500,4151800,"B"
"MWG","10:36:46",43.55,1.2,2000,4151300,"B"
"MWG","10:36:34",43.55,1.2,7800,4149300,"S"
"MWG","10:36:28",43.55,1.2,2200,4141500,"S"
"MWG","10:36:23",43.55,1.2,100,4139300,"S"
"MWG","10:36:22",43.5,1.15,200,4139200,"B"
"MWG","10:36:09",43.5,1.15,15600,4139000,"B"
"MWG","10:36:07",43.55,1.2,14000,4123400,"S"
"MWG","10:35:54",43.5,1.15,300,4109400,"B"
"MWG","10:35:37",43.5,1.15,30000,4109100,"B"
"MWG","10:35:24",43.5,1.15,2000,4079100,"B"
"MWG","10:35:22",43.5,1.15,100,4077100,"B"
"MWG","10:35:21",43.55,1.2,2000,4077000,"S"
"MWG","10:35:21",43.5,1.15,100,4075000,"B"
"MWG","10:35:12",43.5,1.15,2000,4074900,"B"
"MWG","10:35:07",43.5,1.15,200,4072900,"B"
"MWG","10:35:05",43.5,1.15,2900,4072700,"S"
"MWG","10:34:51",43.5,1.15,162700,4069800,"S"
"MWG","10:34:44",43.45,1.1,70000,3906800,"S"
"MWG","10:34:19",43.45,1.1,3800,3836800,"S"
"MWG","10:33:56",43.45,1.1,5200,3833000,"S"
"MWG","10:33:45",43.45,1.1,2400,3827800,"S"
"MWG","10:33:30",43.45,1.1,10000,3825400,"S"
"MWG","10:33:12",43.4,1.05,200,3815400,"B"
"MWG","10:33:01",43.45,1.1,200,3815200,"S"
"MWG","10:32:58",43.45,1.1,2500,3815000,"S"
"MWG","10:32:53",43.45,1.1,100,3812500,"S"
"MWG","10:32:52",43.4,1.05,500,3812400,"B"
"MWG","10:32:45",43.4,1.05,900,3811900,"B"
"MWG","10:32:42",43.4,1.05,600,3811000,"B"
"MWG","10:32:36",43.4,1.05,100,3810400,"B"
"MWG","10:32:34",43.45,1.1,500,3810300,"S"
"MWG","10:32:33",43.45,1.1,100,3809800,"S"
"MWG","10:32:20",43.4,1.05,100,3809700,"B"
"MWG","10:31:34",43.4,1.05,100,3809600,"B"
"MWG","10:31:22",43.45,1.1,100,3809500,"S"
"MWG","10:31:09",43.45,1.1,300,3809400,"S"
"MWG","10:30:58",43.4,1.05,2000,3809100,"B"
"MWG","10:30:54",43.45,1.1,200,3807100,"S"
"MWG","10:30:51",43.45,1.1,3000,3806900,"S"
"MWG","10:30:51",43.4,1.05,200,3803900,"B"
"MWG","10:30:48",43.4,1.05,200,3803700,"B"
"MWG","10:30:46",43.4,1.05,1000,3803500,"B"
"MWG","10:30:46",43.4,1.05,4800,3801500,"S"
"MWG","10:30:30",43.35,1,100,3796700,"B"
"MWG","10:30:16",43.4,1.05,400,3796600,"S"
"MWG","10:29:46",43.4,1.05,9000,3796200,"S"
"MWG","10:29:37",43.4,1.05,5000,3787200,"S"
"MWG","10:29:32",43.4,1.05,5000,3782200,"S"
"MWG","10:29:31",43.4,1.05,100,3777200,"S"
"MWG","10:29:23",43.4,1.05,5000,3777100,"S"
"MWG","10:29:22",43.4,1.05,3500,3772100,"S"
"MWG","10:29:22",43.35,1,100,3768600,"B"
"MWG","10:29:11",43.4,1.05,32000,3768500,"S"
"MWG","10:28:51",43.35,1,500,3736500,"B"
"MWG","10:28:44",43.4,1.05,100,3736000,"S"
"MWG","10:28:36",43.35,1,4700,3735900,"B"
"MWG","10:28:33",43.35,1,100,3731200,"B"
"MWG","10:28:06",43.35,1,1200,3731100,"B"
"MWG","10:27:51",43.35,1,1000,3729900,"B"
"MWG","10:27:35",43.4,1.05,1000,3728900,"S"
"MWG","10:27:27",43.4,1.05,300,3727900,"S"
"MWG","10:27:25",43.4,1.05,2000,3727600,"S"
"MWG","10:27:22",43.4,1.05,200,3725600,"S"
"MWG","10:27:19",43.4,1.05,100,3725400,"S"
"MWG","10:27:09",43.35,1,2000,3725300,"B"
"MWG","10:27:07",43.4,1.05,300,3723300,"S"
"MWG","10:26:50",43.35,1,3500,3723000,"B"
"MWG","10:26:33",43.4,1.05,100,3719500,"S"
"MWG","10:26:10",43.35,1,9000,3719400,"B"
"MWG","10:26:02",43.35,1,9500,3710400,"S"
"MWG","10:25:50",43.35,1,10000,3700900,"S"
"MWG","10:25:48",43.35,1,100,3690900,"S"
"MWG","10:25:47",43.35,1,10000,3690800,"S"
"MWG","10:25:33",43.3,0.95,200,3680800,"B"
"MWG","10:25:23",43.35,1,50000,3680600,"S"
"MWG","10:25:14",43.35,1,8400,3630600,"S"
"MWG","10:24:20",43.35,1,100,3622200,"S"
"MWG","10:24:13",43.3,0.95,1000,3622100,"B"
"MWG","10:24:10",43.35,1,100,3621100,"S"
"MWG","10:24:06",43.3,0.95,300,3621000,"B"
"MWG","10:24:01",43.3,0.95,2000,3620700,"B"
"MWG","10:23:57",43.3,0.95,100,3618700,"B"
"MWG","10:23:27",43.3,0.95,1000,3618600,"B"
"MWG","10:23:07",43.3,0.95,200,3617600,"B"
"MWG","10:23:03",43.35,1,1000,3617400,"S"
"MWG","10:22:59",43.3,0.95,1000,3616400,"B"
"MWG","10:22:54",43.3,0.95,100,3615400,"B"
"MWG","10:22:41",43.3,0.95,6900,3615300,"B"
"MWG","10:22:35",43.3,0.95,4100,3608400,"B"
"MWG","10:22:35",43.35,1,1000,3604300,"S"
"MWG","10:22:23",43.3,0.95,10000,3603300,"B"
"MWG","10:22:18",43.3,0.95,100,3593300,"B"
"MWG","10:22:14",43.35,1,1000,3593200,"S"
"MWG","10:22:08",43.35,1,1000,3592200,"S"
"MWG","10:22:08",43.3,0.95,500,3591200,"B"
"MWG","10:22:03",43.35,1,1000,3590700,"S"
"MWG","10:21:59",43.3,0.95,4200,3589700,"B"
"MWG","10:21:56",43.3,0.95,900,3585500,"B"
"MWG","10:21:55",43.35,1,1000,3584600,"S"
"MWG","10:21:48",43.35,1,2000,3583600,"S"
"MWG","10:21:46",43.3,0.95,300,3581600,"B"
"MWG","10:21:46",43.35,1,1000,3581300,"S"
"MWG","10:21:37",43.3,0.95,1000,3580300,"B"
"MWG","10:21:21",43.3,0.95,1300,3579300,"B"
"MWG","10:21:18",43.3,0.95,300,3578000,"B"
"MWG","10:21:14",43.35,1,1000,3577700,"S"
"MWG","10:20:56",43.3,0.95,400,3576700,"B"
"MWG","10:20:54",43.35,1,5000,3576300,"S"
"MWG","10:20:47",43.35,1,5000,3571300,"S"
"MWG","10:20:47",43.3,0.95,500,3566300,"B"
"MWG","10:20:42",43.3,0.95,100,3565800,"B"
"MWG","10:20:32",43.3,0.95,1900,3565700,"B"
"MWG","10:20:17",43.3,0.95,1000,3563800,"B"
"MWG","10:19:56",43.3,0.95,200,3562800,"B"
"MWG","10:19:29",43.3,0.95,500,3562600,"B"
"MWG","10:19:26",43.3,0.95,200,3562100,"B"
"MWG","10:18:57",43.3,0.95,500,3561900,"B"
"MWG","10:18:32",43.3,0.95,200,3561400,"B"
"MWG","10:18:27",43.3,0.95,4400,3561200,"S"
"MWG","10:18:25",43.25,0.9,700,3556800,"B"
"MWG","10:18:15",43.3,0.95,300,3556100,"S"
"MWG","10:18:04",43.3,0.95,10100,3555800,"S"
"MWG","10:17:34",43.3,0.95,3000,3545700,"S"
"MWG","10:17:31",43.25,0.9,1000,3542700,"B"
"MWG","10:17:17",43.25,0.9,700,3541700,"B"
"MWG","10:17:06",43.3,0.95,1000,3541000,"S"
"MWG","10:16:51",43.3,0.95,2600,3540000,"B"
"MWG","10:16:48",43.3,0.95,400,3537400,"S"
"MWG","10:16:47",43.3,0.95,100,3537000,"S"
"MWG","10:16:35",43.3,0.95,800,3536900,"B"
"MWG","10:15:57",43.3,0.95,300,3536100,"B"
"MWG","10:15:56",43.3,0.95,300,3535800,"B"
"MWG","10:15:44",43.3,0.95,500,3535500,"B"
"MWG","10:15:36",43.3,0.95,500,3535000,"B"
"MWG","10:15:19",43.3,0.95,500,3534500,"B"
"MWG","10:15:11",43.3,0.95,5000,3534000,"B"
"MWG","10:14:46",43.3,0.95,600,3529000,"B"
"MWG","10:14:44",43.3,0.95,4800,3528400,"S"
"MWG","10:14:38",43.3,0.95,100,3523600,"S"
"MWG","10:14:18",43.25,0.9,200,3523500,"B"
"MWG","10:14:12",43.3,0.95,4000,3521800,"S"
"MWG","10:14:08",43.3,0.95,4000,3517800,"B"
"MWG","10:14:03",43.3,0.95,3000,3513800,"B"
"MWG","10:13:47",43.3,0.95,700,3510800,"B"
"MWG","10:13:35",43.25,0.9,100,3510100,"B"
"MWG","10:13:35",43.3,0.95,300,3510000,"B"
"MWG","10:13:25",43.35,1,35500,3509700,"B"
"MWG","10:13:21",43.35,1,500,3474200,"B"
"MWG","10:12:28",43.35,1,500,3473700,"B"
"MWG","10:12:28",43.4,1.05,3000,3473200,"S"
"MWG","10:11:53",43.35,1,200,3470200,"B"
"MWG","10:11:48",43.4,1.05,1000,3470000,"S"
"MWG","10:11:45",43.35,1,1000,3469000,"B"
"MWG","10:11:35",43.35,1,300,3468000,"B"
"MWG","10:11:30",43.35,1,200,3467700,"B"
"MWG","10:11:22",43.35,1,1000,3467500,"B"
"MWG","10:11:14",43.35,1,7200,3466500,"S"
"MWG","10:11:14",43.3,0.95,100,3459300,"S"
"MWG","10:11:05",43.25,0.9,38400,3459200,"B"
"MWG","10:10:35",43.35,1,300,3389800,"B"
"MWG","10:10:35",43.35,1,10000,3389500,"B"
"MWG","10:10:34",43.35,1,7600,3379500,"B"
"MWG","10:10:32",43.35,1,800,3371900,"B"
"MWG","10:10:31",43.35,1,10000,3371100,"B"
"MWG","10:10:25",43.35,1,1000,3361100,"B"
"MWG","10:10:19",43.35,1,3000,3360100,"B"
"MWG","10:10:17",43.35,1,100,3357100,"B"
"MWG","10:09:49",43.35,1,500,3357000,"B"
"MWG","10:09:47",43.4,1.05,5700,3356500,"S"
"MWG","10:09:44",43.35,1,4000,3350800,"B"
"MWG","10:09:29",43.35,1,500,3346800,"B"
"MWG","10:09:20",43.35,1,1000,3346300,"B"
"MWG","10:09:05",43.35,1,1000,3345300,"B"
"MWG","10:08:50",43.35,1,200,3344300,"B"
"MWG","10:08:45",43.35,1,5000,3344100,"B"
"MWG","10:07:51",43.4,1.05,1000,3339100,"S"
"MWG","10:07:43",43.35,1,1500,3338100,"B"
"MWG","10:07:40",43.4,1.05,500,3336600,"S"
"MWG","10:07:33",43.35,1,5000,3336100,"B"
"MWG","10:07:32",43.4,1.05,1000,3331100,"S"
"MWG","10:07:28",43.35,1,100,3330100,"B"
"MWG","10:07:07",43.35,1,1000,3330000,"B"
"MWG","10:06:51",43.35,1,5000,3329000,"B"
"MWG","10:06:44",43.4,1.05,1000,3324000,"S"
"MWG","10:06:38",43.35,1,37000,3323000,"B"
"MWG","10:06:00",43.4,1.05,10000,3286000,"S"
"MWG","10:05:56",43.35,1,1600,3276000,"B"
"MWG","10:05:49",43.4,1.05,5000,3274400,"S"
"MWG","10:05:48",43.35,1,100,3269400,"B"
"MWG","10:05:43",43.4,1.05,1000,3269300,"S"
"MWG","10:05:28",43.4,1.05,600,3268300,"S"
"MWG","10:05:20",43.35,1,100,3267700,"B"
"MWG","10:04:50",43.4,1.05,5000,3267600,"S"
"MWG","10:04:26",43.4,1.05,100,3262600,"S"
"MWG","10:04:08",43.35,1,300,3262500,"B"
"MWG","10:04:02",43.35,1,1000,3262200,"B"
"MWG","10:03:53",43.35,1,9700,3261200,"S"
"MWG","10:03:49",43.35,1,4000,3251500,"S"
"MWG","10:03:46",43.3,0.95,400,3247500,"B"
"MWG","10:03:24",43.35,1,10000,3247100,"B"
"MWG","10:03:21",43.35,1,6000,3237100,"B"
"MWG","10:03:02",43.35,1,200,3231100,"B"
"MWG","10:03:00",43.35,1,200,3230900,"B"
"MWG","10:02:56",43.4,1.05,5000,3230700,"S"
"MWG","10:02:54",43.35,1,800,3225700,"B"
"MWG","10:02:47",43.4,1.05,2000,3224900,"S"
"MWG","10:02:46",43.4,1.05,5000,3222900,"S"
"MWG","10:02:44",43.35,1,4000,3217900,"B"
"MWG","10:02:27",43.4,1.05,300,3213900,"S"
"MWG","10:02:18",43.4,1.05,1500,3213600,"B"
"MWG","10:02:16",43.4,1.05,100,3212100,"B"
"MWG","10:02:06",43.4,1.05,500,3212000,"B"
"MWG","10:02:06",43.4,1.05,200,3211500,"B"
"MWG","10:01:51",43.4,1.05,400,3211300,"B"
"MWG","10:01:49",43.4,1.05,100,3210900,"B"
"MWG","10:01:46",43.4,1.05,100,3210800,"B"
"MWG","10:01:40",43.4,1.05,100,3210700,"B"
"MWG","10:01:40",43.4,1.05,7000,3210600,"S"
"MWG","10:01:36",43.4,1.05,300,3203600,"S"
"MWG","10:01:32",43.4,1.05,10000,3203300,"S"
"MWG","10:01:31",43.4,1.05,1600,3193300,"S"
"MWG","10:01:30",43.4,1.05,200,3191700,"S"
"MWG","10:01:25",43.35,1,300,3191500,"B"
"MWG","10:01:16",43.4,1.05,500,3191200,"S"
"MWG","10:01:11",43.35,1,1000,3190700,"B"
"MWG","10:01:08",43.4,1.05,20000,3189700,"S"
"MWG","10:01:02",43.35,1,1300,3169700,"S"
"MWG","10:00:51",43.3,0.95,500,3168400,"B"
"MWG","10:00:44",43.35,1,5000,3167900,"S"
"MWG","10:00:40",43.35,1,100,3162900,"S"
"MWG","10:00:35",43.35,1,5000,3162800,"S"
"MWG","10:00:34",43.3,0.95,200,3157800,"B"
"MWG","10:00:31",43.3,0.95,100,3157600,"B"
"MWG","10:00:30",43.3,0.95,100,3157500,"B"
"MWG","10:00:25",43.3,0.95,7200,3157400,"S"
"MWG","10:00:25",43.25,0.9,100,3150200,"B"
"MWG","10:00:08",43.25,0.9,100,3150100,"B"
"MWG","09:59:32",43.3,0.95,6200,3150000,"B"
"MWG","09:59:18",43.3,0.95,1000,3143800,"B"
"MWG","09:59:16",43.35,1,6000,3142800,"S"
"MWG","09:58:52",43.35,1,1000,3136800,"S"
"MWG","09:58:37",43.35,1,100,3135800,"B"
"MWG","09:58:28",43.3,0.95,9300,3135700,"B"
"MWG","09:58:28",43.35,1,6400,3126400,"B"
"MWG","09:58:23",43.4,1.05,1000,3120000,"S"
"MWG","09:58:00",43.4,1.05,1000,3119000,"S"
"MWG","09:57:55",43.35,1,1000,3118000,"B"
"MWG","09:57:46",43.4,1.05,100,3117000,"S"
"MWG","09:57:43",43.35,1,2000,3116900,"B"
"MWG","09:57:42",43.35,1,100,3114900,"B"
"MWG","09:57:41",43.35,1,100,3114800,"B"
"MWG","09:57:40",43.35,1,100,3114700,"B"
"MWG","09:57:39",43.35,1,300,3114600,"B"
"MWG","09:57:31",43.3,0.95,7800,3114300,"B"
"MWG","09:57:31",43.35,1,2200,3106500,"B"
"MWG","09:57:29",43.35,1,1600,3104300,"S"
"MWG","09:57:26",43.35,1,1000,3102700,"S"
"MWG","09:57:21",43.35,1,5000,3101700,"S"
"MWG","09:57:20",43.35,1,3000,3096700,"S"
"MWG","09:57:19",43.3,0.95,1000,3093700,"B"
"MWG","09:57:18",43.35,1,7600,3092700,"S"
"MWG","09:57:07",43.35,1,100,3085100,"S"
"MWG","09:57:04",43.35,1,1000,3085000,"S"
"MWG","09:56:49",43.3,0.95,500,3084000,"B"
"MWG","09:56:30",43.3,0.95,1000,3083500,"B"
"MWG","09:56:25",43.3,0.95,200,3082500,"B"
"MWG","09:56:23",43.3,0.95,400,3082300,"B"
"MWG","09:56:22",43.3,0.95,200,3081900,"B"
"MWG","09:56:03",43.3,0.95,500,3081700,"B"
"MWG","09:56:01",43.3,0.95,400,3081200,"B"
"MWG","09:56:00",43.3,0.95,600,3080800,"B"
"MWG","09:55:57",43.35,1,5700,3080200,"S"
"MWG","09:55:48",43.3,0.95,500,3074500,"B"
"MWG","09:55:43",43.35,1,5700,3074000,"S"
"MWG","09:55:36",43.35,1,3800,3068300,"S"
"MWG","09:55:33",43.35,1,5700,3064500,"S"
"MWG","09:55:28",43.3,0.95,200,3058800,"B"
"MWG","09:55:25",43.3,0.95,500,3058600,"B"
"MWG","09:55:25",43.3,0.95,300,3058100,"B"
"MWG","09:55:00",43.3,0.95,600,3057800,"S"
"MWG","09:54:46",43.25,0.9,300,3057200,"B"
"MWG","09:54:40",43.3,0.95,3300,3056900,"S"
"MWG","09:54:34",43.3,0.95,3300,3053600,"S"
"MWG","09:54:31",43.3,0.95,1000,3050300,"S"
"MWG","09:54:20",43.3,0.95,2200,3049300,"S"
"MWG","09:53:22",43.3,0.95,100,3047100,"S"
"MWG","09:53:21",43.25,0.9,800,3047000,"B"
"MWG","09:53:15",43.3,0.95,900,3046200,"S"
"MWG","09:52:54",43.25,0.9,900,3045300,"B"
"MWG","09:52:52",43.2,0.85,1600,3044400,"B"
"MWG","09:52:46",43.25,0.9,4600,3042400,"S"
"MWG","09:52:43",43.25,0.9,18200,3037800,"S"
"MWG","09:52:39",43.2,0.85,3100,3019600,"B"
"MWG","09:52:38",43.25,0.9,300,3016500,"S"
"MWG","09:52:29",43.2,0.85,4800,3016200,"B"
"MWG","09:52:27",43.2,0.85,7900,3011400,"S"
"MWG","09:52:15",43.2,0.85,22400,3003500,"B"
"MWG","09:52:10",43.2,0.85,100,2981100,"B"
"MWG","09:52:07",43.25,0.9,900,2981000,"S"
"MWG","09:52:06",43.2,0.85,900,2980100,"B"
"MWG","09:52:02",43.2,0.85,5000,2979200,"B"
"MWG","09:52:02",43.2,0.85,300,2974200,"B"
"MWG","09:52:02",43.25,0.9,1000,2973900,"S"
"MWG","09:52:00",43.2,0.85,100,2972900,"B"
"MWG","09:51:56",43.2,0.85,700,2972800,"B"
"MWG","09:51:50",43.2,0.85,2500,2972100,"B"
"MWG","09:51:48",43.25,0.9,500,2969600,"S"
"MWG","09:51:47",43.2,0.85,1000,2969100,"B"
"MWG","09:51:46",43.25,0.9,400,2968100,"S"
"MWG","09:51:45",43.2,0.85,100,2967700,"B"
"MWG","09:51:42",43.25,0.9,100,2967600,"S"
"MWG","09:51:29",43.25,0.9,3000,2967500,"S"
"MWG","09:51:28",43.25,0.9,600,2964500,"S"
"MWG","09:51:26",43.2,0.85,800,2963900,"B"
"MWG","09:51:24",43.2,0.85,2400,2963100,"B"
"MWG","09:51:22",43.2,0.85,900,2960700,"B"
"MWG","09:51:20",43.2,0.85,500,2959800,"B"
"MWG","09:51:19",43.25,0.9,100,2959300,"S"
"MWG","09:51:14",43.25,0.9,1000,2959200,"S"
"MWG","09:51:08",43.2,0.85,100,2958200,"B"
"MWG","09:51:03",43.25,0.9,100,2958100,"S"
"MWG","09:51:00",43.25,0.9,23900,2958000,"B"
"MWG","09:50:57",43.25,0.9,2000,2934100,"B"
"MWG","09:50:57",43.3,0.95,2900,2932100,"B"
"MWG","09:50:56",43.3,0.95,5100,2929200,"B"
"MWG","09:50:49",43.3,0.95,100,2924100,"B"
"MWG","09:50:41",43.3,0.95,300,2924000,"B"
"MWG","09:50:26",43.3,0.95,4400,2923700,"B"
"MWG","09:50:24",43.3,0.95,500,2919300,"B"
"MWG","09:50:23",43.35,1,1000,2918800,"B"
"MWG","09:50:15",43.35,1,400,2917800,"B"
"MWG","09:50:12",43.35,1,200,2917400,"B"
"MWG","09:50:10",43.35,1,1000,2917200,"B"
"MWG","09:49:59",43.35,1,10000,2916200,"B"
"MWG","09:49:55",43.35,1,500,2906200,"B"
"MWG","09:49:52",43.4,1.05,2800,2905700,"S"
"MWG","09:49:51",43.35,1,200,2902900,"B"
"MWG","09:49:50",43.35,1,800,2902700,"B"
"MWG","09:49:47",43.4,1.05,2000,2901900,"S"
"MWG","09:49:43",43.35,1,1000,2899900,"B"
"MWG","09:49:40",43.35,1,2000,2898900,"B"
"MWG","09:49:31",43.4,1.05,2800,2896900,"S"
"MWG","09:49:20",43.35,1,4200,2894100,"B"
"MWG","09:49:20",43.4,1.05,5600,2889900,"B"
"MWG","09:49:19",43.4,1.05,200,2884300,"B"
"MWG","09:49:17",43.4,1.05,24700,2884100,"B"
"MWG","09:49:15",43.4,1.05,2000,2859400,"B"
"MWG","09:49:14",43.45,1.1,2000,2857400,"S"
"MWG","09:49:13",43.45,1.1,2800,2855400,"S"
"MWG","09:49:11",43.4,1.05,1000,2852600,"B"
"MWG","09:48:48",43.45,1.1,61900,2851600,"B"
"MWG","09:48:48",43.5,1.15,200,2789700,"S"
"MWG","09:48:47",43.45,1.1,20500,2789500,"B"
"MWG","09:48:43",43.45,1.1,100,2769000,"B"
"MWG","09:48:41",43.45,1.1,3000,2768900,"B"
"MWG","09:48:40",43.45,1.1,300,2765900,"B"
"MWG","09:48:35",43.45,1.1,300,2765600,"B"
"MWG","09:48:34",43.45,1.1,100,2765300,"B"
"MWG","09:48:33",43.45,1.1,1000,2765200,"B"
"MWG","09:48:28",43.45,1.1,100,2764200,"B"
"MWG","09:48:27",43.45,1.1,100,2764100,"B"
"MWG","09:48:25",43.45,1.1,8000,2764000,"B"
"MWG","09:48:24",43.5,1.15,100,2756000,"S"
"MWG","09:48:23",43.45,1.1,300,2755900,"B"
"MWG","09:48:23",43.45,1.1,200,2755600,"B"
"MWG","09:48:22",43.45,1.1,1000,2755400,"B"
"MWG","09:48:21",43.45,1.1,100,2754400,"B"
"MWG","09:48:17",43.45,1.1,100,2754300,"B"
"MWG","09:48:13",43.45,1.1,5000,2754200,"B"
"MWG","09:48:05",43.45,1.1,200,2749200,"B"
"MWG","09:48:00",43.45,1.1,1800,2749000,"B"
"MWG","09:47:46",43.45,1.1,500,2747200,"B"
"MWG","09:47:45",43.5,1.15,100,2746700,"S"
"MWG","09:47:41",43.5,1.15,500,2746600,"S"
"MWG","09:47:37",43.45,1.1,1700,2746100,"B"
"MWG","09:47:27",43.5,1.15,100,2744400,"S"
"MWG","09:47:19",43.5,1.15,100,2744300,"S"
"MWG","09:46:55",43.5,1.15,100,2744200,"S"
"MWG","09:46:53",43.5,1.15,1000,2744100,"S"
"MWG","09:46:49",43.5,1.15,2000,2743100,"S"
"MWG","09:46:45",43.5,1.15,100,2741100,"S"
"MWG","09:46:44",43.5,1.15,300,2741000,"S"
"MWG","09:46:25",43.5,1.15,500,2740700,"S"
"MWG","09:46:21",43.5,1.15,500,2740200,"S"
"MWG","09:46:21",43.45,1.1,100,2739700,"B"
"MWG","09:46:16",43.45,1.1,100,2739600,"B"
"MWG","09:46:10",43.5,1.15,2000,2739500,"S"
"MWG","09:46:02",43.5,1.15,1900,2737500,"S"
"MWG","09:45:57",43.5,1.15,500,2735600,"S"
"MWG","09:45:56",43.5,1.15,100,2735100,"S"
"MWG","09:45:55",43.45,1.1,100,2735000,"B"
"MWG","09:45:53",43.45,1.1,1000,2734900,"B"
"MWG","09:45:49",43.5,1.15,100,2733900,"S"
"MWG","09:45:48",43.5,1.15,200,2733800,"S"
"MWG","09:45:37",43.45,1.1,500,2733600,"B"
"MWG","09:45:33",43.5,1.15,2000,2733100,"S"
"MWG","09:45:27",43.45,1.1,900,2731100,"B"
"MWG","09:45:23",43.45,1.1,100,2730200,"B"
"MWG","09:45:11",43.45,1.1,300,2730100,"B"
"MWG","09:44:56",43.45,1.1,300,2729800,"B"
"MWG","09:44:47",43.5,1.15,10000,2729500,"S"
"MWG","09:44:47",43.5,1.15,500,2719500,"S"
"MWG","09:44:41",43.5,1.15,2000,2719000,"S"
"MWG","09:44:41",43.5,1.15,11500,2717000,"B"
"MWG","09:44:40",43.5,1.15,27400,2705500,"B"
"MWG","09:44:37",43.5,1.15,100,2678100,"B"
"MWG","09:44:33",43.5,1.15,1000,2678000,"B"
"MWG","09:44:31",43.5,1.15,4400,2677000,"B"
"MWG","09:44:19",43.5,1.15,100,2672600,"S"
"MWG","09:44:18",43.55,1.2,2200,2672500,"S"
"MWG","09:44:18",43.5,1.15,5000,2670300,"B"
"MWG","09:44:16",43.5,1.15,1800,2665300,"S"
"MWG","09:44:16",43.5,1.15,1000,2663500,"S"
"MWG","09:44:14",43.5,1.15,200,2662500,"S"
"MWG","09:44:09",43.5,1.15,2000,2662300,"S"
"MWG","09:44:08",43.5,1.15,10000,2660300,"S"
"MWG","09:44:06",43.5,1.15,1000,2650300,"S"
"MWG","09:44:03",43.5,1.15,2000,2649300,"S"
"MWG","09:44:00",43.5,1.15,3000,2647300,"S"
"MWG","09:43:57",43.5,1.15,300,2644300,"S"
"MWG","09:43:53",43.5,1.15,300,2644000,"S"
"MWG","09:43:49",43.5,1.15,100,2643700,"S"
"MWG","09:43:47",43.45,1.1,2000,2643600,"B"
"MWG","09:43:42",43.5,1.15,2800,2641600,"S"
"MWG","09:43:41",43.5,1.15,700,2638800,"S"
"MWG","09:43:26",43.5,1.15,2200,2638100,"S"
"MWG","09:43:25",43.45,1.1,100,2635900,"B"
"MWG","09:43:24",43.5,1.15,2800,2635800,"S"
"MWG","09:43:23",43.5,1.15,2000,2633000,"S"
"MWG","09:43:23",43.5,1.15,6000,2631000,"S"
"MWG","09:43:20",43.45,1.1,100,2625000,"B"
"MWG","09:43:11",43.45,1.1,100,2624900,"B"
"MWG","09:43:06",43.5,1.15,100,2624800,"S"
"MWG","09:43:05",43.5,1.15,10000,2624700,"S"
"MWG","09:43:04",43.5,1.15,2800,2614700,"S"
"MWG","09:43:02",43.5,1.15,2000,2611900,"S"
"MWG","09:43:01",43.5,1.15,3800,2609900,"S"
"MWG","09:43:00",43.45,1.1,200,2606100,"B"
"MWG","09:42:57",43.5,1.15,100,2605900,"S"
"MWG","09:42:52",43.45,1.1,1000,2605800,"B"
"MWG","09:42:47",43.5,1.15,500,2604800,"S"
"MWG","09:42:45",43.5,1.15,600,2604300,"S"
"MWG","09:42:44",43.5,1.15,100,2603700,"S"
"MWG","09:42:42",43.5,1.15,100,2603600,"S"
"MWG","09:42:40",43.5,1.15,2800,2603500,"S"
"MWG","09:42:36",43.5,1.15,900,2600700,"B"
"MWG","09:42:34",43.5,1.15,2900,2599800,"S"
"MWG","09:42:32",43.5,1.15,100,2596900,"S"
"MWG","09:42:24",43.45,1.1,1000,2596800,"B"
"MWG","09:42:22",43.55,1.2,2200,2595800,"S"
"MWG","09:42:22",43.5,1.15,1600,2593600,"S"
"MWG","09:42:22",43.5,1.15,400,2592000,"S"
"MWG","09:42:18",43.5,1.15,2200,2591600,"B"
"MWG","09:42:15",43.5,1.15,1000,2589400,"B"
"MWG","09:42:15",43.55,1.2,100,2588400,"S"
"MWG","09:42:15",43.5,1.15,3000,2588300,"B"
"MWG","09:42:14",43.5,1.15,3100,2585300,"B"
"MWG","09:42:13",43.5,1.15,400,2582200,"B"
"MWG","09:42:12",43.5,1.15,3600,2581800,"B"
"MWG","09:42:12",43.55,1.2,1000,2578200,"S"
"MWG","09:42:12",43.55,1.2,200,2577200,"S"
"MWG","09:42:08",43.55,1.2,1000,2577000,"S"
"MWG","09:42:07",43.55,1.2,3600,2576000,"B"
"MWG","09:42:06",43.55,1.2,1200,2572400,"B"
"MWG","09:42:04",43.55,1.2,1000,2571200,"B"
"MWG","09:42:02",43.55,1.2,3000,2570200,"B"
"MWG","09:42:01",43.6,1.25,300,2567200,"S"
"MWG","09:42:00",43.6,1.25,2900,2566900,"S"
"MWG","09:41:58",43.6,1.25,10000,2564000,"S"
"MWG","09:41:58",43.55,1.2,1000,2554000,"B"
"MWG","09:41:56",43.6,1.25,500,2553000,"S"
"MWG","09:41:55",43.55,1.2,5000,2552500,"B"
"MWG","09:41:53",43.6,1.25,500,2547500,"S"
"MWG","09:41:51",43.55,1.2,1000,2547000,"B"
"MWG","09:41:51",43.6,1.25,10000,2546000,"S"
"MWG","09:41:50",43.6,1.25,3500,2536000,"S"
"MWG","09:41:48",43.55,1.2,100,2532500,"B"
"MWG","09:41:47",43.55,1.2,500,2532400,"B"
"MWG","09:41:46",43.55,1.2,1000,2531900,"B"
"MWG","09:41:45",43.55,1.2,100,2530900,"B"
"MWG","09:41:41",43.55,1.2,13000,2530800,"B"
"MWG","09:41:39",43.6,1.25,2800,2517800,"S"
"MWG","09:41:33",43.55,1.2,1000,2515000,"B"
"MWG","09:41:24",43.55,1.2,5400,2514000,"B"
"MWG","09:41:20",43.55,1.2,100,2508600,"B"
"MWG","09:41:20",43.6,1.25,500,2508500,"S"
"MWG","09:41:18",43.6,1.25,3800,2508000,"B"
"MWG","09:41:17",43.6,1.25,200,2504200,"B"
"MWG","09:41:16",43.6,1.25,16000,2504000,"S"
"MWG","09:41:13",43.55,1.2,100,2488000,"B"
"MWG","09:41:11",43.6,1.25,100,2487900,"S"
"MWG","09:41:11",43.6,1.25,500,2487800,"S"
"MWG","09:41:08",43.55,1.2,25000,2487300,"B"
"MWG","09:41:05",43.6,1.25,1500,2462300,"S"
"MWG","09:41:04",43.6,1.25,29700,2460800,"S"
"MWG","09:40:59",43.55,1.2,100,2431100,"B"
"MWG","09:40:57",43.55,1.2,100,2431000,"B"
"MWG","09:40:57",43.6,1.25,1000,2430900,"S"
"MWG","09:40:54",43.6,1.25,1000,2429900,"S"
"MWG","09:40:53",43.6,1.25,3000,2428900,"S"
"MWG","09:40:51",43.6,1.25,100,2425900,"S"
"MWG","09:40:48",43.6,1.25,5000,2425800,"S"
"MWG","09:40:48",43.6,1.25,200,2420800,"S"
"MWG","09:40:46",43.6,1.25,200,2420600,"S"
"MWG","09:40:46",43.6,1.25,2800,2420400,"S"
"MWG","09:40:44",43.6,1.25,2000,2417600,"S"
"MWG","09:40:42",43.6,1.25,3500,2415600,"B"
"MWG","09:40:41",43.6,1.25,800,2412100,"B"
"MWG","09:40:35",43.6,1.25,100,2411300,"B"
"MWG","09:40:34",43.6,1.25,100,2411200,"B"
"MWG","09:40:27",43.65,1.3,1700,2411100,"S"
"MWG","09:40:27",43.6,1.25,1100,2409400,"S"
"MWG","09:40:26",43.55,1.2,5200,2408300,"B"
"MWG","09:40:26",43.6,1.25,3400,2403100,"B"
"MWG","09:40:25",43.6,1.25,6300,2399700,"B"
"MWG","09:40:24",43.6,1.25,3000,2393400,"B"
"MWG","09:40:23",43.6,1.25,3100,2390400,"B"
"MWG","09:40:22",43.65,1.3,11000,2387300,"S"
"MWG","09:40:20",43.6,1.25,2000,2376300,"B"
"MWG","09:40:13",43.6,1.25,1000,2374300,"B"
"MWG","09:40:11",43.6,1.25,5000,2373300,"B"
"MWG","09:40:07",43.65,1.3,2800,2368300,"S"
"MWG","09:40:04",43.6,1.25,500,2365500,"B"
"MWG","09:40:04",43.65,1.3,1000,2365000,"S"
"MWG","09:40:04",43.6,1.25,100,2364000,"B"
"MWG","09:39:59",43.65,1.3,900,2363900,"S"
"MWG","09:39:58",43.65,1.3,1000,2363000,"S"
"MWG","09:39:53",43.6,1.25,11100,2362000,"B"
"MWG","09:39:53",43.65,1.3,8900,2350900,"B"
"MWG","09:39:50",43.65,1.3,1000,2342000,"B"
"MWG","09:39:49",43.7,1.35,1000,2341000,"S"
"MWG","09:39:48",43.65,1.3,100,2340000,"B"
"MWG","09:39:48",43.7,1.35,100,2339900,"S"
"MWG","09:39:47",43.7,1.35,2800,2339800,"S"
"MWG","09:39:45",43.7,1.35,200,2337000,"S"
"MWG","09:39:43",43.7,1.35,4800,2336800,"S"
"MWG","09:39:43",43.65,1.3,1000,2332000,"B"
"MWG","09:39:41",43.7,1.35,400,2331000,"S"
"MWG","09:39:40",43.7,1.35,500,2330600,"S"
"MWG","09:39:40",43.65,1.3,5000,2330100,"B"
"MWG","09:39:37",43.65,1.3,100,2325100,"B"
"MWG","09:39:36",43.65,1.3,100,2325000,"B"
"MWG","09:39:34",43.7,1.35,7000,2324900,"S"
"MWG","09:39:33",43.65,1.3,100,2317900,"B"
"MWG","09:39:33",43.7,1.35,5000,2317800,"S"
"MWG","09:39:32",43.7,1.35,16000,2312800,"S"
"MWG","09:39:31",43.7,1.35,100,2296800,"S"
"MWG","09:39:30",43.7,1.35,100,2296700,"S"
"MWG","09:39:27",43.7,1.35,100,2296600,"S"
"MWG","09:39:26",43.65,1.3,2100,2296500,"B"
"MWG","09:39:25",43.65,1.3,500,2294400,"B"
"MWG","09:39:24",43.65,1.3,100,2293900,"B"
"MWG","09:39:23",43.7,1.35,1000,2293800,"S"
"MWG","09:39:22",43.65,1.3,10200,2292800,"B"
"MWG","09:39:22",43.7,1.35,100,2282600,"S"
"MWG","09:39:20",43.7,1.35,800,2282500,"S"
"MWG","09:39:18",43.65,1.3,100,2281700,"B"
"MWG","09:39:17",43.7,1.35,100,2181600,"S"
"MWG","09:39:16",43.65,1.3,2000,2181500,"B"
"MWG","09:39:15",43.65,1.3,100,2179500,"B"
"MWG","09:39:14",43.65,1.3,200,2179400,"B"
"MWG","09:39:13",43.65,1.3,2700,2179200,"B"
"MWG","09:39:13",43.7,1.35,2000,2176500,"S"
"MWG","09:39:10",43.65,1.3,7100,2174500,"S"
"MWG","09:39:08",43.65,1.3,2900,2167400,"B"
"MWG","09:39:05",43.65,1.3,800,2164500,"S"
"MWG","09:39:04",43.65,1.3,500,2163700,"S"
"MWG","09:39:03",43.65,1.3,1000,2163200,"S"
"MWG","09:39:02",43.65,1.3,13700,2162200,"S"
"MWG","09:39:01",43.65,1.3,1000,2148500,"S"
"MWG","09:39:00",43.6,1.25,500,2147500,"B"
"MWG","09:38:59",43.65,1.3,5000,2147000,"S"
"MWG","09:38:59",43.6,1.25,500,2142000,"B"
"MWG","09:38:57",43.65,1.3,6800,2141500,"S"
"MWG","09:38:55",43.65,1.3,10000,2134700,"S"
"MWG","09:38:54",43.6,1.25,100,2124700,"B"
"MWG","09:38:52",43.65,1.3,100,2124600,"S"
"MWG","09:38:52",43.6,1.25,5000,2124500,"B"
"MWG","09:38:50",43.6,1.25,10000,2119500,"B"
"MWG","09:38:49",43.6,1.25,200,2109500,"B"
"MWG","09:38:47",43.65,1.3,8600,2109300,"S"
"MWG","09:38:47",43.65,1.3,7500,2100700,"S"
"MWG","09:38:45",43.65,1.3,500,2093200,"S"
"MWG","09:38:43",43.65,1.3,2800,2092700,"S"
"MWG","09:38:42",43.6,1.25,200,2089900,"B"
"MWG","09:38:41",43.6,1.25,200,2089700,"B"
"MWG","09:38:39",43.6,1.25,2000,2089500,"B"
"MWG","09:38:38",43.6,1.25,100,2087500,"B"
"MWG","09:38:36",43.6,1.25,200,2087400,"B"
"MWG","09:38:35",43.6,1.25,77100,2087200,"S"
"MWG","09:38:33",43.55,1.2,100,2010100,"B"
"MWG","09:38:29",43.55,1.2,200,2010000,"B"
"MWG","09:38:28",43.55,1.2,600,2009800,"B"
"MWG","09:38:25",43.55,1.2,500,2009200,"B"
"MWG","09:38:24",43.55,1.2,5400,2008700,"S"
"MWG","09:38:23",43.55,1.2,12000,2003300,"S"
"MWG","09:38:22",43.55,1.2,3500,1991300,"S"
"MWG","09:38:22",43.55,1.2,200,1987800,"S"
"MWG","09:38:21",43.5,1.15,1000,1987600,"B"
"MWG","09:38:21",43.55,1.2,400,1986600,"S"
"MWG","09:38:20",43.55,1.2,700,1986200,"S"
"MWG","09:38:19",43.55,1.2,1000,1985500,"S"
"MWG","09:38:18",43.55,1.2,3000,1984500,"S"
"MWG","09:38:15",43.55,1.2,100,1981500,"S"
"MWG","09:38:12",43.5,1.15,100,1981400,"B"
"MWG","09:38:12",43.55,1.2,3000,1981300,"S"
"MWG","09:38:10",43.5,1.15,100,1978300,"B"
"MWG","09:38:09",43.5,1.15,100,1978200,"B"
"MWG","09:38:08",43.5,1.15,1100,1978100,"B"
"MWG","09:38:06",43.55,1.2,1400,1977000,"S"
"MWG","09:38:03",43.5,1.15,20800,1975600,"S"
"MWG","09:38:02",43.5,1.15,3100,1953800,"S"
"MWG","09:38:01",43.5,1.15,52100,1950700,"S"
"MWG","09:38:00",43.5,1.15,17100,1898600,"S"
"MWG","09:37:59",43.5,1.15,100,1881500,"S"
"MWG","09:37:58",43.5,1.15,4000,1881400,"S"
"MWG","09:37:58",43.5,1.15,35000,1877400,"S"
"MWG","09:37:57",43.5,1.15,1700,1842400,"S"
"MWG","09:37:56",43.5,1.15,400,1840700,"S"
"MWG","09:37:55",43.5,1.15,2000,1840300,"S"
"MWG","09:37:53",43.5,1.15,4000,1838300,"S"
"MWG","09:37:52",43.5,1.15,50000,1834300,"S"
"MWG","09:37:52",43.5,1.15,33000,1784300,"S"
"MWG","09:37:49",43.5,1.15,20100,1751300,"S"
"MWG","09:37:48",43.5,1.15,19000,1731200,"S"
"MWG","09:37:45",43.5,1.15,2100,1712200,"S"
"MWG","09:37:43",43.5,1.15,8100,1710100,"S"
"MWG","09:37:42",43.5,1.15,3000,1702000,"S"
"MWG","09:37:41",43.5,1.15,500,1699000,"S"
"MWG","09:37:35",43.5,1.15,200,1698500,"S"
"MWG","09:37:35",43.5,1.15,6500,1698300,"S"
"MWG","09:37:33",43.5,1.15,20000,1691800,"S"
"MWG","09:37:32",43.45,1.1,800,1671800,"B"
"MWG","09:37:31",43.5,1.15,3000,1661000,"S"
"MWG","09:37:30",43.5,1.15,1000,1658000,"S"
"MWG","09:37:29",43.5,1.15,300,1657000,"S"
"MWG","09:37:25",43.5,1.15,3000,1656700,"S"
"MWG","09:37:20",43.5,1.15,3800,1653700,"S"
"MWG","09:37:20",43.5,1.15,3800,1649900,"S"
"MWG","09:37:19",43.5,1.15,2000,1646100,"S"
"MWG","09:37:11",43.45,1.1,400,1644100,"B"
"MWG","09:37:11",43.5,1.15,9300,1643700,"S"
"MWG","09:37:10",43.45,1.1,1000,1634400,"B"
"MWG","09:37:06",43.45,1.1,500,1633400,"B"
"MWG","09:37:03",43.45,1.1,200,1632900,"B"
"MWG","09:37:00",43.45,1.1,6700,1632700,"S"
"MWG","09:36:57",43.45,1.1,10000,1626000,"S"
"MWG","09:36:54",43.45,1.1,1400,1616000,"S"
"MWG","09:36:52",43.45,1.1,4700,1614600,"S"
"MWG","09:36:50",43.45,1.1,3800,1609900,"S"
"MWG","09:36:49",43.45,1.1,30000,1606100,"S"
"MWG","09:36:47",43.45,1.1,3000,1576100,"S"
"MWG","09:36:45",43.4,1.05,400,1573100,"B"
"MWG","09:36:45",43.45,1.1,8000,1572700,"S"
"MWG","09:36:41",43.4,1.05,500,1564700,"B"
"MWG","09:36:39",43.4,1.05,500,1564200,"B"
"MWG","09:36:39",43.45,1.1,200,1563700,"S"
"MWG","09:36:38",43.4,1.05,100,1563400,"B"
"MWG","09:36:37",43.4,1.05,1000,1563300,"B"
"MWG","09:36:36",43.4,1.05,100,1562300,"B"
"MWG","09:36:35",43.4,1.05,200,1562200,"B"
"MWG","09:36:23",43.4,1.05,100,1562000,"B"
"MWG","09:36:21",43.4,1.05,200,1561900,"B"
"MWG","09:36:19",43.4,1.05,1500,1561700,"B"
"MWG","09:36:18",43.4,1.05,200,1560200,"B"
"MWG","09:36:12",43.4,1.05,200,1560000,"B"
"MWG","09:36:11",43.4,1.05,900,1559800,"B"
"MWG","09:36:08",43.4,1.05,1000,1558900,"B"
"MWG","09:36:07",43.4,1.05,100,1557900,"B"
"MWG","09:36:02",43.4,1.05,159100,1557800,"S"
"MWG","09:36:00",43.35,1,400,1398700,"B"
"MWG","09:35:57",43.4,1.05,500,1398300,"S"
"MWG","09:35:54",43.35,1,400,1397800,"B"
"MWG","09:35:45",43.35,1,300,1397400,"B"
"MWG","09:35:43",43.4,1.05,2400,1397100,"S"
"MWG","09:35:43",43.35,1,1500,1394700,"B"
"MWG","09:35:42",43.35,1,500,1393200,"B"
"MWG","09:35:39",43.35,1,200,1392700,"B"
"MWG","09:35:38",43.35,1,100,1392500,"B"
"MWG","09:35:37",43.35,1,100,1392400,"B"
"MWG","09:35:35",43.35,1,3500,1392300,"B"
"MWG","09:35:30",43.35,1,1000,1388800,"B"
"MWG","09:35:27",43.35,1,100,1387800,"B"
"MWG","09:35:23",43.4,1.05,1000,1387700,"S"
"MWG","09:35:22",43.35,1,500,1386700,"B"
"MWG","09:35:20",43.35,1,200,1386200,"B"
"MWG","09:35:16",43.35,1,1000,1386000,"B"
"MWG","09:35:11",43.35,1,100,1385000,"B"
"MWG","09:35:07",43.35,1,200,1384900,"B"
"MWG","09:35:06",43.35,1,1000,1384700,"B"
"MWG","09:35:04",43.4,1.05,20000,1383700,"S"
"MWG","09:34:55",43.35,1,1000,1363700,"B"
"MWG","09:34:54",43.35,1,3400,1362700,"S"
"MWG","09:34:49",43.35,1,2800,1359300,"S"
"MWG","09:34:48",43.35,1,1000,1356500,"S"
"MWG","09:34:45",43.35,1,15400,1355500,"B"
"MWG","09:34:31",43.35,1,5000,1340100,"B"
"MWG","09:34:31",43.4,1.05,2800,1335100,"S"
"MWG","09:34:30",43.4,1.05,5700,1332300,"S"
"MWG","09:34:26",43.4,1.05,3000,1326600,"S"
"MWG","09:34:24",43.35,1,3700,1323600,"B"
"MWG","09:34:23",43.35,1,100,1319900,"B"
"MWG","09:34:20",43.35,1,100,1319800,"B"
"MWG","09:34:18",43.35,1,1000,1319700,"B"
"MWG","09:34:14",43.35,1,4900,1318700,"S"
"MWG","09:34:10",43.35,1,10000,1313800,"S"
"MWG","09:34:09",43.35,1,4800,1303800,"S"
"MWG","09:34:06",43.3,0.95,1000,1299000,"B"
"MWG","09:34:06",43.35,1,300,1298000,"B"
"MWG","09:34:05",43.35,1,9700,1297700,"S"
"MWG","09:34:05",43.35,1,8000,1288000,"S"
"MWG","09:34:00",43.35,1,5700,1280000,"S"
"MWG","09:33:59",43.35,1,300,1274300,"S"
"MWG","09:33:52",43.3,0.95,2000,1274000,"B"
"MWG","09:33:51",43.3,0.95,100,1272000,"B"
"MWG","09:33:51",43.35,1,3100,1271900,"S"
"MWG","09:33:50",43.35,1,4500,1268800,"S"
"MWG","09:33:45",43.3,0.95,3700,1264300,"B"
"MWG","09:33:44",43.3,0.95,500,1260600,"B"
"MWG","09:33:41",43.35,1,1000,1260100,"S"
"MWG","09:33:40",43.35,1,100,1259100,"S"
"MWG","09:33:39",43.3,0.95,20000,1259000,"B"
"MWG","09:33:29",43.3,0.95,64100,1239000,"S"
"MWG","09:33:27",43.25,0.9,200,1174900,"B"
"MWG","09:33:27",43.3,0.95,2800,1174700,"S"
"MWG","09:33:23",43.3,0.95,2000,1171900,"S"
"MWG","09:33:23",43.25,0.9,1000,1169900,"S"
"MWG","09:33:23",43.25,0.9,400,1168900,"S"
"MWG","09:33:20",43.25,0.9,10000,1168500,"S"
"MWG","09:33:16",43.25,0.9,1000,1158500,"S"
"MWG","09:33:14",43.25,0.9,8400,1157500,"S"
"MWG","09:33:09",43.25,0.9,3800,1149100,"S"
"MWG","09:33:04",43.2,0.85,100,1145300,"B"
"MWG","09:32:59",43.25,0.9,30000,1145200,"S"
"MWG","09:32:54",43.25,0.9,500,1115200,"S"
"MWG","09:32:50",43.2,0.85,1400,1114700,"B"
"MWG","09:32:46",43.2,0.85,9500,1113300,"S"
"MWG","09:32:44",43.2,0.85,2800,1103800,"S"
"MWG","09:32:43",43.2,0.85,21500,1101000,"B"
"MWG","09:32:40",43.2,0.85,200,1079500,"B"
"MWG","09:32:38",43.2,0.85,300,1079300,"S"
"MWG","09:32:32",43.2,0.85,40000,1079000,"S"
"MWG","09:32:32",43.15,0.8,3000,1039000,"B"
"MWG","09:32:21",43.15,0.8,35000,1036000,"S"
"MWG","09:32:19",43.15,0.8,200,1001000,"S"
"MWG","09:32:09",43.1,0.75,500,1000800,"B"
"MWG","09:32:09",43.1,0.75,1000,1000300,"B"
"MWG","09:32:05",43.1,0.75,500,999300,"B"
"MWG","09:32:04",43.1,0.75,600,998800,"B"
"MWG","09:31:55",43.1,0.75,100,998200,"B"
"MWG","09:31:54",43.1,0.75,7000,998100,"S"
"MWG","09:31:51",43.1,0.75,7800,991100,"S"
"MWG","09:31:50",43.1,0.75,5000,983300,"S"
"MWG","09:31:48",43.05,0.7,100,978300,"B"
"MWG","09:31:46",43.1,0.75,100,978200,"S"
"MWG","09:31:43",43.1,0.75,200,978100,"S"
"MWG","09:31:36",43.1,0.75,700,977900,"S"
"MWG","09:31:34",43.1,0.75,5000,977200,"S"
"MWG","09:31:34",43.05,0.7,2000,972200,"B"
"MWG","09:31:28",43.05,0.7,100,970200,"B"
"MWG","09:31:21",43.05,0.7,200,970100,"B"
"MWG","09:31:18",43.1,0.75,2600,969900,"S"
"MWG","09:31:18",43.05,0.7,200,967300,"S"
"MWG","09:31:17",43,0.65,900,967100,"B"
"MWG","09:31:17",43.05,0.7,800,966200,"B"
"MWG","09:31:11",43.05,0.7,100,965400,"B"
"MWG","09:31:08",43.05,0.7,1000,965300,"B"
"MWG","09:31:08",43.05,0.7,3900,964300,"S"
"MWG","09:30:58",43.05,0.7,6200,960400,"B"
"MWG","09:30:58",43.1,0.75,3800,954200,"S"
"MWG","09:30:57",43.1,0.75,2800,950400,"S"
"MWG","09:30:57",43.05,0.7,2000,947600,"B"
"MWG","09:30:57",43.1,0.75,3800,945600,"S"
"MWG","09:30:54",43.1,0.75,5700,941800,"S"
"MWG","09:30:38",43.05,0.7,5000,936100,"B"
"MWG","09:30:31",43.05,0.7,400,931100,"B"
"MWG","09:30:26",43.1,0.75,100,930700,"S"
"MWG","09:30:17",43.05,0.7,5000,930600,"B"
"MWG","09:30:00",43.1,0.75,7200,925600,"S"
"MWG","09:29:59",43.05,0.7,2000,918400,"B"
"MWG","09:29:57",43.05,0.7,3000,916400,"B"
"MWG","09:29:48",43.05,0.7,1000,913400,"B"
"MWG","09:29:28",43.1,0.75,100,912400,"S"
"MWG","09:29:19",43.1,0.75,500,912300,"S"
"MWG","09:29:14",43.1,0.75,1000,911800,"S"
"MWG","09:29:12",43.1,0.75,100,910800,"S"
"MWG","09:29:10",43.1,0.75,100,910700,"S"
"MWG","09:29:08",43.1,0.75,300,910600,"S"
"MWG","09:29:07",43.1,0.75,2600,910300,"B"
"MWG","09:29:05",43.15,0.8,20000,907700,"S"
"MWG","09:29:03",43.1,0.75,500,887700,"B"
"MWG","09:28:59",43.1,0.75,1100,887200,"B"
"MWG","09:28:53",43.1,0.75,1000,886100,"B"
"MWG","09:28:52",43.1,0.75,200,885100,"B"
"MWG","09:28:51",43.15,0.8,300,884900,"S"
"MWG","09:28:44",43.1,0.75,5100,884600,"S"
"MWG","09:28:40",43.1,0.75,200,879500,"S"
"MWG","09:28:32",43.1,0.75,400,879300,"S"
"MWG","09:28:30",43.1,0.75,1400,878900,"B"
"MWG","09:28:24",43.1,0.75,8600,877500,"S"
"MWG","09:28:20",43.1,0.75,1300,868900,"S"
"MWG","09:28:18",43.1,0.75,2800,867600,"S"
"MWG","09:28:03",43.1,0.75,1200,864800,"B"
"MWG","09:28:01",43.1,0.75,200,863600,"B"
"MWG","09:28:00",43.1,0.75,3000,863400,"B"
"MWG","09:27:59",43.1,0.75,300,860400,"B"
"MWG","09:27:58",43.1,0.75,900,860100,"B"
"MWG","09:27:53",43.1,0.75,2000,859200,"B"
"MWG","09:27:49",43.1,0.75,2400,857200,"S"
"MWG","09:27:49",43.1,0.75,2600,854800,"B"
"MWG","09:27:47",43.1,0.75,1000,852200,"B"
"MWG","09:27:35",43.1,0.75,300,851200,"B"
"MWG","09:27:34",43.1,0.75,1200,850900,"B"
"MWG","09:27:33",43.1,0.75,500,849700,"B"
"MWG","09:27:31",43.1,0.75,500,849200,"B"
"MWG","09:27:21",43.1,0.75,8200,848700,"B"
"MWG","09:27:20",43.1,0.75,1000,840500,"B"
"MWG","09:27:18",43.1,0.75,200,839500,"B"
"MWG","09:27:16",43.1,0.75,1300,839300,"B"
"MWG","09:27:14",43.1,0.75,100,838000,"B"
"MWG","09:27:10",43.1,0.75,100,837900,"B"
"MWG","09:27:05",43.1,0.75,1500,837800,"B"
"MWG","09:26:53",43.1,0.75,5900,836300,"B"
"MWG","09:26:53",43.15,0.8,2100,830400,"B"
"MWG","09:26:49",43.15,0.8,100,828300,"B"
"MWG","09:26:46",43.15,0.8,1300,828200,"B"
"MWG","09:26:38",43.15,0.8,1000,826900,"B"
"MWG","09:26:32",43.3,0.95,100,825900,"S"
"MWG","09:26:32",43.15,0.8,1000,825800,"B"
"MWG","09:26:31",43.15,0.8,700,824800,"B"
"MWG","09:26:30",43.15,0.8,900,824100,"B"
"MWG","09:26:30",43.3,0.95,6300,823200,"S"
"MWG","09:26:29",43.2,0.85,6600,816900,"S"
"MWG","09:26:23",43.2,0.85,200,810300,"B"
"MWG","09:26:20",43.2,0.85,200,810100,"B"
"MWG","09:26:14",43.3,0.95,2600,809900,"B"
"MWG","09:26:07",43.3,0.95,400,807300,"B"
"MWG","09:26:07",43.35,1,2700,806900,"B"
"MWG","09:26:05",43.35,1,100,804200,"B"
"MWG","09:26:03",43.35,1,500,804100,"B"
"MWG","09:26:02",43.4,1.05,5600,803600,"S"
"MWG","09:25:55",43.4,1.05,100,798000,"S"
"MWG","09:25:53",43.4,1.05,22700,797900,"B"
"MWG","09:25:53",43.4,1.05,500,775200,"B"
"MWG","09:25:52",43.4,1.05,500,774700,"B"
"MWG","09:25:51",43.4,1.05,1700,774200,"B"
"MWG","09:25:50",43.4,1.05,1000,772500,"B"
"MWG","09:25:46",43.4,1.05,100,771500,"B"
"MWG","09:25:44",43.4,1.05,2100,771400,"B"
"MWG","09:25:41",43.45,1.1,3000,769300,"S"
"MWG","09:25:39",43.4,1.05,500,766300,"B"
"MWG","09:25:38",43.45,1.1,100,765800,"S"
"MWG","09:25:38",43.45,1.1,1700,765700,"S"
"MWG","09:25:36",43.45,1.1,100,764000,"S"
"MWG","09:25:32",43.45,1.1,1000,763900,"S"
"MWG","09:25:29",43.45,1.1,100,762900,"S"
"MWG","09:25:29",43.45,1.1,500,762800,"S"
"MWG","09:25:28",43.4,1.05,3200,762300,"B"
"MWG","09:25:26",43.45,1.1,400,759100,"B"
"MWG","09:25:25",43.45,1.1,100,758700,"B"
"MWG","09:25:24",43.45,1.1,1000,758600,"B"
"MWG","09:25:23",43.5,1.15,100,757600,"S"
"MWG","09:25:23",43.45,1.1,7600,757500,"S"
"MWG","09:25:20",43.45,1.1,10000,749900,"S"
"MWG","09:25:19",43.45,1.1,100,739900,"S"
"MWG","09:25:17",43.45,1.1,1000,739800,"B"
"MWG","09:25:15",43.45,1.1,2000,738500,"B"
"MWG","09:25:15",43.45,1.1,6700,736500,"S"
"MWG","09:25:14",43.4,1.05,100,729800,"B"
"MWG","09:25:14",43.4,1.05,1000,729700,"B"
"MWG","09:25:11",43.4,1.05,600,728700,"B"
"MWG","09:25:09",43.4,1.05,1000,728100,"B"
"MWG","09:25:08",43.4,1.05,15300,727100,"S"
"MWG","09:25:07",43.35,1,100,711800,"B"
"MWG","09:25:06",43.4,1.05,20000,711700,"S"
"MWG","09:25:05",43.35,1,2500,691700,"S"
"MWG","09:25:02",43.35,1,5000,689200,"S"
"MWG","09:25:01",43.35,1,3400,684200,"S"
"MWG","09:25:00",43.3,0.95,1200,680800,"B"
"MWG","09:25:00",43.35,1,1000,679600,"S"
"MWG","09:24:59",43.35,1,1000,678600,"S"
"MWG","09:24:59",43.35,1,7800,677600,"S"
"MWG","09:24:57",43.3,0.95,200,669800,"B"
"MWG","09:24:57",43.3,0.95,100,669600,"B"
"MWG","09:24:53",43.3,0.95,100,669500,"B"
"MWG","09:24:52",43.35,1,100,669400,"B"
"MWG","09:24:49",43.35,1,100,669300,"S"
"MWG","09:24:48",43.3,0.95,700,669200,"B"
"MWG","09:24:46",43.3,0.95,100,668500,"B"
"MWG","09:24:46",43.3,0.95,100,668400,"B"
"MWG","09:24:45",43.4,1.05,500,668300,"S"
"MWG","09:24:45",43.3,0.95,400,667800,"B"
"MWG","09:24:44",43.3,0.95,100,667400,"S"
"MWG","09:24:43",43.2,0.85,1000,667300,"B"
"MWG","09:24:42",43.4,1.05,17500,666300,"S"
"MWG","09:24:42",43.35,1,7400,648800,"S"
"MWG","09:24:42",43.3,0.95,16800,641400,"S"
"MWG","09:24:42",43.25,0.9,8300,624600,"S"
"MWG","09:24:41",43.2,0.85,100,616300,"B"
"MWG","09:24:38",43.2,0.85,2000,616200,"B"
"MWG","09:24:36",43.2,0.85,7000,614200,"B"
"MWG","09:24:35",43.2,0.85,60200,607200,"S"
"MWG","09:24:34",43.15,0.8,300,547000,"B"
"MWG","09:24:32",43.15,0.8,1000,546700,"B"
"MWG","09:24:31",43.15,0.8,100,545700,"S"
"MWG","09:24:31",43.1,0.75,1000,545600,"B"
"MWG","09:24:29",43.2,0.85,21900,544600,"S"
"MWG","09:24:29",43.15,0.8,2500,522700,"S"
"MWG","09:24:26",43.1,0.75,200,520200,"B"
"MWG","09:24:25",43.1,0.75,100,520000,"B"
"MWG","09:24:22",43.2,0.85,100,519900,"S"
"MWG","09:24:22",43.15,0.8,1100,519800,"S"
"MWG","09:24:21",43.1,0.75,100,518700,"B"
"MWG","09:24:18",43.1,0.75,4000,518600,"B"
"MWG","09:24:16",43.1,0.75,500,514600,"B"
"MWG","09:24:15",43.1,0.75,200,514100,"B"
"MWG","09:24:14",43.1,0.75,500,513900,"S"
"MWG","09:24:13",43.1,0.75,4900,513400,"S"
"MWG","09:24:11",43.1,0.75,5000,508500,"S"
"MWG","09:24:06",43.1,0.75,2000,503500,"S"
"MWG","09:24:06",43.05,0.7,500,501500,"B"
"MWG","09:24:05",43.1,0.75,1000,501000,"S"
"MWG","09:24:03",43.05,0.7,200,500000,"B"
"MWG","09:24:03",43.05,0.7,600,499800,"B"
"MWG","09:23:46",43.05,0.7,100,499200,"B"
"MWG","09:23:45",43.05,0.7,1200,499100,"B"
"MWG","09:23:44",43.1,0.75,15000,497900,"S"
"MWG","09:23:44",43.05,0.7,7000,482900,"S"
"MWG","09:23:41",43,0.65,600,475900,"B"
"MWG","09:23:41",43,0.65,500,475300,"B"
"MWG","09:23:38",43,0.65,500,470300,"S"
"MWG","09:23:35",43,0.65,300,469800,"S"
"MWG","09:23:34",43,0.65,3000,469500,"S"
"MWG","09:23:33",43,0.65,100,466500,"S"
"MWG","09:23:29",42.95,0.6,100,466400,"B"
"MWG","09:23:26",43,0.65,500,466300,"S"
"MWG","09:23:26",42.95,0.6,200,465800,"B"
"MWG","09:23:23",43,0.65,100,465600,"S"
"MWG","09:23:22",43,0.65,800,465500,"S"
"MWG","09:23:19",42.95,0.6,100,464700,"B"
"MWG","09:23:14",42.95,0.6,200,464600,"B"
"MWG","09:23:12",42.95,0.6,1700,464400,"S"
"MWG","09:23:12",42.9,0.55,500,462700,"B"
"MWG","09:23:11",42.95,0.6,1000,462200,"S"
"MWG","09:23:10",42.95,0.6,100,461200,"S"
"MWG","09:23:06",42.9,0.55,500,461100,"B"
"MWG","09:23:01",42.9,0.55,2200,460600,"B"
"MWG","09:23:00",42.95,0.6,7200,458400,"B"
"MWG","09:22:58",42.95,0.6,11800,451200,"S"
"MWG","09:22:57",42.95,0.6,500,439400,"S"
"MWG","09:22:56",42.95,0.6,1100,438900,"S"
"MWG","09:22:50",42.95,0.6,2000,437800,"S"
"MWG","09:22:50",42.95,0.6,2700,435800,"B"
"MWG","09:22:49",43,0.65,110000,433100,"S"
"MWG","09:22:44",42.95,0.6,10100,323100,"B"
"MWG","09:22:43",42.95,0.6,1000,313000,"B"
"MWG","09:22:40",42.95,0.6,1500,312000,"B"
"MWG","09:22:35",42.95,0.6,10100,310500,"B"
"MWG","09:22:33",43,0.65,3000,300400,"S"
"MWG","09:22:31",43,0.65,200,297400,"S"
"MWG","09:22:30",43,0.65,10000,297200,"S"
"MWG","09:22:28",42.95,0.6,200,287200,"B"
"MWG","09:22:25",43,0.65,100,287000,"S"
"MWG","09:22:24",43,0.65,300,286900,"S"
"MWG","09:22:19",42.95,0.6,1100,286600,"S"
"MWG","09:22:18",42.9,0.55,200,249200,"B"
"MWG","09:22:16",42.9,0.55,100,249000,"B"
"MWG","09:22:14",42.95,0.6,2000,248900,"S"
"MWG","09:22:12",42.9,0.55,200,246900,"S"
"MWG","09:22:11",42.9,0.55,17300,246700,"S"
"MWG","09:22:09",42.85,0.5,100,229400,"B"
"MWG","09:22:04",42.9,0.55,100,229300,"S"
"MWG","09:21:56",42.9,0.55,300,229200,"S"
"MWG","09:21:55",42.9,0.55,500,228900,"S"
"MWG","09:21:52",42.9,0.55,4000,225000,"S"
"MWG","09:21:50",42.9,0.55,900,221000,"S"
"MWG","09:21:49",42.9,0.55,300,220100,"S"
"MWG","09:21:38",42.9,0.55,500,219800,"S"
"MWG","09:21:35",42.85,0.5,8400,219300,"S"
"MWG","09:21:35",42.85,0.5,5000,210900,"S"
"MWG","09:21:34",42.85,0.5,100,205900,"S"
"MWG","09:21:31",42.8,0.45,100,205800,"B"
"MWG","09:21:31",42.85,0.5,2000,205700,"S"
"MWG","09:21:21",42.8,0.45,100,203700,"B"
"MWG","09:21:14",42.8,0.45,11600,203600,"S"
"MWG","09:21:13",42.8,0.45,24900,192000,"S"
"MWG","09:21:13",42.8,0.45,7200,167100,"S"
"MWG","09:21:07",42.75,0.4,200,159900,"B"
"MWG","09:20:57",42.75,0.4,200,159700,"B"
"MWG","09:20:56",42.75,0.4,1700,159500,"S"
"MWG","09:20:53",42.75,0.4,8300,157800,"B"
"MWG","09:20:52",42.8,0.45,3000,149500,"S"
"MWG","09:20:51",42.8,0.45,300,146500,"S"
"MWG","09:20:36",42.75,0.4,300,146200,"B"
"MWG","09:20:34",42.75,0.4,300,145900,"B"
"MWG","09:20:28",42.75,0.4,600,145600,"B"
"MWG","09:20:27",42.75,0.4,1100,145000,"B"
"MWG","09:20:24",42.75,0.4,100,143900,"B"
"MWG","09:20:20",42.75,0.4,100,143800,"B"
"MWG","09:20:18",42.75,0.4,200,143700,"B"
"MWG","09:20:15",42.75,0.4,200,143500,"B"
"MWG","09:20:14",42.75,0.4,1300,143300,"S"
"MWG","09:20:11",42.7,0.35,10000,142000,"B"
"MWG","09:20:09",42.7,0.35,400,132000,"B"
"MWG","09:20:07",42.7,0.35,3000,131600,"B"
"MWG","09:20:02",42.75,0.4,1000,128600,"S"
"MWG","09:19:52",42.7,0.35,2000,127600,"B"
"MWG","09:19:44",42.7,0.35,1000,125600,"B"
"MWG","09:19:40",42.75,0.4,200,124600,"B"
"MWG","09:19:39",42.75,0.4,100,124400,"S"
"MWG","09:19:37",42.7,0.35,4500,124300,"B"
"MWG","09:19:29",42.75,0.4,2200,119800,"S"
"MWG","09:19:21",42.7,0.35,500,117600,"B"
"MWG","09:19:20",42.75,0.4,3000,117100,"S"
"MWG","09:19:18",42.7,0.35,500,114100,"B"
"MWG","09:19:18",42.75,0.4,2000,113600,"S"
"MWG","09:19:17",42.75,0.4,15000,111600,"S"
"MWG","09:19:10",42.7,0.35,1000,96600,"B"
"MWG","09:19:06",42.7,0.35,1000,95600,"B"
"MWG","09:19:05",42.75,0.4,500,94600,"S"
"MWG","09:19:02",42.7,0.35,300,94100,"B"
"MWG","09:18:57",42.7,0.35,2000,93800,"B"
"MWG","09:18:49",42.7,0.35,100,91800,"B"
"MWG","09:18:46",42.7,0.35,500,91700,"B"
"MWG","09:18:38",42.7,0.35,500,91200,"B"
"MWG","09:18:33",42.7,0.35,1000,90700,"B"
"MWG","09:18:21",42.75,0.4,100,89700,"S"
"MWG","09:18:19",42.75,0.4,200,89600,"S"
"MWG","09:18:15",42.7,0.35,200,89400,"B"
"MWG","09:18:09",42.7,0.35,100,89200,"B"
"MWG","09:18:03",42.7,0.35,100,89100,"B"
"MWG","09:17:57",42.75,0.4,400,89000,"B"
"MWG","09:17:52",42.75,0.4,500,88600,"B"
"MWG","09:17:49",42.75,0.4,2000,88100,"B"
"MWG","09:17:49",42.8,0.45,300,86100,"S"
"MWG","09:17:46",42.75,0.4,1000,85800,"B"
"MWG","09:17:42",42.8,0.45,2800,84800,"S"
"MWG","09:17:38",42.8,0.45,9300,82000,"S"
"MWG","09:17:35",42.75,0.4,300,72700,"B"
"MWG","09:17:30",42.75,0.4,200,72400,"S"
"MWG","09:16:54",42.7,0.35,3800,72200,"S"
"MWG","09:16:49",42.65,0.3,100,68400,"S"
"MWG","09:16:32",42.6,0.25,1100,68300,"S"
"MWG","09:16:31",42.6,0.25,300,67200,"S"
"MWG","09:16:29",42.6,0.25,7000,66900,"S"
"MWG","09:16:27",42.6,0.25,600,59900,"S"
"MWG","09:16:25",42.6,0.25,5000,59300,"S"
"MWG","09:16:21",42.6,0.25,2000,54300,"S"
"MWG","09:16:11",42.5,0.15,700,52300,"S"
"MWG","09:16:00",42.45,0.1,100,51600,"S"
"MWG","09:15:58",42.4,0.05,1000,51500,"S"
"MWG","09:15:55",42.35,0,1700,50500,"S"
"MWG","09:15:53",42.35,0,1000,48800,"S"
"MWG","09:15:51",42.35,0,100,47800,"S"
"MWG","09:15:44",42.35,0,5700,47700,"S"
"MWG","09:15:31",42.35,0,5700,42000,"S"
"MWG","09:15:19",42.35,0,100,36300,"S"
"MWG","09:15:18",42.35,0,500,36200,"S"
"MWG","09:15:00",42.35,0,35700,35700,
