"price","change","match_qtty","side","time","total_vol"
15400,0,1900,"sd","09:20:29",1900
15300,-100,1900,"bu","09:21:26",3800
15300,-100,100,"bu","09:21:37",3900
15300,-100,300,"sd","09:22:03",4200
15300,-100,700,"sd","09:22:31",4900
15300,-100,800,"sd","09:23:13",5700
15300,-100,1500,"sd","09:24:04",7200
15300,-100,100,"bu","09:25:02",7300
15500,100,10000,"bu","09:27:08",17300
15400,0,4000,"bu","09:39:03",21300
15400,0,1000,"sd","09:39:40",22300
15400,0,2700,"bu","09:42:12",25000
15400,0,2400,"sd","09:42:18",27400
15400,0,2000,"bu","09:43:11",29400
15400,0,1000,"bu","09:43:20",30400
15400,0,5000,"sd","09:43:26",35400
15400,0,2000,"sd","09:43:38",37400
15400,0,4200,"bu","09:44:43",41600
15400,0,100,"sd","09:44:44",41700
15400,0,2500,"sd","09:47:45",44200
15400,0,200,"bu","09:51:31",44400
15400,0,1100,"bu","09:51:54",45500
15450,50,100,"sd","09:51:59",45600
15450,50,1200,"bu","09:52:45",46800
15450,50,300,"bu","09:52:52",47100
15450,50,100,"sd","09:53:17",47200
15450,50,300,"bu","09:55:04",47500
15500,100,30000,"sd","09:56:56",77500
15500,100,1500,"bu","09:57:25",79000
15500,100,1000,"sd","09:57:28",80000
15500,100,2000,"sd","09:57:30",82000
15500,100,100,"sd","09:58:22",82100
15550,150,8400,"sd","09:58:55",90500
15550,150,100,"bu","09:59:03",90600
15550,150,200,"sd","09:59:46",90800
15550,150,10000,"bu","09:59:54",100800
15550,150,2400,"bu","10:00:05",103200
15550,150,2700,"sd","10:00:40",105900
15550,150,1000,"bu","10:00:51",106900
15550,150,100,"bu","10:01:48",107000
15500,100,3100,"sd","10:03:39",110100
15500,100,2000,"sd","10:04:09",112100
15500,100,5000,"sd","10:04:36",117100
15500,100,1500,"bu","10:06:46",118600
15500,100,900,"bu","10:08:02",119500
15500,100,400,"sd","10:08:49",119900
15500,100,3000,"bu","10:09:05",122900
15450,50,500,"sd","10:10:51",123400
15450,50,200,"bu","10:13:16",123600
15500,100,300,"bu","10:15:00",123900
15450,50,4200,"bu","10:23:06",128100
15450,50,1100,"sd","10:23:07",129200
15450,50,1000,"bu","10:34:30",130200
15450,50,2000,"bu","10:36:23",132200
15450,50,700,"bu","10:36:40",132900
15450,50,5000,"sd","10:39:11",137900
15450,50,5000,"sd","10:39:31",142900
15450,50,2000,"bu","10:40:18",144900
15450,50,1000,"bu","10:40:28",145900
15450,50,3000,"bu","10:41:31",148900
15450,50,300,"bu","10:42:14",149200
15450,50,4600,"sd","10:42:29",153800
15450,50,800,"sd","10:42:51",154600
15450,50,200,"bu","10:43:27",154800
15450,50,1000,"sd","10:45:41",155800
15450,50,500,"bu","10:47:39",156300
15450,50,300,"sd","10:48:21",156600
15450,50,5000,"sd","10:50:00",161600
15450,50,2800,"bu","10:51:29",164400
15400,0,14000,"bu","10:53:28",178400
15400,0,700,"sd","10:53:36",179100
15400,0,5300,"bu","10:57:07",184400
15400,0,500,"bu","11:11:25",184900
15400,0,800,"bu","11:11:30",185700
15400,0,400,"bu","11:22:45",186100
15400,0,400,"bu","11:24:21",186500
15350,-50,500,"bu","13:00:30",187000
15400,0,100,"bu","13:00:59",187100
15350,-50,200,"bu","13:05:42",187300
15350,-50,500,"bu","13:07:53",187800
15350,-50,2000,"bu","13:10:17",189800
15400,0,5000,"bu","13:15:10",194800
15400,0,100,"bu","13:21:03",194900
15350,-50,9100,"sd","13:28:44",204000
15350,-50,4300,"bu","13:29:29",208300
15350,-50,500,"bu","13:31:44",208800
15350,-50,700,"sd","13:33:21",209500
15350,-50,6500,"bu","13:34:10",216000
15350,-50,600,"sd","13:36:12",216600
15350,-50,500,"sd","13:36:48",217100
15350,-50,2500,"bu","13:41:07",219600
15350,-50,2000,"sd","13:48:27",221600
15300,-100,1000,"sd","13:48:52",222600
15400,0,5100,"bu","13:49:37",227700
15350,-50,3000,"sd","13:51:43",230700
15350,-50,5000,"bu","13:52:00",235700
15350,-50,3000,"bu","13:52:04",238700
15400,0,100,"sd","13:52:33",238800
15350,-50,3000,"bu","13:53:41",241800
15350,-50,100,"sd","13:54:30",241900
15400,0,1300,"bu","13:55:52",243200
15400,0,1000,"sd","14:02:23",244200
15400,0,100,"bu","14:05:34",244300
15350,-50,2600,"sd","14:07:32",246900
15300,-100,3000,"bu","14:08:47",249900
15300,-100,12000,"bu","14:10:41",261900
15350,-50,1400,"sd","14:10:52",263300
15350,-50,2000,"sd","14:11:01",265300
15350,-50,3000,"sd","14:12:36",268300
15350,-50,100,"bu","14:14:11",268400
15350,-50,3000,"sd","14:15:09",271400
15350,-50,2100,"sd","14:15:20",273500
15350,-50,100,"sd","14:15:21",273600
15400,0,500,"bu","14:16:19",274100
15400,0,200,"sd","14:16:53",274300
15350,-50,2400,"bu","14:18:08",276700
15400,0,500,"bu","14:18:26",277200
15400,0,10000,"bu","14:19:11",287200
15400,0,15900,"bu","14:19:30",303100
15450,50,4800,"bu","14:20:41",307900
15400,0,1600,"sd","14:20:50",309500
15450,50,100,"sd","14:21:26",309600
15400,0,14700,"sd","14:23:03",324300
15400,0,2000,"sd","14:23:13",326300
15400,0,100,"sd","14:23:35",326400
15350,-50,3600,"bu","14:23:36",330000
15350,-50,200,"bu","14:23:46",330200
15350,-50,1200,"sd","14:23:57",331400
15350,-50,800,"sd","14:26:57",332200
15350,-50,1000,"bu","14:27:14",333200
15350,-50,2200,"sd","14:27:56",335400
15300,-100,7000,"sd","14:29:42",342400
15300,-100,2000,"sd","14:29:49",344400
15400,0,16600,"bu","14:45:14",361000
