"price","change","match_qtty","side","time","total_vol"
4270,70,7400,"bu","09:15:11",7400
4270,70,100,"sd","09:15:15",7500
4260,60,200,"sd","09:16:11",7700
4250,50,100,"bu","09:18:29",7800
4260,60,10200,"bu","09:18:54",18000
4260,60,2000,"sd","09:20:35",20000
4250,50,400,"bu","09:23:50",20400
4250,50,1000,"sd","09:24:06",21400
4250,50,1000,"bu","09:24:34",22400
4250,50,100,"sd","09:25:28",22500
4240,40,500,"bu","09:26:59",23000
4260,60,12000,"sd","09:27:04",35000
4260,60,10000,"bu","09:29:12",45000
4260,60,400,"bu","09:29:40",45400
4260,60,100,"bu","09:30:50",45500
4260,60,2000,"sd","09:31:55",47500
4260,60,100,"sd","09:32:59",47600
4240,40,7100,"sd","09:34:09",54700
4250,50,400,"bu","09:35:02",55100
4240,40,1000,"sd","09:35:03",56100
4250,50,6900,"bu","09:35:32",63000
4240,40,1900,"sd","09:36:28",64900
4250,50,200,"sd","09:36:42",65100
4250,50,4100,"sd","09:37:02",69200
4250,50,500,"sd","09:37:15",69700
4250,50,5000,"sd","09:38:12",74700
4250,50,4700,"sd","09:38:18",79400
4250,50,5200,"bu","09:38:56",84600
4250,50,1000,"sd","09:39:21",85600
4250,50,1700,"bu","09:39:31",87300
4250,50,3000,"bu","09:40:02",90300
4250,50,200,"sd","09:40:19",90500
4240,40,31500,"sd","09:41:48",122000
4230,30,800,"bu","09:42:22",122800
4240,40,1500,"bu","09:42:26",124300
4240,40,1400,"bu","09:42:28",125700
4240,40,2000,"bu","09:42:43",127700
4240,40,5500,"bu","09:43:04",133200
4240,40,21100,"sd","09:43:53",154300
4240,40,3900,"sd","09:44:13",158200
4240,40,2000,"bu","09:44:31",160200
4240,40,2600,"sd","09:44:44",162800
4240,40,100,"sd","09:44:50",162900
4240,40,21600,"bu","09:45:46",184500
4250,50,2000,"sd","09:45:59",186500
4240,40,100,"bu","09:46:02",186600
4240,40,16400,"sd","09:46:37",203000
4240,40,200,"sd","09:46:56",203200
4250,50,10000,"bu","09:47:28",213200
4250,50,200,"bu","09:47:54",213400
4250,50,1000,"bu","09:48:48",214400
4250,50,2500,"sd","09:50:43",216900
4250,50,2000,"sd","09:52:08",218900
4240,40,2000,"sd","09:52:27",220900
4240,40,100,"bu","09:52:49",221000
4250,50,3300,"sd","09:53:57",224300
4250,50,400,"sd","09:54:25",224700
4250,50,2000,"bu","09:54:33",226700
4250,50,1000,"bu","09:55:56",227700
4250,50,300,"sd","09:57:09",228000
4240,40,1700,"bu","09:57:41",229700
4250,50,1500,"sd","09:57:53",231200
4250,50,400,"bu","09:57:54",231600
4240,40,100,"bu","09:58:01",231700
4250,50,30000,"sd","09:58:16",261700
4250,50,15000,"sd","09:58:23",276700
4250,50,3900,"sd","09:59:10",280600
4250,50,1000,"sd","09:59:25",281600
4250,50,500,"bu","09:59:45",282100
4250,50,4600,"bu","09:59:50",286700
4250,50,100,"sd","10:00:36",286800
4250,50,400,"sd","10:01:13",287200
4250,50,400,"sd","10:01:46",287600
4240,40,600,"bu","10:02:19",288200
4240,40,10000,"sd","10:02:46",298200
4250,50,13500,"sd","10:03:13",311700
4250,50,800,"bu","10:03:25",312500
4250,50,20800,"sd","10:03:27",333300
4240,40,300,"bu","10:03:36",333600
4240,40,100,"bu","10:04:07",333700
4240,40,500,"bu","10:05:02",334200
4240,40,1800,"bu","10:05:27",336000
4240,40,1100,"bu","10:05:47",337100
4240,40,2700,"bu","10:06:33",339800
4260,60,190800,"sd","10:06:50",530600
4260,60,30000,"sd","10:06:52",560600
4250,50,1600,"sd","10:09:40",562200
4260,60,20000,"bu","10:11:19",582200
4250,50,2000,"sd","10:11:29",584200
4270,70,15000,"bu","10:11:30",599200
4270,70,1000,"bu","10:12:29",600200
4270,70,3700,"bu","10:12:31",603900
4270,70,10000,"bu","10:12:32",613900
4270,70,500,"sd","10:12:49",614400
4270,70,9200,"bu","10:13:12",623600
4270,70,1200,"sd","10:13:37",624800
4280,80,7000,"bu","10:13:46",631800
4280,80,100,"sd","10:13:47",631900
4280,80,2000,"sd","10:13:56",633900
4280,80,4000,"sd","10:14:13",637900
4280,80,3000,"bu","10:14:27",640900
4280,80,100,"bu","10:14:30",641000
4280,80,1800,"bu","10:14:33",642800
4280,80,500,"sd","10:14:36",643300
4290,90,11600,"sd","10:15:01",654900
4280,80,1000,"bu","10:15:01",655900
4280,80,26700,"bu","10:15:04",682600
4290,90,1000,"bu","10:15:07",683600
4290,90,100,"bu","10:15:21",683700
4280,80,1000,"sd","10:15:33",684700
4280,80,8600,"bu","10:16:32",693300
4280,80,3000,"sd","10:16:43",696300
4280,80,7300,"sd","10:17:07",703600
4280,80,300,"bu","10:17:09",703900
4280,80,1000,"bu","10:17:10",704900
4280,80,200,"sd","10:17:15",705100
4280,80,2000,"bu","10:17:19",707100
4280,80,2200,"sd","10:18:21",709300
4280,80,8700,"sd","10:18:24",718000
4270,70,4000,"bu","10:18:29",722000
4280,80,3100,"bu","10:18:30",725100
4270,70,2000,"sd","10:19:20",727100
4270,70,6500,"bu","10:19:47",733600
4280,80,16800,"sd","10:20:53",750400
4280,80,6500,"bu","10:21:03",756900
4280,80,2000,"sd","10:21:19",758900
4290,90,200,"sd","10:21:34",759100
4290,90,300,"bu","10:21:39",759400
4290,90,200,"sd","10:21:42",759600
4290,90,11000,"sd","10:22:12",770600
4290,90,10000,"sd","10:22:19",780600
4290,90,2000,"bu","10:22:26",782600
4290,90,5000,"bu","10:22:28",787600
4290,90,100,"bu","10:22:29",787700
4290,90,3500,"sd","10:22:31",791200
4290,90,300,"bu","10:22:42",791500
4290,90,400,"bu","10:22:59",791900
4280,80,800,"sd","10:23:04",792700
4290,90,1900,"bu","10:23:05",794600
4290,90,100,"sd","10:23:07",794700
4290,90,400,"sd","10:23:13",795100
4300,100,100,"bu","10:23:22",795200
4300,100,11600,"bu","10:23:45",806800
4300,100,2200,"sd","10:23:50",809000
4300,100,5000,"sd","10:23:51",814000
4300,100,1000,"bu","10:24:00",815000
4300,100,5000,"sd","10:24:10",820000
4300,100,1000,"sd","10:24:16",821000
4300,100,300,"bu","10:24:23",821300
4300,100,22000,"sd","10:24:23",843300
4300,100,800,"bu","10:24:29",844100
4300,100,5000,"sd","10:24:31",849100
4300,100,5700,"sd","10:24:43",854800
4290,90,1600,"sd","10:24:51",856400
4290,90,400,"sd","10:24:53",856800
4290,90,5000,"bu","10:25:06",861800
4300,100,2000,"sd","10:25:19",863800
4290,90,3000,"sd","10:26:01",866800
4290,90,100,"sd","10:26:06",866900
4290,90,4000,"bu","10:26:55",870900
4290,90,500,"bu","10:27:55",871400
4290,90,4000,"sd","10:28:48",875400
4280,80,1000,"sd","10:29:12",876400
4280,80,10000,"sd","10:29:48",886400
4280,80,700,"sd","10:30:04",887100
4280,80,200,"bu","10:30:30",887300
4280,80,100,"sd","10:30:40",887400
4280,80,4000,"sd","10:31:41",891400
4280,80,300,"sd","10:32:50",891700
4280,80,2000,"bu","10:33:04",893700
4280,80,3500,"bu","10:33:56",897200
4280,80,1100,"bu","10:34:14",898300
4280,80,2000,"sd","10:34:16",900300
4280,80,4000,"sd","10:35:15",904300
4290,90,300,"bu","10:35:41",904600
4290,90,400,"sd","10:35:43",905000
4280,80,10000,"bu","10:36:18",915000
4280,80,100,"sd","10:37:41",915100
4280,80,1000,"sd","10:38:22",916100
4290,90,100,"bu","10:38:27",916200
4290,90,600,"bu","10:39:00",916800
4280,80,7500,"sd","10:39:31",924300
4280,80,800,"bu","10:40:01",925100
4280,80,6100,"bu","10:40:12",931200
4270,70,23600,"bu","10:40:47",954800
4270,70,8000,"bu","10:41:15",962800
4270,70,18400,"sd","10:41:45",981200
4270,70,5000,"bu","10:44:23",986200
4270,70,15000,"bu","10:51:06",1001200
4270,70,600,"sd","10:51:11",1001800
4270,70,300,"bu","10:51:16",1002100
4270,70,200,"sd","10:51:24",1002300
4260,60,300,"bu","10:51:46",1002600
4260,60,3000,"bu","10:52:23",1005600
4270,70,2600,"sd","10:52:46",1008200
4270,70,300,"bu","10:53:03",1008500
4280,80,2100,"sd","10:53:27",1010600
4280,80,11000,"sd","10:54:07",1021600
4280,80,23300,"sd","10:54:28",1044900
4280,80,30400,"sd","10:54:55",1075300
4280,80,2500,"sd","10:55:31",1077800
4280,80,4000,"bu","10:55:55",1081800
4280,80,10000,"sd","10:56:25",1091800
4280,80,10600,"bu","10:59:16",1102400
4280,80,5700,"sd","11:00:37",1108100
4280,80,2700,"bu","11:01:15",1110800
4280,80,1900,"sd","11:01:33",1112700
4280,80,6000,"bu","11:01:51",1118700
4280,80,300,"bu","11:01:56",1119000
4280,80,200,"sd","11:03:29",1119200
4270,70,35000,"bu","11:06:06",1154200
4280,80,500,"sd","11:06:27",1154700
4280,80,3500,"bu","11:06:39",1158200
4280,80,8500,"bu","11:06:43",1166700
4280,80,4000,"sd","11:07:03",1170700
4280,80,23000,"sd","11:08:05",1193700
4280,80,900,"sd","11:08:20",1194600
4280,80,4200,"sd","11:09:06",1198800
4280,80,2000,"bu","11:09:42",1200800
4280,80,3900,"sd","11:09:48",1204700
4280,80,1000,"bu","11:10:06",1205700
4280,80,300,"sd","11:10:25",1206000
4280,80,2100,"sd","11:11:09",1208100
4280,80,8000,"sd","11:13:37",1216100
4270,70,4900,"bu","11:17:07",1221000
4270,70,4300,"sd","11:18:35",1225300
4270,70,1900,"bu","11:18:57",1227200
4270,70,1700,"bu","11:19:20",1228900
4270,70,1500,"sd","11:19:32",1230400
4270,70,1400,"bu","11:20:39",1231800
4270,70,1500,"sd","11:21:01",1233300
4270,70,1300,"bu","11:21:16",1234600
4270,70,10000,"sd","11:21:30",1244600
4270,70,1200,"bu","11:21:32",1245800
4270,70,100,"sd","11:21:48",1245900
4280,80,500,"bu","11:22:24",1246400
4280,80,100,"bu","11:23:21",1246500
4270,70,900,"bu","11:25:19",1247400
4260,60,900,"sd","11:27:42",1248300
4260,60,700,"bu","11:27:53",1249000
4260,60,1900,"bu","11:28:56",1250900
4260,60,9300,"bu","11:28:57",1260200
4260,60,1800,"sd","13:00:31",1262000
4260,60,300,"sd","13:00:38",1262300
4250,50,100000,"bu","13:00:41",1362300
4260,60,100,"bu","13:00:45",1362400
4270,70,2000,"bu","13:00:57",1364400
4260,60,100,"sd","13:00:59",1364500
4260,60,500,"sd","13:01:03",1365000
4260,60,100,"sd","13:01:05",1365100
4260,60,1000,"sd","13:01:06",1366100
4260,60,500,"bu","13:01:11",1366600
4260,60,200,"bu","13:01:15",1366800
4260,60,100,"bu","13:01:19",1366900
4260,60,5000,"sd","13:01:27",1371900
4260,60,3600,"sd","13:02:08",1375500
4260,60,4200,"sd","13:02:31",1379700
4260,60,2900,"sd","13:03:00",1382600
4260,60,200,"sd","13:03:15",1382800
4260,60,2600,"sd","13:04:37",1385400
4260,60,1000,"sd","13:06:00",1386400
4260,60,100,"bu","13:07:42",1386500
4270,70,300,"bu","13:09:17",1386800
4270,70,20000,"sd","13:09:31",1406800
4270,70,32000,"sd","13:10:16",1438800
4260,60,7000,"sd","13:10:22",1445800
4260,60,4400,"bu","13:10:56",1450200
4270,70,10000,"bu","13:12:30",1460200
4270,70,7100,"bu","13:12:58",1467300
4270,70,1300,"sd","13:14:40",1468600
4270,70,2000,"bu","13:15:05",1470600
4270,70,10000,"bu","13:16:00",1480600
4270,70,6200,"bu","13:16:56",1486800
4270,70,1000,"bu","13:17:41",1487800
4270,70,3800,"bu","13:17:48",1491600
4270,70,6000,"bu","13:18:25",1497600
4270,70,500,"sd","13:18:27",1498100
4270,70,3900,"sd","13:19:00",1502000
4270,70,11100,"sd","13:19:09",1513100
4270,70,300,"bu","13:19:43",1513400
4270,70,8000,"bu","13:19:55",1521400
4270,70,20000,"bu","13:20:27",1541400
4270,70,5000,"sd","13:20:36",1546400
4270,70,8200,"sd","13:20:41",1554600
4260,60,300,"sd","13:21:31",1554900
4260,60,2000,"sd","13:21:37",1556900
4260,60,10000,"bu","13:22:02",1566900
4260,60,10000,"sd","13:22:10",1576900
4250,50,22000,"bu","13:22:14",1598900
4260,60,1000,"sd","13:23:04",1599900
4260,60,500,"sd","13:23:37",1600400
4250,50,16300,"bu","13:24:07",1616700
4250,50,200,"sd","13:24:57",1616900
4250,50,5000,"sd","13:26:22",1621900
4250,50,2000,"bu","13:27:05",1623900
4250,50,16100,"sd","13:27:16",1640000
4260,60,10200,"bu","13:27:28",1650200
4260,60,3000,"bu","13:28:37",1653200
4260,60,800,"bu","13:28:43",1654000
4260,60,1000,"sd","13:29:18",1655000
4260,60,300,"sd","13:29:33",1655300
4260,60,2000,"sd","13:29:37",1657300
4260,60,3900,"bu","13:30:11",1661200
4270,70,100,"bu","13:30:32",1661300
4260,60,1100,"sd","13:32:44",1662400
4260,60,100,"sd","13:32:45",1662500
4250,50,15000,"bu","13:33:09",1677500
4260,60,1000,"sd","13:33:43",1678500
4250,50,5900,"bu","13:34:15",1684400
4250,50,2000,"sd","13:34:32",1686400
4260,60,500,"bu","13:36:07",1686900
4270,70,2200,"bu","13:39:35",1689100
4260,60,600,"sd","13:41:48",1689700
4260,60,1400,"bu","13:42:37",1691100
4260,60,600,"sd","13:42:56",1691700
4260,60,1900,"sd","13:45:08",1693600
4260,60,100,"bu","13:46:05",1693700
4260,60,1000,"bu","13:47:03",1694700
4260,60,1100,"sd","13:47:39",1695800
4260,60,1000,"bu","13:49:39",1696800
4260,60,7100,"sd","13:51:10",1703900
4260,60,100,"bu","13:51:12",1704000
4260,60,2900,"sd","13:51:27",1706900
4260,60,1500,"bu","13:51:49",1708400
4260,60,400,"sd","13:52:39",1708800
4250,50,4000,"bu","13:53:29",1712800
4250,50,25000,"bu","13:54:16",1737800
4250,50,500,"bu","13:54:43",1738300
4240,40,43200,"sd","13:55:14",1781500
4200,0,50000,"bu","13:55:29",1831500
4230,30,100,"bu","13:56:10",1831600
4230,30,700,"sd","13:56:38",1832300
4230,30,200,"bu","13:58:02",1832500
4230,30,2200,"bu","13:58:07",1834700
4230,30,300,"sd","14:00:06",1835000
4230,30,500,"sd","14:00:13",1835500
4230,30,300,"sd","14:01:31",1835800
4240,40,500,"bu","14:01:50",1836300
4230,30,12500,"sd","14:02:02",1848800
4220,20,1100,"bu","14:02:11",1849900
4230,30,1500,"sd","14:04:16",1851400
4230,30,1000,"sd","14:05:31",1852400
4230,30,300,"bu","14:06:01",1852700
4220,20,500,"bu","14:06:32",1853200
4230,30,500,"sd","14:08:12",1853700
4230,30,2900,"bu","14:08:17",1856600
4230,30,500,"sd","14:08:32",1857100
4240,40,8500,"sd","14:09:21",1865600
4240,40,21000,"bu","14:09:49",1886600
4230,30,3000,"bu","14:11:10",1889600
4240,40,4300,"sd","14:11:22",1893900
4250,50,2000,"sd","14:13:14",1895900
4240,40,100,"bu","14:13:17",1896000
4240,40,1000,"sd","14:13:43",1897000
4250,50,200,"sd","14:15:26",1897200
4250,50,100,"bu","14:16:13",1897300
4240,40,7600,"sd","14:16:24",1904900
4240,40,2000,"sd","14:16:29",1906900
4240,40,1000,"bu","14:17:18",1907900
4240,40,500,"sd","14:17:41",1908400
4240,40,2000,"sd","14:17:50",1910400
4250,50,24300,"sd","14:18:44",1934700
4250,50,1000,"bu","14:19:04",1935700
4250,50,5000,"bu","14:19:36",1940700
4250,50,1000,"bu","14:19:54",1941700
4250,50,200,"bu","14:19:59",1941900
4250,50,2100,"sd","14:20:26",1944000
4250,50,4900,"sd","14:20:34",1948900
4240,40,300,"sd","14:20:47",1949200
4240,40,3300,"bu","14:21:16",1952500
4240,40,200,"sd","14:21:29",1952700
4240,40,1000,"sd","14:21:39",1953700
4240,40,500,"sd","14:21:50",1954200
4240,40,5000,"bu","14:22:20",1959200
4240,40,500,"bu","14:22:35",1959700
4230,30,5000,"sd","14:22:59",1964700
4230,30,300,"sd","14:23:26",1965000
4230,30,700,"sd","14:23:40",1965700
4250,50,500,"bu","14:23:48",1966200
4240,40,7000,"bu","14:25:02",1973200
4230,30,5000,"sd","14:25:44",1978200
4230,30,3000,"sd","14:25:46",1981200
4240,40,200,"bu","14:25:53",1981400
4240,40,500,"bu","14:26:18",1981900
4240,40,11900,"bu","14:27:19",1993800
4230,30,3000,"sd","14:27:28",1996800
4230,30,100,"bu","14:28:04",1996900
4240,40,8600,"sd","14:28:42",2005500
4240,40,1700,"sd","14:28:53",2007200
4240,40,700,"bu","14:29:00",2007900
4240,40,2300,"sd","14:29:23",2010200
4230,30,2000,"bu","14:29:33",2012200
4240,40,400,"sd","14:29:37",2012600
4250,50,1200,"bu","14:30:04",2013800
4250,50,100,"sd","14:30:06",2013900
4250,50,43000,"sd","14:45:39",2056900
