"price","change","match_qtty","side","time","total_vol"
83500,700,27300,"bu","09:15:04",27300
83500,700,600,"bu","09:15:11",27900
83400,600,200,"bu","09:15:12",28100
83400,600,1200,"bu","09:15:40",29300
83400,600,7100,"bu","09:15:42",36400
83400,600,1600,"sd","09:15:44",38000
83400,600,100,"sd","09:15:49",38100
83400,600,300,"sd","09:15:53",38400
83000,200,1200,"bu","09:15:54",39600
83400,600,1000,"bu","09:15:59",40600
83500,700,1500,"bu","09:16:03",42100
83400,600,500,"sd","09:16:12",42600
83400,600,200,"bu","09:16:13",42800
83400,600,1500,"sd","09:16:28",44300
83400,600,1000,"sd","09:16:29",45300
83400,600,900,"sd","09:16:32",46200
83400,600,1600,"bu","09:16:34",47800
83400,600,300,"sd","09:16:44",48100
83100,300,100,"sd","09:16:53",48200
83400,600,900,"bu","09:17:02",49100
83400,600,200,"sd","09:17:03",49300
83100,300,100,"bu","09:17:11",49400
83300,500,1000,"sd","09:17:32",50400
83300,500,100,"sd","09:17:33",50500
83300,500,1300,"sd","09:17:41",51800
83400,600,900,"sd","09:18:02",52700
83400,600,100,"sd","09:18:04",52800
83400,600,4200,"sd","09:18:17",57000
83400,600,100,"sd","09:18:22",57100
83400,600,3900,"bu","09:18:22",61000
83500,700,900,"bu","09:18:32",61900
83500,700,100,"sd","09:18:34",62000
83400,600,200,"sd","09:18:41",62200
83500,700,900,"bu","09:19:02",63100
83500,700,100,"bu","09:19:03",63200
83500,700,300,"sd","09:19:11",63500
83400,600,100,"bu","09:19:31",63600
83500,700,900,"sd","09:19:32",64500
83500,700,200,"sd","09:19:33",64700
83400,600,100,"sd","09:19:34",64800
83400,600,3700,"bu","09:19:36",68500
83400,600,100,"bu","09:19:40",68600
83400,600,500,"bu","09:19:46",69100
83500,700,2000,"bu","09:19:52",71100
83500,700,500,"sd","09:19:54",71600
83500,700,1400,"sd","09:20:02",73000
83500,700,300,"sd","09:20:04",73300
83500,700,1000,"bu","09:20:32",74300
83500,700,100,"bu","09:20:34",74400
83500,700,1300,"sd","09:21:03",75700
83400,600,1200,"bu","09:21:04",76900
83400,600,300,"bu","09:21:07",83800
83400,600,1600,"sd","09:21:13",85400
83400,600,1500,"bu","09:21:17",86900
83400,600,200,"sd","09:21:25",87100
83500,700,500,"sd","09:21:29",87600
83500,700,900,"sd","09:21:32",88500
83500,700,300,"sd","09:21:34",88800
83400,600,100,"sd","09:21:45",88900
83400,600,800,"bu","09:21:46",89700
83500,700,100,"bu","09:21:53",89800
83400,600,2000,"sd","09:22:03",91800
83400,600,400,"sd","09:22:04",92200
83400,600,1000,"sd","09:22:09",93200
83400,600,200,"bu","09:22:14",93400
83300,500,100,"bu","09:22:15",93500
83400,600,1000,"sd","09:22:33",94500
83400,600,100,"bu","09:22:34",94600
83400,600,900,"bu","09:23:03",95500
83400,600,100,"bu","09:23:05",95600
83400,600,200,"sd","09:23:14",95800
83400,600,1100,"bu","09:23:33",96900
83400,600,400,"sd","09:23:34",97300
83300,500,100,"bu","09:23:35",97400
83400,600,1100,"bu","09:24:03",98500
83400,600,100,"sd","09:24:14",98600
83400,600,900,"bu","09:24:33",99500
83400,600,100,"sd","09:24:41",99600
83400,600,200,"bu","09:24:44",99800
83300,500,100,"sd","09:24:55",99900
83400,600,900,"bu","09:25:03",100800
83400,600,100,"sd","09:25:20",100900
83400,600,900,"bu","09:25:33",101800
83300,500,100,"bu","09:25:40",101900
83300,500,1000,"sd","09:25:54",102900
83400,600,900,"sd","09:26:06",103800
83300,500,100,"bu","09:26:13",103900
83400,600,1100,"sd","09:26:33",105000
83300,500,500,"sd","09:26:34",105500
83400,600,100,"sd","09:26:40",105600
83400,600,300,"bu","09:26:44",105900
83400,600,900,"bu","09:27:04",106800
83400,600,100,"bu","09:27:14",106900
83400,600,3000,"sd","09:27:20",109900
83400,600,600,"bu","09:27:24",110500
83400,600,2000,"bu","09:27:28",112500
83400,600,1400,"bu","09:27:34",113900
83300,500,100,"sd","09:27:36",114000
83400,600,900,"bu","09:28:04",114900
83300,500,100,"sd","09:28:09",115000
83400,600,700,"bu","09:28:31",115700
83400,600,1000,"sd","09:28:34",116700
83400,600,200,"sd","09:28:44",116900
83400,600,800,"bu","09:28:46",117700
83400,600,200,"bu","09:28:54",117900
83300,500,100,"sd","09:28:56",118000
83400,600,200,"bu","09:28:59",118200
83400,600,400,"bu","09:29:02",118600
83400,600,900,"bu","09:29:04",119500
83400,600,100,"sd","09:29:05",119600
83400,600,200,"bu","09:29:14",119800
83400,600,100,"bu","09:29:29",119900
83400,600,2000,"sd","09:30:04",121900
83400,600,100,"sd","09:30:14",122000
83300,500,200,"sd","09:30:16",122200
83300,500,100,"sd","09:30:24",122300
83400,600,900,"bu","09:30:35",123200
83400,600,6300,"bu","09:30:38",129500
83300,500,100,"sd","09:30:41",129600
83400,600,300,"sd","09:30:55",129900
83400,600,900,"bu","09:31:05",130800
83400,600,600,"bu","09:31:10",131400
83400,600,300,"bu","09:31:14",131700
83400,600,900,"bu","09:31:34",132600
83300,500,100,"sd","09:31:37",132700
83400,600,5000,"bu","09:31:52",137700
83500,700,1400,"sd","09:32:04",139100
83400,600,300,"sd","09:32:11",139400
83500,700,900,"bu","09:32:35",140300
83500,700,1500,"sd","09:32:40",141800
83500,700,400,"bu","09:32:44",142200
83400,600,800,"sd","09:32:55",143000
83500,700,1100,"sd","09:33:05",144100
83500,700,1000,"sd","09:33:06",145100
83500,700,300,"bu","09:33:14",145400
83500,700,200,"bu","09:33:16",145600
83500,700,1000,"sd","09:33:20",146600
83500,700,300,"sd","09:33:23",146900
83500,700,2500,"sd","09:33:33",149400
83500,700,500,"bu","09:33:34",149900
83500,700,900,"bu","09:33:35",150800
83500,700,200,"bu","09:33:44",151000
83400,600,100,"sd","09:33:54",151100
83500,700,1000,"sd","09:34:05",152100
83500,700,100,"sd","09:34:14",152200
83500,700,1000,"bu","09:34:35",153200
83500,700,100,"bu","09:34:44",153300
83400,600,500,"sd","09:34:45",153800
83400,600,100,"bu","09:34:51",153900
83500,700,5000,"sd","09:35:01",158900
83500,700,900,"bu","09:35:05",159800
83400,600,100,"sd","09:35:08",159900
83500,700,600,"sd","09:35:09",160500
83500,700,900,"sd","09:35:35",161400
83400,600,1100,"bu","09:35:55",162500
83400,600,600,"bu","09:36:04",163100
83500,700,900,"sd","09:36:05",164000
83500,700,3000,"bu","09:36:11",167000
83400,600,2100,"bu","09:36:15",169100
83500,700,200,"bu","09:36:26",169300
83500,700,900,"bu","09:36:36",170200
83500,700,2000,"sd","09:36:53",172200
83400,600,100,"sd","09:36:58",172300
83500,700,900,"bu","09:37:05",173200
83500,700,5600,"bu","09:37:09",178800
83500,700,3000,"bu","09:37:14",181800
83500,700,3000,"sd","09:37:17",184800
83400,600,4100,"bu","09:37:22",188900
83500,700,1000,"sd","09:37:26",190300
83600,800,900,"sd","09:37:36",191200
83500,700,400,"bu","09:37:39",191600
83500,700,200,"bu","09:37:43",191800
83600,800,900,"bu","09:38:06",192700
83500,700,600,"sd","09:38:32",193300
83600,800,1000,"bu","09:38:32",194300
83600,800,900,"bu","09:38:36",195200
83600,800,400,"sd","09:38:55",195600
83500,700,100,"bu","09:38:56",195700
83600,800,900,"sd","09:39:06",196600
83600,800,100,"bu","09:39:16",196700
83600,800,200,"sd","09:39:24",196900
83500,700,1000,"bu","09:39:36",197900
83500,700,800,"bu","09:39:41",199000
83500,700,100,"sd","09:39:58",199100
83600,800,900,"sd","09:40:06",200000
83600,800,100,"bu","09:40:08",200100
83600,800,500,"sd","09:40:30",200600
83600,800,900,"sd","09:40:36",201500
83500,700,1500,"sd","09:40:45",203000
83600,800,300,"sd","09:40:48",203300
83500,700,100,"sd","09:40:59",203400
83600,800,1000,"bu","09:41:06",204400
83600,800,900,"sd","09:41:37",205300
83600,800,100,"sd","09:41:43",205400
83500,700,500,"sd","09:41:50",205900
83600,800,200,"sd","09:41:56",206100
83600,800,900,"bu","09:42:09",207000
83500,700,100,"bu","09:42:12",207100
83500,700,600,"bu","09:42:36",207700
83600,800,900,"bu","09:42:37",208600
83600,800,800,"sd","09:43:01",209400
83600,800,900,"sd","09:43:08",210300
83600,800,1500,"sd","09:43:29",211800
83600,800,2400,"bu","09:43:37",214200
83600,800,5100,"bu","09:43:40",219300
83600,800,1000,"bu","09:43:42",220300
83600,800,100,"bu","09:43:43",220400
83700,900,1400,"sd","09:44:07",221800
83700,900,800,"sd","09:44:26",222600
83600,800,1900,"bu","09:44:37",224500
83700,900,300,"bu","09:44:46",224800
83600,800,200,"sd","09:45:01",225000
83700,900,1800,"bu","09:45:37",226800
83600,800,600,"bu","09:46:06",227400
83700,900,900,"bu","09:46:07",228300
83600,800,600,"sd","09:46:13",228900
83600,800,200,"bu","09:46:18",229100
83600,800,100,"sd","09:46:21",229200
83700,900,900,"bu","09:46:37",230100
83600,800,100,"sd","09:46:46",230200
83600,800,5000,"sd","09:46:55",235200
83600,800,2000,"sd","09:46:59",237200
83700,900,900,"sd","09:47:07",238100
83600,800,100,"sd","09:47:18",238200
83700,900,900,"sd","09:47:37",239100
83600,800,600,"bu","09:47:39",239700
83600,800,100,"sd","09:47:40",239800
83700,900,400,"bu","09:48:07",240200
83700,900,900,"bu","09:48:08",241100
83700,900,3000,"sd","09:48:11",244100
83700,900,2000,"bu","09:48:21",246100
83700,900,100,"bu","09:48:26",246200
83700,900,3000,"bu","09:48:28",249200
83700,900,1000,"bu","09:48:31",250200
83700,900,3000,"bu","09:48:31",253200
83600,800,100,"bu","09:48:32",253300
83700,900,1000,"sd","09:48:33",254300
83700,900,3000,"sd","09:48:36",257300
83700,900,900,"sd","09:48:38",258200
83700,900,500,"bu","09:48:41",258700
83700,900,400,"bu","09:49:12",259100
83800,1000,1000,"sd","09:49:27",260100
83800,1000,300,"bu","09:49:29",260400
83800,1000,900,"sd","09:49:55",261300
83800,1000,3500,"sd","09:49:58",264800
83800,1000,200,"bu","09:50:19",265000
83700,900,100,"bu","09:50:21",265100
83700,900,3000,"sd","09:50:26",268100
83800,1000,600,"sd","09:50:56",269100
83800,1000,100,"bu","09:51:06",269200
83800,1000,900,"bu","09:51:25",270100
83700,900,100,"bu","09:51:42",270200
83700,900,1200,"bu","09:52:01",271400
83800,1000,900,"sd","09:52:26",272300
83700,900,100,"sd","09:52:41",272400
83700,900,1000,"sd","09:52:54",273400
83800,1000,900,"sd","09:52:56",274300
83700,900,600,"sd","09:53:02",274900
83800,1000,900,"sd","09:53:26",275800
83800,1000,100,"sd","09:53:30",275900
83800,1000,900,"sd","09:53:56",276800
83700,900,100,"bu","09:54:23",276900
83800,1000,900,"sd","09:54:26",277800
83800,1000,2000,"bu","09:54:48",279800
83800,1000,800,"sd","09:54:55",280600
83800,1000,900,"bu","09:54:56",281500
83800,1000,5000,"bu","09:54:57",286500
83800,1000,100,"bu","09:54:58",286600
83800,1000,2000,"bu","09:55:06",288600
83700,900,100,"bu","09:55:14",288700
83800,1000,1800,"sd","09:55:18",290500
83900,1100,5000,"sd","09:55:19",295500
83900,1100,900,"bu","09:55:27",296400
83800,1000,500,"bu","09:55:40",296900
83800,1000,100,"sd","09:55:43",297000
83800,1000,300,"sd","09:55:52",297300
83800,1000,2000,"bu","09:55:57",299300
83800,1000,100,"sd","09:56:05",299400
83800,1000,1000,"sd","09:56:15",300400
83900,1100,900,"sd","09:56:27",301300
83900,1100,900,"bu","09:56:57",302200
83900,1100,1200,"bu","09:57:26",303400
83800,1000,100,"bu","09:57:28",303500
83800,1000,2100,"sd","09:57:36",305600
83800,1000,100,"bu","09:57:43",305700
83900,1100,1000,"sd","09:57:57",306700
83800,1000,6600,"sd","09:57:59",313300
83800,1000,1300,"sd","09:58:13",314600
83800,1000,100,"bu","09:58:17",314700
83800,1000,1000,"sd","09:58:28",315700
83800,1000,100,"bu","09:58:54",315800
83800,1000,900,"sd","09:58:57",316700
83800,1000,100,"sd","09:58:58",316800
83700,900,1000,"sd","09:59:25",317800
83800,1000,900,"sd","09:59:27",318700
83700,900,100,"sd","09:59:43",318800
83700,900,200,"bu","09:59:44",319000
83800,1000,900,"bu","09:59:57",319900
83800,1000,1000,"sd","10:00:27",320900
83800,1000,900,"sd","10:00:28",321800
83700,900,1000,"bu","10:01:04",322800
83800,1000,900,"bu","10:01:28",323700
83700,900,100,"bu","10:01:56",323800
83800,1000,900,"bu","10:01:57",324700
83800,1000,3000,"sd","10:02:12",327700
83700,900,3000,"bu","10:02:24",330700
83900,1100,900,"bu","10:02:28",331600
83800,1000,400,"sd","10:02:42",332000
83900,1100,500,"sd","10:02:53",332500
83900,1100,900,"sd","10:02:57",333400
83800,1000,100,"bu","10:03:25",333500
83900,1100,1900,"sd","10:03:58",335400
83800,1000,100,"sd","10:04:02",335500
83800,1000,2600,"bu","10:04:17",338100
83800,1000,100,"sd","10:04:18",338200
83800,1000,2500,"bu","10:04:27",340700
83900,1100,900,"sd","10:04:29",341600
83900,1100,900,"sd","10:04:58",342500
83800,1000,100,"bu","10:05:05",342600
83800,1000,200,"bu","10:05:15",342800
83900,1100,900,"bu","10:05:28",343700
83800,1000,2000,"sd","10:05:29",345700
83800,1000,500,"bu","10:05:39",346200
83800,1000,200,"bu","10:05:43",346400
83800,1000,600,"sd","10:05:58",347000
83800,1000,1000,"bu","10:05:59",348000
83800,1000,400,"sd","10:06:21",348600
83800,1000,100,"sd","10:06:25",348700
83900,1100,1000,"bu","10:06:30",349700
83800,1000,100,"sd","10:06:33",349800
83800,1000,900,"bu","10:06:59",350700
83700,900,1400,"bu","10:07:42",352100
83700,900,100,"bu","10:07:46",352200
83700,900,2000,"sd","10:07:52",354200
83800,1000,900,"bu","10:07:59",355100
83700,900,1000,"sd","10:08:38",356100
83800,1000,900,"sd","10:08:59",357000
83700,900,100,"bu","10:09:06",357100
83700,900,500,"sd","10:09:09",357600
83700,900,900,"bu","10:09:26",358500
83800,1000,900,"bu","10:09:29",359400
83800,1000,900,"sd","10:09:59",360300
83700,900,100,"bu","10:10:26",360400
83800,1000,900,"sd","10:10:30",361300
83700,900,100,"bu","10:10:52",361400
83800,1000,900,"sd","10:11:00",362300
83700,900,1000,"bu","10:11:47",363300
83800,1000,900,"bu","10:11:59",364200
83800,1000,1400,"bu","10:12:55",365600
83800,1000,900,"sd","10:13:00",366500
83700,900,100,"bu","10:13:06",366600
83800,1000,1200,"sd","10:13:30",367800
83800,1000,5000,"bu","10:13:54",372800
83800,1000,900,"sd","10:14:00",373700
83700,900,18500,"sd","10:14:01",392200
83600,800,200,"sd","10:14:27",392400
83700,900,900,"bu","10:14:30",393300
83700,900,200,"bu","10:14:36",393500
83600,800,15100,"bu","10:14:54",408600
83600,800,900,"sd","10:15:01",409500
83600,800,100,"bu","10:15:20",409600
83700,900,900,"sd","10:15:31",410500
83500,700,3600,"bu","10:15:42",414100
83500,700,100,"bu","10:15:48",414200
83600,800,1500,"sd","10:15:56",415700
83800,1000,5900,"bu","10:16:01",421600
83600,800,5000,"sd","10:16:23",426600
83600,800,5000,"bu","10:16:27",431600
83800,1000,900,"sd","10:16:31",432500
83600,800,1000,"sd","10:16:58",433500
83700,900,900,"bu","10:17:01",434400
83600,800,100,"bu","10:17:08",434500
83700,900,900,"sd","10:17:31",435400
83600,800,200,"bu","10:17:34",435600
83800,1000,1100,"sd","10:18:01",436700
83600,800,1400,"sd","10:18:03",438100
83600,800,2000,"sd","10:18:08",440100
83600,800,600,"bu","10:18:28",440700
83800,1000,900,"bu","10:18:31",441600
83600,800,1300,"sd","10:18:33",442900
83800,1000,900,"bu","10:19:01",443800
83600,800,100,"sd","10:19:03",443900
83800,1000,2000,"bu","10:19:04",445900
83800,1000,100,"sd","10:19:11",446000
83800,1000,900,"bu","10:19:31",446900
83500,700,100,"bu","10:19:48",447000
83600,800,1000,"sd","10:20:01",448000
83600,800,1200,"sd","10:20:16",449200
83600,800,200,"sd","10:20:21",449400
83800,1000,900,"bu","10:20:31",450300
83600,800,1400,"bu","10:20:33",451700
83600,800,1200,"sd","10:20:44",452900
83600,800,900,"bu","10:21:02",453800
83500,700,300,"sd","10:21:09",454100
83600,800,900,"sd","10:21:32",455000
83600,800,2000,"sd","10:21:59",457000
83500,700,1000,"bu","10:22:02",458000
83600,800,1000,"bu","10:22:32",459000
83600,800,2000,"bu","10:22:41",461000
83500,700,300,"bu","10:22:43",461300
83500,700,700,"sd","10:22:59",462000
83600,800,900,"sd","10:23:02",462900
83500,700,200,"bu","10:23:13",463100
83500,700,500,"sd","10:23:28",463600
83700,900,900,"sd","10:23:34",464500
83500,700,100,"sd","10:23:50",464600
83700,900,900,"bu","10:24:03",465500
83600,800,1500,"sd","10:24:15",467000
83600,800,100,"bu","10:24:16",467100
83700,900,300,"bu","10:24:32",467400
83700,900,600,"bu","10:24:33",468000
83600,800,1300,"sd","10:24:34",469300
83600,800,100,"sd","10:24:52",469400
83700,900,900,"bu","10:25:02",470300
83600,800,700,"bu","10:25:09",471000
83500,700,100,"sd","10:25:10",471100
83700,900,900,"sd","10:25:33",472000
83600,800,1000,"bu","10:25:59",473000
83800,1000,900,"bu","10:26:03",473900
83600,800,1600,"sd","10:26:12",475500
83600,800,100,"bu","10:26:14",475600
83600,800,2500,"bu","10:26:34",478100
83600,800,600,"bu","10:26:37",478700
83700,900,400,"sd","10:26:57",479100
83800,1000,900,"bu","10:27:03",480000
83700,900,2300,"sd","10:27:33",482300
83600,800,1400,"bu","10:27:35",483700
83600,800,200,"bu","10:27:50",483900
83700,900,900,"sd","10:28:03",484800
83600,800,1400,"bu","10:28:05",486200
83600,800,600,"bu","10:28:14",486800
83700,900,1300,"sd","10:28:33",488100
83600,800,1500,"sd","10:28:44",489600
83700,900,900,"bu","10:29:03",490500
83600,800,300,"bu","10:29:05",490800
83500,700,100,"bu","10:29:11",490900
83600,800,900,"bu","10:29:33",491800
83600,800,100,"sd","10:29:52",491900
83600,800,900,"sd","10:30:03",492800
83600,800,1000,"bu","10:30:06",493800
83600,800,400,"sd","10:30:11",494200
83500,700,100,"sd","10:30:31",494300
83600,800,900,"sd","10:30:33",495200
83600,800,300,"bu","10:30:55",495500
83500,700,100,"sd","10:30:58",495600
83600,800,900,"bu","10:31:03",496500
83600,800,200,"sd","10:31:14",496700
83600,800,100,"sd","10:31:19",496800
83600,800,900,"bu","10:31:34",497700
83600,800,500,"sd","10:31:36",498200
83600,800,300,"bu","10:31:40",498500
83600,800,400,"bu","10:31:46",498900
83600,800,2500,"sd","10:32:11",501400
83700,900,400,"bu","10:32:26",501800
83700,900,100,"bu","10:32:32",501900
83800,1000,1000,"sd","10:32:33",502900
83600,800,100,"sd","10:32:44",503000
83600,800,2400,"sd","10:32:57",505400
83800,1000,1000,"sd","10:33:04",506400
83600,800,1500,"sd","10:33:06",507900
83800,1000,400,"bu","10:33:10",508300
83600,800,200,"sd","10:33:12",508500
83800,1000,1000,"sd","10:33:33",509500
83600,800,1500,"bu","10:33:36",511000
83800,1000,1000,"bu","10:34:04",512000
83600,800,1500,"bu","10:34:06",513500
83800,1000,500,"sd","10:34:15",514000
83600,800,100,"bu","10:34:33",514100
83800,1000,1000,"sd","10:34:34",515100
83600,800,1500,"sd","10:34:36",516600
83800,1000,300,"sd","10:34:46",516900
83600,800,500,"sd","10:35:00",517400
83800,1000,1000,"bu","10:35:04",518400
83600,800,1500,"bu","10:35:06",519900
83600,800,100,"sd","10:35:27",520000
83800,1000,400,"bu","10:35:31",520400
83800,1000,1000,"sd","10:35:34",521400
83600,800,1500,"bu","10:35:37",522900
83800,1000,200,"sd","10:35:47",523100
83600,800,100,"bu","10:35:52",523200
83800,1000,1000,"bu","10:36:05",524200
83600,800,1500,"bu","10:36:06",525700
83800,1000,400,"sd","10:36:16",526100
83800,1000,1000,"sd","10:36:34",527100
83600,800,1500,"sd","10:36:36",528600
83800,1000,400,"bu","10:37:01",529000
83800,1000,1000,"bu","10:37:04",530000
83700,900,1500,"sd","10:37:07",531500
83700,900,100,"sd","10:37:12",531600
83800,1000,1000,"sd","10:37:35",532600
83600,800,1500,"sd","10:37:36",534100
83600,800,100,"sd","10:37:40",534200
83800,1000,1000,"sd","10:38:05",535200
83600,800,1500,"sd","10:38:07",536700
83600,800,100,"sd","10:38:33",536800
83800,1000,1000,"sd","10:38:34",537800
83600,800,1500,"bu","10:38:37",539300
83800,1000,400,"bu","10:38:39",539700
83800,1000,1000,"sd","10:39:05",540700
83600,800,1500,"bu","10:39:06",542200
83800,1000,400,"sd","10:39:24",542600
83800,1000,1000,"sd","10:39:35",543600
83600,800,1500,"bu","10:39:37",545100
83600,800,100,"sd","10:39:53",545200
83800,1000,1100,"bu","10:40:05",546300
83600,800,1500,"sd","10:40:07",547800
83800,1000,400,"bu","10:40:10",548200
83800,1000,200,"sd","10:40:26",548400
83800,1000,1000,"bu","10:40:35",549400
83600,800,1500,"sd","10:40:37",550900
83800,1000,400,"bu","10:40:58",551300
83800,1000,1000,"sd","10:41:06",552300
83600,800,1500,"sd","10:41:07",553800
83600,800,100,"sd","10:41:13",553900
83800,1000,1000,"sd","10:41:36",554900
83600,800,1500,"bu","10:41:37",556400
83600,800,20000,"sd","10:41:38",576400
83800,1000,400,"bu","10:41:40",576800
83800,1000,300,"bu","10:41:40",577100
83800,1000,1000,"bu","10:42:05",578100
83600,800,1500,"bu","10:42:07",579600
83600,800,100,"sd","10:42:08",579700
83500,700,50000,"bu","10:42:14",629700
83600,800,500,"bu","10:42:21",630200
83500,700,5100,"sd","10:42:27",635300
83400,600,200,"sd","10:42:34",635500
83500,700,1000,"bu","10:42:36",636500
83500,700,1200,"bu","10:42:57",637700
83500,700,1000,"bu","10:43:05",638700
83500,700,100,"sd","10:43:27",638800
83500,700,500,"sd","10:43:29",639300
83500,700,1000,"sd","10:43:36",640300
83500,700,100,"bu","10:43:42",640400
83600,800,1100,"sd","10:44:06",641500
83600,800,300,"bu","10:44:08",641800
83500,700,100,"bu","10:44:20",641900
83600,800,1100,"bu","10:44:36",643000
83600,800,100,"sd","10:44:52",643100
83600,800,400,"bu","10:44:53",643500
83500,700,1000,"sd","10:45:06",644500
83400,600,100,"sd","10:45:14",644600
83500,700,1000,"bu","10:45:25",645600
83600,800,1400,"sd","10:45:38",647000
83500,700,1600,"bu","10:45:54",648600
83500,700,100,"sd","10:45:56",648700
83600,800,1000,"bu","10:46:06",649700
83600,800,300,"bu","10:46:23",650000
83500,700,100,"bu","10:46:35",650100
83600,800,1100,"sd","10:46:48",651200
83600,800,100,"sd","10:46:49",651300
83500,700,2000,"bu","10:47:11",653300
83600,800,1000,"bu","10:47:11",654300
83600,800,300,"bu","10:47:12",654600
83500,700,1300,"bu","10:47:36",655900
83400,600,600,"bu","10:47:59",656500
83500,700,200,"sd","10:48:02",656700
83600,800,1000,"bu","10:48:07",657700
83600,800,1400,"bu","10:48:47",659100
83500,700,200,"bu","10:48:49",659300
83600,800,1000,"bu","10:49:07",660300
83500,700,100,"sd","10:49:15",660400
83600,800,300,"sd","10:49:32",660700
83600,800,1000,"bu","10:49:37",661700
83600,800,1500,"bu","10:51:05",663200
83600,800,1100,"sd","10:51:06",664300
83500,700,100,"sd","10:51:09",664400
83600,800,2600,"bu","10:51:16",667000
83600,800,1500,"sd","10:51:38",668500
83600,800,1300,"bu","10:51:48",669800
83800,1000,500,"bu","10:51:50",670300
83500,700,100,"bu","10:51:56",670400
83800,1000,2000,"bu","10:52:08",672400
83600,800,400,"bu","10:52:33",672800
83600,800,1000,"bu","10:52:38",673800
83600,800,300,"sd","10:52:55",674100
83600,800,1000,"bu","10:53:09",675100
83500,700,100,"sd","10:53:16",675200
83600,800,400,"sd","10:53:18",675600
83600,800,100,"sd","10:53:25",675700
83600,800,1000,"bu","10:53:39",676700
83600,800,100,"bu","10:53:45",676800
83600,800,300,"sd","10:54:02",677100
83600,800,1000,"sd","10:54:09",678100
83600,800,100,"sd","10:54:17",678200
83600,800,1200,"bu","10:54:40",679400
83800,1000,400,"bu","10:54:48",679800
83800,1000,100,"sd","10:54:55",679900
83600,800,1400,"bu","10:55:10",681300
83600,800,600,"sd","10:55:20",681900
83600,800,100,"sd","10:55:32",682000
83800,1000,300,"sd","10:55:33",682300
83600,800,1800,"bu","10:55:40",684100
83800,1000,1000,"bu","10:55:41",685100
83600,800,100,"bu","10:55:57",685200
83600,800,1800,"sd","10:56:10",687000
83800,1000,1000,"sd","10:56:12",688000
83800,1000,400,"bu","10:56:18",688400
83800,1000,2800,"bu","10:56:41",691200
83700,900,300,"sd","10:57:03",691500
83800,1000,2800,"bu","10:57:11",694300
83600,800,200,"bu","10:57:17",694500
83800,1000,2800,"sd","10:57:41",697300
83600,800,100,"sd","10:57:46",697400
83800,1000,300,"sd","10:57:48",697700
83600,800,1800,"bu","10:58:10",699500
83800,1000,1000,"bu","10:58:11",700500
83700,900,100,"sd","10:58:33",700600
83800,1000,2900,"bu","10:58:41",703500
83600,800,1900,"sd","10:59:10",705400
83800,1000,1000,"sd","10:59:11",706400
83800,1000,300,"sd","10:59:18",706700
83800,1000,2900,"bu","10:59:41",709600
83600,800,100,"bu","10:59:59",709700
83800,1000,400,"sd","11:00:03",710100
83600,800,1900,"bu","11:00:11",712000
83800,1000,1000,"sd","11:00:12",713000
83700,900,3000,"bu","11:00:48",716000
83800,1000,3800,"bu","11:01:11",719800
83500,700,100,"bu","11:01:19",719900
83800,1000,1000,"sd","11:01:42",720900
83600,800,2000,"sd","11:02:11",722900
83800,1000,1000,"bu","11:02:12",723900
83600,800,100,"bu","11:02:13",724000
83800,1000,300,"sd","11:02:26",724300
83600,800,100,"sd","11:02:39",724400
83800,1000,2800,"sd","11:02:41",727200
83800,1000,2200,"bu","11:03:11",729400
83800,1000,1000,"sd","11:03:12",730400
83800,1000,1000,"sd","11:03:31",731400
83600,800,1900,"sd","11:03:41",733300
83800,1000,1000,"bu","11:03:42",734300
83800,1000,400,"bu","11:03:56",734700
83600,800,100,"bu","11:03:59",734800
83800,1000,3000,"bu","11:04:13",737800
83600,800,100,"bu","11:04:28",737900
83600,800,400,"sd","11:04:36",738300
83800,1000,3300,"bu","11:04:43",741600
83600,800,3000,"sd","11:05:19",744600
83800,1000,2900,"sd","11:05:43",747500
83700,900,3100,"sd","11:06:30",750600
83600,800,100,"sd","11:06:39",750700
83700,900,3000,"bu","11:06:44",753700
83700,900,1400,"bu","11:07:11",755100
83600,800,1900,"bu","11:07:13",757000
83800,1000,1000,"bu","11:07:15",758000
83800,1000,2900,"bu","11:07:44",760900
83800,1000,300,"bu","11:07:57",761200
83600,800,100,"sd","11:08:00",761300
83800,1000,2900,"sd","11:08:14",764200
83800,1000,3200,"bu","11:08:44",767400
83600,800,100,"sd","11:08:56",767500
83800,1000,2900,"sd","11:09:14",770400
83600,800,100,"bu","11:09:20",770500
83800,1000,300,"bu","11:09:27",770800
83800,1000,2900,"bu","11:09:44",773700
83800,1000,300,"sd","11:10:12",774000
83600,800,1900,"sd","11:10:14",775900
83800,1000,1000,"sd","11:10:15",776900
83600,800,100,"bu","11:10:40",777000
83800,1000,2900,"bu","11:10:44",779900
83800,1000,3000,"bu","11:10:46",782900
83800,1000,300,"sd","11:10:57",783200
83600,800,100,"sd","11:11:10",783300
83600,800,1900,"bu","11:11:14",785200
83800,1000,1000,"bu","11:11:15",786200
83800,1000,400,"bu","11:11:41",786600
83800,1000,2900,"bu","11:11:44",789500
83600,800,200,"sd","11:12:00",789700
83600,800,1900,"sd","11:12:14",791600
83800,1000,1000,"sd","11:12:15",792600
83800,1000,400,"sd","11:12:27",793000
83800,1000,2900,"bu","11:12:45",795900
83800,1000,1000,"bu","11:12:47",796900
83800,1000,300,"sd","11:13:12",797200
83600,800,3000,"bu","11:13:21",800200
83600,800,2100,"bu","11:13:44",802300
83800,1000,1000,"bu","11:13:45",803300
83800,1000,300,"sd","11:13:56",803600
83800,1000,2900,"sd","11:14:15",806500
83600,800,100,"bu","11:14:41",806600
83800,1000,300,"sd","11:14:42",806900
83800,1000,2900,"bu","11:14:45",809800
83800,1000,3300,"sd","11:15:26",813100
83600,800,100,"bu","11:15:37",813200
83800,1000,2200,"sd","11:15:46",815400
83500,700,100,"bu","11:16:01",815500
83800,1000,1000,"sd","11:16:16",816500
83500,700,100,"bu","11:16:29",816600
83800,1000,1000,"sd","11:16:46",817600
83500,700,2000,"sd","11:16:48",819600
83500,700,100,"sd","11:17:02",819700
83700,900,300,"bu","11:17:03",820000
83600,800,1000,"sd","11:17:17",821000
83600,800,1200,"bu","11:17:22",822200
83500,700,100,"bu","11:17:23",822300
83800,1000,1000,"bu","11:17:46",823300
83500,700,400,"bu","11:17:52",823700
83800,1000,1000,"sd","11:18:16",824700
83800,1000,300,"bu","11:18:34",825000
83500,700,100,"sd","11:18:43",825100
83800,1000,1000,"sd","11:18:47",826100
83600,800,1400,"bu","11:19:19",827500
83600,800,1000,"bu","11:19:46",828500
83600,800,300,"bu","11:19:50",828800
83500,700,100,"sd","11:20:03",828900
83600,800,300,"bu","11:20:04",829200
83500,700,200,"bu","11:20:05",829400
83600,800,1000,"sd","11:20:16",830400
83600,800,1300,"bu","11:20:48",831700
83500,700,100,"sd","11:21:00",831800
83800,1000,1000,"bu","11:21:17",832800
83500,700,100,"bu","11:21:22",832900
83800,1000,300,"bu","11:21:34",833200
83600,800,1000,"sd","11:21:46",834200
83600,800,200,"bu","11:22:14",834400
83600,800,1000,"bu","11:22:17",835400
83600,800,400,"bu","11:22:18",835800
83500,700,100,"sd","11:22:19",835900
83800,1000,1100,"sd","11:22:47",837000
83800,1000,300,"sd","11:23:03",837300
83600,800,1200,"sd","11:23:17",838500
83500,700,1300,"sd","11:23:34",839800
83800,1000,1000,"bu","11:23:48",840800
83800,1000,300,"bu","11:23:49",841100
83600,800,100,"bu","11:24:04",841200
83600,800,1200,"sd","11:24:17",842400
83600,800,200,"bu","11:24:22",842600
83600,800,100,"bu","11:24:28",842700
83600,800,400,"bu","11:24:33",843100
83600,800,1000,"sd","11:24:48",844100
83600,800,1300,"bu","11:25:19",845400
83500,700,100,"bu","11:25:24",845500
83800,1000,1000,"sd","11:25:47",846500
83800,1000,300,"bu","11:26:03",846800
83600,800,1000,"sd","11:26:17",847800
83600,800,1000,"bu","11:26:18",848800
83600,800,2400,"bu","11:26:22",851200
83600,800,500,"bu","11:26:23",851700
83500,700,600,"bu","11:26:45",852300
83800,1000,1500,"bu","11:26:48",853800
83600,800,2100,"bu","11:27:17",855900
83600,800,1300,"sd","11:27:34",857200
83600,800,1000,"sd","11:27:48",858200
83500,700,200,"bu","11:28:05",858400
83800,1000,1400,"sd","11:28:19",859800
83600,800,1100,"bu","11:28:49",860900
83500,700,100,"bu","11:29:00",861000
83700,900,400,"sd","13:01:18",861400
83600,800,100,"bu","13:01:20",861500
83700,900,700,"bu","13:02:31",862200
83700,900,400,"bu","13:02:36",862600
83700,900,300,"bu","13:03:19",862900
83600,800,100,"sd","13:03:29",863000
83700,900,200,"bu","13:03:40",863200
83700,900,500,"bu","13:04:05",863700
83700,900,300,"sd","13:04:50",864000
83700,900,500,"sd","13:05:09",864500
83700,900,300,"sd","13:05:35",864800
83700,900,1000,"sd","13:05:38",865800
83600,800,100,"bu","13:05:43",865900
83700,900,1800,"bu","13:05:45",867700
83800,1000,300,"bu","13:06:19",868000
83800,1000,100,"sd","13:06:43",868100
83700,900,1200,"sd","13:08:10",869300
83700,900,400,"bu","13:10:06",869700
83700,900,400,"bu","13:10:12",870100
83600,800,1300,"bu","13:10:58",871400
83700,900,5000,"bu","13:11:22",876400
83700,900,100,"sd","13:11:42",876500
83700,900,200,"bu","13:11:54",876700
83600,800,300,"bu","13:12:24",877000
83700,900,1000,"bu","13:13:06",878000
83700,900,300,"sd","13:13:13",878300
83600,800,700,"sd","13:14:39",879000
83700,900,300,"sd","13:14:43",879300
83600,800,2100,"bu","13:14:53",881400
83600,800,2000,"sd","13:15:20",883400
83700,900,300,"bu","13:15:27",883700
83600,800,1400,"bu","13:15:55",885100
83600,800,5000,"bu","13:16:00",890100
83700,900,300,"bu","13:16:12",890400
83600,800,8100,"sd","13:16:53",898500
83600,800,1300,"bu","13:17:03",899800
83600,800,800,"bu","13:18:45",900600
83600,800,5000,"bu","13:18:50",905600
83500,700,100,"sd","13:19:06",905700
83500,700,200,"bu","13:19:27",905900
83600,800,300,"bu","13:19:30",906200
83500,700,6000,"bu","13:20:21",912200
83500,700,10000,"bu","13:20:26",922200
83500,700,2400,"sd","13:20:40",924600
83500,700,4200,"sd","13:20:42",928800
83500,700,100,"sd","13:20:55",928900
83500,700,1100,"bu","13:21:15",930000
83600,800,4200,"bu","13:21:40",934200
83400,600,200,"sd","13:21:46",934400
83600,800,300,"bu","13:21:52",934700
83400,600,800,"bu","13:22:34",935500
83400,600,1000,"bu","13:22:36",936500
83600,800,300,"sd","13:22:37",936800
83600,800,4000,"bu","13:22:41",940800
83600,800,200,"bu","13:23:02",941000
83600,800,300,"bu","13:23:22",941300
83400,600,100,"bu","13:23:35",941400
83600,800,4000,"sd","13:23:40",945400
83600,800,300,"sd","13:24:08",945700
83400,600,100,"sd","13:24:09",945800
83600,800,4000,"sd","13:24:40",949800
83600,800,300,"bu","13:24:53",950100
83600,800,200,"bu","13:25:00",950300
83600,800,100,"sd","13:25:09",950400
83600,800,300,"sd","13:25:38",950700
83600,800,4000,"bu","13:25:42",954700
83400,600,100,"bu","13:25:48",954800
83600,800,500,"bu","13:26:18",955300
83600,800,300,"bu","13:26:22",955600
83600,800,4000,"bu","13:26:43",959600
83600,800,300,"bu","13:27:08",959900
83500,700,300,"bu","13:27:36",960200
83600,800,4000,"sd","13:27:44",964200
83600,800,300,"bu","13:27:52",964500
83500,700,100,"sd","13:28:03",964600
83600,800,300,"sd","13:28:37",964900
83600,800,4000,"sd","13:28:43",968900
83600,800,300,"bu","13:29:23",969200
83600,800,4000,"sd","13:29:45",973200
83600,800,1000,"bu","13:29:55",974200
83600,800,300,"bu","13:30:08",974500
83500,700,100,"bu","13:30:17",974600
83600,800,4100,"sd","13:30:44",978700
83600,800,700,"sd","13:31:14",979400
83500,700,1300,"sd","13:31:18",980700
83500,700,2000,"sd","13:31:23",982700
83400,600,1700,"bu","13:31:28",984400
83400,600,5000,"bu","13:31:42",989400
83600,800,4000,"bu","13:31:45",993400
83400,600,100,"bu","13:32:30",993500
83600,800,300,"sd","13:32:32",993800
83600,800,4000,"sd","13:32:45",997800
83400,600,300,"bu","13:33:15",998100
83600,800,4300,"bu","13:33:47",1002400
83600,800,300,"sd","13:34:03",1002700
83400,600,100,"sd","13:34:44",1002800
83600,800,4000,"sd","13:34:46",1006800
83500,700,100,"sd","13:35:25",1006900
83600,800,500,"bu","13:35:30",1007400
83600,800,500,"sd","13:35:33",1007900
83600,800,4000,"bu","13:35:48",1011900
83600,800,500,"bu","13:36:11",1012400
83600,800,300,"sd","13:36:17",1012700
83600,800,100,"bu","13:36:40",1012800
83600,800,4000,"sd","13:36:47",1016800
83500,700,100,"bu","13:36:58",1016900
83600,800,300,"bu","13:37:02",1017200
83600,800,4300,"bu","13:37:48",1021500
83600,800,100,"sd","13:38:05",1021600
83600,800,5600,"bu","13:38:06",1027200
83500,700,500,"bu","13:38:19",1027700
83500,700,300,"sd","13:38:20",1028000
83600,800,300,"bu","13:38:31",1028300
83600,800,4000,"sd","13:38:49",1032300
83500,700,100,"sd","13:39:12",1032400
83600,800,300,"sd","13:39:16",1032700
83500,700,300,"bu","13:39:21",1033000
83600,800,4100,"bu","13:39:49",1037100
83600,800,300,"bu","13:40:01",1037400
83600,800,500,"sd","13:40:25",1037900
83600,800,300,"sd","13:40:34",1038200
83500,700,700,"bu","13:40:49",1038900
83600,800,4000,"bu","13:40:50",1042900
83500,700,6000,"sd","13:41:15",1048900
83500,700,100,"bu","13:41:26",1049000
83600,800,600,"sd","13:41:31",1049600
83600,800,4000,"sd","13:41:50",1053600
83500,700,500,"sd","13:42:17",1054100
83500,700,300,"sd","13:42:29",1054400
83500,700,500,"sd","13:42:46",1054900
83600,800,4000,"bu","13:42:52",1058900
83600,800,300,"bu","13:43:02",1059200
83500,700,2200,"sd","13:43:29",1061400
83500,700,100,"bu","13:43:41",1061500
83600,800,4000,"sd","13:43:52",1065500
83500,700,500,"sd","13:44:25",1066000
83400,600,10000,"bu","13:44:31",1076000
83400,600,4000,"bu","13:44:36",1080000
83500,700,4000,"sd","13:44:52",1084000
83400,600,1000,"bu","13:45:23",1085000
83400,600,1800,"bu","13:45:44",1086800
83400,600,4000,"sd","13:45:52",1090800
83300,500,100,"sd","13:45:54",1090900
83400,600,500,"sd","13:46:23",1091400
83400,600,4000,"sd","13:46:56",1095400
83400,600,100,"bu","13:47:03",1095500
83400,600,400,"sd","13:47:14",1095900
83400,600,4000,"sd","13:47:53",1099900
83400,600,300,"bu","13:48:00",1100200
83300,500,100,"sd","13:48:08",1100300
83300,500,400,"bu","13:48:29",1100700
83400,600,4300,"sd","13:48:54",1105000
83400,600,300,"bu","13:49:29",1105300
83400,600,4000,"sd","13:49:54",1109300
83400,600,300,"bu","13:50:14",1109600
83300,500,100,"sd","13:50:23",1109700
83400,600,4000,"sd","13:50:55",1113700
83400,600,300,"sd","13:50:58",1114000
83400,600,100,"bu","13:51:18",1114100
83400,600,400,"sd","13:51:45",1114500
83400,600,4000,"bu","13:51:55",1118500
83400,600,200,"bu","13:52:25",1118700
83400,600,500,"bu","13:52:28",1119200
83400,600,300,"sd","13:52:30",1119500
83300,500,200,"sd","13:52:36",1119700
83300,500,4000,"bu","13:52:50",1123700
83300,500,200,"sd","13:52:54",1123900
83400,600,4000,"sd","13:52:56",1127900
83400,600,300,"bu","13:53:14",1128200
83400,600,4000,"sd","13:53:57",1132200
83400,600,300,"sd","13:54:00",1132500
83300,500,1400,"bu","13:54:50",1133900
83300,500,1000,"sd","13:54:56",1134900
83400,600,4000,"bu","13:54:58",1138900
83300,500,8000,"sd","13:55:01",1146900
83400,600,3100,"sd","13:55:11",1150000
83400,600,300,"bu","13:55:29",1150300
83300,500,5000,"sd","13:55:56",1155300
83400,600,4000,"sd","13:55:59",1159300
83300,500,400,"bu","13:56:08",1159700
83200,400,19000,"sd","13:56:10",1178700
83400,600,4100,"sd","13:56:59",1182800
83200,400,100,"sd","13:57:03",1182900
83400,600,300,"bu","13:57:09",1183200
83400,600,4300,"bu","13:57:59",1187500
83400,600,200,"bu","13:58:22",1187700
83400,600,300,"bu","13:58:40",1188000
83400,600,4000,"bu","13:58:59",1192000
83200,400,13200,"bu","13:59:15",1205200
83100,300,100,"sd","13:59:18",1205300
83200,400,800,"bu","13:59:20",1206100
83400,600,4000,"sd","14:00:00",1210100
83400,600,100,"sd","14:00:06",1210200
83300,500,300,"sd","14:00:18",1210500
83300,500,500,"sd","14:00:42",1211000
83300,500,300,"sd","14:00:47",1211300
83400,600,4100,"bu","14:01:01",1215400
83400,600,300,"bu","14:01:02",1215700
83200,400,23000,"sd","14:01:12",1238700
83400,600,300,"sd","14:01:31",1239000
83200,400,100,"sd","14:01:32",1239100
83500,700,4100,"bu","14:02:02",1243200
83500,700,1300,"sd","14:02:32",1244500
83600,800,4000,"bu","14:03:01",1248500
83500,700,300,"sd","14:03:18",1248800
83400,600,600,"sd","14:03:45",1249400
83400,600,1300,"sd","14:03:56",1250700
83600,800,4000,"bu","14:04:03",1254700
83200,400,200,"bu","14:04:08",1254900
83600,800,300,"sd","14:04:54",1255200
83700,900,4000,"sd","14:05:02",1259200
83200,400,4000,"sd","14:05:31",1263200
83200,400,100,"sd","14:05:59",1263300
83500,700,4000,"sd","14:06:04",1267300
83500,700,200,"sd","14:06:30",1267500
83700,900,4000,"sd","14:07:03",1271500
83700,900,400,"sd","14:07:15",1271900
83600,800,1000,"sd","14:07:21",1272900
83600,800,1100,"bu","14:07:57",1274000
83600,800,300,"bu","14:08:01",1274300
83600,800,4000,"bu","14:08:05",1278300
83500,700,100,"bu","14:08:13",1278400
83500,700,5000,"sd","14:08:44",1283400
83600,800,300,"bu","14:08:45",1283700
83600,800,4000,"sd","14:09:05",1287700
83600,800,3000,"bu","14:09:12",1290700
83600,800,300,"bu","14:09:30",1291000
83600,800,500,"sd","14:09:38",1291500
83600,800,300,"sd","14:10:15",1291800
83500,700,400,"sd","14:10:28",1292200
83600,800,4200,"bu","14:10:51",1296400
83500,700,1000,"bu","14:10:55",1297400
83600,800,300,"bu","14:11:01",1297700
83500,700,200,"bu","14:11:20",1297900
83600,800,200,"bu","14:11:45",1298100
83600,800,500,"sd","14:11:54",1298600
83500,700,1000,"sd","14:12:22",1299600
83500,700,200,"sd","14:12:34",1299800
83500,700,500,"sd","14:14:14",1300300
83200,400,8300,"sd","14:14:25",1308600
83500,700,500,"sd","14:14:27",1309100
83400,600,100,"bu","14:14:55",1309200
83500,700,3100,"bu","14:15:23",1312300
83600,800,7300,"bu","14:15:31",1319600
83600,800,400,"sd","14:15:33",1320000
83600,800,300,"bu","14:15:41",1320300
83600,800,400,"sd","14:15:51",1320700
83600,800,300,"bu","14:15:54",1321000
83500,700,1400,"bu","14:16:00",1322400
83600,800,400,"bu","14:16:08",1322800
83600,800,1300,"bu","14:16:34",1324100
83600,800,2400,"bu","14:16:36",1326500
83600,800,300,"sd","14:16:39",1326800
83600,800,1700,"sd","14:17:03",1328500
83500,700,100,"sd","14:17:09",1328600
83600,800,400,"sd","14:17:12",1329000
83600,800,1800,"bu","14:17:45",1330800
83600,800,300,"bu","14:17:49",1331100
83500,700,1300,"sd","14:18:12",1332400
83500,700,300,"bu","14:18:26",1332700
83600,800,400,"bu","14:18:35",1333100
83600,800,300,"sd","14:18:44",1333400
83500,700,400,"bu","14:18:53",1333800
83500,700,300,"bu","14:19:02",1334100
83600,800,6000,"bu","14:19:06",1340100
83600,800,300,"bu","14:19:10",1340400
83600,800,700,"bu","14:19:20",1341100
83300,500,100,"bu","14:19:24",1341200
83600,800,300,"bu","14:19:29",1341500
83300,500,100,"bu","14:19:36",1341600
83500,700,300,"sd","14:19:37",1341900
83400,600,1500,"bu","14:20:08",1343400
83500,700,200,"sd","14:20:14",1343600
83400,600,100,"bu","14:20:20",1343700
83500,700,200,"sd","14:20:24",1343900
83400,600,300,"bu","14:20:28",1344200
83400,600,500,"sd","14:20:32",1344700
83300,500,5000,"bu","14:20:37",1349700
83400,600,100,"sd","14:20:39",1349800
83400,600,300,"sd","14:20:43",1350100
83400,600,200,"sd","14:20:50",1350300
83400,600,300,"sd","14:20:52",1350600
83400,600,1900,"bu","14:21:19",1352500
83400,600,300,"sd","14:21:24",1352800
83300,500,700,"bu","14:21:38",1353500
83400,600,300,"sd","14:21:46",1353800
83400,600,300,"bu","14:21:55",1354100
83400,600,200,"bu","14:21:57",1354300
83300,500,3000,"bu","14:22:00",1357300
83400,600,300,"bu","14:22:03",1357600
83300,500,1200,"sd","14:22:22",1358800
83400,600,300,"sd","14:22:31",1359100
83400,600,300,"bu","14:22:41",1359400
83400,600,300,"bu","14:22:52",1359700
83400,600,300,"bu","14:22:59",1360000
83300,500,2300,"sd","14:23:04",1362300
83300,500,200,"sd","14:23:09",1362500
83300,500,500,"bu","14:23:11",1363000
83400,600,100,"sd","14:23:18",1363100
83500,700,500,"sd","14:23:26",1363600
83500,700,300,"sd","14:23:35",1363900
83200,400,1000,"sd","14:23:43",1364900
83500,700,300,"sd","14:23:55",1365200
83400,600,300,"sd","14:24:09",1365500
83400,600,2700,"bu","14:24:18",1368200
83400,600,5000,"sd","14:24:36",1373200
83400,600,400,"bu","14:24:44",1373600
83400,600,100,"bu","14:24:53",1373700
83400,600,200,"sd","14:25:00",1373900
83400,600,1000,"bu","14:25:02",1374900
83300,500,100,"sd","14:25:09",1375000
83400,600,500,"sd","14:25:14",1375500
83400,600,100,"sd","14:25:26",1375600
83300,500,300,"bu","14:26:06",1375900
83400,600,1500,"sd","14:26:49",1377400
83400,600,200,"bu","14:27:01",1377600
83300,500,400,"sd","14:27:12",1378000
83300,500,3000,"sd","14:27:23",1381000
83300,500,400,"bu","14:27:36",1381400
83300,500,500,"bu","14:27:42",1381900
83300,500,500,"sd","14:27:46",1382400
83300,500,10000,"sd","14:28:00",1392400
83400,600,1000,"sd","14:28:10",1393400
83400,600,2100,"bu","14:28:22",1395500
83400,600,1000,"bu","14:28:46",1396500
83400,600,800,"sd","14:29:18",1397300
83400,600,300,"bu","14:29:32",1397600
83300,500,1000,"bu","14:29:37",1398600
80300,-2500,223100,"bu","14:45:37",1621700
