"price","change","match_qtty","side","time","total_vol"
56600,500,51000,"sd","09:00:58",51000
56700,600,1000,"sd","09:01:56",52000
57000,900,46000,"sd","09:03:56",98000
57000,900,1000,"bu","09:04:00",99000
57000,900,2000,"bu","09:05:49",101000
57000,900,17000,"sd","09:05:52",118000
57000,900,5000,"sd","09:05:57",123000
57000,900,5000,"bu","09:06:21",128000
57200,1100,4000,"sd","09:06:31",132000
57000,900,30000,"bu","09:06:32",162000
57200,1100,10000,"bu","09:06:43",172000
57500,1400,143000,"bu","09:07:01",315000
57500,1400,10000,"bu","09:07:05",325000
57500,1400,5000,"bu","09:07:22",330000
57500,1400,10000,"bu","09:07:24",340000
57500,1400,30000,"sd","09:07:26",370000
57500,1400,5000,"bu","09:07:28",375000
57500,1400,5000,"sd","09:07:31",380000
57500,1400,1000,"sd","09:07:32",381000
57500,1400,85000,"sd","09:07:35",466000
57500,1400,14000,"sd","09:07:42",480000
57500,1400,5000,"bu","09:08:00",485000
57400,1300,2000,"bu","09:08:43",487000
57400,1300,10000,"bu","09:09:30",497000
57400,1300,2000,"bu","09:09:37",499000
57400,1300,5000,"bu","09:10:59",504000
57300,1200,1000,"sd","09:13:28",505000
57300,1200,1000,"bu","09:13:31",506000
57000,900,1000,"bu","09:13:49",507000
57000,900,5000,"bu","09:14:08",512000
57100,1000,3000,"bu","09:15:39",515000
57200,1100,10000,"bu","09:15:56",525000
57200,1100,5000,"sd","09:16:36",530000
57200,1100,3000,"sd","09:16:49",533000
57200,1100,1000,"bu","09:18:19",534000
57100,1000,10000,"bu","09:18:22",544000
57100,1000,9000,"sd","09:18:32",553000
57000,900,260000,"sd","09:19:29",813000
56900,800,5000,"bu","09:20:14",818000
56900,800,7000,"bu","09:20:31",825000
56800,700,52000,"sd","09:20:39",877000
56700,600,2000,"bu","09:21:33",879000
56700,600,10000,"bu","09:21:47",889000
56700,600,27000,"sd","09:22:11",916000
56800,700,10000,"sd","09:22:51",926000
56500,400,240000,"bu","09:23:01",1166000
56700,600,5000,"bu","09:23:27",1171000
56500,400,10000,"bu","09:23:43",1181000
56500,400,20000,"sd","09:24:20",1201000
56500,400,10000,"bu","09:24:36",1211000
56500,400,5000,"bu","09:25:15",1216000
56500,400,9000,"bu","09:25:30",1225000
56500,400,9000,"sd","09:26:25",1234000
56500,400,17000,"bu","09:26:59",1251000
56500,400,10000,"sd","09:27:19",1261000
56500,400,9000,"sd","09:28:14",1270000
56500,400,10000,"bu","09:29:08",1280000
56600,500,9000,"bu","09:30:03",1289000
56600,500,6000,"bu","09:30:11",1295000
56600,500,9000,"bu","09:30:57",1304000
56600,500,5000,"bu","09:31:34",1309000
56600,500,10000,"bu","09:31:51",1319000
56600,500,9000,"sd","09:32:46",1328000
56600,500,10000,"sd","09:33:41",1338000
56600,500,9000,"bu","09:34:36",1347000
56600,500,50000,"bu","09:34:59",1397000
56700,600,3000,"bu","09:35:01",1400000
56700,600,9000,"sd","09:35:30",1409000
56700,600,8000,"bu","09:36:21",1417000
56700,600,1000,"bu","09:36:52",1418000
56700,600,3000,"sd","09:37:30",1421000
56600,500,19000,"sd","09:39:15",1440000
56700,600,100000,"bu","09:39:28",1540000
56700,600,30000,"sd","09:40:24",1570000
56700,600,1000,"bu","09:40:36",1571000
56700,600,10000,"sd","09:40:57",1581000
56700,600,8000,"bu","09:41:51",1589000
56700,600,1000,"bu","09:41:56",1590000
56800,700,5000,"bu","09:42:44",1595000
56800,700,2000,"sd","09:42:57",1597000
56800,700,10000,"sd","09:43:42",1607000
56800,700,20000,"bu","09:43:44",1627000
56800,700,1000,"bu","09:43:47",1628000
56800,700,1000,"bu","09:44:13",1629000
56800,700,4000,"sd","09:44:23",1633000
56800,700,9000,"bu","09:44:33",1642000
56800,700,10000,"bu","09:45:28",1652000
56800,700,9000,"sd","09:46:22",1661000
57000,900,42000,"bu","09:47:09",1703000
57000,900,10000,"bu","09:47:17",1713000
57000,900,10000,"sd","09:47:28",1723000
57000,900,9000,"bu","09:48:11",1732000
57000,900,10000,"sd","09:48:34",1742000
57000,900,10000,"bu","09:49:03",1752000
57000,900,9000,"sd","09:49:06",1761000
57100,1000,14000,"sd","09:49:21",1775000
57100,1000,30000,"bu","09:49:49",1805000
57100,1000,1000,"sd","09:50:03",1806000
57100,1000,9000,"sd","09:50:41",1815000
57100,1000,9000,"sd","09:50:54",1824000
57100,1000,10000,"bu","09:51:49",1834000
57100,1000,2000,"bu","09:51:58",1836000
57100,1000,3000,"sd","09:52:17",1839000
57400,1300,100000,"bu","09:52:18",1939000
57400,1300,20000,"bu","09:53:21",1959000
57100,1000,10000,"bu","09:53:35",1969000
57100,1000,10000,"bu","09:53:38",1979000
57100,1000,10000,"bu","09:54:32",1989000
57500,1400,100000,"sd","09:54:41",2089000
57300,1200,5000,"bu","09:56:40",2094000
57200,1100,1000,"sd","09:56:46",2095000
57200,1100,1000,"sd","09:57:18",2096000
57200,1100,27000,"sd","09:57:47",2123000
57200,1100,1000,"bu","09:57:54",2124000
57500,1400,100000,"sd","09:57:58",2224000
57100,1000,2000,"bu","09:58:11",2226000
57100,1000,10000,"sd","09:58:31",2236000
57400,1300,15000,"sd","09:59:04",2251000
57400,1300,9000,"sd","09:59:05",2260000
57400,1300,2000,"sd","09:59:22",2262000
57400,1300,10000,"sd","10:00:00",2272000
57400,1300,1000,"sd","10:00:20",2273000
57500,1400,211000,"bu","10:00:54",2484000
57500,1400,10000,"sd","10:01:24",2494000
57500,1400,1000,"bu","10:01:29",2495000
57500,1400,30000,"bu","10:01:49",2525000
57600,1500,5000,"sd","10:02:08",2530000
57600,1500,10000,"bu","10:02:09",2540000
57600,1500,2000,"bu","10:02:14",2542000
57600,1500,3000,"bu","10:02:29",2545000
57500,1400,10000,"bu","10:02:32",2555000
57600,1500,1000,"sd","10:02:33",2556000
57600,1500,1000,"bu","10:02:51",2557000
57600,1500,2000,"sd","10:02:53",2559000
57600,1500,17000,"sd","10:02:58",2576000
57600,1500,16000,"bu","10:03:03",2592000
57700,1600,12000,"sd","10:03:34",2604000
57600,1500,1000,"sd","10:03:40",2605000
57600,1500,7000,"bu","10:03:42",2612000
57700,1600,30000,"bu","10:03:44",2642000
57700,1600,5000,"sd","10:04:12",2647000
57700,1600,15000,"sd","10:04:20",2662000
57700,1600,36000,"sd","10:04:41",2698000
57700,1600,12000,"bu","10:04:56",2710000
57800,1700,50000,"bu","10:05:04",2760000
57700,1600,3000,"sd","10:05:10",2763000
57800,1700,5000,"sd","10:05:21",2768000
57800,1700,2000,"sd","10:05:33",2770000
57800,1700,4000,"sd","10:05:38",2774000
57800,1700,5000,"bu","10:05:42",2779000
57800,1700,1000,"sd","10:05:47",2780000
57800,1700,19000,"sd","10:06:26",2799000
57800,1700,13000,"bu","10:07:07",2812000
57800,1700,50000,"bu","10:07:11",2862000
57800,1700,2000,"bu","10:07:35",2864000
57800,1700,5000,"sd","10:07:50",2869000
57700,1600,40000,"bu","10:08:01",2909000
57700,1600,5000,"sd","10:08:07",2914000
57700,1600,9000,"bu","10:08:10",2923000
57700,1600,3000,"bu","10:08:14",2926000
57700,1600,5000,"sd","10:08:40",2931000
57700,1600,1000,"sd","10:09:14",2932000
57700,1600,3000,"sd","10:10:03",2935000
57600,1500,1000,"sd","10:11:25",2936000
57600,1500,1000,"sd","10:11:36",2937000
57600,1500,1000,"bu","10:12:50",2938000
57500,1400,10000,"sd","10:13:17",2948000
57500,1400,5000,"bu","10:13:33",2953000
57500,1400,9000,"bu","10:13:35",2962000
57500,1400,4000,"sd","10:13:49",2966000
57500,1400,24000,"sd","10:14:01",2990000
57500,1400,55000,"sd","10:14:02",3045000
57400,1300,1000,"bu","10:15:35",3046000
57400,1300,5000,"sd","10:16:00",3051000
57400,1300,10000,"sd","10:16:46",3061000
57400,1300,2000,"sd","10:16:50",3063000
57400,1300,3000,"sd","10:18:12",3066000
57400,1300,5000,"bu","10:18:26",3071000
57400,1300,2000,"bu","10:18:32",3073000
57400,1300,2000,"bu","10:20:07",3075000
57300,1200,3000,"bu","10:20:47",3078000
57300,1200,10000,"sd","10:21:08",3088000
57200,1100,10000,"sd","10:21:18",3098000
57200,1100,5000,"bu","10:22:15",3103000
57200,1100,20000,"sd","10:22:37",3123000
57200,1100,6000,"bu","10:22:49",3129000
57200,1100,3000,"bu","10:23:00",3132000
57200,1100,1000,"sd","10:23:47",3133000
57200,1100,2000,"sd","10:24:46",3135000
57200,1100,2000,"bu","10:26:07",3137000
57200,1100,1000,"sd","10:26:50",3138000
57100,1000,4000,"sd","10:27:04",3142000
57100,1000,9000,"bu","10:27:13",3151000
57100,1000,10000,"sd","10:28:07",3161000
57200,1100,1000,"bu","10:28:59",3162000
57200,1100,5000,"bu","10:29:23",3167000
57200,1100,1000,"sd","10:29:33",3168000
57200,1100,7000,"sd","10:31:44",3175000
57200,1100,5000,"sd","10:31:58",3180000
57200,1100,1000,"bu","10:32:29",3181000
57200,1100,1000,"sd","10:33:03",3182000
57200,1100,87000,"sd","10:34:51",3269000
57200,1100,18000,"bu","10:35:19",3287000
57100,1000,30000,"bu","10:35:24",3317000
57200,1100,10000,"bu","10:35:40",3327000
57200,1100,10000,"sd","10:36:17",3337000
57200,1100,10000,"bu","10:37:11",3347000
57200,1100,9000,"bu","10:38:06",3356000
57200,1100,9000,"bu","10:39:00",3365000
57300,1200,2000,"bu","10:39:31",3367000
57200,1100,1000,"bu","10:43:07",3368000
57300,1200,3000,"sd","10:43:16",3371000
57300,1200,2000,"sd","10:48:13",3373000
57300,1200,2000,"bu","10:48:17",3375000
57300,1200,15000,"bu","10:48:27",3390000
57300,1200,4000,"bu","10:48:39",3394000
57200,1100,37000,"sd","10:49:04",3431000
57200,1100,9000,"bu","10:49:52",3440000
57200,1100,1000,"bu","10:50:34",3441000
57200,1100,9000,"bu","10:50:48",3450000
57200,1100,10000,"sd","10:51:42",3460000
57200,1100,9000,"bu","10:52:37",3469000
57200,1100,15000,"sd","10:53:11",3484000
57200,1100,9000,"bu","10:53:31",3493000
57200,1100,9000,"sd","10:54:26",3502000
57200,1100,10000,"sd","10:54:44",3512000
57200,1100,65000,"bu","10:55:02",3577000
57200,1100,10000,"sd","10:55:20",3587000
57300,1200,20000,"bu","10:55:56",3607000
57200,1100,3000,"bu","10:55:57",3610000
57200,1100,5000,"sd","10:56:14",3615000
57200,1100,10000,"sd","10:56:35",3625000
57200,1100,7000,"bu","10:57:09",3632000
57200,1100,1000,"bu","10:57:33",3633000
57100,1000,1000,"sd","10:58:41",3634000
57100,1000,9000,"sd","10:58:58",3643000
57100,1000,9000,"bu","10:59:52",3652000
57200,1100,1000,"sd","11:00:02",3653000
57200,1100,19000,"bu","11:01:39",3672000
57200,1100,1000,"bu","11:01:41",3673000
57200,1100,1000,"bu","11:02:33",3674000
57200,1100,10000,"sd","11:02:37",3684000
57200,1100,6000,"bu","11:03:10",3690000
57200,1100,4000,"sd","11:03:21",3694000
57200,1100,5000,"bu","11:05:05",3699000
57200,1100,5000,"bu","11:06:41",3704000
57100,1000,8000,"sd","11:08:15",3712000
57200,1100,1000,"sd","11:08:39",3713000
57100,1000,8000,"sd","11:10:01",3721000
57100,1000,10000,"bu","11:10:45",3731000
57100,1000,1000,"sd","11:11:34",3732000
57100,1000,9000,"bu","11:11:40",3741000
57100,1000,3000,"bu","11:12:23",3744000
57100,1000,9000,"sd","11:12:34",3753000
57100,1000,5000,"sd","11:13:01",3758000
57100,1000,18000,"sd","11:13:12",3776000
57100,1000,1000,"sd","11:13:30",3777000
57100,1000,5000,"sd","11:15:57",3782000
57100,1000,2000,"bu","11:16:53",3784000
57100,1000,1000,"bu","11:18:28",3785000
57000,900,1000,"sd","11:19:14",3786000
57000,900,9000,"sd","11:19:49",3795000
57000,900,10000,"bu","11:20:45",3805000
57000,900,50000,"sd","11:21:27",3855000
57000,900,9000,"sd","11:21:37",3864000
57000,900,5000,"bu","11:22:20",3869000
57000,900,9000,"sd","11:22:32",3878000
57000,900,5000,"sd","11:23:19",3883000
57000,900,9000,"bu","11:23:26",3892000
57000,900,1000,"sd","11:24:07",3893000
57000,900,9000,"bu","11:24:23",3902000
57000,900,12000,"sd","11:24:44",3914000
57000,900,5000,"sd","11:24:55",3919000
57000,900,9000,"bu","11:25:16",3928000
57000,900,10000,"sd","11:26:11",3938000
57000,900,5000,"bu","11:26:14",3943000
57000,900,10000,"bu","11:26:17",3953000
57000,900,9000,"bu","11:27:05",3962000
57000,900,9000,"sd","11:28:00",3971000
57000,900,4000,"sd","11:28:03",3975000
57000,900,10000,"sd","11:29:42",3985000
57000,900,9000,"sd","11:30:02",3994000
57000,900,1000,"bu","13:00:08",3995000
56800,700,344000,"sd","13:00:09",4339000
57000,900,9000,"bu","13:00:11",4348000
57000,900,1000,"sd","13:00:12",4349000
57000,900,20000,"bu","13:01:34",4369000
56900,800,3000,"sd","13:01:59",4372000
56800,700,5000,"sd","13:02:15",4377000
56800,700,9000,"sd","13:02:32",4386000
56800,700,10000,"bu","13:02:38",4396000
56800,700,9000,"sd","13:03:26",4405000
56800,700,2000,"bu","13:03:38",4407000
56700,600,10000,"bu","13:03:42",4417000
56800,700,5000,"bu","13:04:17",4422000
56800,700,5000,"bu","13:04:25",4427000
56800,700,1000,"sd","13:04:26",4428000
56800,700,5000,"bu","13:04:32",4433000
56800,700,5000,"bu","13:04:49",4438000
56800,700,1000,"bu","13:04:53",4439000
56800,700,3000,"sd","13:04:56",4442000
56800,700,1000,"sd","13:05:00",4443000
56800,700,5000,"bu","13:05:15",4448000
56800,700,1000,"sd","13:05:21",4449000
56800,700,3000,"bu","13:05:22",4452000
56800,700,2000,"bu","13:05:48",4454000
56800,700,1000,"sd","13:06:15",4455000
56700,600,90000,"bu","13:06:31",4545000
56700,600,9000,"bu","13:07:03",4554000
56700,600,9000,"sd","13:07:57",4563000
56700,600,25000,"bu","13:08:03",4588000
56700,600,100000,"bu","13:08:53",4688000
56700,600,5000,"bu","13:09:23",4693000
56700,600,1000,"sd","13:10:21",4694000
56600,500,6000,"bu","13:11:06",4700000
56600,500,9000,"sd","13:11:36",4709000
56600,500,1000,"bu","13:12:14",4710000
56700,600,1000,"sd","13:12:18",4711000
56700,600,5000,"sd","13:13:11",4716000
56700,600,84000,"bu","13:13:30",4800000
56700,600,10000,"bu","13:13:58",4810000
56700,600,9000,"sd","13:14:19",4819000
56700,600,10000,"sd","13:15:10",4829000
56700,600,9000,"bu","13:15:14",4838000
56700,600,6000,"sd","13:15:29",4844000
56700,600,66000,"bu","13:15:53",4910000
56700,600,6000,"sd","13:16:14",4916000
56700,600,5000,"bu","13:16:24",4921000
56600,500,4000,"sd","13:17:08",4925000
56600,500,10000,"bu","13:17:57",4935000
56600,500,5000,"bu","13:17:58",4940000
56600,500,21000,"sd","13:18:25",4961000
56700,600,25000,"bu","13:18:35",4986000
56600,500,3000,"sd","13:18:46",4989000
56700,600,1000,"sd","13:18:47",4990000
56700,600,10000,"sd","13:19:02",5000000
56700,600,2000,"bu","13:19:10",5002000
56700,600,1000,"bu","13:19:35",5003000
56700,600,10000,"bu","13:19:38",5013000
56700,600,1000,"sd","13:19:41",5014000
56700,600,10000,"bu","13:20:06",5024000
56700,600,4000,"sd","13:20:18",5028000
56700,600,13000,"bu","13:21:48",5041000
56600,500,11000,"bu","13:22:19",5052000
56700,600,3000,"sd","13:22:20",5055000
56600,500,65000,"bu","13:23:31",5120000
56600,500,10000,"sd","13:23:47",5130000
56600,500,1000,"bu","13:23:56",5131000
56600,500,25000,"sd","13:24:07",5156000
56600,500,9000,"sd","13:24:18",5165000
56600,500,7000,"bu","13:24:25",5172000
56600,500,3000,"sd","13:24:35",5175000
56600,500,5000,"sd","13:25:01",5180000
56600,500,10000,"sd","13:25:12",5190000
56600,500,200000,"bu","13:25:15",5390000
56600,500,69000,"sd","13:25:36",5459000
56600,500,9000,"bu","13:25:43",5468000
56600,500,2000,"bu","13:25:56",5470000
56600,500,9000,"sd","13:26:07",5479000
56600,500,9000,"sd","13:26:15",5488000
56600,500,2000,"sd","13:26:19",5490000
56600,500,2000,"sd","13:26:23",5492000
56500,400,7000,"sd","13:26:24",5499000
56500,400,9000,"bu","13:27:01",5508000
56500,400,4000,"bu","13:27:12",5512000
56500,400,5000,"sd","13:27:20",5517000
56600,500,10000,"sd","13:27:51",5527000
56600,500,10000,"sd","13:27:59",5537000
56600,500,2000,"bu","13:28:03",5539000
56600,500,5000,"sd","13:28:21",5544000
56600,500,2000,"bu","13:28:42",5546000
56600,500,9000,"bu","13:28:50",5555000
56600,500,3000,"sd","13:29:45",5558000
56600,500,5000,"bu","13:30:00",5563000
56600,500,1000,"sd","13:30:05",5564000
56600,500,3000,"sd","13:30:39",5567000
56600,500,5000,"sd","13:30:52",5572000
56600,500,2000,"sd","13:31:16",5574000
56500,400,184000,"sd","13:31:17",5758000
56500,400,9000,"bu","13:31:33",5767000
56500,400,120000,"sd","13:31:52",5887000
56500,400,4000,"sd","13:31:55",5891000
56500,400,5000,"sd","13:32:06",5896000
56500,400,5000,"sd","13:32:35",5901000
56400,300,5000,"sd","13:33:03",5906000
56500,400,10000,"bu","13:33:18",5916000
56400,300,1000,"bu","13:33:56",5917000
56400,300,52000,"sd","13:34:20",5969000
56400,300,1000,"bu","13:34:32",5970000
56400,300,22000,"bu","13:34:42",5992000
56500,400,5000,"bu","13:34:56",5997000
56400,300,2000,"bu","13:35:05",5999000
56400,300,41000,"sd","13:35:46",6040000
56300,200,1000,"sd","13:35:58",6041000
56400,300,1000,"bu","13:35:59",6042000
56300,200,8000,"bu","13:36:04",6050000
56400,300,5000,"bu","13:36:23",6055000
56400,300,10000,"bu","13:36:44",6065000
56300,200,30000,"sd","13:37:13",6095000
56400,300,10000,"sd","13:37:32",6105000
56500,400,100000,"sd","13:37:56",6205000
56500,400,3000,"sd","13:38:17",6208000
56500,400,5000,"sd","13:38:57",6213000
56500,400,42000,"bu","13:38:59",6255000
56500,400,9000,"bu","13:39:42",6264000
56500,400,9000,"sd","13:40:37",6273000
56600,500,3000,"bu","13:40:40",6276000
56600,500,9000,"sd","13:40:47",6285000
56600,500,3000,"bu","13:40:48",6288000
56600,500,2000,"bu","13:41:28",6290000
56600,500,5000,"sd","13:41:31",6295000
56600,500,10000,"sd","13:41:44",6305000
56600,500,5000,"bu","13:41:50",6310000
56600,500,5000,"sd","13:42:08",6315000
56600,500,6000,"bu","13:42:27",6321000
56600,500,3000,"sd","13:43:08",6324000
56600,500,2000,"sd","13:43:21",6326000
56600,500,2000,"bu","13:43:29",6328000
56500,400,12000,"sd","13:43:51",6340000
56500,400,27000,"sd","13:44:03",6367000
56500,400,9000,"bu","13:44:16",6376000
56500,400,6000,"sd","13:44:43",6382000
56500,400,9000,"sd","13:45:10",6391000
56500,400,10000,"bu","13:45:25",6401000
56500,400,9000,"sd","13:46:04",6410000
56500,400,1000,"sd","13:46:22",6411000
56500,400,1000,"sd","13:46:31",6412000
56500,400,1000,"sd","13:46:40",6413000
56500,400,5000,"bu","13:46:52",6418000
56500,400,1000,"sd","13:46:59",6419000
56500,400,2000,"bu","13:47:05",6421000
56500,400,5000,"sd","13:47:18",6426000
56500,400,3000,"sd","13:47:27",6429000
56500,400,1000,"sd","13:47:33",6430000
56500,400,1000,"bu","13:47:45",6431000
56500,400,1000,"sd","13:47:54",6432000
56500,400,9000,"sd","13:48:25",6441000
56500,400,1000,"sd","13:48:31",6442000
56400,300,49000,"sd","13:48:46",6491000
56400,300,4000,"bu","13:49:09",6495000
56400,300,1000,"bu","13:49:50",6496000
56500,400,70000,"sd","13:51:09",6566000
56500,400,2000,"sd","13:51:35",6568000
56500,400,1000,"bu","13:52:50",6569000
56500,400,2000,"sd","13:53:24",6571000
56500,400,4000,"sd","13:54:34",6575000
56400,300,10000,"sd","13:54:35",6585000
56400,300,1000,"bu","13:55:21",6586000
56400,300,10000,"bu","13:55:22",6596000
56400,300,2000,"sd","13:55:50",6598000
56400,300,30000,"bu","13:56:10",6628000
56400,300,62000,"sd","13:57:02",6690000
56400,300,1000,"sd","13:57:18",6691000
56400,300,52000,"bu","13:57:38",6743000
56400,300,8000,"sd","13:57:56",6751000
56400,300,3000,"sd","13:59:10",6754000
56400,300,10000,"sd","13:59:56",6764000
56400,300,10000,"sd","14:00:19",6774000
56400,300,18000,"bu","14:00:30",6792000
56400,300,2000,"bu","14:00:39",6794000
56300,200,6000,"sd","14:00:41",6800000
56300,200,10000,"sd","14:00:52",6810000
56300,200,2000,"sd","14:00:57",6812000
56300,200,5000,"sd","14:01:39",6817000
56400,300,3000,"sd","14:02:03",6820000
56400,300,2000,"sd","14:02:21",6822000
56400,300,4000,"sd","14:03:02",6826000
56400,300,3000,"sd","14:03:43",6829000
56300,200,8000,"sd","14:05:12",6837000
56300,200,20000,"bu","14:05:22",6857000
56400,300,2000,"sd","14:05:53",6859000
56400,300,5000,"bu","14:05:58",6864000
56300,200,1000,"bu","14:06:16",6865000
56400,300,5000,"sd","14:06:37",6870000
56400,300,2000,"bu","14:07:04",6872000
56400,300,7000,"bu","14:07:44",6879000
56400,300,30000,"sd","14:07:57",6909000
56400,300,2000,"bu","14:08:02",6911000
56400,300,5000,"bu","14:08:47",6916000
56400,300,1000,"sd","14:10:14",6917000
56400,300,4000,"bu","14:11:08",6921000
56500,400,100000,"sd","14:12:01",7021000
56500,400,20000,"bu","14:12:10",7041000
56500,400,10000,"sd","14:12:23",7051000
56500,400,1000,"bu","14:12:27",7052000
56500,400,12000,"bu","14:12:41",7064000
56500,400,5000,"sd","14:12:46",7069000
56500,400,1000,"sd","14:12:52",7070000
56500,400,1000,"sd","14:12:53",7071000
56500,400,5000,"sd","14:12:56",7076000
56500,400,5000,"sd","14:13:34",7081000
56500,400,1000,"bu","14:14:04",7082000
56500,400,5000,"bu","14:14:05",7087000
56500,400,5000,"sd","14:14:46",7092000
56500,400,1000,"sd","14:15:47",7093000
56500,400,5000,"bu","14:15:54",7098000
56500,400,5000,"bu","14:15:59",7103000
56500,400,100000,"bu","14:16:39",7203000
56500,400,3000,"bu","14:16:46",7206000
56500,400,9000,"bu","14:16:55",7215000
56600,500,9000,"bu","14:17:13",7224000
56600,500,5000,"sd","14:17:22",7229000
56500,400,38000,"sd","14:17:35",7267000
56500,400,8000,"sd","14:17:39",7275000
56500,400,1000,"bu","14:17:56",7276000
56500,400,1000,"bu","14:18:33",7277000
56500,400,15000,"sd","14:18:51",7292000
56500,400,61000,"sd","14:18:53",7353000
56500,400,30000,"bu","14:19:33",7383000
56500,400,9000,"sd","14:19:38",7392000
56500,400,6000,"bu","14:20:33",7398000
56500,400,50000,"sd","14:22:30",7448000
56500,400,10000,"bu","14:23:06",7458000
56500,400,1000,"sd","14:23:23",7459000
56300,200,200000,"sd","14:23:25",7659000
56400,300,2000,"bu","14:23:51",7661000
56400,300,8000,"bu","14:24:00",7669000
56400,300,5000,"bu","14:24:26",7674000
56400,300,1000,"sd","14:24:37",7675000
56400,300,3000,"sd","14:25:00",7678000
56400,300,20000,"sd","14:25:49",7698000
56400,300,5000,"bu","14:26:35",7703000
56400,300,5000,"sd","14:26:51",7708000
56400,300,1000,"bu","14:28:12",7709000
56500,400,2000,"sd","14:28:17",7711000
56400,300,1000,"bu","14:28:24",7712000
56400,300,5000,"bu","14:28:38",7717000
56400,300,15000,"sd","14:29:08",7732000
56400,300,4000,"sd","14:31:14",7736000
56500,400,30000,"sd","14:32:13",7766000
56500,400,20000,"sd","14:32:55",7786000
56400,300,3000,"sd","14:35:34",7789000
56400,300,1000,"bu","14:35:47",7790000
56400,300,5000,"sd","14:37:08",7795000
56400,300,7000,"bu","14:37:11",7802000
56400,300,1000,"bu","14:38:29",7803000
56400,300,84000,"sd","14:38:48",7887000
56400,300,4000,"sd","14:39:01",7891000
56400,300,1000,"bu","14:39:30",7892000
56300,200,40000,"bu","14:39:38",7932000
56300,200,50000,"sd","14:41:04",7982000
56400,300,1000,"sd","14:41:12",7983000
56500,400,90000,"sd","14:41:17",8073000
56300,200,200000,"sd","14:42:15",8273000
56300,200,123000,"sd","14:42:33",8396000
56300,200,2000,"bu","14:42:34",8398000
56200,100,50000,"sd","14:42:46",8448000
56100,0,557000,"sd","14:42:50",9005000
56100,0,3000,"sd","14:42:51",9008000
56100,0,100000,"sd","14:42:55",9108000
56000,-100,200000,"sd","14:43:11",9308000
56000,-100,30000,"sd","14:43:27",9338000
56100,0,3000,"bu","14:43:30",9341000
56100,0,29000,"bu","14:43:38",9370000
56100,0,1000,"sd","14:43:40",9371000
56100,0,5000,"sd","14:44:01",9376000
56000,-100,6000,"sd","14:44:06",9382000
56100,0,1000,"sd","14:44:10",9383000
56100,0,56000,"sd","14:44:15",9439000
56000,-100,7000,"sd","14:44:25",9446000
56000,-100,45000,"sd","14:44:29",9491000
56100,0,3000,"bu","14:44:35",9494000
56100,0,1000,"sd","14:44:45",9495000
56100,0,20000,"bu","14:44:47",9515000
56100,0,4000,"sd","14:44:58",9519000
56100,0,51000,"bu","14:45:17",9570000
56100,0,29000,"sd","14:45:17",9599000
56100,0,1000,"sd","14:45:52",9601000
56100,0,10000,"sd","14:46:01",9611000
56100,0,10000,"sd","14:46:04",9621000
56100,0,1000,"sd","14:46:05",9622000
56100,0,11000,"bu","14:46:14",9633000
56100,0,5000,"sd","14:46:16",9638000
56100,0,11000,"sd","14:46:17",9649000
56100,0,33000,"bu","14:46:32",9682000
56100,0,7000,"sd","14:46:33",9689000
56100,0,50000,"sd","14:46:44",9739000
56000,-100,14000,"sd","14:46:48",9753000
56100,0,1000,"bu","14:46:52",9754000
56100,0,5000,"bu","14:46:57",9759000
56100,0,1000,"sd","14:46:58",9760000
56100,0,2000,"sd","14:47:13",9762000
56100,0,4000,"sd","14:47:31",9766000
56100,0,32000,"bu","14:47:38",9798000
56100,0,20000,"sd","14:47:59",9818000
56100,0,68000,"sd","14:48:23",9886000
56100,0,1000,"bu","14:48:29",9887000
56200,100,3000,"sd","14:48:59",9890000
56300,200,20000,"sd","14:49:02",9910000
56300,200,6000,"sd","14:49:16",9916000
56400,300,34000,"sd","14:49:28",9950000
56400,300,2000,"bu","14:50:07",9952000
56400,300,10000,"bu","14:50:35",9962000
56300,200,40000,"sd","14:50:38",10002000
56300,200,10000,"bu","14:51:01",10012000
56400,300,100000,"bu","14:51:22",10112000
56400,300,162000,"bu","14:51:29",10274000
56400,300,38000,"sd","14:51:42",10312000
56500,400,100000,"bu","14:52:33",10412000
56500,400,57000,"bu","14:53:04",10469000
56500,400,10000,"bu","14:53:51",10479000
56500,400,10000,"bu","14:53:55",10489000
56500,400,10000,"bu","14:54:10",10499000
56500,400,4000,"bu","14:54:31",10503000
56500,400,6000,"sd","14:54:44",10509000
56600,500,25000,"bu","14:54:49",10534000
56700,600,33000,"bu","14:55:02",10567000
56600,500,10000,"sd","14:55:31",10577000
56600,500,5000,"bu","14:55:38",10582000
56500,400,2000,"sd","14:55:47",10584000
56600,500,5000,"sd","14:56:26",10589000
56500,400,1000,"sd","14:57:13",10590000
56600,500,3000,"sd","14:58:19",10593000
56500,400,20000,"bu","14:58:45",10613000
56700,600,50000,"sd","14:58:46",10663000
56800,700,48000,"bu","14:59:04",10711000
56800,700,1000,"bu","14:59:27",10712000
56800,700,20000,"bu","14:59:29",10732000
56800,700,18000,"sd","14:59:44",10750000
56500,400,1000,"sd","14:59:49",10751000
56900,800,61000,"sd","14:59:52",10812000
56900,800,20000,"bu","14:59:59",10832000
56900,800,1000,"bu","15:00:01",10833000
