"id","symbol","truncTime","matchType","matchVol","matchPrice","accumulatedVolume","createdAt","updatedAt"
161680396,"CMS","1703835911","s","9300","19100","159600","2023-12-29T07:45:18.133Z","2023-12-29T07:45:18.133Z"
161676916,"CMS","1703834969","s","200","19100","150300","2023-12-29T07:29:30.153Z","2023-12-29T07:29:30.153Z"
161672343,"CMS","1703834903","s","200","19100","150100","2023-12-29T07:28:24.115Z","2023-12-29T07:28:24.115Z"
161671692,"CMS","1703834893","s","300","19100","149900","2023-12-29T07:28:15.113Z","2023-12-29T07:28:15.113Z"
161667661,"CMS","1703834804","s","300","19100","149600","2023-12-29T07:26:45.108Z","2023-12-29T07:26:45.108Z"
161654607,"CMS","1703834489","unknown","4000","19100","149300","2023-12-29T07:21:30.110Z","2023-12-29T07:21:30.110Z"
161651310,"CMS","1703834393","b","200","19100","145300","2023-12-29T07:19:54.110Z","2023-12-29T07:19:54.110Z"
161645290,"CMS","1703834219","s","100","19000","145100","2023-12-29T07:17:00.100Z","2023-12-29T07:17:00.100Z"
161644890,"CMS","1703834207","s","800","19000","145000","2023-12-29T07:16:48.111Z","2023-12-29T07:16:48.111Z"
161644331,"CMS","1703834193","b","200","19000","144200","2023-12-29T07:16:34.095Z","2023-12-29T07:16:34.095Z"
161639374,"CMS","1703834030","b","100","19000","144000","2023-12-29T07:13:52.098Z","2023-12-29T07:13:52.098Z"
161638839,"CMS","1703834015","b","1200","19000","143900","2023-12-29T07:13:37.092Z","2023-12-29T07:13:37.092Z"
161638616,"CMS","1703834006","s","500","19000","142700","2023-12-29T07:13:27.131Z","2023-12-29T07:13:27.131Z"
161638361,"CMS","1703833994","s","500","19000","142200","2023-12-29T07:13:15.101Z","2023-12-29T07:13:15.101Z"
161637271,"CMS","1703833957","s","200","19000","141700","2023-12-29T07:12:38.090Z","2023-12-29T07:12:38.090Z"
161637247,"CMS","1703833955","s","1000","19000","141500","2023-12-29T07:12:37.096Z","2023-12-29T07:12:37.096Z"
161632897,"CMS","1703833806","s","200","19000","140500","2023-12-29T07:10:07.092Z","2023-12-29T07:10:07.092Z"
161631291,"CMS","1703833734","s","500","19000","140300","2023-12-29T07:08:56.093Z","2023-12-29T07:08:56.093Z"
161620714,"CMS","1703833403","s","100","19000","139800","2023-12-29T07:03:25.087Z","2023-12-29T07:03:25.087Z"
161620366,"CMS","1703833392","s","500","19000","139700","2023-12-29T07:03:14.087Z","2023-12-29T07:03:14.087Z"
161619741,"CMS","1703833364","s","2000","19000","139200","2023-12-29T07:02:46.083Z","2023-12-29T07:02:46.083Z"
161619530,"CMS","1703833356","s","200","19000","137200","2023-12-29T07:02:38.077Z","2023-12-29T07:02:38.077Z"
161619505,"CMS","1703833355","s","4800","19000","137000","2023-12-29T07:02:37.085Z","2023-12-29T07:02:37.085Z"
161618955,"CMS","1703833334","s","200","19000","132200","2023-12-29T07:02:16.100Z","2023-12-29T07:02:16.100Z"
161618673,"CMS","1703833325","b","200","19100","132000","2023-12-29T07:02:07.101Z","2023-12-29T07:02:07.101Z"
161618486,"CMS","1703833319","s","500","19000","131800","2023-12-29T07:02:01.089Z","2023-12-29T07:02:01.089Z"
161616188,"CMS","1703833249","s","9200","19000","131300","2023-12-29T07:00:51.083Z","2023-12-29T07:00:51.083Z"
161615675,"CMS","1703833233","b","500","19100","122100","2023-12-29T07:00:35.096Z","2023-12-29T07:00:35.096Z"
161614405,"CMS","1703833191","b","500","19100","121600","2023-12-29T06:59:53.077Z","2023-12-29T06:59:53.077Z"
161613569,"CMS","1703833162","s","2400","19000","121100","2023-12-29T06:59:24.079Z","2023-12-29T06:59:24.079Z"
161611392,"CMS","1703833083","b","1000","19100","118700","2023-12-29T06:58:05.110Z","2023-12-29T06:58:05.110Z"
161610533,"CMS","1703833050","s","4700","19000","117700","2023-12-29T06:57:32.101Z","2023-12-29T06:57:32.101Z"
161609226,"CMS","1703832995","b","2500","19100","113000","2023-12-29T06:56:37.084Z","2023-12-29T06:56:37.084Z"
161607133,"CMS","1703832921","s","1000","19000","110500","2023-12-29T06:55:23.086Z","2023-12-29T06:55:23.086Z"
161607002,"CMS","1703832913","s","400","19000","109500","2023-12-29T06:55:15.076Z","2023-12-29T06:55:15.076Z"
161602818,"CMS","1703832729","b","500","19100","109100","2023-12-29T06:52:11.071Z","2023-12-29T06:52:11.071Z"
161599069,"CMS","1703832539","b","500","19100","108600","2023-12-29T06:49:01.073Z","2023-12-29T06:49:01.073Z"
161599031,"CMS","1703832537","b","200","19100","108100","2023-12-29T06:48:59.069Z","2023-12-29T06:48:59.069Z"
161598844,"CMS","1703832528","b","200","19100","107900","2023-12-29T06:48:49.071Z","2023-12-29T06:48:49.071Z"
161597384,"CMS","1703832477","b","500","19100","107700","2023-12-29T06:47:59.084Z","2023-12-29T06:47:59.084Z"
161596593,"CMS","1703832448","b","100","19100","107200","2023-12-29T06:47:29.073Z","2023-12-29T06:47:29.073Z"
161596374,"CMS","1703832438","b","800","19100","107100","2023-12-29T06:47:20.066Z","2023-12-29T06:47:20.066Z"
161595325,"CMS","1703832386","b","2000","19100","106300","2023-12-29T06:46:28.082Z","2023-12-29T06:46:28.082Z"
161594982,"CMS","1703832367","b","300","19100","104300","2023-12-29T06:46:08.064Z","2023-12-29T06:46:08.064Z"
161594753,"CMS","1703832352","b","200","19100","104000","2023-12-29T06:45:53.064Z","2023-12-29T06:45:53.064Z"
161593516,"CMS","1703832286","b","12000","19100","103800","2023-12-29T06:44:48.063Z","2023-12-29T06:44:48.063Z"
161592523,"CMS","1703832242","b","200","19200","91800","2023-12-29T06:44:04.070Z","2023-12-29T06:44:04.070Z"
161591833,"CMS","1703832217","b","300","19200","91600","2023-12-29T06:43:39.064Z","2023-12-29T06:43:39.064Z"
161590426,"CMS","1703832160","s","2000","19100","91300","2023-12-29T06:42:42.061Z","2023-12-29T06:42:42.061Z"
161590330,"CMS","1703832155","s","300","19100","89300","2023-12-29T06:42:37.063Z","2023-12-29T06:42:37.063Z"
161589241,"CMS","1703832099","s","2900","19100","89000","2023-12-29T06:41:40.060Z","2023-12-29T06:41:40.060Z"
161585231,"CMS","1703831906","b","500","19200","86100","2023-12-29T06:38:27.060Z","2023-12-29T06:38:27.060Z"
161581443,"CMS","1703831723","s","100","19100","85600","2023-12-29T06:35:24.065Z","2023-12-29T06:35:24.065Z"
161581186,"CMS","1703831707","s","200","19100","85500","2023-12-29T06:35:08.068Z","2023-12-29T06:35:08.068Z"
161579772,"CMS","1703831637","s","10000","19100","85300","2023-12-29T06:33:58.056Z","2023-12-29T06:33:58.056Z"
161579593,"CMS","1703831627","b","1200","19200","75300","2023-12-29T06:33:48.067Z","2023-12-29T06:33:48.067Z"
161578875,"CMS","1703831598","b","300","19200","74100","2023-12-29T06:33:20.074Z","2023-12-29T06:33:20.074Z"
161561633,"CMS","1703830987","b","600","19200","73800","2023-12-29T06:23:08.058Z","2023-12-29T06:23:08.058Z"
161561446,"CMS","1703830982","b","100","19200","73200","2023-12-29T06:23:04.052Z","2023-12-29T06:23:04.052Z"
161558566,"CMS","1703830900","b","800","19200","73100","2023-12-29T06:21:41.045Z","2023-12-29T06:21:41.045Z"
161555565,"CMS","1703830819","s","2700","19100","72300","2023-12-29T06:20:20.081Z","2023-12-29T06:20:20.081Z"
161553994,"CMS","1703830771","b","200","19200","69600","2023-12-29T06:19:32.042Z","2023-12-29T06:19:32.042Z"
161550136,"CMS","1703830614","s","2000","19100","69400","2023-12-29T06:16:55.043Z","2023-12-29T06:16:55.043Z"
161548842,"CMS","1703830556","b","100","19200","67400","2023-12-29T06:15:57.042Z","2023-12-29T06:15:57.042Z"
161548419,"CMS","1703830547","b","400","19200","67300","2023-12-29T06:15:48.039Z","2023-12-29T06:15:48.039Z"
161548134,"CMS","1703830534","s","5000","19200","66900","2023-12-29T06:15:35.037Z","2023-12-29T06:15:35.037Z"
161546614,"CMS","1703830479","s","500","19200","61900","2023-12-29T06:14:40.037Z","2023-12-29T06:14:40.037Z"
161545111,"CMS","1703830424","s","3000","19200","61400","2023-12-29T06:13:45.038Z","2023-12-29T06:13:45.038Z"
161540779,"CMS","1703830231","b","200","19300","58400","2023-12-29T06:10:32.035Z","2023-12-29T06:10:32.035Z"
161539689,"CMS","1703830180","b","100","19300","58200","2023-12-29T06:09:41.039Z","2023-12-29T06:09:41.039Z"
161534086,"CMS","1703829911","b","100","19300","58100","2023-12-29T06:05:13.038Z","2023-12-29T06:05:13.038Z"
161533576,"CMS","1703829888","b","800","19300","58000","2023-12-29T06:04:50.033Z","2023-12-29T06:04:50.033Z"
161531197,"CMS","1703829764","s","500","19200","57200","2023-12-29T06:02:45.054Z","2023-12-29T06:02:45.054Z"
161527662,"CMS","1703829612","s","5000","19200","56700","2023-12-29T06:00:16.083Z","2023-12-29T06:00:16.083Z"
161527415,"CMS","1703829610","b","100","19300","51700","2023-12-29T06:00:14.212Z","2023-12-29T06:00:14.212Z"
161522883,"CMS","1703824085","unknown","2000","19300","51600","2023-12-29T04:28:05.936Z","2023-12-29T04:28:05.936Z"
161521356,"CMS","1703823979","b","200","19400","49600","2023-12-29T04:26:19.935Z","2023-12-29T04:26:19.935Z"
161518256,"CMS","1703823758","s","100","19300","49400","2023-12-29T04:22:38.931Z","2023-12-29T04:22:38.931Z"
161509204,"CMS","1703823123","s","200","19300","49300","2023-12-29T04:12:03.919Z","2023-12-29T04:12:03.919Z"
161503045,"CMS","1703822762","s","4500","19300","49100","2023-12-29T04:06:03.940Z","2023-12-29T04:06:03.940Z"
161501612,"CMS","1703822702","unknown","600","19300","44600","2023-12-29T04:05:04.937Z","2023-12-29T04:05:04.937Z"
161496509,"CMS","1703822489","s","200","19400","44000","2023-12-29T04:01:31.920Z","2023-12-29T04:01:31.920Z"
161492413,"CMS","1703822264","unknown","1000","19400","43800","2023-12-29T03:57:46.908Z","2023-12-29T03:57:46.908Z"
161492324,"CMS","1703822260","b","200","19400","42800","2023-12-29T03:57:41.920Z","2023-12-29T03:57:41.920Z"
161491948,"CMS","1703822239","b","200","19400","42600","2023-12-29T03:57:20.904Z","2023-12-29T03:57:20.904Z"
161491594,"CMS","1703822216","b","200","19400","42400","2023-12-29T03:56:57.909Z","2023-12-29T03:56:57.909Z"
161488248,"CMS","1703822063","b","200","19400","42200","2023-12-29T03:54:24.963Z","2023-12-29T03:54:24.963Z"
161471532,"CMS","1703821250","s","1300","19300","42000","2023-12-29T03:40:51.887Z","2023-12-29T03:40:51.887Z"
161469453,"CMS","1703821164","s","100","19400","40700","2023-12-29T03:39:25.886Z","2023-12-29T03:39:25.886Z"
161467392,"CMS","1703821037","s","100","19400","40600","2023-12-29T03:37:18.886Z","2023-12-29T03:37:18.886Z"
161466741,"CMS","1703821005","b","500","19400","40500","2023-12-29T03:36:46.887Z","2023-12-29T03:36:46.887Z"
161466501,"CMS","1703820988","b","500","19400","40000","2023-12-29T03:36:29.890Z","2023-12-29T03:36:29.890Z"
161466284,"CMS","1703820974","b","500","19400","39500","2023-12-29T03:36:15.884Z","2023-12-29T03:36:15.884Z"
161466228,"CMS","1703820970","b","100","19400","39000","2023-12-29T03:36:11.888Z","2023-12-29T03:36:11.888Z"
161463127,"CMS","1703820790","b","500","19400","38900","2023-12-29T03:33:10.882Z","2023-12-29T03:33:10.882Z"
161461625,"CMS","1703820701","b","200","19400","38400","2023-12-29T03:31:42.881Z","2023-12-29T03:31:42.881Z"
161459347,"CMS","1703820600","b","300","19300","38200","2023-12-29T03:30:01.895Z","2023-12-29T03:30:01.895Z"
161459101,"CMS","1703820590","b","500","19300","37900","2023-12-29T03:29:51.889Z","2023-12-29T03:29:51.889Z"
161457694,"CMS","1703820528","s","200","19300","37400","2023-12-29T03:28:49.880Z","2023-12-29T03:28:49.880Z"
161456940,"CMS","1703820504","s","300","19300","37200","2023-12-29T03:28:25.900Z","2023-12-29T03:28:25.900Z"
