"id","symbol","truncTime","matchType","matchVol","matchPrice","accumulatedVolume","createdAt","updatedAt"
161679998,"DAH","1703835890","unknown","6300","4400","93400","2023-12-29T07:45:04.124Z","2023-12-29T07:45:04.124Z"
161670167,"DAH","1703834849","s","400","4410","93400","2023-12-29T07:27:43.131Z","2023-12-29T07:27:43.131Z"
161662921,"DAH","1703834682","s","2000","4410","89200","2023-12-29T07:24:56.179Z","2023-12-29T07:24:56.179Z"
161662920,"DAH","1703834682","s","100","4410","89200","2023-12-29T07:24:56.179Z","2023-12-29T07:24:56.179Z"
161662919,"DAH","1703834682","s","200","4410","89200","2023-12-29T07:24:56.179Z","2023-12-29T07:24:56.179Z"
161662918,"DAH","1703834682","s","100","4410","89200","2023-12-29T07:24:56.179Z","2023-12-29T07:24:56.179Z"
161662917,"DAH","1703834682","s","1000","4410","89200","2023-12-29T07:24:56.179Z","2023-12-29T07:24:56.179Z"
161662916,"DAH","1703834682","s","100","4410","89200","2023-12-29T07:24:56.179Z","2023-12-29T07:24:56.179Z"
161662915,"DAH","1703834682","s","100","4420","89200","2023-12-29T07:24:56.179Z","2023-12-29T07:24:56.179Z"
161662914,"DAH","1703834682","s","200","4420","89200","2023-12-29T07:24:56.179Z","2023-12-29T07:24:56.179Z"
161657609,"DAH","1703834549","s","500","4420","88700","2023-12-29T07:22:43.098Z","2023-12-29T07:22:43.098Z"
161652663,"DAH","1703834417","b","100","4440","88700","2023-12-29T07:20:32.101Z","2023-12-29T07:20:32.101Z"
161651245,"DAH","1703834378","b","3000","4440","85600","2023-12-29T07:19:53.103Z","2023-12-29T07:19:53.103Z"
161649342,"DAH","1703834318","s","1800","4430","85600","2023-12-29T07:18:52.108Z","2023-12-29T07:18:52.108Z"
161649341,"DAH","1703834318","s","400","4430","85600","2023-12-29T07:18:52.108Z","2023-12-29T07:18:52.108Z"
161641537,"DAH","1703834095","s","200","4420","83200","2023-12-29T07:15:09.115Z","2023-12-29T07:15:09.115Z"
161641339,"DAH","1703834086","b","200","4430","83000","2023-12-29T07:15:00.102Z","2023-12-29T07:15:00.102Z"
161640380,"DAH","1703834056","b","1400","4430","81600","2023-12-29T07:14:30.098Z","2023-12-29T07:14:30.098Z"
161632575,"DAH","1703833780","s","100","4420","81500","2023-12-29T07:09:54.082Z","2023-12-29T07:09:54.082Z"
161630709,"DAH","1703833701","s","1000","4430","78100","2023-12-29T07:08:35.119Z","2023-12-29T07:08:35.119Z"
161630708,"DAH","1703833701","s","200","4430","78100","2023-12-29T07:08:35.119Z","2023-12-29T07:08:35.119Z"
161630707,"DAH","1703833701","s","100","4430","78100","2023-12-29T07:08:35.119Z","2023-12-29T07:08:35.119Z"
161630706,"DAH","1703833701","s","1000","4430","78100","2023-12-29T07:08:35.119Z","2023-12-29T07:08:35.119Z"
161630705,"DAH","1703833701","s","1100","4430","78100","2023-12-29T07:08:35.119Z","2023-12-29T07:08:35.119Z"
161628533,"DAH","1703833628","b","500","4440","77600","2023-12-29T07:07:23.076Z","2023-12-29T07:07:23.076Z"
161624674,"DAH","1703833516","b","500","4440","77100","2023-12-29T07:05:30.097Z","2023-12-29T07:05:30.097Z"
161621477,"DAH","1703833420","s","300","4440","76800","2023-12-29T07:03:55.086Z","2023-12-29T07:03:55.086Z"
161609788,"DAH","1703833008","s","200","4440","76800","2023-12-29T06:57:02.143Z","2023-12-29T06:57:02.143Z"
161609787,"DAH","1703833008","s","100","4440","76800","2023-12-29T06:57:02.143Z","2023-12-29T06:57:02.143Z"
161592375,"DAH","1703832227","b","100","4470","76400","2023-12-29T06:44:01.089Z","2023-12-29T06:44:01.089Z"
161590607,"DAH","1703832158","b","400","4470","76000","2023-12-29T06:42:52.067Z","2023-12-29T06:42:52.067Z"
161575945,"DAH","1703831490","b","200","4490","66000","2023-12-29T06:31:43.063Z","2023-12-29T06:31:43.063Z"
161575944,"DAH","1703831490","b","5000","4490","66000","2023-12-29T06:31:43.063Z","2023-12-29T06:31:43.063Z"
161575943,"DAH","1703831490","b","300","4480","66000","2023-12-29T06:31:43.063Z","2023-12-29T06:31:43.063Z"
161575942,"DAH","1703831490","b","1800","4480","66000","2023-12-29T06:31:43.063Z","2023-12-29T06:31:43.063Z"
161575941,"DAH","1703831490","b","2000","4470","66000","2023-12-29T06:31:43.063Z","2023-12-29T06:31:43.063Z"
161575940,"DAH","1703831490","b","700","4460","66000","2023-12-29T06:31:43.063Z","2023-12-29T06:31:43.063Z"
161575815,"DAH","1703831486","s","300","4440","66000","2023-12-29T06:31:40.063Z","2023-12-29T06:31:40.063Z"
161567459,"DAH","1703831168","b","100","4440","65600","2023-12-29T06:26:22.048Z","2023-12-29T06:26:22.048Z"
161567178,"DAH","1703831153","s","2900","4440","62700","2023-12-29T06:26:08.049Z","2023-12-29T06:26:08.049Z"
161556848,"DAH","1703830841","s","200","4440","62700","2023-12-29T06:20:54.059Z","2023-12-29T06:20:54.059Z"
161553167,"DAH","1703830727","b","100","4460","62400","2023-12-29T06:19:01.049Z","2023-12-29T06:19:01.049Z"
161549196,"DAH","1703830558","b","200","4460","62400","2023-12-29T06:16:13.039Z","2023-12-29T06:16:13.039Z"
161543004,"DAH","1703830322","s","1000","4440","61200","2023-12-29T06:12:16.036Z","2023-12-29T06:12:16.036Z"
161539829,"DAH","1703830175","s","100","4440","61200","2023-12-29T06:09:49.041Z","2023-12-29T06:09:49.041Z"
161535766,"DAH","1703829980","b","6000","4500","36100","2023-12-29T06:06:34.040Z","2023-12-29T06:06:34.040Z"
161535765,"DAH","1703829980","b","600","4490","36100","2023-12-29T06:06:34.040Z","2023-12-29T06:06:34.040Z"
161535764,"DAH","1703829980","b","5000","4490","36100","2023-12-29T06:06:34.040Z","2023-12-29T06:06:34.040Z"
161535763,"DAH","1703829980","b","4800","4490","36100","2023-12-29T06:06:34.040Z","2023-12-29T06:06:34.040Z"
161535762,"DAH","1703829980","b","5000","4490","36100","2023-12-29T06:06:34.040Z","2023-12-29T06:06:34.040Z"
161535761,"DAH","1703829980","b","1600","4490","36100","2023-12-29T06:06:34.040Z","2023-12-29T06:06:34.040Z"
161535760,"DAH","1703829980","b","700","4480","36100","2023-12-29T06:06:34.040Z","2023-12-29T06:06:34.040Z"
161535759,"DAH","1703829980","b","600","4480","36100","2023-12-29T06:06:34.040Z","2023-12-29T06:06:34.040Z"
161535758,"DAH","1703829980","b","300","4480","36100","2023-12-29T06:06:34.040Z","2023-12-29T06:06:34.040Z"
161535757,"DAH","1703829980","b","400","4480","36100","2023-12-29T06:06:34.040Z","2023-12-29T06:06:34.040Z"
161532937,"DAH","1703829840","b","200","4480","36100","2023-12-29T06:04:14.030Z","2023-12-29T06:04:14.030Z"
161530798,"DAH","1703829731","s","100","4460","35700","2023-12-29T06:02:25.032Z","2023-12-29T06:02:25.032Z"
161530797,"DAH","1703829731","s","100","4460","35700","2023-12-29T06:02:25.032Z","2023-12-29T06:02:25.032Z"
161527626,"DAH","1703829602","b","100","4480","34700","2023-12-29T06:00:16.083Z","2023-12-29T06:00:16.083Z"
161527625,"DAH","1703829602","b","200","4480","34700","2023-12-29T06:00:16.083Z","2023-12-29T06:00:16.083Z"
161527624,"DAH","1703829602","b","700","4480","34700","2023-12-29T06:00:16.083Z","2023-12-29T06:00:16.083Z"
161523486,"DAH","1703824111","b","500","4480","34700","2023-12-29T04:28:43.934Z","2023-12-29T04:28:43.934Z"
161517704,"DAH","1703823707","b","100","4490","34100","2023-12-29T04:22:00.942Z","2023-12-29T04:22:00.942Z"
161517055,"DAH","1703823663","b","200","4490","33900","2023-12-29T04:21:16.928Z","2023-12-29T04:21:16.928Z"
161512712,"DAH","1703823339","b","100","4490","33800","2023-12-29T04:15:53.926Z","2023-12-29T04:15:53.926Z"
161511585,"DAH","1703823267","b","500","4460","33800","2023-12-29T04:14:40.922Z","2023-12-29T04:14:40.922Z"
161505553,"DAH","1703822887","b","500","4460","33300","2023-12-29T04:08:20.943Z","2023-12-29T04:08:20.943Z"
161502692,"DAH","1703822732","b","5000","4450","27800","2023-12-29T04:05:45.925Z","2023-12-29T04:05:45.925Z"
161499487,"DAH","1703822596","b","200","4450","27600","2023-12-29T04:03:29.962Z","2023-12-29T04:03:29.962Z"
161498895,"DAH","1703822572","b","200","4450","27400","2023-12-29T04:03:06.018Z","2023-12-29T04:03:06.018Z"
161497518,"DAH","1703822531","b","900","4440","26500","2023-12-29T04:02:24.919Z","2023-12-29T04:02:24.919Z"
161496995,"DAH","1703822500","s","100","4440","26500","2023-12-29T04:01:53.912Z","2023-12-29T04:01:53.912Z"
161493010,"DAH","1703822290","b","300","4450","26400","2023-12-29T03:58:23.907Z","2023-12-29T03:58:23.907Z"
161473315,"DAH","1703821312","s","5000","4450","21100","2023-12-29T03:42:06.906Z","2023-12-29T03:42:06.906Z"
161459131,"DAH","1703820580","b","100","4450","21000","2023-12-29T03:29:53.880Z","2023-12-29T03:29:53.880Z"
161439297,"DAH","1703819566","s","3800","4450","17200","2023-12-29T03:12:59.902Z","2023-12-29T03:12:59.902Z"
161438709,"DAH","1703819544","s","100","4450","17200","2023-12-29T03:12:37.875Z","2023-12-29T03:12:37.875Z"
161433242,"DAH","1703819269","s","200","4450","16900","2023-12-29T03:08:02.870Z","2023-12-29T03:08:02.870Z"
161429561,"DAH","1703819098","b","500","4450","16000","2023-12-29T03:05:11.902Z","2023-12-29T03:05:11.902Z"
161429560,"DAH","1703819098","b","400","4440","16000","2023-12-29T03:05:11.902Z","2023-12-29T03:05:11.902Z"
161428372,"DAH","1703819045","s","1000","4430","16000","2023-12-29T03:04:19.871Z","2023-12-29T03:04:19.871Z"
161427101,"DAH","1703818984","s","100","4430","14900","2023-12-29T03:03:17.864Z","2023-12-29T03:03:17.864Z"
161426467,"DAH","1703818951","b","2800","4420","12100","2023-12-29T03:02:45.861Z","2023-12-29T03:02:45.861Z"
161425782,"DAH","1703818917","b","400","4420","11700","2023-12-29T03:02:10.867Z","2023-12-29T03:02:10.867Z"
161424918,"DAH","1703818866","b","1000","4420","10700","2023-12-29T03:01:20.894Z","2023-12-29T03:01:20.894Z"
161424829,"DAH","1703818860","b","3000","4420","7700","2023-12-29T03:01:14.861Z","2023-12-29T03:01:14.861Z"
161423867,"DAH","1703818792","b","100","4420","7600","2023-12-29T03:00:06.870Z","2023-12-29T03:00:06.870Z"
161423653,"DAH","1703818780","s","5000","4420","7600","2023-12-29T02:59:54.865Z","2023-12-29T02:59:54.865Z"
161423652,"DAH","1703818780","s","1000","4420","7600","2023-12-29T02:59:54.865Z","2023-12-29T02:59:54.865Z"
161423651,"DAH","1703818780","s","300","4420","7600","2023-12-29T02:59:54.865Z","2023-12-29T02:59:54.865Z"
161423650,"DAH","1703818780","s","400","4420","7600","2023-12-29T02:59:54.865Z","2023-12-29T02:59:54.865Z"
161411018,"DAH","1703818166","s","100","4420","800","2023-12-29T02:49:39.853Z","2023-12-29T02:49:39.853Z"
161401448,"DAH","1703817690","b","400","4470","800","2023-12-29T02:41:44.851Z","2023-12-29T02:41:44.851Z"
161391485,"DAH","1703817201","b","100","4510","400","2023-12-29T02:33:34.849Z","2023-12-29T02:33:34.849Z"
161366462,"DAH","1703816129","s","200","4490","100","2023-12-29T02:15:43.833Z","2023-12-29T02:15:43.833Z"
161365411,"DAH","1703816089","unknown","100","4490","0","2023-12-29T02:15:01.845Z","2023-12-29T02:15:01.845Z"
