"id","symbol","truncTime","matchType","matchVol","matchPrice","accumulatedVolume","createdAt","updatedAt"
161680199,"HVN","1703835898","unknown","56700","12250","761500","2023-12-29T07:45:13.215Z","2023-12-29T07:45:13.215Z"
161678966,"HVN","1703834985","s","200","12200","761500","2023-12-29T07:29:59.171Z","2023-12-29T07:29:59.171Z"
161678657,"HVN","1703834979","s","1000","12200","761300","2023-12-29T07:29:54.120Z","2023-12-29T07:29:54.120Z"
161678300,"HVN","1703834974","s","1100","12200","760300","2023-12-29T07:29:48.120Z","2023-12-29T07:29:48.120Z"
161678299,"HVN","1703834974","s","300","12200","760300","2023-12-29T07:29:48.120Z","2023-12-29T07:29:48.120Z"
161678298,"HVN","1703834974","s","600","12200","760300","2023-12-29T07:29:48.120Z","2023-12-29T07:29:48.120Z"
161678197,"HVN","1703834972","s","400","12200","754300","2023-12-29T07:29:46.165Z","2023-12-29T07:29:46.165Z"
161678196,"HVN","1703834972","s","200","12200","754300","2023-12-29T07:29:46.165Z","2023-12-29T07:29:46.165Z"
161678195,"HVN","1703834972","s","3400","12200","754300","2023-12-29T07:29:46.165Z","2023-12-29T07:29:46.165Z"
161677586,"HVN","1703834965","s","200","12200","754300","2023-12-29T07:29:39.171Z","2023-12-29T07:29:39.171Z"
161673648,"HVN","1703834911","s","5000","12200","754100","2023-12-29T07:28:45.160Z","2023-12-29T07:28:45.160Z"
161670661,"HVN","1703834859","b","400","12250","749100","2023-12-29T07:27:53.111Z","2023-12-29T07:27:53.111Z"
161669732,"HVN","1703834840","s","200","12200","748700","2023-12-29T07:27:35.111Z","2023-12-29T07:27:35.111Z"
161667995,"HVN","1703834801","s","2400","12200","746100","2023-12-29T07:26:55.109Z","2023-12-29T07:26:55.109Z"
161667836,"HVN","1703834795","s","4000","12200","746100","2023-12-29T07:26:49.115Z","2023-12-29T07:26:49.115Z"
161666865,"HVN","1703834772","s","600","12200","742100","2023-12-29T07:26:27.107Z","2023-12-29T07:26:27.107Z"
161666190,"HVN","1703834756","s","4900","12200","736600","2023-12-29T07:26:10.195Z","2023-12-29T07:26:10.195Z"
161664824,"HVN","1703834732","s","7000","12200","736600","2023-12-29T07:25:46.106Z","2023-12-29T07:25:46.106Z"
161662655,"HVN","1703834673","b","3000","12200","707300","2023-12-29T07:24:47.108Z","2023-12-29T07:24:47.108Z"
161662654,"HVN","1703834673","b","1200","12200","707300","2023-12-29T07:24:47.108Z","2023-12-29T07:24:47.108Z"
161662653,"HVN","1703834673","b","100","12200","707300","2023-12-29T07:24:47.108Z","2023-12-29T07:24:47.108Z"
161662652,"HVN","1703834673","b","5000","12200","707300","2023-12-29T07:24:47.108Z","2023-12-29T07:24:47.108Z"
161662651,"HVN","1703834673","b","5000","12200","707300","2023-12-29T07:24:47.108Z","2023-12-29T07:24:47.108Z"
161662650,"HVN","1703834673","b","100","12200","707300","2023-12-29T07:24:47.108Z","2023-12-29T07:24:47.108Z"
161662649,"HVN","1703834673","b","7900","12200","707300","2023-12-29T07:24:47.108Z","2023-12-29T07:24:47.108Z"
161662559,"HVN","1703834669","s","1000","12150","706300","2023-12-29T07:24:44.114Z","2023-12-29T07:24:44.114Z"
161662536,"HVN","1703834669","s","1100","12150","701800","2023-12-29T07:24:43.109Z","2023-12-29T07:24:43.109Z"
161662535,"HVN","1703834669","s","200","12150","701800","2023-12-29T07:24:43.109Z","2023-12-29T07:24:43.109Z"
161662534,"HVN","1703834669","s","3000","12150","701800","2023-12-29T07:24:43.109Z","2023-12-29T07:24:43.109Z"
161662533,"HVN","1703834669","s","200","12150","701800","2023-12-29T07:24:43.109Z","2023-12-29T07:24:43.109Z"
161661478,"HVN","1703834639","s","500","12150","701300","2023-12-29T07:24:13.113Z","2023-12-29T07:24:13.113Z"
161661102,"HVN","1703834630","s","400","12150","701300","2023-12-29T07:24:04.115Z","2023-12-29T07:24:04.115Z"
161661101,"HVN","1703834630","s","1000","12150","701300","2023-12-29T07:24:04.115Z","2023-12-29T07:24:04.115Z"
161661100,"HVN","1703834630","s","100","12150","701300","2023-12-29T07:24:04.115Z","2023-12-29T07:24:04.115Z"
161661099,"HVN","1703834630","s","500","12150","701300","2023-12-29T07:24:04.115Z","2023-12-29T07:24:04.115Z"
161660603,"HVN","1703834622","s","2500","12150","699300","2023-12-29T07:23:56.117Z","2023-12-29T07:23:56.117Z"
161660602,"HVN","1703834622","s","500","12150","699300","2023-12-29T07:23:56.117Z","2023-12-29T07:23:56.117Z"
161660601,"HVN","1703834622","s","100","12150","699300","2023-12-29T07:23:56.117Z","2023-12-29T07:23:56.117Z"
161660600,"HVN","1703834622","s","1000","12150","699300","2023-12-29T07:23:56.117Z","2023-12-29T07:23:56.117Z"
161660599,"HVN","1703834622","s","900","12150","699300","2023-12-29T07:23:56.117Z","2023-12-29T07:23:56.117Z"
161659918,"HVN","1703834603","s","100","12150","694300","2023-12-29T07:23:37.106Z","2023-12-29T07:23:37.106Z"
161658735,"HVN","1703834571","s","200","12150","694200","2023-12-29T07:23:06.134Z","2023-12-29T07:23:06.134Z"
161658734,"HVN","1703834571","s","100","12150","694200","2023-12-29T07:23:06.134Z","2023-12-29T07:23:06.134Z"
161658733,"HVN","1703834571","s","1000","12150","694200","2023-12-29T07:23:06.134Z","2023-12-29T07:23:06.134Z"
161658732,"HVN","1703834571","s","500","12150","694200","2023-12-29T07:23:06.134Z","2023-12-29T07:23:06.134Z"
161658731,"HVN","1703834571","s","1000","12150","694200","2023-12-29T07:23:06.134Z","2023-12-29T07:23:06.134Z"
161658730,"HVN","1703834571","s","2000","12150","694200","2023-12-29T07:23:06.134Z","2023-12-29T07:23:06.134Z"
161658729,"HVN","1703834571","s","200","12150","694200","2023-12-29T07:23:06.134Z","2023-12-29T07:23:06.134Z"
161658728,"HVN","1703834571","s","100","12150","694200","2023-12-29T07:23:06.134Z","2023-12-29T07:23:06.134Z"
161658727,"HVN","1703834571","s","100","12150","694200","2023-12-29T07:23:06.134Z","2023-12-29T07:23:06.134Z"
161658726,"HVN","1703834571","s","200","12150","694200","2023-12-29T07:23:06.134Z","2023-12-29T07:23:06.134Z"
161658725,"HVN","1703834571","s","100","12150","694200","2023-12-29T07:23:06.134Z","2023-12-29T07:23:06.134Z"
161658724,"HVN","1703834571","s","2400","12150","694200","2023-12-29T07:23:06.134Z","2023-12-29T07:23:06.134Z"
161658723,"HVN","1703834571","s","1000","12150","694200","2023-12-29T07:23:06.134Z","2023-12-29T07:23:06.134Z"
161658722,"HVN","1703834571","s","1500","12150","694200","2023-12-29T07:23:06.134Z","2023-12-29T07:23:06.134Z"
161658721,"HVN","1703834571","s","300","12150","694200","2023-12-29T07:23:06.134Z","2023-12-29T07:23:06.134Z"
161658720,"HVN","1703834571","s","100","12150","694200","2023-12-29T07:23:06.134Z","2023-12-29T07:23:06.134Z"
161658719,"HVN","1703834571","s","500","12150","694200","2023-12-29T07:23:06.134Z","2023-12-29T07:23:06.134Z"
161658718,"HVN","1703834571","s","500","12150","694200","2023-12-29T07:23:06.134Z","2023-12-29T07:23:06.134Z"
161658717,"HVN","1703834571","s","1000","12150","694200","2023-12-29T07:23:06.134Z","2023-12-29T07:23:06.134Z"
161658716,"HVN","1703834571","s","500","12150","694200","2023-12-29T07:23:06.134Z","2023-12-29T07:23:06.134Z"
161658715,"HVN","1703834571","s","2700","12150","694200","2023-12-29T07:23:06.134Z","2023-12-29T07:23:06.134Z"
161658114,"HVN","1703834561","b","100","12200","678200","2023-12-29T07:22:55.143Z","2023-12-29T07:22:55.143Z"
161657225,"HVN","1703834542","b","1000","12200","677100","2023-12-29T07:22:36.117Z","2023-12-29T07:22:36.117Z"
161657180,"HVN","1703834541","b","10000","12200","677100","2023-12-29T07:22:35.114Z","2023-12-29T07:22:35.114Z"
161657048,"HVN","1703834538","b","10000","12200","667100","2023-12-29T07:22:32.120Z","2023-12-29T07:22:32.120Z"
161656400,"HVN","1703834521","b","1000","12200","657100","2023-12-29T07:22:16.114Z","2023-12-29T07:22:16.114Z"
161656194,"HVN","1703834516","b","1700","12250","656100","2023-12-29T07:22:11.123Z","2023-12-29T07:22:11.123Z"
161656193,"HVN","1703834516","b","300","12250","656100","2023-12-29T07:22:11.123Z","2023-12-29T07:22:11.123Z"
161655113,"HVN","1703834491","b","100","12200","654100","2023-12-29T07:21:45.096Z","2023-12-29T07:21:45.096Z"
161655112,"HVN","1703834491","b","500","12200","654100","2023-12-29T07:21:45.096Z","2023-12-29T07:21:45.096Z"
161655111,"HVN","1703834491","b","300","12200","654100","2023-12-29T07:21:45.096Z","2023-12-29T07:21:45.096Z"
161655110,"HVN","1703834491","b","1000","12200","654100","2023-12-29T07:21:45.096Z","2023-12-29T07:21:45.096Z"
161655109,"HVN","1703834491","b","200","12200","654100","2023-12-29T07:21:45.096Z","2023-12-29T07:21:45.096Z"
161655108,"HVN","1703834491","b","1400","12200","654100","2023-12-29T07:21:45.096Z","2023-12-29T07:21:45.096Z"
161654499,"HVN","1703834473","b","500","12200","650100","2023-12-29T07:21:27.100Z","2023-12-29T07:21:27.100Z"
161654400,"HVN","1703834470","b","100","12200","650000","2023-12-29T07:21:24.120Z","2023-12-29T07:21:24.120Z"
161654334,"HVN","1703834467","b","3000","12200","647000","2023-12-29T07:21:21.103Z","2023-12-29T07:21:21.103Z"
161653908,"HVN","1703834454","b","100","12200","646900","2023-12-29T07:21:08.130Z","2023-12-29T07:21:08.130Z"
161653232,"HVN","1703834432","b","1000","12200","646900","2023-12-29T07:20:47.102Z","2023-12-29T07:20:47.102Z"
161652668,"HVN","1703834418","b","1000","12200","644900","2023-12-29T07:20:32.101Z","2023-12-29T07:20:32.101Z"
161652623,"HVN","1703834416","b","800","12200","644900","2023-12-29T07:20:30.106Z","2023-12-29T07:20:30.106Z"
161652622,"HVN","1703834416","b","200","12200","644900","2023-12-29T07:20:30.106Z","2023-12-29T07:20:30.106Z"
161652621,"HVN","1703834416","b","500","12200","644900","2023-12-29T07:20:30.106Z","2023-12-29T07:20:30.106Z"
161652620,"HVN","1703834416","b","1100","12200","644900","2023-12-29T07:20:30.106Z","2023-12-29T07:20:30.106Z"
161652360,"HVN","1703834410","b","1000","12200","642300","2023-12-29T07:20:24.110Z","2023-12-29T07:20:24.110Z"
161652178,"HVN","1703834404","b","200","12200","641300","2023-12-29T07:20:18.108Z","2023-12-29T07:20:18.108Z"
161651720,"HVN","1703834390","b","500","12200","641100","2023-12-29T07:20:04.102Z","2023-12-29T07:20:04.102Z"
161651069,"HVN","1703834372","b","100","12200","640600","2023-12-29T07:19:47.102Z","2023-12-29T07:19:47.102Z"
161650955,"HVN","1703834369","b","1000","12200","639500","2023-12-29T07:19:44.133Z","2023-12-29T07:19:44.133Z"
161650802,"HVN","1703834363","s","1300","12150","637900","2023-12-29T07:19:38.095Z","2023-12-29T07:19:38.095Z"
161650801,"HVN","1703834363","s","100","12150","637900","2023-12-29T07:19:38.095Z","2023-12-29T07:19:38.095Z"
161650800,"HVN","1703834363","s","100","12150","637900","2023-12-29T07:19:38.095Z","2023-12-29T07:19:38.095Z"
161650799,"HVN","1703834363","s","100","12150","637900","2023-12-29T07:19:38.095Z","2023-12-29T07:19:38.095Z"
161649109,"HVN","1703834311","b","4900","12200","633000","2023-12-29T07:18:46.108Z","2023-12-29T07:18:46.108Z"
161648523,"HVN","1703834293","s","10000","12200","633000","2023-12-29T07:18:27.099Z","2023-12-29T07:18:27.099Z"
161648522,"HVN","1703834293","s","200","12200","633000","2023-12-29T07:18:27.099Z","2023-12-29T07:18:27.099Z"
161648521,"HVN","1703834293","s","200","12200","633000","2023-12-29T07:18:27.099Z","2023-12-29T07:18:27.099Z"
161648520,"HVN","1703834293","s","800","12200","633000","2023-12-29T07:18:27.099Z","2023-12-29T07:18:27.099Z"
161648416,"HVN","1703834290","b","100","12250","621800","2023-12-29T07:18:24.094Z","2023-12-29T07:18:24.094Z"
