"id","symbol","truncTime","matchType","matchVol","matchPrice","accumulatedVolume","createdAt","updatedAt"
161680279,"NKG","1703835900","unknown","402500","24650","5093500","2023-12-29T07:45:14.206Z","2023-12-29T07:45:14.206Z"
161679096,"NKG","1703834987","s","900","24550","5092600","2023-12-29T07:30:02.127Z","2023-12-29T07:30:02.127Z"
161678855,"NKG","1703834982","s","2000","24550","5090600","2023-12-29T07:29:57.138Z","2023-12-29T07:29:57.138Z"
161678426,"NKG","1703834975","b","3800","24600","5070600","2023-12-29T07:29:50.151Z","2023-12-29T07:29:50.151Z"
161678425,"NKG","1703834975","b","2000","24600","5070600","2023-12-29T07:29:50.151Z","2023-12-29T07:29:50.151Z"
161678424,"NKG","1703834975","b","3000","24600","5070600","2023-12-29T07:29:50.151Z","2023-12-29T07:29:50.151Z"
161678423,"NKG","1703834975","b","1000","24600","5070600","2023-12-29T07:29:50.151Z","2023-12-29T07:29:50.151Z"
161678368,"NKG","1703834975","b","800","24600","5070600","2023-12-29T07:29:49.169Z","2023-12-29T07:29:49.169Z"
161678367,"NKG","1703834975","b","800","24600","5070600","2023-12-29T07:29:49.169Z","2023-12-29T07:29:49.169Z"
161678366,"NKG","1703834975","b","500","24600","5070600","2023-12-29T07:29:49.169Z","2023-12-29T07:29:49.169Z"
161678365,"NKG","1703834975","b","100","24600","5070600","2023-12-29T07:29:49.169Z","2023-12-29T07:29:49.169Z"
161678364,"NKG","1703834975","b","1200","24550","5070600","2023-12-29T07:29:49.169Z","2023-12-29T07:29:49.169Z"
161678363,"NKG","1703834975","b","1000","24550","5070600","2023-12-29T07:29:49.169Z","2023-12-29T07:29:49.169Z"
161678362,"NKG","1703834975","b","200","24550","5070600","2023-12-29T07:29:49.169Z","2023-12-29T07:29:49.169Z"
161678361,"NKG","1703834975","b","5600","24550","5070600","2023-12-29T07:29:49.169Z","2023-12-29T07:29:49.169Z"
161678224,"NKG","1703834973","b","100","24550","5070500","2023-12-29T07:29:47.148Z","2023-12-29T07:29:47.148Z"
161678070,"NKG","1703834971","b","100","24550","5070500","2023-12-29T07:29:45.153Z","2023-12-29T07:29:45.153Z"
161677967,"NKG","1703834970","b","20000","24550","5050400","2023-12-29T07:29:43.113Z","2023-12-29T07:29:43.113Z"
161677591,"NKG","1703834965","s","4100","24550","5046300","2023-12-29T07:29:39.171Z","2023-12-29T07:29:39.171Z"
161677501,"NKG","1703834964","s","3000","24550","5046300","2023-12-29T07:29:38.125Z","2023-12-29T07:29:38.125Z"
161677458,"NKG","1703834963","s","2000","24550","5041300","2023-12-29T07:29:37.155Z","2023-12-29T07:29:37.155Z"
161677315,"NKG","1703834962","b","900","24600","5040400","2023-12-29T07:29:36.134Z","2023-12-29T07:29:36.134Z"
161677186,"NKG","1703834960","s","5000","24550","5029500","2023-12-29T07:29:34.137Z","2023-12-29T07:29:34.137Z"
161677185,"NKG","1703834960","b","2000","24550","5029500","2023-12-29T07:29:34.137Z","2023-12-29T07:29:34.137Z"
161677184,"NKG","1703834960","b","100","24550","5029500","2023-12-29T07:29:34.137Z","2023-12-29T07:29:34.137Z"
161677183,"NKG","1703834960","b","1500","24550","5029500","2023-12-29T07:29:34.137Z","2023-12-29T07:29:34.137Z"
161677182,"NKG","1703834960","b","1000","24550","5029500","2023-12-29T07:29:34.137Z","2023-12-29T07:29:34.137Z"
161677181,"NKG","1703834960","b","1300","24550","5029500","2023-12-29T07:29:34.137Z","2023-12-29T07:29:34.137Z"
161676702,"NKG","1703834954","s","1400","24500","5026500","2023-12-29T07:29:28.112Z","2023-12-29T07:29:28.112Z"
161676701,"NKG","1703834954","s","1600","24500","5026500","2023-12-29T07:29:28.112Z","2023-12-29T07:29:28.112Z"
161676638,"NKG","1703834953","b","700","24550","5006500","2023-12-29T07:29:27.155Z","2023-12-29T07:29:27.155Z"
161676637,"NKG","1703834953","b","19300","24550","5006500","2023-12-29T07:29:27.155Z","2023-12-29T07:29:27.155Z"
161676077,"NKG","1703834944","b","700","24550","5004500","2023-12-29T07:29:19.119Z","2023-12-29T07:29:19.119Z"
161676076,"NKG","1703834944","b","1300","24550","5004500","2023-12-29T07:29:19.119Z","2023-12-29T07:29:19.119Z"
161675923,"NKG","1703834942","s","500","24500","5004000","2023-12-29T07:29:17.134Z","2023-12-29T07:29:17.134Z"
161675755,"NKG","1703834939","b","1000","24550","5003000","2023-12-29T07:29:13.133Z","2023-12-29T07:29:13.133Z"
161675386,"NKG","1703834935","s","2900","24500","5000100","2023-12-29T07:29:09.193Z","2023-12-29T07:29:09.193Z"
161675071,"NKG","1703834932","b","1200","24550","4998900","2023-12-29T07:29:06.166Z","2023-12-29T07:29:06.166Z"
161673956,"NKG","1703834914","s","100","24500","4998800","2023-12-29T07:28:49.149Z","2023-12-29T07:28:49.149Z"
161673394,"NKG","1703834907","s","200","24500","4998600","2023-12-29T07:28:42.134Z","2023-12-29T07:28:42.134Z"
161673355,"NKG","1703834906","b","1500","24550","4998600","2023-12-29T07:28:41.114Z","2023-12-29T07:28:41.114Z"
161672865,"NKG","1703834899","s","1000","24550","4997100","2023-12-29T07:28:33.125Z","2023-12-29T07:28:33.125Z"
161672864,"NKG","1703834899","s","2400","24550","4997100","2023-12-29T07:28:33.125Z","2023-12-29T07:28:33.125Z"
161672863,"NKG","1703834899","s","200","24550","4997100","2023-12-29T07:28:33.125Z","2023-12-29T07:28:33.125Z"
161672862,"NKG","1703834899","s","2000","24550","4997100","2023-12-29T07:28:33.125Z","2023-12-29T07:28:33.125Z"
161672048,"NKG","1703834886","b","100","24600","4991400","2023-12-29T07:28:21.169Z","2023-12-29T07:28:21.169Z"
161671778,"NKG","1703834882","s","1000","24550","4990400","2023-12-29T07:28:16.126Z","2023-12-29T07:28:16.126Z"
161671390,"NKG","1703834875","s","3000","24550","4990400","2023-12-29T07:28:09.128Z","2023-12-29T07:28:09.128Z"
161671163,"NKG","1703834870","s","500","24550","4986900","2023-12-29T07:28:05.126Z","2023-12-29T07:28:05.126Z"
161671122,"NKG","1703834870","s","1000","24550","4985900","2023-12-29T07:28:04.106Z","2023-12-29T07:28:04.106Z"
161670994,"NKG","1703834867","s","400","24550","4985500","2023-12-29T07:28:01.174Z","2023-12-29T07:28:01.174Z"
161670986,"NKG","1703834866","b","100","24550","4983400","2023-12-29T07:28:01.174Z","2023-12-29T07:28:01.174Z"
161670985,"NKG","1703834866","b","100","24550","4983400","2023-12-29T07:28:01.174Z","2023-12-29T07:28:01.174Z"
161670984,"NKG","1703834866","b","100","24550","4983400","2023-12-29T07:28:01.174Z","2023-12-29T07:28:01.174Z"
161670983,"NKG","1703834866","b","1800","24550","4983400","2023-12-29T07:28:01.174Z","2023-12-29T07:28:01.174Z"
161670904,"NKG","1703834865","b","500","24550","4982900","2023-12-29T07:28:00.145Z","2023-12-29T07:28:00.145Z"
161670745,"NKG","1703834861","s","700","24550","4982900","2023-12-29T07:27:55.113Z","2023-12-29T07:27:55.113Z"
161670717,"NKG","1703834861","s","2500","24550","4972900","2023-12-29T07:27:54.106Z","2023-12-29T07:27:54.106Z"
161670716,"NKG","1703834861","b","1000","24550","4972900","2023-12-29T07:27:54.106Z","2023-12-29T07:27:54.106Z"
161670715,"NKG","1703834861","b","800","24550","4972900","2023-12-29T07:27:54.106Z","2023-12-29T07:27:54.106Z"
161670714,"NKG","1703834861","b","5000","24550","4972900","2023-12-29T07:27:54.106Z","2023-12-29T07:27:54.106Z"
161670251,"NKG","1703834852","b","500","24550","4922900","2023-12-29T07:27:45.111Z","2023-12-29T07:27:45.111Z"
161670250,"NKG","1703834852","b","500","24550","4922900","2023-12-29T07:27:45.111Z","2023-12-29T07:27:45.111Z"
161670249,"NKG","1703834852","b","100","24550","4922900","2023-12-29T07:27:45.111Z","2023-12-29T07:27:45.111Z"
161670248,"NKG","1703834852","b","4000","24550","4922900","2023-12-29T07:27:45.111Z","2023-12-29T07:27:45.111Z"
161670247,"NKG","1703834852","b","100","24550","4922900","2023-12-29T07:27:45.111Z","2023-12-29T07:27:45.111Z"
161670246,"NKG","1703834852","b","5000","24550","4922900","2023-12-29T07:27:45.111Z","2023-12-29T07:27:45.111Z"
161670245,"NKG","1703834852","b","400","24550","4922900","2023-12-29T07:27:45.111Z","2023-12-29T07:27:45.111Z"
161670244,"NKG","1703834852","b","20000","24550","4922900","2023-12-29T07:27:45.111Z","2023-12-29T07:27:45.111Z"
161670243,"NKG","1703834852","b","10000","24550","4922900","2023-12-29T07:27:45.111Z","2023-12-29T07:27:45.111Z"
161670242,"NKG","1703834852","b","1000","24550","4922900","2023-12-29T07:27:45.111Z","2023-12-29T07:27:45.111Z"
161670241,"NKG","1703834852","b","3400","24550","4922900","2023-12-29T07:27:45.111Z","2023-12-29T07:27:45.111Z"
161670240,"NKG","1703834852","b","1000","24550","4922900","2023-12-29T07:27:45.111Z","2023-12-29T07:27:45.111Z"
161670239,"NKG","1703834852","b","300","24550","4922900","2023-12-29T07:27:45.111Z","2023-12-29T07:27:45.111Z"
161670238,"NKG","1703834852","b","200","24550","4922900","2023-12-29T07:27:45.111Z","2023-12-29T07:27:45.111Z"
161670237,"NKG","1703834852","b","500","24550","4922900","2023-12-29T07:27:45.111Z","2023-12-29T07:27:45.111Z"
161670236,"NKG","1703834852","b","3000","24550","4922900","2023-12-29T07:27:45.111Z","2023-12-29T07:27:45.111Z"
161669905,"NKG","1703834844","b","100","24550","4922800","2023-12-29T07:27:38.122Z","2023-12-29T07:27:38.122Z"
161669750,"NKG","1703834841","b","20000","24550","4922800","2023-12-29T07:27:35.111Z","2023-12-29T07:27:35.111Z"
161669738,"NKG","1703834840","s","700","24500","4902100","2023-12-29T07:27:35.111Z","2023-12-29T07:27:35.111Z"
161669646,"NKG","1703834838","b","100","24550","4902000","2023-12-29T07:27:33.121Z","2023-12-29T07:27:33.121Z"
161669504,"NKG","1703834836","s","100","24500","4901900","2023-12-29T07:27:30.126Z","2023-12-29T07:27:30.126Z"
161669435,"NKG","1703834835","s","3000","24500","4901900","2023-12-29T07:27:29.120Z","2023-12-29T07:27:29.120Z"
161669362,"NKG","1703834833","s","4000","24500","4898900","2023-12-29T07:27:27.107Z","2023-12-29T07:27:27.107Z"
161669275,"NKG","1703834832","b","100","24550","4884800","2023-12-29T07:27:26.166Z","2023-12-29T07:27:26.166Z"
161669274,"NKG","1703834832","s","10000","24500","4884800","2023-12-29T07:27:26.166Z","2023-12-29T07:27:26.166Z"
161669082,"NKG","1703834827","s","2000","24500","4880100","2023-12-29T07:27:21.117Z","2023-12-29T07:27:21.117Z"
161669081,"NKG","1703834827","s","600","24500","4880100","2023-12-29T07:27:21.117Z","2023-12-29T07:27:21.117Z"
161669080,"NKG","1703834827","s","100","24500","4880100","2023-12-29T07:27:21.117Z","2023-12-29T07:27:21.117Z"
161669079,"NKG","1703834827","s","1000","24500","4880100","2023-12-29T07:27:21.117Z","2023-12-29T07:27:21.117Z"
161669078,"NKG","1703834827","s","100","24500","4880100","2023-12-29T07:27:21.117Z","2023-12-29T07:27:21.117Z"
161669077,"NKG","1703834827","s","900","24500","4880100","2023-12-29T07:27:21.117Z","2023-12-29T07:27:21.117Z"
161669035,"NKG","1703834825","s","1300","24500","4880100","2023-12-29T07:27:20.111Z","2023-12-29T07:27:20.111Z"
161669009,"NKG","1703834824","b","100","24550","4878800","2023-12-29T07:27:19.124Z","2023-12-29T07:27:19.124Z"
161668537,"NKG","1703834814","s","1000","24500","4878700","2023-12-29T07:27:08.113Z","2023-12-29T07:27:08.113Z"
161668168,"NKG","1703834806","s","500","24500","4877700","2023-12-29T07:27:00.150Z","2023-12-29T07:27:00.150Z"
161668120,"NKG","1703834805","s","600","24500","4877200","2023-12-29T07:26:58.112Z","2023-12-29T07:26:58.112Z"
161668119,"NKG","1703834805","s","100","24500","4877200","2023-12-29T07:26:58.112Z","2023-12-29T07:26:58.112Z"
161668118,"NKG","1703834805","s","500","24500","4877200","2023-12-29T07:26:58.112Z","2023-12-29T07:26:58.112Z"
161668117,"NKG","1703834805","s","300","24500","4877200","2023-12-29T07:26:58.112Z","2023-12-29T07:26:58.112Z"
