"id","symbol","truncTime","matchType","matchVol","matchPrice","accumulatedVolume","createdAt","updatedAt"
161681499,"QNS","1703836789","b","200","45800","805600","2023-12-29T07:59:51.123Z","2023-12-29T07:59:51.123Z"
161681358,"QNS","1703836724","s","600","45700","805400","2023-12-29T07:58:46.122Z","2023-12-29T07:58:46.122Z"
161681283,"QNS","1703836662","b","100","45800","804800","2023-12-29T07:57:43.118Z","2023-12-29T07:57:43.118Z"
161681227,"QNS","1703836608","b","100","45800","804700","2023-12-29T07:56:49.122Z","2023-12-29T07:56:49.122Z"
161681140,"QNS","1703836515","s","5900","45700","804600","2023-12-29T07:55:16.118Z","2023-12-29T07:55:16.118Z"
161681125,"QNS","1703836501","s","800","45700","798700","2023-12-29T07:55:02.116Z","2023-12-29T07:55:02.116Z"
161681066,"QNS","1703836425","s","700","45700","797900","2023-12-29T07:53:46.115Z","2023-12-29T07:53:46.115Z"
161681058,"QNS","1703836416","s","1000","45700","797200","2023-12-29T07:53:38.115Z","2023-12-29T07:53:38.115Z"
161681043,"QNS","1703836397","s","4600","45700","796200","2023-12-29T07:53:18.115Z","2023-12-29T07:53:18.115Z"
161680999,"QNS","1703836348","s","700","45700","791600","2023-12-29T07:52:30.115Z","2023-12-29T07:52:30.115Z"
161680937,"QNS","1703836292","s","5000","45700","790900","2023-12-29T07:51:34.115Z","2023-12-29T07:51:34.115Z"
161680911,"QNS","1703836272","s","800","45700","785900","2023-12-29T07:51:14.113Z","2023-12-29T07:51:14.113Z"
161680819,"QNS","1703836195","s","700","45700","785100","2023-12-29T07:49:56.114Z","2023-12-29T07:49:56.114Z"
161680817,"QNS","1703836192","s","200","45700","784400","2023-12-29T07:49:53.113Z","2023-12-29T07:49:53.113Z"
161680739,"QNS","1703836119","s","800","45700","784200","2023-12-29T07:48:40.113Z","2023-12-29T07:48:40.113Z"
161680690,"QNS","1703836077","s","2800","45700","783400","2023-12-29T07:47:59.114Z","2023-12-29T07:47:59.114Z"
161680605,"QNS","1703836000","b","100","45800","780600","2023-12-29T07:46:42.113Z","2023-12-29T07:46:42.113Z"
161680546,"QNS","1703835940","b","18300","45800","780500","2023-12-29T07:45:42.114Z","2023-12-29T07:45:42.114Z"
161680542,"QNS","1703835933","b","3000","45800","762200","2023-12-29T07:45:38.113Z","2023-12-29T07:45:38.113Z"
161679904,"QNS","1703835879","b","3000","45800","759200","2023-12-29T07:44:41.115Z","2023-12-29T07:44:41.115Z"
161679833,"QNS","1703835812","s","800","45700","756200","2023-12-29T07:43:34.112Z","2023-12-29T07:43:34.112Z"
161679818,"QNS","1703835797","s","1000","45700","755400","2023-12-29T07:43:19.113Z","2023-12-29T07:43:19.113Z"
161679817,"QNS","1703835797","b","100","45800","754400","2023-12-29T07:43:18.113Z","2023-12-29T07:43:18.113Z"
161679757,"QNS","1703835727","b","100","45800","754300","2023-12-29T07:42:09.113Z","2023-12-29T07:42:09.113Z"
161679574,"QNS","1703835482","b","600","45800","754200","2023-12-29T07:38:04.110Z","2023-12-29T07:38:04.110Z"
161679405,"QNS","1703835286","b","300","45900","753600","2023-12-29T07:34:48.112Z","2023-12-29T07:34:48.112Z"
161679329,"QNS","1703835170","b","5000","45900","753300","2023-12-29T07:32:52.108Z","2023-12-29T07:32:52.108Z"
161679326,"QNS","1703835166","b","100","45800","748300","2023-12-29T07:32:48.106Z","2023-12-29T07:32:48.106Z"
161679300,"QNS","1703835144","b","100","45800","748200","2023-12-29T07:32:26.105Z","2023-12-29T07:32:26.105Z"
161679269,"QNS","1703835115","b","1000","45800","748100","2023-12-29T07:31:57.106Z","2023-12-29T07:31:57.106Z"
161679263,"QNS","1703835112","s","3300","45800","747100","2023-12-29T07:31:54.108Z","2023-12-29T07:31:54.108Z"
161679212,"QNS","1703835057","s","500","45800","743800","2023-12-29T07:30:59.102Z","2023-12-29T07:30:59.102Z"
161679201,"QNS","1703835047","s","700","45800","743300","2023-12-29T07:30:49.102Z","2023-12-29T07:30:49.102Z"
161679178,"QNS","1703835030","s","2400","45800","742600","2023-12-29T07:30:32.103Z","2023-12-29T07:30:32.103Z"
161679150,"QNS","1703835006","s","10000","45800","740200","2023-12-29T07:30:08.100Z","2023-12-29T07:30:08.100Z"
161678019,"QNS","1703834983","s","200","45800","730200","2023-12-29T07:29:45.153Z","2023-12-29T07:29:45.153Z"
161677099,"QNS","1703834971","s","800","45800","730000","2023-12-29T07:29:33.131Z","2023-12-29T07:29:33.131Z"
161671775,"QNS","1703834894","s","700","45800","729200","2023-12-29T07:28:16.126Z","2023-12-29T07:28:16.126Z"
161671589,"QNS","1703834890","s","100","45800","728500","2023-12-29T07:28:12.115Z","2023-12-29T07:28:12.115Z"
161668783,"QNS","1703834832","unknown","20000","45800","728400","2023-12-29T07:27:14.104Z","2023-12-29T07:27:14.104Z"
161668159,"QNS","1703834818","s","800","45800","708400","2023-12-29T07:26:59.134Z","2023-12-29T07:26:59.134Z"
161666148,"QNS","1703834767","s","800","45800","707600","2023-12-29T07:26:08.113Z","2023-12-29T07:26:08.113Z"
161665938,"QNS","1703834763","s","8000","45800","706800","2023-12-29T07:26:04.116Z","2023-12-29T07:26:04.116Z"
161664292,"QNS","1703834731","b","200","45900","698800","2023-12-29T07:25:33.108Z","2023-12-29T07:25:33.108Z"
161661836,"QNS","1703834661","b","400","45900","698600","2023-12-29T07:24:22.117Z","2023-12-29T07:24:22.117Z"
161661137,"QNS","1703834644","b","1000","45900","698200","2023-12-29T07:24:06.114Z","2023-12-29T07:24:06.114Z"
161660462,"QNS","1703834630","b","10000","45900","697200","2023-12-29T07:23:52.118Z","2023-12-29T07:23:52.118Z"
161658997,"QNS","1703834589","b","300","45900","687200","2023-12-29T07:23:11.116Z","2023-12-29T07:23:11.116Z"
161656195,"QNS","1703834529","b","500","45900","686900","2023-12-29T07:22:11.123Z","2023-12-29T07:22:11.123Z"
161655988,"QNS","1703834526","b","1000","45900","686400","2023-12-29T07:22:08.151Z","2023-12-29T07:22:08.151Z"
161653750,"QNS","1703834462","b","1000","45900","685400","2023-12-29T07:21:03.097Z","2023-12-29T07:21:03.097Z"
161651312,"QNS","1703834393","b","100","45900","684400","2023-12-29T07:19:54.110Z","2023-12-29T07:19:54.110Z"
161649909,"QNS","1703834347","b","10000","45900","684300","2023-12-29T07:19:08.098Z","2023-12-29T07:19:08.098Z"
161646547,"QNS","1703834253","b","10000","45900","674300","2023-12-29T07:17:34.146Z","2023-12-29T07:17:34.146Z"
161643562,"QNS","1703834166","b","500","45900","664300","2023-12-29T07:16:07.094Z","2023-12-29T07:16:07.094Z"
161643309,"QNS","1703834159","b","30000","45900","663800","2023-12-29T07:16:00.116Z","2023-12-29T07:16:00.116Z"
161640792,"QNS","1703834083","b","20000","45900","633800","2023-12-29T07:14:44.109Z","2023-12-29T07:14:44.109Z"
161634333,"QNS","1703833864","b","2000","45900","613800","2023-12-29T07:11:06.088Z","2023-12-29T07:11:06.088Z"
161633766,"QNS","1703833840","s","700","45800","611800","2023-12-29T07:10:42.097Z","2023-12-29T07:10:42.097Z"
161633328,"QNS","1703833826","s","1500","45800","611100","2023-12-29T07:10:28.093Z","2023-12-29T07:10:28.093Z"
161633060,"QNS","1703833813","s","900","45800","609600","2023-12-29T07:10:15.083Z","2023-12-29T07:10:15.083Z"
161632484,"QNS","1703833787","s","700","45800","608700","2023-12-29T07:09:49.086Z","2023-12-29T07:09:49.086Z"
161631886,"QNS","1703833761","s","800","45800","608000","2023-12-29T07:09:23.082Z","2023-12-29T07:09:23.082Z"
161631371,"QNS","1703833737","s","4900","45800","607200","2023-12-29T07:08:59.106Z","2023-12-29T07:08:59.106Z"
161631151,"QNS","1703833728","b","10000","45800","602300","2023-12-29T07:08:50.082Z","2023-12-29T07:08:50.082Z"
161627235,"QNS","1703833606","b","600","45800","592300","2023-12-29T07:06:48.085Z","2023-12-29T07:06:48.085Z"
161627201,"QNS","1703833605","s","400","45800","591700","2023-12-29T07:06:47.116Z","2023-12-29T07:06:47.116Z"
161627182,"QNS","1703833604","s","100","45800","591300","2023-12-29T07:06:46.082Z","2023-12-29T07:06:46.082Z"
161626580,"QNS","1703833584","s","10000","45800","591200","2023-12-29T07:06:26.095Z","2023-12-29T07:06:26.095Z"
161626501,"QNS","1703833580","s","700","45800","581200","2023-12-29T07:06:22.083Z","2023-12-29T07:06:22.083Z"
161625421,"QNS","1703833554","s","800","45800","580500","2023-12-29T07:05:56.106Z","2023-12-29T07:05:56.106Z"
161625203,"QNS","1703833548","b","500","45800","579700","2023-12-29T07:05:50.110Z","2023-12-29T07:05:50.110Z"
161625075,"QNS","1703833542","b","5000","45800","579200","2023-12-29T07:05:44.084Z","2023-12-29T07:05:44.084Z"
161624493,"QNS","1703833521","b","20000","45800","574200","2023-12-29T07:05:23.110Z","2023-12-29T07:05:23.110Z"
161620262,"QNS","1703833387","b","20000","45800","554200","2023-12-29T07:03:08.079Z","2023-12-29T07:03:08.079Z"
161617881,"QNS","1703833300","b","100","45800","534200","2023-12-29T07:01:42.092Z","2023-12-29T07:01:42.092Z"
161617698,"QNS","1703833293","s","800","45700","534100","2023-12-29T07:01:35.089Z","2023-12-29T07:01:35.089Z"
161616865,"QNS","1703833267","s","700","45700","533300","2023-12-29T07:01:09.078Z","2023-12-29T07:01:09.078Z"
161616226,"QNS","1703833250","s","3000","45700","532600","2023-12-29T07:00:52.120Z","2023-12-29T07:00:52.120Z"
161615965,"QNS","1703833241","s","800","45700","529600","2023-12-29T07:00:43.081Z","2023-12-29T07:00:43.081Z"
161615129,"QNS","1703833215","s","700","45700","528800","2023-12-29T07:00:16.109Z","2023-12-29T07:00:16.109Z"
161614384,"QNS","1703833190","s","3000","45700","528100","2023-12-29T06:59:52.082Z","2023-12-29T06:59:52.082Z"
161612963,"QNS","1703833141","b","3000","45800","525100","2023-12-29T06:59:02.101Z","2023-12-29T06:59:02.101Z"
161611705,"QNS","1703833098","b","3000","45800","522100","2023-12-29T06:58:20.094Z","2023-12-29T06:58:20.094Z"
161611457,"QNS","1703833085","s","800","45700","519100","2023-12-29T06:58:06.151Z","2023-12-29T06:58:06.151Z"
161610753,"QNS","1703833059","s","700","45700","518300","2023-12-29T06:57:41.075Z","2023-12-29T06:57:41.075Z"
161610087,"QNS","1703833033","s","800","45700","517600","2023-12-29T06:57:15.080Z","2023-12-29T06:57:15.080Z"
161609423,"QNS","1703833007","s","700","45700","516800","2023-12-29T06:56:48.084Z","2023-12-29T06:56:48.084Z"
161609328,"QNS","1703833002","b","9800","45700","516100","2023-12-29T06:56:43.070Z","2023-12-29T06:56:43.070Z"
161607606,"QNS","1703832940","b","1700","45700","506300","2023-12-29T06:55:41.077Z","2023-12-29T06:55:41.077Z"
161607563,"QNS","1703832938","s","5500","45700","504600","2023-12-29T06:55:39.080Z","2023-12-29T06:55:39.080Z"
161607331,"QNS","1703832929","s","800","45700","499100","2023-12-29T06:55:30.086Z","2023-12-29T06:55:30.086Z"
161607041,"QNS","1703832916","s","10000","45700","498300","2023-12-29T06:55:17.072Z","2023-12-29T06:55:17.072Z"
161606766,"QNS","1703832903","s","700","45700","488300","2023-12-29T06:55:05.110Z","2023-12-29T06:55:05.110Z"
161606165,"QNS","1703832877","s","800","45700","487600","2023-12-29T06:54:38.075Z","2023-12-29T06:54:38.075Z"
161605651,"QNS","1703832851","s","700","45700","486800","2023-12-29T06:54:13.094Z","2023-12-29T06:54:13.094Z"
161604903,"QNS","1703832825","s","800","45700","486100","2023-12-29T06:53:47.085Z","2023-12-29T06:53:47.085Z"
161604872,"QNS","1703832822","s","3000","45700","485300","2023-12-29T06:53:44.077Z","2023-12-29T06:53:44.077Z"
161602826,"QNS","1703832730","b","400","45800","482300","2023-12-29T06:52:11.071Z","2023-12-29T06:52:11.071Z"
161602798,"QNS","1703832728","b","3000","45800","481900","2023-12-29T06:52:09.078Z","2023-12-29T06:52:09.078Z"
