"id","symbol","truncTime","matchType","matchVol","matchPrice","accumulatedVolume","createdAt","updatedAt"
161680207,"SAM","1703835899","unknown","41900","6560","245100","2023-12-29T07:45:13.215Z","2023-12-29T07:45:13.215Z"
161677489,"SAM","1703834964","b","100","6520","203200","2023-12-29T07:29:38.125Z","2023-12-29T07:29:38.125Z"
161675795,"SAM","1703834940","s","3000","6500","200100","2023-12-29T07:29:15.162Z","2023-12-29T07:29:15.162Z"
161666492,"SAM","1703834763","s","1300","6500","200100","2023-12-29T07:26:17.136Z","2023-12-29T07:26:17.136Z"
161666491,"SAM","1703834763","s","1000","6500","200100","2023-12-29T07:26:17.136Z","2023-12-29T07:26:17.136Z"
161666484,"SAM","1703834763","s","2000","6500","195800","2023-12-29T07:26:17.136Z","2023-12-29T07:26:17.136Z"
161666483,"SAM","1703834763","s","100","6500","195800","2023-12-29T07:26:17.136Z","2023-12-29T07:26:17.136Z"
161666482,"SAM","1703834763","s","200","6500","195800","2023-12-29T07:26:17.136Z","2023-12-29T07:26:17.136Z"
161666481,"SAM","1703834763","s","2000","6500","195800","2023-12-29T07:26:17.136Z","2023-12-29T07:26:17.136Z"
161666480,"SAM","1703834763","s","100","6500","195800","2023-12-29T07:26:17.136Z","2023-12-29T07:26:17.136Z"
161666479,"SAM","1703834763","s","1800","6500","195800","2023-12-29T07:26:17.136Z","2023-12-29T07:26:17.136Z"
161661586,"SAM","1703834642","s","1200","6500","191600","2023-12-29T07:24:16.125Z","2023-12-29T07:24:16.125Z"
161661585,"SAM","1703834642","s","800","6500","191600","2023-12-29T07:24:16.125Z","2023-12-29T07:24:16.125Z"
161660861,"SAM","1703834626","b","300","6510","189600","2023-12-29T07:24:00.120Z","2023-12-29T07:24:00.120Z"
161657175,"SAM","1703834541","s","200","6500","181900","2023-12-29T07:22:35.114Z","2023-12-29T07:22:35.114Z"
161657174,"SAM","1703834541","s","200","6500","181900","2023-12-29T07:22:35.114Z","2023-12-29T07:22:35.114Z"
161657173,"SAM","1703834541","s","100","6500","181900","2023-12-29T07:22:35.114Z","2023-12-29T07:22:35.114Z"
161657172,"SAM","1703834541","s","3400","6500","181900","2023-12-29T07:22:35.114Z","2023-12-29T07:22:35.114Z"
161657171,"SAM","1703834541","s","200","6500","181900","2023-12-29T07:22:35.114Z","2023-12-29T07:22:35.114Z"
161657170,"SAM","1703834541","s","400","6500","181900","2023-12-29T07:22:35.114Z","2023-12-29T07:22:35.114Z"
161657169,"SAM","1703834541","s","2900","6500","181900","2023-12-29T07:22:35.114Z","2023-12-29T07:22:35.114Z"
161651024,"SAM","1703834371","b","1400","6510","181900","2023-12-29T07:19:45.159Z","2023-12-29T07:19:45.159Z"
161648842,"SAM","1703834302","b","500","6510","180500","2023-12-29T07:18:37.097Z","2023-12-29T07:18:37.097Z"
161648194,"SAM","1703834283","b","600","6510","179000","2023-12-29T07:18:17.099Z","2023-12-29T07:18:17.099Z"
161648193,"SAM","1703834283","b","400","6510","179000","2023-12-29T07:18:17.099Z","2023-12-29T07:18:17.099Z"
161646443,"SAM","1703834238","s","100","6510","178900","2023-12-29T07:17:32.137Z","2023-12-29T07:17:32.137Z"
161639709,"SAM","1703834032","s","1500","6510","178900","2023-12-29T07:14:06.114Z","2023-12-29T07:14:06.114Z"
161637805,"SAM","1703833961","s","100","6500","177400","2023-12-29T07:12:55.085Z","2023-12-29T07:12:55.085Z"
161637343,"SAM","1703833948","b","1300","6510","176000","2023-12-29T07:12:42.096Z","2023-12-29T07:12:42.096Z"
161637077,"SAM","1703833936","b","200","6510","176000","2023-12-29T07:12:30.087Z","2023-12-29T07:12:30.087Z"
161637076,"SAM","1703833936","b","100","6510","176000","2023-12-29T07:12:30.087Z","2023-12-29T07:12:30.087Z"
161635819,"SAM","1703833908","b","200","6510","175500","2023-12-29T07:12:02.089Z","2023-12-29T07:12:02.089Z"
161635334,"SAM","1703833888","s","100","6500","175400","2023-12-29T07:11:43.086Z","2023-12-29T07:11:43.086Z"
161626507,"SAM","1703833568","s","1900","6500","155400","2023-12-29T07:06:22.083Z","2023-12-29T07:06:22.083Z"
161626506,"SAM","1703833568","s","500","6500","155400","2023-12-29T07:06:22.083Z","2023-12-29T07:06:22.083Z"
161626505,"SAM","1703833568","s","17600","6500","155400","2023-12-29T07:06:22.083Z","2023-12-29T07:06:22.083Z"
161624527,"SAM","1703833510","s","5200","6500","155400","2023-12-29T07:05:25.081Z","2023-12-29T07:05:25.081Z"
161623538,"SAM","1703833479","s","200","6500","150000","2023-12-29T07:04:53.081Z","2023-12-29T07:04:53.081Z"
161622190,"SAM","1703833440","s","2000","6500","150000","2023-12-29T07:04:14.089Z","2023-12-29T07:04:14.089Z"
161620428,"SAM","1703833383","s","3000","6500","145000","2023-12-29T07:03:16.104Z","2023-12-29T07:03:16.104Z"
161619901,"SAM","1703833362","s","2000","6500","143000","2023-12-29T07:02:56.095Z","2023-12-29T07:02:56.095Z"
161611553,"SAM","1703833078","b","600","6510","142400","2023-12-29T06:58:12.091Z","2023-12-29T06:58:12.091Z"
161609598,"SAM","1703833001","s","1500","6510","142400","2023-12-29T06:56:55.075Z","2023-12-29T06:56:55.075Z"
161609597,"SAM","1703833001","s","500","6510","142400","2023-12-29T06:56:55.075Z","2023-12-29T06:56:55.075Z"
161609596,"SAM","1703833001","s","200","6510","142400","2023-12-29T06:56:55.075Z","2023-12-29T06:56:55.075Z"
161608924,"SAM","1703832974","s","800","6510","132200","2023-12-29T06:56:28.084Z","2023-12-29T06:56:28.084Z"
161608923,"SAM","1703832974","s","400","6510","132200","2023-12-29T06:56:28.084Z","2023-12-29T06:56:28.084Z"
161608922,"SAM","1703832974","s","5000","6510","132200","2023-12-29T06:56:28.084Z","2023-12-29T06:56:28.084Z"
161608921,"SAM","1703832974","s","1800","6510","132200","2023-12-29T06:56:28.084Z","2023-12-29T06:56:28.084Z"
161601624,"SAM","1703832660","b","600","6530","132200","2023-12-29T06:51:13.084Z","2023-12-29T06:51:13.084Z"
161600751,"SAM","1703832616","b","100","6530","131500","2023-12-29T06:50:30.081Z","2023-12-29T06:50:30.081Z"
161599503,"SAM","1703832549","s","5000","6510","131500","2023-12-29T06:49:23.075Z","2023-12-29T06:49:23.075Z"
161596762,"SAM","1703832437","s","1400","6510","126500","2023-12-29T06:47:30.128Z","2023-12-29T06:47:30.128Z"
161596451,"SAM","1703832431","s","400","6510","124500","2023-12-29T06:47:25.066Z","2023-12-29T06:47:25.066Z"
161596450,"SAM","1703832431","s","200","6510","124500","2023-12-29T06:47:25.066Z","2023-12-29T06:47:25.066Z"
161596284,"SAM","1703832421","s","4800","6510","124500","2023-12-29T06:47:15.068Z","2023-12-29T06:47:15.068Z"
161596283,"SAM","1703832421","s","200","6510","124500","2023-12-29T06:47:15.068Z","2023-12-29T06:47:15.068Z"
161594710,"SAM","1703832338","s","400","6510","119500","2023-12-29T06:45:52.119Z","2023-12-29T06:45:52.119Z"
161594709,"SAM","1703832338","s","100","6510","119500","2023-12-29T06:45:52.119Z","2023-12-29T06:45:52.119Z"
161593883,"SAM","1703832293","s","500","6510","119000","2023-12-29T06:45:07.066Z","2023-12-29T06:45:07.066Z"
161588734,"SAM","1703832064","s","700","6510","117800","2023-12-29T06:41:18.069Z","2023-12-29T06:41:18.069Z"
161587580,"SAM","1703832015","s","100","6510","117700","2023-12-29T06:40:29.059Z","2023-12-29T06:40:29.059Z"
161586335,"SAM","1703831949","s","2000","6510","115700","2023-12-29T06:39:23.073Z","2023-12-29T06:39:23.073Z"
161586174,"SAM","1703831939","s","100","6510","115600","2023-12-29T06:39:13.066Z","2023-12-29T06:39:13.066Z"
161584610,"SAM","1703831873","s","100","6510","115500","2023-12-29T06:38:08.065Z","2023-12-29T06:38:08.065Z"
161583850,"SAM","1703831843","s","1000","6510","114500","2023-12-29T06:37:36.065Z","2023-12-29T06:37:36.065Z"
161579273,"SAM","1703831600","s","3000","6510","111500","2023-12-29T06:33:34.060Z","2023-12-29T06:33:34.060Z"
161570134,"SAM","1703831282","s","500","6510","111000","2023-12-29T06:28:16.062Z","2023-12-29T06:28:16.062Z"
161564038,"SAM","1703831052","s","1900","6510","111000","2023-12-29T06:24:26.048Z","2023-12-29T06:24:26.048Z"
161564037,"SAM","1703831052","s","3000","6510","111000","2023-12-29T06:24:26.048Z","2023-12-29T06:24:26.048Z"
161564036,"SAM","1703831052","s","100","6510","111000","2023-12-29T06:24:26.048Z","2023-12-29T06:24:26.048Z"
161559663,"SAM","1703830922","s","100","6520","105900","2023-12-29T06:22:16.059Z","2023-12-29T06:22:16.059Z"
161554914,"SAM","1703830788","s","500","6520","105900","2023-12-29T06:20:02.087Z","2023-12-29T06:20:02.087Z"
161554913,"SAM","1703830788","s","200","6520","105900","2023-12-29T06:20:02.087Z","2023-12-29T06:20:02.087Z"
161554912,"SAM","1703830788","s","300","6520","105900","2023-12-29T06:20:02.087Z","2023-12-29T06:20:02.087Z"
161551498,"SAM","1703830653","s","100","6520","104900","2023-12-29T06:17:48.046Z","2023-12-29T06:17:48.046Z"
161550355,"SAM","1703830609","s","500","6520","104800","2023-12-29T06:17:03.039Z","2023-12-29T06:17:03.039Z"
161550005,"SAM","1703830595","s","100","6520","104300","2023-12-29T06:16:50.038Z","2023-12-29T06:16:50.038Z"
161550004,"SAM","1703830595","s","400","6520","104300","2023-12-29T06:16:50.038Z","2023-12-29T06:16:50.038Z"
161545101,"SAM","1703830410","s","600","6520","101800","2023-12-29T06:13:45.038Z","2023-12-29T06:13:45.038Z"
161545100,"SAM","1703830410","s","1400","6520","101800","2023-12-29T06:13:45.038Z","2023-12-29T06:13:45.038Z"
161545074,"SAM","1703830408","s","2000","6520","99800","2023-12-29T06:13:43.035Z","2023-12-29T06:13:43.035Z"
161544678,"SAM","1703830391","s","1600","6520","96800","2023-12-29T06:13:26.037Z","2023-12-29T06:13:26.037Z"
161544677,"SAM","1703830391","s","1400","6520","96800","2023-12-29T06:13:26.037Z","2023-12-29T06:13:26.037Z"
161541248,"SAM","1703830243","s","2600","6520","93400","2023-12-29T06:10:57.037Z","2023-12-29T06:10:57.037Z"
161541247,"SAM","1703830243","s","100","6520","93400","2023-12-29T06:10:57.037Z","2023-12-29T06:10:57.037Z"
161541246,"SAM","1703830243","s","200","6520","93400","2023-12-29T06:10:57.037Z","2023-12-29T06:10:57.037Z"
161541245,"SAM","1703830243","s","500","6520","93400","2023-12-29T06:10:57.037Z","2023-12-29T06:10:57.037Z"
161538869,"SAM","1703830121","s","1100","6530","92300","2023-12-29T06:08:55.028Z","2023-12-29T06:08:55.028Z"
161537771,"SAM","1703830069","s","100","6530","92300","2023-12-29T06:08:03.028Z","2023-12-29T06:08:03.028Z"
161537770,"SAM","1703830069","s","900","6530","92300","2023-12-29T06:08:03.028Z","2023-12-29T06:08:03.028Z"
161537375,"SAM","1703830052","s","200","6530","91100","2023-12-29T06:07:46.048Z","2023-12-29T06:07:46.048Z"
161536361,"SAM","1703830006","s","3100","6530","91100","2023-12-29T06:07:00.034Z","2023-12-29T06:07:00.034Z"
161536227,"SAM","1703830002","s","500","6530","87500","2023-12-29T06:06:56.041Z","2023-12-29T06:06:56.041Z"
161535808,"SAM","1703829982","s","2900","6530","87500","2023-12-29T06:06:36.043Z","2023-12-29T06:06:36.043Z"
161535807,"SAM","1703829982","s","600","6530","87500","2023-12-29T06:06:36.043Z","2023-12-29T06:06:36.043Z"
161534029,"SAM","1703829896","b","500","6540","84000","2023-12-29T06:05:10.040Z","2023-12-29T06:05:10.040Z"
161531884,"SAM","1703829788","b","500","6540","83500","2023-12-29T06:03:22.036Z","2023-12-29T06:03:22.036Z"
161529949,"SAM","1703829683","s","1500","6540","81500","2023-12-29T06:01:37.036Z","2023-12-29T06:01:37.036Z"
161529165,"SAM","1703829641","s","300","6540","81000","2023-12-29T06:00:55.019Z","2023-12-29T06:00:55.019Z"
