"symbol","time","price","change","vol","total","side"
"BSR","15:00:00",18.5,-0.1,500,4156500,
"BSR","14:59:43",18.4,-0.2,1500,4156000,
"BSR","14:59:33",18.5,-0.1,100,4154500,
"BSR","14:59:19",18.5,-0.1,2000,4154400,
"BSR","14:59:15",18.5,-0.1,9000,4152400,
"BSR","14:59:12",18.4,-0.2,500,4143400,
"BSR","14:59:07",18.5,-0.1,10000,4142900,
"BSR","14:59:02",18.5,-0.1,100,4132900,
"BSR","14:58:57",18.5,-0.1,1000,4132800,
"BSR","14:58:50",18.5,-0.1,100,4131800,
"BSR","14:58:23",18.5,-0.1,1000,4131700,
"BSR","14:57:50",18.4,-0.2,8000,4130700,
"BSR","14:57:47",18.5,-0.1,100,4122700,
"BSR","14:57:17",18.5,-0.1,300,4122600,
"BSR","14:57:02",18.5,-0.1,1000,4122300,
"BSR","14:55:58",18.4,-0.2,7300,4121300,
"BSR","14:55:38",18.4,-0.2,3000,4114000,
"BSR","14:55:15",18.4,-0.2,2500,4111000,
"BSR","14:54:54",18.4,-0.2,4300,4108500,
"BSR","14:54:21",18.5,-0.1,200,4104200,
"BSR","14:54:19",18.5,-0.1,200,4104000,
"BSR","14:54:15",18.5,-0.1,1000,4103800,
"BSR","14:54:02",18.5,-0.1,300,4102800,
"BSR","14:52:45",18.5,-0.1,100,4102500,
"BSR","14:52:43",18.5,-0.1,100,4102400,
"BSR","14:52:22",18.5,-0.1,3000,4102300,
"BSR","14:52:08",18.5,-0.1,100,4099300,
"BSR","14:52:07",18.5,-0.1,200,4099200,
"BSR","14:52:06",18.5,-0.1,100,4099000,
"BSR","14:51:57",18.5,-0.1,203200,4098900,
"BSR","14:51:54",18.5,-0.1,100,3895700,
"BSR","14:51:53",18.5,-0.1,90000,3895600,
"BSR","14:51:24",18.5,-0.1,100,3805600,
"BSR","14:51:02",18.5,-0.1,3000,3805500,
"BSR","14:50:35",18.6,0,3500,3802500,
"BSR","14:50:12",18.6,0,100,3799000,
"BSR","14:50:03",18.6,0,600,3798900,
"BSR","14:49:35",18.6,0,100,3798300,
"BSR","14:49:33",18.6,0,200,3798200,
"BSR","14:49:20",18.6,0,1700,3798000,
"BSR","14:49:10",18.5,-0.1,100,3796300,
"BSR","14:48:53",18.5,-0.1,2500,3796200,
"BSR","14:48:23",18.5,-0.1,1000,3793700,
"BSR","14:48:20",18.5,-0.1,200,3792700,
"BSR","14:48:04",18.5,-0.1,300,3792500,
"BSR","14:48:03",18.5,-0.1,10000,3792200,
"BSR","14:47:55",18.6,0,1000,3782200,
"BSR","14:47:46",18.5,-0.1,1000,3781200,
"BSR","14:47:40",18.5,-0.1,500,3780200,
"BSR","14:47:27",18.5,-0.1,10000,3779700,
"BSR","14:47:26",18.5,-0.1,1000,3769700,
"BSR","14:47:05",18.5,-0.1,2000,3768700,
"BSR","14:46:48",18.5,-0.1,100,3766700,
"BSR","14:46:46",18.5,-0.1,1000,3766600,
"BSR","14:46:00",18.5,-0.1,1500,3765600,
"BSR","14:45:56",18.6,0,100,3764100,
"BSR","14:45:41",18.5,-0.1,200,3764000,
"BSR","14:45:25",18.6,0,1100,3763800,
"BSR","14:44:34",18.5,-0.1,100,3762700,
"BSR","14:44:17",18.5,-0.1,100,3762600,
"BSR","14:43:58",18.6,0,300,3762500,
"BSR","14:43:48",18.5,-0.1,3000,3762200,
"BSR","14:43:43",18.5,-0.1,10000,3759200,
"BSR","14:43:39",18.5,-0.1,3000,3749200,
"BSR","14:43:35",18.5,-0.1,1000,3746200,
"BSR","14:43:19",18.5,-0.1,2000,3745200,
"BSR","14:43:16",18.5,-0.1,1000,3743200,
"BSR","14:42:09",18.5,-0.1,500,3742200,
"BSR","14:42:05",18.5,-0.1,2000,3741700,
"BSR","14:41:56",18.5,-0.1,300,3739700,
"BSR","14:41:36",18.5,-0.1,3500,3739400,
"BSR","14:41:09",18.5,-0.1,1000,3735900,
"BSR","14:40:52",18.5,-0.1,181700,3734900,
"BSR","14:40:48",18.4,-0.2,600,3553200,
"BSR","14:40:27",18.4,-0.2,1800,3552600,
"BSR","14:40:18",18.4,-0.2,200,3550800,
"BSR","14:40:16",18.4,-0.2,1200,3550600,
"BSR","14:39:57",18.4,-0.2,500,3549400,
"BSR","14:39:48",18.4,-0.2,1000,3548900,
"BSR","14:39:29",18.4,-0.2,1000,3547900,
"BSR","14:39:17",18.4,-0.2,15800,3546900,
"BSR","14:37:43",18.4,-0.2,2000,3531100,
"BSR","14:37:32",18.4,-0.2,300,3529100,
"BSR","14:37:19",18.5,-0.1,200,3528800,
"BSR","14:36:32",18.5,-0.1,1000,3528600,
"BSR","14:36:04",18.4,-0.2,200,3527600,
"BSR","14:35:32",18.4,-0.2,3000,3527400,
"BSR","14:35:29",18.4,-0.2,1000,3524400,
"BSR","14:35:20",18.4,-0.2,100,3523400,
"BSR","14:35:09",18.4,-0.2,100,3523300,
"BSR","14:34:55",18.4,-0.2,1400,3523200,
"BSR","14:34:50",18.4,-0.2,500,3521800,
"BSR","14:34:43",18.4,-0.2,700,3521300,
"BSR","14:33:51",18.4,-0.2,500,3520600,
"BSR","14:33:21",18.4,-0.2,1000,3520100,
"BSR","14:33:20",18.4,-0.2,600,3519100,
"BSR","14:33:03",18.4,-0.2,5000,3518500,
"BSR","14:32:49",18.4,-0.2,500,3513500,
"BSR","14:32:43",18.4,-0.2,500,3513000,
"BSR","14:32:39",18.4,-0.2,100,3512500,
"BSR","14:32:38",18.4,-0.2,3000,3512400,
"BSR","14:32:30",18.4,-0.2,1600,3509400,
"BSR","14:32:16",18.5,-0.1,100,3507800,
"BSR","14:32:03",18.4,-0.2,2000,3507700,
"BSR","14:32:02",18.5,-0.1,6000,3505700,
"BSR","14:31:56",18.5,-0.1,50000,3499700,
"BSR","14:31:54",18.4,-0.2,700,3449700,
"BSR","14:30:59",18.5,-0.1,2000,3449000,
"BSR","14:30:44",18.5,-0.1,3500,3447000,
"BSR","14:30:01",18.5,-0.1,15000,3443500,
"BSR","14:29:48",18.4,-0.2,200,3428500,
"BSR","14:29:46",18.4,-0.2,5000,3428300,
"BSR","14:29:43",18.4,-0.2,2000,3423300,
"BSR","14:29:25",18.4,-0.2,300,3421300,
"BSR","14:29:23",18.4,-0.2,1400,3421000,
"BSR","14:29:22",18.4,-0.2,400,3419600,
"BSR","14:29:04",18.5,-0.1,10000,3419200,
"BSR","14:29:00",18.4,-0.2,5500,3409200,
"BSR","14:28:31",18.4,-0.2,2000,3403700,
"BSR","14:28:23",18.4,-0.2,500,3401700,
"BSR","14:28:21",18.5,-0.1,400,3401200,
"BSR","14:28:09",18.5,-0.1,300,3400800,
"BSR","14:27:41",18.5,-0.1,1000,3400500,
"BSR","14:27:39",18.5,-0.1,500,3399500,
"BSR","14:27:35",18.5,-0.1,1000,3399000,
"BSR","14:27:23",18.5,-0.1,500,3398000,
"BSR","14:27:02",18.5,-0.1,100,3397500,
"BSR","14:27:01",18.5,-0.1,100,3397400,
"BSR","14:26:54",18.5,-0.1,500,3397300,
"BSR","14:26:43",18.5,-0.1,100,3396800,
"BSR","14:26:42",18.5,-0.1,100,3396700,
"BSR","14:26:25",18.5,-0.1,1000,3396600,
"BSR","14:26:12",18.4,-0.2,100,3395600,
"BSR","14:26:06",18.5,-0.1,1000,3395500,
"BSR","14:26:03",18.5,-0.1,500,3394500,
"BSR","14:26:00",18.5,-0.1,10000,3394000,
"BSR","14:25:55",18.5,-0.1,2600,3384000,
"BSR","14:25:37",18.5,-0.1,5000,3381400,
"BSR","14:25:36",18.4,-0.2,100,3376400,
"BSR","14:25:32",18.5,-0.1,1000,3376300,
"BSR","14:25:28",18.5,-0.1,200,3375300,
"BSR","14:25:26",18.5,-0.1,5000,3375100,
"BSR","14:25:13",18.5,-0.1,25000,3370100,
"BSR","14:25:02",18.6,0,35100,3345100,
"BSR","14:24:54",18.5,-0.1,100,3310000,
"BSR","14:24:53",18.5,-0.1,5000,3309900,
"BSR","14:24:32",18.5,-0.1,500,3304900,
"BSR","14:24:21",18.5,-0.1,300,3304400,
"BSR","14:24:20",18.5,-0.1,10000,3304100,
"BSR","14:24:11",18.5,-0.1,15000,3294100,
"BSR","14:23:58",18.5,-0.1,1500,3279100,
"BSR","14:23:19",18.5,-0.1,500,3277600,
"BSR","14:23:11",18.5,-0.1,3000,3277100,
"BSR","14:22:38",18.5,-0.1,200,3274100,
"BSR","14:22:26",18.5,-0.1,1600,3273900,
"BSR","14:21:44",18.5,-0.1,2000,3272300,
"BSR","14:21:11",18.5,-0.1,10000,3270300,
"BSR","14:20:53",18.5,-0.1,10000,3260300,
"BSR","14:20:19",18.5,-0.1,100,3250300,
"BSR","14:19:40",18.5,-0.1,4000,3250200,
"BSR","14:19:37",18.5,-0.1,700,3246200,
"BSR","14:19:36",18.4,-0.2,100,3245500,
"BSR","14:19:24",18.5,-0.1,13800,3245400,
"BSR","14:19:22",18.5,-0.1,2000,3231600,
"BSR","14:19:15",18.5,-0.1,500,3229600,
"BSR","14:19:01",18.5,-0.1,11000,3229100,
"BSR","14:18:42",18.5,-0.1,600,3218100,
"BSR","14:18:35",18.6,0,500,3217500,
"BSR","14:18:30",18.5,-0.1,1000,3217000,
"BSR","14:18:29",18.5,-0.1,1600,3216000,
"BSR","14:18:23",18.5,-0.1,500,3214400,
"BSR","14:18:14",18.5,-0.1,500,3213900,
"BSR","14:17:39",18.5,-0.1,14700,3213400,
"BSR","14:17:38",18.4,-0.2,7300,3198700,
"BSR","14:17:34",18.5,-0.1,500,3191400,
"BSR","14:17:22",18.4,-0.2,500,3190900,
"BSR","14:17:16",18.5,-0.1,5000,3190400,
"BSR","14:17:14",18.5,-0.1,1000,3185400,
"BSR","14:17:11",18.5,-0.1,2000,3184400,
"BSR","14:17:00",18.5,-0.1,2500,3182400,
"BSR","14:16:43",18.5,-0.1,12900,3179900,
"BSR","14:16:36",18.5,-0.1,3800,3167000,
"BSR","14:16:28",18.5,-0.1,2000,3163200,
"BSR","14:16:22",18.5,-0.1,1000,3161200,
"BSR","14:16:18",18.5,-0.1,300,3160200,
"BSR","14:15:54",18.5,-0.1,2300,3159900,
"BSR","14:15:43",18.5,-0.1,90700,3157600,
"BSR","14:15:23",18.5,-0.1,100,3066900,
"BSR","14:15:07",18.5,-0.1,300,3066800,
"BSR","14:15:03",18.4,-0.2,100,3066500,
"BSR","14:14:52",18.5,-0.1,10000,3066400,
"BSR","14:14:51",18.5,-0.1,100,3056400,
"BSR","14:14:39",18.5,-0.1,500,3056300,
"BSR","14:14:33",18.5,-0.1,1100,3055800,
"BSR","14:14:26",18.5,-0.1,100,3054700,
"BSR","14:14:23",18.5,-0.1,6000,3054600,
"BSR","14:14:05",18.5,-0.1,100,3048600,
"BSR","14:14:03",18.5,-0.1,100,3048500,
"BSR","14:13:52",18.5,-0.1,700,3048400,
"BSR","14:13:44",18.5,-0.1,100,3047700,
"BSR","14:13:38",18.5,-0.1,500,3047600,
"BSR","14:13:34",18.5,-0.1,1000,3047100,
"BSR","14:13:29",18.5,-0.1,2000,3046100,
"BSR","14:13:27",18.5,-0.1,500,3044100,
"BSR","14:13:07",18.5,-0.1,500,3043600,
"BSR","14:12:59",18.5,-0.1,10000,3043100,
"BSR","14:12:52",18.5,-0.1,1000,3033100,
"BSR","14:12:44",18.5,-0.1,2000,3032100,
"BSR","14:12:35",18.5,-0.1,300,3030100,
"BSR","14:12:07",18.5,-0.1,227900,3029800,
"BSR","14:12:05",18.5,-0.1,1000,2801900,
"BSR","14:11:57",18.5,-0.1,2000,2800900,
"BSR","14:11:13",18.5,-0.1,500,2798900,
"BSR","14:10:49",18.5,-0.1,500,2798400,
"BSR","14:10:46",18.6,0,1000,2797900,
"BSR","14:10:25",18.6,0,2900,2796900,
"BSR","14:10:00",18.6,0,100,2794000,
"BSR","14:09:53",18.6,0,300,2793900,
"BSR","14:09:25",18.6,0,3000,2793600,
"BSR","14:09:02",18.6,0,200,2790600,
"BSR","14:08:51",18.6,0,2000,2790400,
"BSR","14:08:01",18.6,0,600,2788400,
"BSR","14:07:57",18.6,0,500,2787800,
"BSR","14:07:54",18.6,0,100,2787300,
"BSR","14:07:47",18.6,0,500,2787200,
"BSR","14:07:13",18.6,0,100,2786700,
"BSR","14:06:54",18.6,0,1000,2786600,
"BSR","14:06:53",18.5,-0.1,100,2785600,
"BSR","14:06:47",18.5,-0.1,100,2785500,
"BSR","14:05:46",18.5,-0.1,100,2785400,
"BSR","14:05:37",18.5,-0.1,400,2785300,
"BSR","14:04:41",18.5,-0.1,244100,2784900,
"BSR","14:04:39",18.5,-0.1,100,2540800,
"BSR","14:04:38",18.5,-0.1,200,2540700,
"BSR","14:04:31",18.5,-0.1,300,2540500,
"BSR","14:04:29",18.5,-0.1,100,2540200,
"BSR","14:04:25",18.5,-0.1,1000,2540100,
"BSR","14:04:20",18.4,-0.2,3000,2539100,
"BSR","14:04:11",18.5,-0.1,2500,2536100,
"BSR","14:04:09",18.5,-0.1,100,2533600,
"BSR","14:04:08",18.5,-0.1,2000,2533500,
"BSR","14:04:06",18.4,-0.2,1000,2531500,
"BSR","14:04:04",18.5,-0.1,400,2530500,
"BSR","14:03:59",18.5,-0.1,1000,2530100,
"BSR","14:03:54",18.5,-0.1,500,2529100,
"BSR","14:03:50",18.5,-0.1,500,2528600,
"BSR","14:03:48",18.5,-0.1,500,2528100,
"BSR","14:03:35",18.5,-0.1,500,2527600,
"BSR","14:03:33",18.5,-0.1,10000,2527100,
"BSR","14:03:30",18.5,-0.1,100,2517100,
"BSR","14:03:29",18.5,-0.1,3200,2517000,
"BSR","14:03:20",18.5,-0.1,500,2513800,
"BSR","14:03:18",18.5,-0.1,100,2513300,
"BSR","14:03:14",18.5,-0.1,1000,2513200,
"BSR","14:02:59",18.5,-0.1,100,2512200,
"BSR","14:02:37",18.4,-0.2,3000,2512100,
"BSR","14:01:56",18.4,-0.2,3000,2509100,
"BSR","14:01:50",18.5,-0.1,100,2506100,
"BSR","14:01:47",18.5,-0.1,300,2506000,
"BSR","14:01:45",18.5,-0.1,100,2505700,
"BSR","14:01:38",18.5,-0.1,2000,2505600,
"BSR","14:00:40",18.4,-0.2,600,2503600,
"BSR","14:00:15",18.4,-0.2,2000,2503000,
"BSR","14:00:02",18.5,-0.1,700,2501000,
"BSR","13:59:24",18.5,-0.1,1000,2500300,
"BSR","13:59:16",18.4,-0.2,500,2499300,
"BSR","13:58:59",18.4,-0.2,100,2498800,
"BSR","13:58:56",18.4,-0.2,100,2498700,
"BSR","13:58:18",18.4,-0.2,2000,2498600,
"BSR","13:58:15",18.4,-0.2,900,2496600,
"BSR","13:57:47",18.4,-0.2,100,2495700,
"BSR","13:57:44",18.5,-0.1,200,2495600,
"BSR","13:57:34",18.5,-0.1,1100,2495400,
"BSR","13:56:57",18.5,-0.1,500,2494300,
"BSR","13:56:44",18.5,-0.1,1000,2493800,
"BSR","13:56:10",18.5,-0.1,300,2492800,
"BSR","13:56:07",18.5,-0.1,100,2492500,
"BSR","13:55:40",18.5,-0.1,1000,2492400,
"BSR","13:55:18",18.5,-0.1,100,2491400,
"BSR","13:54:27",18.5,-0.1,100,2491300,
"BSR","13:54:20",18.5,-0.1,100,2491200,
"BSR","13:54:19",18.5,-0.1,100,2491100,
"BSR","13:53:47",18.5,-0.1,100,2491000,
"BSR","13:53:26",18.5,-0.1,900,2490900,
"BSR","13:53:06",18.5,-0.1,300,2490000,
"BSR","13:52:29",18.5,-0.1,500,2489700,
"BSR","13:51:41",18.4,-0.2,1200,2489200,
"BSR","13:51:34",18.5,-0.1,100,2488000,
"BSR","13:50:34",18.5,-0.1,1200,2487900,
"BSR","13:50:27",18.5,-0.1,100,2486700,
"BSR","13:50:08",18.5,-0.1,600,2486600,
"BSR","13:50:07",18.5,-0.1,300,2486000,
"BSR","13:50:06",18.5,-0.1,500,2485700,
"BSR","13:49:55",18.5,-0.1,300,2485200,
"BSR","13:49:54",18.5,-0.1,600,2484900,
"BSR","13:49:49",18.5,-0.1,3200,2484300,
"BSR","13:49:47",18.5,-0.1,500,2481100,
"BSR","13:49:42",18.5,-0.1,500,2480600,
"BSR","13:49:28",18.5,-0.1,500,2480100,
"BSR","13:49:17",18.5,-0.1,700,2479600,
"BSR","13:48:33",18.5,-0.1,300,2478900,
"BSR","13:48:27",18.5,-0.1,400,2478600,
"BSR","13:48:19",18.5,-0.1,2000,2478200,
"BSR","13:47:56",18.4,-0.2,10700,2476200,
"BSR","13:47:45",18.5,-0.1,300,2465500,
"BSR","13:47:41",18.5,-0.1,18400,2465200,
"BSR","13:47:36",18.5,-0.1,300,2446800,
"BSR","13:47:35",18.5,-0.1,400,2446500,
"BSR","13:47:34",18.5,-0.1,5000,2446100,
"BSR","13:47:31",18.5,-0.1,200,2441100,
"BSR","13:47:28",18.5,-0.1,100,2440900,
"BSR","13:47:27",18.5,-0.1,300,2440800,
"BSR","13:47:07",18.5,-0.1,1000,2440500,
"BSR","13:46:46",18.5,-0.1,200,2439500,
"BSR","13:46:35",18.5,-0.1,5000,2439300,
"BSR","13:46:23",18.5,-0.1,200,2434300,
"BSR","13:46:11",18.5,-0.1,10000,2434100,
"BSR","13:46:02",18.5,-0.1,500,2424100,
"BSR","13:45:59",18.5,-0.1,5000,2423600,
"BSR","13:45:46",18.5,-0.1,1000,2418600,
"BSR","13:45:40",18.4,-0.2,100,2417600,
"BSR","13:45:21",18.5,-0.1,100,2417500,
"BSR","13:45:07",18.5,-0.1,200,2417400,
"BSR","13:45:06",18.5,-0.1,1000,2417200,
"BSR","13:45:04",18.5,-0.1,500,2416200,
"BSR","13:44:56",18.5,-0.1,1700,2415700,
"BSR","13:44:55",18.5,-0.1,100,2414000,
"BSR","13:44:39",18.5,-0.1,200,2413900,
"BSR","13:44:14",18.5,-0.1,50200,2413700,
"BSR","13:43:59",18.5,-0.1,100,2363500,
"BSR","13:43:49",18.5,-0.1,1000,2363400,
"BSR","13:43:42",18.5,-0.1,100,2362400,
"BSR","13:43:08",18.5,-0.1,100,2362300,
"BSR","13:43:07",18.5,-0.1,500,2362200,
"BSR","13:42:56",18.5,-0.1,100,2361700,
"BSR","13:42:54",18.5,-0.1,400,2361600,
"BSR","13:42:51",18.5,-0.1,100,2361200,
"BSR","13:42:47",18.5,-0.1,100,2361100,
"BSR","13:42:41",18.5,-0.1,100,2361000,
"BSR","13:42:40",18.5,-0.1,100,2360900,
"BSR","13:42:10",18.5,-0.1,400,2360800,
"BSR","13:42:06",18.5,-0.1,100,2360400,
"BSR","13:42:05",18.5,-0.1,300,2360300,
"BSR","13:41:49",18.5,-0.1,1000,2360000,
"BSR","13:41:35",18.5,-0.1,1000,2359000,
"BSR","13:41:22",18.4,-0.2,300,2358000,
"BSR","13:41:10",18.5,-0.1,100,2357700,
"BSR","13:41:02",18.5,-0.1,2000,2357600,
"BSR","13:40:57",18.5,-0.1,100,2355600,
"BSR","13:40:55",18.5,-0.1,1500,2355500,
"BSR","13:40:54",18.5,-0.1,1000,2354000,
"BSR","13:40:45",18.5,-0.1,1000,2353000,
"BSR","13:40:30",18.5,-0.1,200,2352000,
"BSR","13:40:15",18.5,-0.1,2000,2351800,
"BSR","13:40:10",18.5,-0.1,1000,2349800,
"BSR","13:40:02",18.5,-0.1,600,2348800,
"BSR","13:39:51",18.5,-0.1,100,2348200,
"BSR","13:39:49",18.5,-0.1,100,2348100,
"BSR","13:39:47",18.5,-0.1,100,2348000,
"BSR","13:39:46",18.5,-0.1,1500,2347900,
"BSR","13:39:39",18.5,-0.1,10000,2346400,
"BSR","13:39:20",18.5,-0.1,100,2336400,
"BSR","13:39:14",18.5,-0.1,900,2336300,
"BSR","13:39:11",18.5,-0.1,2000,2335400,
"BSR","13:38:59",18.5,-0.1,100,2333400,
"BSR","13:38:44",18.5,-0.1,100,2333300,
"BSR","13:38:42",18.5,-0.1,100,2333200,
"BSR","13:38:14",18.5,-0.1,500,2333100,
"BSR","13:38:04",18.5,-0.1,10000,2332600,
"BSR","13:37:53",18.5,-0.1,3000,2322600,
"BSR","13:37:50",18.5,-0.1,100,2319600,
"BSR","13:37:48",18.5,-0.1,400,2319500,
"BSR","13:37:27",18.5,-0.1,1000,2319100,
"BSR","13:37:12",18.5,-0.1,100,2318100,
"BSR","13:37:11",18.5,-0.1,100,2318000,
"BSR","13:37:04",18.5,-0.1,600,2317900,
"BSR","13:36:59",18.5,-0.1,300,2317300,
"BSR","13:36:49",18.5,-0.1,500,2317000,
"BSR","13:36:45",18.5,-0.1,100,2316500,
"BSR","13:36:41",18.5,-0.1,100,2316400,
"BSR","13:36:31",18.5,-0.1,100,2316300,
"BSR","13:36:30",18.5,-0.1,100,2316200,
"BSR","13:36:25",18.5,-0.1,200,2316100,
"BSR","13:36:24",18.5,-0.1,13300,2315900,
"BSR","13:36:12",18.5,-0.1,18700,2302600,
"BSR","13:36:05",18.6,0,200,2283900,
"BSR","13:36:01",18.5,-0.1,500,2283700,
"BSR","13:35:45",18.5,-0.1,1000,2283200,
"BSR","13:35:37",18.5,-0.1,200,2282200,
"BSR","13:35:35",18.5,-0.1,2000,2282000,
"BSR","13:35:29",18.5,-0.1,100,2280000,
"BSR","13:35:28",18.5,-0.1,7000,2279900,
"BSR","13:35:25",18.5,-0.1,500,2272900,
"BSR","13:35:24",18.5,-0.1,2000,2272400,
"BSR","13:35:20",18.5,-0.1,100000,2270400,
"BSR","13:35:01",18.5,-0.1,73100,2170400,
"BSR","13:35:00",18.5,-0.1,500,2097300,
"BSR","13:34:58",18.5,-0.1,1000,2096800,
"BSR","13:34:57",18.6,0,300,2095800,
"BSR","13:34:56",18.5,-0.1,5000,2095500,
"BSR","13:34:32",18.5,-0.1,1000,2090500,
"BSR","13:34:16",18.5,-0.1,1200,2089500,
"BSR","13:34:01",18.5,-0.1,500,2088300,
"BSR","13:32:47",18.6,0,2000,2087800,
"BSR","13:32:42",18.5,-0.1,10000,2085800,
"BSR","13:32:40",18.6,0,500,2075800,
"BSR","13:30:17",18.6,0,1000,2075300,
"BSR","13:29:35",18.6,0,400,2074300,
"BSR","13:29:15",18.6,0,100,2073900,
"BSR","13:28:53",18.6,0,300,2073800,
"BSR","13:28:24",18.5,-0.1,100,2073500,
"BSR","13:28:21",18.6,0,100,2073400,
"BSR","13:27:58",18.6,0,600,2073300,
"BSR","13:27:51",18.5,-0.1,1000,2072700,
"BSR","13:26:21",18.5,-0.1,100,2071700,
"BSR","13:26:16",18.5,-0.1,900,2071600,
"BSR","13:26:15",18.5,-0.1,5000,2070700,
"BSR","13:26:14",18.5,-0.1,100,2065700,
"BSR","13:26:13",18.5,-0.1,700,2065600,
"BSR","13:26:12",18.5,-0.1,55100,2064900,
"BSR","13:26:11",18.5,-0.1,1300,2009800,
"BSR","13:26:07",18.5,-0.1,10000,2008500,
"BSR","13:26:03",18.5,-0.1,3000,1998500,
"BSR","13:25:58",18.5,-0.1,100,1995500,
"BSR","13:25:56",18.5,-0.1,100,1995400,
"BSR","13:25:54",18.5,-0.1,1300,1995200,
"BSR","13:25:46",18.5,-0.1,500,1993900,
"BSR","13:25:45",18.4,-0.2,5900,1993400,
"BSR","13:25:43",18.5,-0.1,8100,1987500,
"BSR","13:25:40",18.5,-0.1,1000,1979400,
"BSR","13:25:39",18.5,-0.1,500,1978400,
"BSR","13:25:36",18.5,-0.1,2000,1977900,
"BSR","13:25:35",18.5,-0.1,1400,1975900,
"BSR","13:25:34",18.5,-0.1,500,1974500,
"BSR","13:25:33",18.5,-0.1,5000,1974000,
"BSR","13:25:30",18.5,-0.1,9500,1969000,
"BSR","13:25:28",18.5,-0.1,2000,1959500,
"BSR","13:25:27",18.5,-0.1,10100,1957500,
"BSR","13:25:26",18.5,-0.1,100,1947400,
"BSR","13:25:24",18.5,-0.1,1500,1947300,
"BSR","13:25:21",18.5,-0.1,1500,1945800,
"BSR","13:25:20",18.5,-0.1,400,1944300,
"BSR","13:25:15",18.5,-0.1,1000,1943900,
"BSR","13:25:11",18.5,-0.1,100,1942900,
"BSR","13:25:09",18.5,-0.1,500,1942800,
"BSR","13:25:05",18.5,-0.1,400,1942300,
"BSR","13:25:02",18.5,-0.1,11000,1941900,
"BSR","13:24:52",18.5,-0.1,5000,1930900,
"BSR","13:24:50",18.5,-0.1,100,1925900,
"BSR","13:24:44",18.5,-0.1,400,1925800,
"BSR","13:24:36",18.5,-0.1,5000,1925400,
"BSR","13:24:17",18.5,-0.1,100,1920400,
"BSR","13:24:09",18.4,-0.2,3000,1920300,
"BSR","13:24:02",18.5,-0.1,7000,1917300,
"BSR","13:23:59",18.5,-0.1,5200,1910300,
"BSR","13:23:58",18.5,-0.1,5000,1905100,
"BSR","13:23:24",18.5,-0.1,200,1900100,
"BSR","13:23:15",18.5,-0.1,2000,1899900,
"BSR","13:23:07",18.5,-0.1,100,1897900,
"BSR","13:23:00",18.5,-0.1,2000,1897800,
"BSR","13:22:40",18.5,-0.1,200,1895800,
"BSR","13:22:30",18.5,-0.1,2000,1895600,
"BSR","13:22:27",18.5,-0.1,10000,1893600,
"BSR","13:22:20",18.5,-0.1,100,1883600,
"BSR","13:22:18",18.5,-0.1,100,1883500,
"BSR","13:22:05",18.5,-0.1,100,1883400,
"BSR","13:21:39",18.5,-0.1,2000,1883300,
"BSR","13:21:31",18.5,-0.1,5000,1881300,
"BSR","13:21:26",18.5,-0.1,200,1876300,
"BSR","13:20:56",18.5,-0.1,5000,1876100,
"BSR","13:20:46",18.5,-0.1,1000,1871100,
"BSR","13:20:45",18.5,-0.1,3000,1870100,
"BSR","13:20:37",18.5,-0.1,1000,1867100,
"BSR","13:20:09",18.5,-0.1,4800,1866100,
"BSR","13:19:51",18.5,-0.1,100,1861300,
"BSR","13:19:09",18.5,-0.1,4000,1861200,
"BSR","13:18:50",18.5,-0.1,100,1857200,
"BSR","13:18:40",18.5,-0.1,300,1857100,
"BSR","13:17:56",18.5,-0.1,1000,1856800,
"BSR","13:17:20",18.5,-0.1,500,1855800,
"BSR","13:17:12",18.5,-0.1,500,1855300,
"BSR","13:17:00",18.5,-0.1,100,1854800,
"BSR","13:16:05",18.5,-0.1,5000,1854700,
"BSR","13:15:49",18.5,-0.1,1000,1849700,
"BSR","13:15:44",18.5,-0.1,200,1848700,
"BSR","13:15:08",18.5,-0.1,1000,1848500,
"BSR","13:14:53",18.5,-0.1,500,1847500,
"BSR","13:14:37",18.5,-0.1,1300,1847000,
"BSR","13:14:36",18.5,-0.1,600,1845700,
"BSR","13:14:24",18.5,-0.1,1700,1845100,
"BSR","13:14:10",18.5,-0.1,5000,1843400,
"BSR","13:13:29",18.5,-0.1,700,1838400,
"BSR","13:13:28",18.5,-0.1,500,1837700,
"BSR","13:13:15",18.5,-0.1,100,1837200,
"BSR","13:13:07",18.5,-0.1,100,1837100,
"BSR","13:13:02",18.4,-0.2,800,1837000,
"BSR","13:13:01",18.5,-0.1,2500,1836200,
"BSR","13:11:54",18.5,-0.1,100,1833700,
"BSR","13:11:45",18.5,-0.1,100,1833600,
"BSR","13:11:14",18.4,-0.2,400,1833500,
"BSR","13:10:55",18.5,-0.1,100,1833100,
"BSR","13:10:22",18.5,-0.1,1000,1833000,
"BSR","13:09:43",18.5,-0.1,200,1832000,
"BSR","13:09:39",18.5,-0.1,1000,1831800,
"BSR","13:09:38",18.5,-0.1,500,1830800,
"BSR","13:09:33",18.5,-0.1,500,1830300,
"BSR","13:09:27",18.5,-0.1,2000,1829800,
"BSR","13:08:55",18.5,-0.1,3000,1827800,
"BSR","13:08:21",18.4,-0.2,100,1824800,
"BSR","13:08:09",18.4,-0.2,100,1824700,
"BSR","13:07:56",18.4,-0.2,800,1824600,
"BSR","13:07:48",18.4,-0.2,100,1823800,
"BSR","13:07:34",18.4,-0.2,3000,1823700,
"BSR","13:07:33",18.4,-0.2,100,1820700,
"BSR","13:07:20",18.4,-0.2,100,1820600,
"BSR","13:07:06",18.4,-0.2,1800,1820500,
"BSR","13:07:02",18.5,-0.1,200,1818700,
"BSR","13:06:47",18.5,-0.1,400,1818500,
"BSR","13:06:19",18.4,-0.2,100,1818100,
"BSR","13:06:17",18.4,-0.2,200,1818000,
"BSR","13:05:49",18.5,-0.1,300,1817800,
"BSR","13:05:40",18.5,-0.1,5000,1817500,
"BSR","13:05:30",18.5,-0.1,500,1812500,
"BSR","13:05:17",18.5,-0.1,100,1812000,
"BSR","13:04:19",18.4,-0.2,100,1811900,
"BSR","13:02:35",18.4,-0.2,200,1811800,
"BSR","13:02:27",18.4,-0.2,200,1811600,
"BSR","13:02:19",18.4,-0.2,40000,1811400,
"BSR","13:01:34",18.5,-0.1,100,1771400,
"BSR","13:01:33",18.5,-0.1,100,1771300,
"BSR","13:00:30",18.5,-0.1,500,1771200,
"BSR","13:00:15",18.4,-0.2,3000,1770700,
"BSR","13:00:06",18.5,-0.1,1000,1767700,
"BSR","13:00:05",18.4,-0.2,600,1766700,
"BSR","13:00:03",18.5,-0.1,3700,1766100,
"BSR","13:00:02",18.5,-0.1,500,1762400,
"BSR","13:00:01",18.5,-0.1,5000,1761900,
"BSR","11:29:03",18.5,-0.1,400,1756900,
"BSR","11:27:48",18.5,-0.1,10000,1756500,
"BSR","11:27:37",18.4,-0.2,5000,1746500,
"BSR","11:27:30",18.4,-0.2,1300,1741500,
"BSR","11:26:42",18.4,-0.2,1300,1740200,
"BSR","11:26:14",18.4,-0.2,2400,1738900,
"BSR","11:26:08",18.4,-0.2,2000,1736500,
"BSR","11:26:00",18.4,-0.2,1000,1734500,
"BSR","11:25:44",18.4,-0.2,1000,1733500,
"BSR","11:25:26",18.4,-0.2,300,1732500,
"BSR","11:25:23",18.4,-0.2,500,1732200,
"BSR","11:25:02",18.4,-0.2,1000,1731700,
"BSR","11:24:27",18.4,-0.2,1100,1730700,
"BSR","11:24:26",18.4,-0.2,1000,1729600,
"BSR","11:23:48",18.5,-0.1,100,1728600,
"BSR","11:23:33",18.5,-0.1,700,1728500,
"BSR","11:22:48",18.5,-0.1,400,1727800,
"BSR","11:22:45",18.4,-0.2,16000,1727400,
"BSR","11:22:14",18.4,-0.2,48000,1711400,
"BSR","11:22:09",18.4,-0.2,100,1663400,
"BSR","11:21:56",18.4,-0.2,1000,1663300,
"BSR","11:21:43",18.4,-0.2,3000,1662300,
"BSR","11:20:36",18.4,-0.2,7900,1659300,
"BSR","11:20:20",18.4,-0.2,3500,1651400,
"BSR","11:19:56",18.4,-0.2,200,1647900,
"BSR","11:19:48",18.4,-0.2,100,1647700,
"BSR","11:19:45",18.4,-0.2,200,1647600,
"BSR","11:18:50",18.4,-0.2,3200,1647400,
"BSR","11:18:31",18.5,-0.1,100,1644200,
"BSR","11:17:22",18.5,-0.1,500,1644100,
"BSR","11:16:39",18.5,-0.1,100,1643600,
"BSR","11:16:23",18.5,-0.1,500,1643500,
"BSR","11:15:43",18.4,-0.2,1000,1643000,
"BSR","11:14:25",18.4,-0.2,10000,1642000,
"BSR","11:13:56",18.4,-0.2,5000,1632000,
"BSR","11:13:21",18.4,-0.2,600,1627000,
"BSR","11:13:06",18.4,-0.2,1000,1626400,
"BSR","11:13:02",18.4,-0.2,100,1625400,
"BSR","11:12:12",18.4,-0.2,100,1625300,
"BSR","11:11:05",18.4,-0.2,500,1625200,
"BSR","11:10:34",18.4,-0.2,44800,1624700,
"BSR","11:09:39",18.5,-0.1,47200,1579900,
"BSR","11:09:33",18.5,-0.1,500,1532700,
"BSR","11:09:32",18.5,-0.1,100,1532200,
"BSR","11:09:31",18.5,-0.1,11200,1532100,
"BSR","11:09:13",18.5,-0.1,4000,1520900,
"BSR","11:08:59",18.5,-0.1,400,1516900,
"BSR","11:08:42",18.5,-0.1,2000,1516500,
"BSR","11:08:34",18.5,-0.1,3100,1514500,
"BSR","11:08:21",18.5,-0.1,3000,1511400,
"BSR","11:08:13",18.5,-0.1,500,1508400,
"BSR","11:07:54",18.5,-0.1,32500,1507900,
"BSR","11:07:31",18.4,-0.2,1500,1475400,
"BSR","11:07:05",18.5,-0.1,5000,1473900,
"BSR","11:07:01",18.5,-0.1,1000,1468900,
"BSR","11:06:55",18.5,-0.1,2000,1467900,
"BSR","11:06:38",18.5,-0.1,10000,1465900,
"BSR","11:06:06",18.5,-0.1,100,1455900,
"BSR","11:06:05",18.5,-0.1,200,1455800,
"BSR","11:05:53",18.5,-0.1,100,1455600,
"BSR","11:05:19",18.5,-0.1,5000,1455500,
"BSR","11:05:05",18.5,-0.1,100,1450500,
"BSR","11:05:03",18.5,-0.1,100,1450400,
"BSR","11:04:51",18.5,-0.1,1000,1450300,
"BSR","11:04:38",18.5,-0.1,1000,1449300,
"BSR","11:04:15",18.5,-0.1,100,1448300,
"BSR","11:03:24",18.5,-0.1,1000,1448200,
"BSR","11:01:04",18.5,-0.1,13700,1447200,
"BSR","11:00:58",18.5,-0.1,500,1433500,
"BSR","11:00:31",18.5,-0.1,500,1433000,
"BSR","10:59:36",18.5,-0.1,4000,1432500,
"BSR","10:59:32",18.5,-0.1,500,1428500,
"BSR","10:59:10",18.5,-0.1,1000,1428000,
"BSR","10:59:03",18.5,-0.1,2700,1427000,
"BSR","10:58:36",18.5,-0.1,200,1424300,
"BSR","10:58:33",18.5,-0.1,2000,1424100,
"BSR","10:57:30",18.5,-0.1,8000,1422100,
"BSR","10:56:37",18.5,-0.1,1300,1414100,
"BSR","10:54:51",18.5,-0.1,1000,1412800,
"BSR","10:54:24",18.5,-0.1,200,1411800,
"BSR","10:54:19",18.5,-0.1,5000,1411600,
"BSR","10:53:00",18.5,-0.1,2000,1406600,
"BSR","10:52:58",18.5,-0.1,1000,1404600,
"BSR","10:52:15",18.5,-0.1,26900,1403600,
"BSR","10:52:12",18.5,-0.1,50000,1376700,
"BSR","10:52:09",18.4,-0.2,500,1326700,
"BSR","10:52:08",18.5,-0.1,200,1326200,
"BSR","10:52:07",18.5,-0.1,10000,1326000,
"BSR","10:52:05",18.5,-0.1,100,1316000,
"BSR","10:52:04",18.5,-0.1,2500,1315900,
"BSR","10:51:53",18.5,-0.1,50000,1313400,
"BSR","10:51:46",18.5,-0.1,30000,1263400,
"BSR","10:51:39",18.5,-0.1,50000,1233400,
"BSR","10:51:18",18.4,-0.2,1400,1183400,
"BSR","10:51:10",18.5,-0.1,100,1182000,
"BSR","10:51:04",18.4,-0.2,3500,1181900,
"BSR","10:50:41",18.4,-0.2,100,1178400,
"BSR","10:50:30",18.4,-0.2,20000,1178300,
"BSR","10:50:09",18.5,-0.1,600,1158300,
"BSR","10:49:57",18.5,-0.1,100,1157700,
"BSR","10:49:38",18.5,-0.1,900,1157600,
"BSR","10:49:23",18.4,-0.2,200,1156700,
"BSR","10:48:27",18.4,-0.2,1000,1156500,
"BSR","10:48:20",18.4,-0.2,200,1155500,
"BSR","10:48:13",18.4,-0.2,10000,1155300,
"BSR","10:47:14",18.4,-0.2,10000,1145300,
"BSR","10:47:08",18.4,-0.2,2000,1135300,
"BSR","10:46:41",18.4,-0.2,25000,1133300,
"BSR","10:46:05",18.4,-0.2,100,1108300,
"BSR","10:45:57",18.4,-0.2,3300,1108200,
"BSR","10:45:38",18.4,-0.2,11400,1104900,
"BSR","10:45:16",18.4,-0.2,100,1093500,
"BSR","10:44:49",18.5,-0.1,1000,1093400,
"BSR","10:44:04",18.5,-0.1,100,1092400,
"BSR","10:42:46",18.5,-0.1,500,1092300,
"BSR","10:42:33",18.5,-0.1,1000,1091800,
"BSR","10:41:19",18.5,-0.1,100,1090800,
"BSR","10:41:13",18.5,-0.1,200,1090700,
"BSR","10:40:30",18.5,-0.1,300,1090500,
"BSR","10:39:42",18.5,-0.1,500,1090200,
"BSR","10:39:17",18.5,-0.1,200,1089700,
"BSR","10:39:10",18.5,-0.1,300,1089500,
"BSR","10:38:15",18.5,-0.1,200,1089200,
"BSR","10:38:14",18.5,-0.1,1000,1089000,
"BSR","10:37:29",18.5,-0.1,5300,1088000,
"BSR","10:37:01",18.5,-0.1,30000,1082700,
"BSR","10:36:10",18.5,-0.1,200,1052700,
"BSR","10:34:56",18.5,-0.1,1000,1052500,
"BSR","10:33:36",18.5,-0.1,1000,1051500,
"BSR","10:33:21",18.5,-0.1,2000,1050500,
"BSR","10:33:18",18.4,-0.2,1500,1048500,
"BSR","10:32:34",18.4,-0.2,300,1047000,
"BSR","10:31:52",18.5,-0.1,200,1046700,
"BSR","10:31:21",18.4,-0.2,400,1046500,
"BSR","10:31:19",18.4,-0.2,4300,1046100,
"BSR","10:31:18",18.4,-0.2,10000,1041800,
"BSR","10:30:29",18.4,-0.2,3000,1031800,
"BSR","10:30:24",18.4,-0.2,7000,1028800,
"BSR","10:29:41",18.4,-0.2,100,1021800,
"BSR","10:28:47",18.5,-0.1,100,1021700,
"BSR","10:28:18",18.5,-0.1,100,1021600,
"BSR","10:27:49",18.5,-0.1,200,1021500,
"BSR","10:27:14",18.5,-0.1,1000,1021300,
"BSR","10:26:51",18.4,-0.2,1000,1020300,
"BSR","10:26:32",18.5,-0.1,100,1019300,
"BSR","10:25:39",18.5,-0.1,500,1019200,
"BSR","10:24:56",18.5,-0.1,200,1018700,
"BSR","10:24:54",18.5,-0.1,500,1018500,
"BSR","10:24:51",18.5,-0.1,100,1018000,
"BSR","10:24:05",18.5,-0.1,100,1017900,
"BSR","10:23:48",18.5,-0.1,500,1017800,
"BSR","10:22:59",18.5,-0.1,100,1017300,
"BSR","10:22:46",18.5,-0.1,30000,1017200,
"BSR","10:21:51",18.4,-0.2,4000,987200,
"BSR","10:21:33",18.5,-0.1,200,983200,
"BSR","10:21:14",18.5,-0.1,100,983000,
"BSR","10:20:21",18.5,-0.1,1000,982900,
"BSR","10:19:15",18.4,-0.2,1000,981900,
"BSR","10:19:13",18.4,-0.2,1000,980900,
"BSR","10:19:12",18.5,-0.1,1000,979900,
"BSR","10:18:31",18.5,-0.1,500,978900,
"BSR","10:18:25",18.5,-0.1,100,978400,
"BSR","10:18:18",18.5,-0.1,400,978300,
"BSR","10:18:14",18.5,-0.1,1000,977900,
"BSR","10:18:13",18.5,-0.1,100,976900,
"BSR","10:17:37",18.5,-0.1,89200,976800,
"BSR","10:17:23",18.5,-0.1,200,887600,
"BSR","10:17:16",18.5,-0.1,800,887400,
"BSR","10:17:05",18.5,-0.1,2000,886600,
"BSR","10:17:02",18.5,-0.1,3100,884600,
"BSR","10:16:47",18.5,-0.1,500,881500,
"BSR","10:16:33",18.5,-0.1,1000,881000,
"BSR","10:16:25",18.5,-0.1,2200,880000,
"BSR","10:16:22",18.5,-0.1,600,877800,
"BSR","10:16:21",18.5,-0.1,1200,877200,
"BSR","10:16:09",18.5,-0.1,5000,876000,
"BSR","10:15:30",18.5,-0.1,500,871000,
"BSR","10:15:13",18.5,-0.1,11000,870500,
"BSR","10:14:56",18.5,-0.1,3000,859500,
"BSR","10:14:26",18.5,-0.1,1000,856500,
"BSR","10:14:23",18.5,-0.1,1000,855500,
"BSR","10:14:06",18.5,-0.1,500,854500,
"BSR","10:13:55",18.5,-0.1,2100,854000,
"BSR","10:13:38",18.5,-0.1,3000,851900,
"BSR","10:13:17",18.5,-0.1,1400,848900,
"BSR","10:10:39",18.6,0,300,847500,
"BSR","10:10:34",18.5,-0.1,2000,847200,
"BSR","10:08:58",18.6,0,200,845200,
"BSR","10:08:53",18.5,-0.1,600,845000,
"BSR","10:08:43",18.5,-0.1,25000,844400,
"BSR","10:07:19",18.6,0,100,819400,
"BSR","10:07:16",18.5,-0.1,2000,819300,
"BSR","10:06:49",18.6,0,1500,817300,
"BSR","10:06:33",18.6,0,100,815800,
"BSR","10:06:25",18.6,0,1000,815700,
"BSR","10:05:19",18.6,0,400,814700,
"BSR","10:05:05",18.6,0,100,814300,
"BSR","10:04:39",18.5,-0.1,1400,814200,
"BSR","10:04:03",18.5,-0.1,1500,812800,
"BSR","10:03:56",18.5,-0.1,500,811300,
"BSR","10:03:52",18.5,-0.1,2000,810800,
"BSR","10:03:44",18.5,-0.1,600,808800,
"BSR","10:03:20",18.5,-0.1,1000,808200,
"BSR","10:03:17",18.6,0,200,807200,
"BSR","10:02:42",18.5,-0.1,900,807000,
"BSR","10:02:14",18.6,0,200,806100,
"BSR","10:00:47",18.6,0,5500,805900,
"BSR","10:00:28",18.6,0,100,800400,
"BSR","10:00:03",18.6,0,100,800300,
"BSR","09:59:33",18.5,-0.1,200,800200,
"BSR","09:58:34",18.5,-0.1,500,800000,
"BSR","09:57:55",18.6,0,100,799500,
"BSR","09:57:50",18.5,-0.1,500,799400,
"BSR","09:56:04",18.5,-0.1,600,798900,
"BSR","09:53:04",18.6,0,3800,798300,
"BSR","09:52:57",18.5,-0.1,2000,794500,
"BSR","09:52:07",18.5,-0.1,3500,792500,
"BSR","09:51:54",18.6,0,100,789000,
"BSR","09:51:46",18.6,0,100,788900,
"BSR","09:51:40",18.6,0,300,788800,
"BSR","09:51:22",18.6,0,100000,788500,
"BSR","09:50:36",18.5,-0.1,12000,688500,
"BSR","09:50:22",18.5,-0.1,1000,676500,
"BSR","09:49:59",18.5,-0.1,1000,675500,
"BSR","09:49:57",18.5,-0.1,500,674500,
"BSR","09:49:08",18.5,-0.1,500,674000,
"BSR","09:48:28",18.5,-0.1,200,673500,
"BSR","09:47:47",18.5,-0.1,200,673300,
"BSR","09:47:34",18.6,0,1900,673100,
"BSR","09:46:55",18.6,0,300,671200,
"BSR","09:46:37",18.6,0,1000,670900,
"BSR","09:46:20",18.6,0,200,669900,
"BSR","09:46:16",18.5,-0.1,2000,669700,
"BSR","09:45:20",18.5,-0.1,600,667700,
"BSR","09:45:00",18.5,-0.1,200,667100,
"BSR","09:44:16",18.5,-0.1,100,666900,
"BSR","09:44:02",18.5,-0.1,500,666800,
"BSR","09:43:52",18.5,-0.1,200,666300,
"BSR","09:43:11",18.5,-0.1,1500,666100,
"BSR","09:42:59",18.6,0,100,664600,
"BSR","09:42:58",18.6,0,200,664500,
"BSR","09:42:57",18.5,-0.1,1000,664300,
"BSR","09:42:13",18.5,-0.1,1000,663300,
"BSR","09:41:14",18.5,-0.1,200,662300,
"BSR","09:41:12",18.6,0,100,662100,
"BSR","09:40:36",18.6,0,100,662000,
"BSR","09:40:16",18.6,0,2800,661900,
"BSR","09:40:14",18.5,-0.1,100,659100,
"BSR","09:39:58",18.5,-0.1,100,659000,
"BSR","09:39:30",18.6,0,1000,658900,
"BSR","09:38:47",18.5,-0.1,1300,657900,
"BSR","09:38:44",18.5,-0.1,100,656600,
"BSR","09:38:38",18.5,-0.1,100,656500,
"BSR","09:38:34",18.5,-0.1,5000,656400,
"BSR","09:38:21",18.5,-0.1,100,651400,
"BSR","09:38:13",18.5,-0.1,2000,651300,
"BSR","09:38:12",18.5,-0.1,200,649300,
"BSR","09:38:04",18.5,-0.1,1000,649100,
"BSR","09:38:02",18.5,-0.1,1000,648100,
"BSR","09:37:59",18.5,-0.1,100,647100,
"BSR","09:37:56",18.5,-0.1,5000,647000,
"BSR","09:37:54",18.5,-0.1,100,642000,
"BSR","09:37:50",18.5,-0.1,4500,641900,
"BSR","09:37:06",18.5,-0.1,1900,637400,
"BSR","09:36:56",18.5,-0.1,10000,635500,
"BSR","09:36:50",18.5,-0.1,200,625500,
"BSR","09:36:47",18.5,-0.1,100,625300,
"BSR","09:36:45",18.5,-0.1,100,625200,
"BSR","09:36:44",18.5,-0.1,1300,625100,
"BSR","09:36:42",18.5,-0.1,2000,623800,
"BSR","09:36:35",18.5,-0.1,100,621800,
"BSR","09:36:31",18.5,-0.1,1000,621700,
"BSR","09:36:24",18.5,-0.1,1000,620700,
"BSR","09:36:17",18.5,-0.1,200,619700,
"BSR","09:36:06",18.5,-0.1,2100,619500,
"BSR","09:36:02",18.5,-0.1,1000,617400,
"BSR","09:35:58",18.5,-0.1,5800,616400,
"BSR","09:35:55",18.5,-0.1,5000,610600,
"BSR","09:35:52",18.5,-0.1,1000,605600,
"BSR","09:35:50",18.5,-0.1,100,604600,
"BSR","09:35:48",18.5,-0.1,1500,604500,
"BSR","09:35:46",18.5,-0.1,10100,603000,
"BSR","09:35:39",18.5,-0.1,100,592900,
"BSR","09:35:37",18.5,-0.1,1100,592800,
"BSR","09:35:33",18.5,-0.1,1800,591700,
"BSR","09:35:31",18.5,-0.1,100,589900,
"BSR","09:35:27",18.5,-0.1,20000,589800,
"BSR","09:35:14",18.5,-0.1,400,569800,
"BSR","09:34:55",18.5,-0.1,300,569400,
"BSR","09:34:47",18.5,-0.1,4000,569100,
"BSR","09:34:31",18.5,-0.1,3000,565100,
"BSR","09:34:28",18.5,-0.1,200,562100,
"BSR","09:34:17",18.5,-0.1,100,561900,
"BSR","09:33:38",18.5,-0.1,500,561800,
"BSR","09:33:30",18.5,-0.1,200,561300,
"BSR","09:33:23",18.5,-0.1,7200,561100,
"BSR","09:33:03",18.5,-0.1,5000,553900,
"BSR","09:32:57",18.5,-0.1,100,548900,
"BSR","09:32:41",18.5,-0.1,100,548800,
"BSR","09:32:20",18.5,-0.1,4000,548700,
"BSR","09:32:11",18.5,-0.1,1000,544700,
"BSR","09:31:58",18.5,-0.1,100,543700,
"BSR","09:31:47",18.5,-0.1,100,543600,
"BSR","09:31:33",18.5,-0.1,200,543500,
"BSR","09:31:19",18.5,-0.1,100,543300,
"BSR","09:30:41",18.5,-0.1,300,543200,
"BSR","09:30:31",18.5,-0.1,400,542900,
"BSR","09:30:30",18.5,-0.1,1000,542500,
"BSR","09:30:27",18.5,-0.1,2000,541500,
"BSR","09:30:26",18.5,-0.1,700,539500,
"BSR","09:30:20",18.5,-0.1,500,538800,
"BSR","09:30:13",18.5,-0.1,100,538300,
"BSR","09:30:05",18.5,-0.1,105000,538200,
"BSR","09:29:53",18.5,-0.1,400,433200,
"BSR","09:29:43",18.5,-0.1,2000,432800,
"BSR","09:29:39",18.5,-0.1,100,430800,
"BSR","09:29:30",18.5,-0.1,100,430700,
"BSR","09:29:22",18.5,-0.1,500,430600,
"BSR","09:29:21",18.5,-0.1,2100,430100,
"BSR","09:29:09",18.5,-0.1,100,428000,
"BSR","09:29:08",18.5,-0.1,1000,427900,
"BSR","09:29:04",18.5,-0.1,3000,426900,
"BSR","09:28:59",18.5,-0.1,500,423900,
"BSR","09:28:53",18.5,-0.1,5000,423400,
"BSR","09:28:34",18.5,-0.1,1000,418400,
"BSR","09:28:32",18.6,0,1000,417400,
"BSR","09:28:27",18.5,-0.1,4000,416400,
"BSR","09:28:22",18.5,-0.1,500,412400,
"BSR","09:28:21",18.5,-0.1,1000,411900,
"BSR","09:28:14",18.5,-0.1,1000,410900,
"BSR","09:28:12",18.5,-0.1,200,409900,
"BSR","09:28:11",18.5,-0.1,9500,409700,
"BSR","09:28:09",18.5,-0.1,1500,400200,
"BSR","09:28:02",18.5,-0.1,2000,398700,
"BSR","09:27:52",18.5,-0.1,2000,396700,
"BSR","09:27:49",18.5,-0.1,600,394700,
"BSR","09:27:44",18.5,-0.1,4800,394100,
"BSR","09:27:39",18.5,-0.1,1700,389300,
"BSR","09:27:35",18.5,-0.1,400,387600,
"BSR","09:27:32",18.5,-0.1,15000,387200,
"BSR","09:27:26",18.5,-0.1,4200,372200,
"BSR","09:27:23",18.5,-0.1,400,368000,
"BSR","09:27:22",18.5,-0.1,100,367600,
"BSR","09:27:18",18.5,-0.1,3000,367500,
"BSR","09:26:52",18.5,-0.1,1200,364500,
"BSR","09:26:42",18.5,-0.1,400,363300,
"BSR","09:26:39",18.5,-0.1,30000,362900,
"BSR","09:26:29",18.5,-0.1,4800,332900,
"BSR","09:26:25",18.5,-0.1,5000,328100,
"BSR","09:26:21",18.5,-0.1,2500,323100,
"BSR","09:26:17",18.5,-0.1,1000,320600,
"BSR","09:26:14",18.5,-0.1,200,319600,
"BSR","09:26:11",18.5,-0.1,1000,319400,
"BSR","09:26:06",18.5,-0.1,3000,318400,
"BSR","09:25:59",18.5,-0.1,200,315400,
"BSR","09:25:52",18.5,-0.1,400,315200,
"BSR","09:25:47",18.5,-0.1,300,314800,
"BSR","09:25:24",18.5,-0.1,500,314500,
"BSR","09:25:23",18.5,-0.1,3000,314000,
"BSR","09:25:07",18.5,-0.1,500,311000,
"BSR","09:25:03",18.5,-0.1,37000,310500,
"BSR","09:24:59",18.5,-0.1,500,273500,
"BSR","09:24:24",18.5,-0.1,1000,273000,
"BSR","09:24:19",18.5,-0.1,1000,272000,
"BSR","09:24:02",18.5,-0.1,100,271000,
"BSR","09:24:01",18.5,-0.1,2000,270900,
"BSR","09:23:54",18.5,-0.1,500,268900,
"BSR","09:23:49",18.5,-0.1,100,268400,
"BSR","09:23:45",18.5,-0.1,1000,268300,
"BSR","09:23:21",18.5,-0.1,10000,267300,
"BSR","09:22:02",18.6,0,100,257300,
"BSR","09:20:58",18.6,0,500,257200,
"BSR","09:20:57",18.5,-0.1,100,256700,
"BSR","09:20:20",18.5,-0.1,1500,256600,
"BSR","09:20:17",18.5,-0.1,3000,255100,
"BSR","09:19:26",18.5,-0.1,500,252100,
"BSR","09:19:13",18.5,-0.1,500,251600,
"BSR","09:18:52",18.5,-0.1,500,251100,
"BSR","09:18:34",18.5,-0.1,500,250600,
"BSR","09:18:25",18.5,-0.1,1000,250100,
"BSR","09:18:09",18.5,-0.1,400,249100,
"BSR","09:18:01",18.5,-0.1,10000,248700,
"BSR","09:17:55",18.5,-0.1,2000,238700,
"BSR","09:17:25",18.5,-0.1,200,236700,
"BSR","09:17:16",18.5,-0.1,30000,236500,
"BSR","09:16:26",18.5,-0.1,2500,206500,
"BSR","09:16:07",18.5,-0.1,200,204000,
"BSR","09:15:43",18.5,-0.1,1000,203800,
"BSR","09:15:42",18.5,-0.1,500,202800,
"BSR","09:15:11",18.5,-0.1,500,202300,
"BSR","09:15:06",18.5,-0.1,500,201800,
"BSR","09:14:58",18.5,-0.1,500,201300,
"BSR","09:14:56",18.5,-0.1,500,200800,
"BSR","09:14:47",18.5,-0.1,20000,200300,
"BSR","09:13:20",18.5,-0.1,14000,180300,
"BSR","09:13:08",18.6,0,600,166300,
"BSR","09:12:59",18.5,-0.1,1000,165700,
"BSR","09:12:17",18.5,-0.1,1000,164700,
"BSR","09:12:09",18.5,-0.1,700,163700,
"BSR","09:11:58",18.5,-0.1,30000,163000,
"BSR","09:09:09",18.5,-0.1,300,133000,
"BSR","09:08:27",18.5,-0.1,3000,132700,
"BSR","09:06:09",18.6,0,100,129700,
"BSR","09:06:02",18.6,0,100,129600,
"BSR","09:05:45",18.6,0,1000,129500,
"BSR","09:05:42",18.5,-0.1,34000,128500,
"BSR","09:04:55",18.5,-0.1,2000,94500,
"BSR","09:04:34",18.5,-0.1,600,92500,
"BSR","09:04:24",18.5,-0.1,300,91900,
"BSR","09:03:30",18.5,-0.1,900,91600,
"BSR","09:03:04",18.5,-0.1,200,90700,
"BSR","09:03:03",18.5,-0.1,500,90500,
"BSR","09:02:58",18.5,-0.1,2000,90000,
"BSR","09:02:55",18.5,-0.1,5000,88000,
"BSR","09:02:47",18.5,-0.1,1000,83000,
"BSR","09:02:45",18.5,-0.1,3000,82000,
"BSR","09:02:40",18.5,-0.1,5000,79000,
"BSR","09:02:38",18.5,-0.1,25000,74000,
"BSR","09:02:31",18.5,-0.1,1100,49000,
"BSR","09:02:28",18.5,-0.1,500,47900,
"BSR","09:02:04",18.5,-0.1,1700,47400,
"BSR","09:02:03",18.5,-0.1,1000,45700,
"BSR","09:01:57",18.5,-0.1,6800,44700,
"BSR","09:01:51",18.5,-0.1,1000,37900,
"BSR","09:01:50",18.5,-0.1,500,36900,
"BSR","09:01:49",18.5,-0.1,600,36400,
"BSR","09:01:48",18.5,-0.1,100,35800,
"BSR","09:01:42",18.5,-0.1,1100,35700,
"BSR","09:01:26",18.5,-0.1,3000,34600,
"BSR","09:01:02",18.5,-0.1,500,31600,
"BSR","09:01:00",18.5,-0.1,500,31100,
"BSR","09:00:54",18.5,-0.1,600,30600,
"BSR","09:00:43",18.5,-0.1,2000,30000,
"BSR","09:00:42",18.5,-0.1,500,28000,
"BSR","09:00:38",18.5,-0.1,500,27500,
"BSR","09:00:34",18.5,-0.1,1400,27000,
"BSR","09:00:30",18.4,-0.2,1000,25600,
"BSR","09:00:28",18.4,-0.2,2000,24600,
"BSR","09:00:25",18.4,-0.2,1400,22600,
"BSR","09:00:24",18.4,-0.2,700,21200,
"BSR","09:00:23",18.4,-0.2,1400,20500,
"BSR","09:00:20",18.4,-0.2,6500,19100,
"BSR","09:00:19",18.4,-0.2,100,12600,
"BSR","09:00:18",18.4,-0.2,5500,12500,
"BSR","09:00:16",18.4,-0.2,300,7000,
"BSR","09:00:11",18.4,-0.2,6500,6700,
"BSR","09:00:10",18.4,-0.2,200,200,
