"symbol","time","price","change","vol","total","side"
"HHS","14:45:05",6.92,0.25,210200,3393700,
"HHS","14:30:00",6.94,0.27,100,3183500,"S"
"HHS","14:29:56",6.93,0.26,1000,3183400,"B"
"HHS","14:29:48",6.94,0.27,1600,3182400,"B"
"HHS","14:29:30",6.94,0.27,1000,3180800,"B"
"HHS","14:29:26",6.94,0.27,1500,3179800,"B"
"HHS","14:29:25",6.94,0.27,2000,3178300,"B"
"HHS","14:29:03",6.94,0.27,100,3176300,"B"
"HHS","14:29:02",6.94,0.27,100,3176200,"B"
"HHS","14:28:55",6.94,0.27,500,3176100,"B"
"HHS","14:28:51",6.95,0.28,400,3175600,"S"
"HHS","14:28:43",6.94,0.27,2000,3175200,"B"
"HHS","14:28:35",6.95,0.28,100,3173200,"S"
"HHS","14:28:31",6.94,0.27,500,3173100,"B"
"HHS","14:28:28",6.95,0.28,100,3172600,"S"
"HHS","14:28:22",6.94,0.27,300,3172500,"B"
"HHS","14:28:15",6.94,0.27,100,3172200,"B"
"HHS","14:28:13",6.94,0.27,100,3172100,"B"
"HHS","14:27:53",6.94,0.27,400,3172000,"B"
"HHS","14:27:46",6.95,0.28,900,3171600,"S"
"HHS","14:27:28",6.95,0.28,100,3170700,"B"
"HHS","14:27:15",6.96,0.29,200,3170600,"S"
"HHS","14:27:13",6.95,0.28,1000,3170400,"B"
"HHS","14:27:03",6.96,0.29,3800,3169400,"B"
"HHS","14:27:02",6.96,0.29,500,3165600,"B"
"HHS","14:26:59",6.96,0.29,30000,3165100,"B"
"HHS","14:26:55",6.96,0.29,1000,3135100,"B"
"HHS","14:26:42",6.96,0.29,2000,3134100,"B"
"HHS","14:26:33",6.96,0.29,2000,3132100,"B"
"HHS","14:26:31",6.96,0.29,2000,3130100,"B"
"HHS","14:26:25",6.97,0.3,100,3128100,"S"
"HHS","14:26:23",6.96,0.29,5000,3128000,"B"
"HHS","14:26:21",6.97,0.3,4300,3123000,"B"
"HHS","14:26:20",6.98,0.31,100,3118700,"S"
"HHS","14:26:19",6.97,0.3,1000,3118600,"B"
"HHS","14:26:17",6.97,0.3,2000,3117600,"B"
"HHS","14:26:17",6.98,0.31,100,3115600,"S"
"HHS","14:26:06",6.97,0.3,5000,3115500,"B"
"HHS","14:25:53",6.98,0.31,100,3110500,"S"
"HHS","14:25:50",6.97,0.3,2000,3110400,"B"
"HHS","14:25:48",6.98,0.31,100,3108400,"S"
"HHS","14:25:42",6.97,0.3,200,3108300,"B"
"HHS","14:25:09",6.98,0.31,100,3108100,"S"
"HHS","14:25:02",6.97,0.3,5000,3108000,"S"
"HHS","14:24:56",6.97,0.3,5000,3103000,"S"
"HHS","14:24:50",6.97,0.3,29000,3098000,"S"
"HHS","14:24:38",6.97,0.3,1000,3069000,"S"
"HHS","14:24:29",6.97,0.3,10000,3068000,"S"
"HHS","14:24:16",6.97,0.3,5000,3058000,"S"
"HHS","14:24:05",6.97,0.3,4000,3053000,"S"
"HHS","14:24:04",6.96,0.29,100,3049000,"B"
"HHS","14:24:03",6.97,0.3,3000,3048900,"S"
"HHS","14:23:58",6.97,0.3,100,3045900,"S"
"HHS","14:23:50",6.96,0.29,44600,3045800,"S"
"HHS","14:23:41",6.96,0.29,2000,3001200,"S"
"HHS","14:23:39",6.96,0.29,1700,2999200,"S"
"HHS","14:23:17",6.96,0.29,100,2997500,"S"
"HHS","14:23:15",6.94,0.27,100,2997400,"B"
"HHS","14:23:15",6.95,0.28,100,2997300,"S"
"HHS","14:23:06",6.95,0.28,34000,2997200,"S"
"HHS","14:23:05",6.95,0.28,100,2963200,"S"
"HHS","14:22:56",6.94,0.27,200,2963100,"B"
"HHS","14:22:52",6.94,0.27,800,2962900,"S"
"HHS","14:22:29",6.94,0.27,9000,2962100,"S"
"HHS","14:22:18",6.94,0.27,700,2953100,"S"
"HHS","14:22:11",6.94,0.27,100,2952400,"S"
"HHS","14:22:08",6.93,0.26,700,2952300,"S"
"HHS","14:21:59",6.92,0.25,200,2951600,"B"
"HHS","14:21:47",6.93,0.26,300,2951400,"B"
"HHS","14:21:37",6.94,0.27,200,2951100,"S"
"HHS","14:21:34",6.93,0.26,100,2950900,"B"
"HHS","14:21:27",6.93,0.26,10000,2950800,"B"
"HHS","14:21:22",6.94,0.27,100,2940800,"S"
"HHS","14:21:13",6.93,0.26,700,2940700,"B"
"HHS","14:20:41",6.94,0.27,5000,2940000,"S"
"HHS","14:20:12",6.94,0.27,100,2935000,"S"
"HHS","14:19:38",6.93,0.26,100,2934900,"B"
"HHS","14:19:23",6.93,0.26,200,2934800,"B"
"HHS","14:18:36",6.94,0.27,100,2934600,"S"
"HHS","14:18:32",6.93,0.26,7500,2934500,"S"
"HHS","14:17:33",6.93,0.26,1000,2927000,"S"
"HHS","14:17:30",6.93,0.26,100,2926000,"S"
"HHS","14:17:27",6.92,0.25,1300,2925900,"B"
"HHS","14:17:18",6.93,0.26,700,2924600,"S"
"HHS","14:17:13",6.93,0.26,800,2923900,"S"
"HHS","14:16:31",6.93,0.26,100,2923100,"S"
"HHS","14:16:18",6.94,0.27,1200,2923000,"S"
"HHS","14:16:18",6.93,0.26,3800,2921800,"S"
"HHS","14:16:15",6.93,0.26,2100,2918000,"B"
"HHS","14:15:04",6.94,0.27,100,2915900,"S"
"HHS","14:14:22",6.94,0.27,6000,2915800,"S"
"HHS","14:13:28",6.95,0.28,100,2909800,"S"
"HHS","14:13:24",6.92,0.25,5000,2909700,"B"
"HHS","14:12:48",6.95,0.28,1000,2904700,"S"
"HHS","14:12:46",6.95,0.28,100,2903700,"S"
"HHS","14:12:39",6.93,0.26,200,2903600,"B"
"HHS","14:11:52",6.95,0.28,1000,2903400,"S"
"HHS","14:11:34",6.95,0.28,3100,2902400,"B"
"HHS","14:11:34",6.96,0.29,100,2899300,"S"
"HHS","14:11:31",6.95,0.28,4000,2899200,"B"
"HHS","14:11:29",6.95,0.28,2900,2895200,"S"
"HHS","14:11:26",6.95,0.28,200,2892300,"S"
"HHS","14:11:21",6.95,0.28,900,2892100,"B"
"HHS","14:11:20",6.95,0.28,100,2891200,"B"
"HHS","14:11:19",6.95,0.28,2700,2891100,"B"
"HHS","14:11:10",6.95,0.28,15000,2888400,"B"
"HHS","14:11:08",6.96,0.29,100,2873400,"S"
"HHS","14:11:06",6.95,0.28,10000,2873300,"B"
"HHS","14:11:04",6.96,0.29,100,2863300,"S"
"HHS","14:11:01",6.95,0.28,2000,2863200,"B"
"HHS","14:10:58",6.95,0.28,100,2861200,"B"
"HHS","14:10:54",6.96,0.29,100,2861100,"S"
"HHS","14:10:49",6.95,0.28,1500,2861000,"B"
"HHS","14:10:47",6.95,0.28,1000,2859500,"B"
"HHS","14:10:32",6.96,0.29,100,2858500,"S"
"HHS","14:10:30",6.95,0.28,3000,2858400,"B"
"HHS","14:10:29",6.96,0.29,100,2855400,"S"
"HHS","14:10:28",6.95,0.28,100,2855300,"B"
"HHS","14:10:17",6.95,0.28,200,2855200,"B"
"HHS","14:09:57",6.96,0.29,100,2855000,"S"
"HHS","14:09:57",6.95,0.28,10000,2854900,"B"
"HHS","14:09:54",6.95,0.28,300,2844900,"B"
"HHS","14:09:51",6.95,0.28,2000,2844600,"B"
"HHS","14:09:50",6.96,0.29,100,2842600,"S"
"HHS","14:09:36",6.95,0.28,3000,2842500,"B"
"HHS","14:09:34",6.96,0.29,100,2839500,"S"
"HHS","14:09:34",6.95,0.28,3000,2839400,"B"
"HHS","14:09:14",6.95,0.28,1800,2836400,"B"
"HHS","14:08:40",6.95,0.28,1500,2834600,"B"
"HHS","14:08:25",6.96,0.29,300,2833100,"S"
"HHS","14:08:16",6.96,0.29,3000,2832800,"S"
"HHS","14:07:57",6.96,0.29,1800,2829800,"B"
"HHS","14:07:51",6.96,0.29,200,2828000,"B"
"HHS","14:06:23",6.97,0.3,2500,2827800,"S"
"HHS","14:06:16",6.97,0.3,1000,2825300,"B"
"HHS","14:06:12",6.97,0.3,2000,2824300,"B"
"HHS","14:06:00",6.98,0.31,100,2822300,"S"
"HHS","14:05:45",6.97,0.3,4000,2822200,"S"
"HHS","14:05:38",6.97,0.3,3000,2818200,"S"
"HHS","14:05:32",6.97,0.3,10000,2815200,"S"
"HHS","14:05:26",6.97,0.3,100,2805200,"S"
"HHS","14:05:25",6.96,0.29,2500,2805100,"B"
"HHS","14:05:24",6.96,0.29,1500,2802600,"S"
"HHS","14:05:23",6.96,0.29,2100,2801100,"S"
"HHS","14:05:18",6.96,0.29,12000,2799000,"S"
"HHS","14:04:45",6.96,0.29,7800,2787000,"S"
"HHS","14:04:43",6.95,0.28,36500,2779200,"S"
"HHS","14:04:43",6.94,0.27,24300,2742700,"S"
"HHS","14:04:36",6.93,0.26,6600,2700100,"S"
"HHS","14:04:31",6.93,0.26,1000,2693500,"S"
"HHS","14:04:18",6.93,0.26,1000,2692500,"S"
"HHS","14:04:06",6.93,0.26,5000,2691500,"S"
"HHS","14:03:37",6.93,0.26,100,2686500,"S"
"HHS","14:02:54",6.92,0.25,600,2686400,"S"
"HHS","14:02:47",6.92,0.25,40000,2685800,"S"
"HHS","14:02:33",6.92,0.25,1000,2645800,"S"
"HHS","14:02:24",6.92,0.25,30000,2644800,"S"
"HHS","14:02:18",6.92,0.25,100,2614800,"S"
"HHS","14:02:15",6.91,0.24,200,2614700,"S"
"HHS","14:02:07",6.91,0.24,2000,2614500,"S"
"HHS","14:01:31",6.91,0.24,1000,2612500,"S"
"HHS","14:01:22",6.91,0.24,400,2611500,"S"
"HHS","14:00:39",6.91,0.24,1000,2611100,"S"
"HHS","14:00:14",6.91,0.24,100,2610100,"S"
"HHS","13:59:31",6.9,0.23,6200,2610000,"B"
"HHS","13:59:03",6.9,0.23,15000,2603800,"B"
"HHS","13:58:58",6.92,0.25,100,2588800,"S"
"HHS","13:58:53",6.91,0.24,500,2588700,"S"
"HHS","13:58:39",6.92,0.25,100,2588200,"S"
"HHS","13:58:29",6.91,0.24,1000,2588100,"S"
"HHS","13:57:47",6.92,0.25,100,2587100,"S"
"HHS","13:57:36",6.9,0.23,100,2587000,"B"
"HHS","13:56:31",6.92,0.25,3000,2586900,"S"
"HHS","13:55:59",6.92,0.25,100,2583900,"S"
"HHS","13:55:53",6.9,0.23,3800,2583800,"B"
"HHS","13:55:05",6.92,0.25,39700,2580000,"S"
"HHS","13:55:05",6.91,0.24,4300,2540300,"S"
"HHS","13:55:00",6.9,0.23,1000,2536000,"B"
"HHS","13:54:51",6.91,0.24,700,2535000,"B"
"HHS","13:54:44",6.91,0.24,100,2534300,"S"
"HHS","13:54:37",6.92,0.25,5100,2534200,"B"
"HHS","13:54:33",6.93,0.26,100,2529100,"S"
"HHS","13:54:26",6.92,0.25,500,2529000,"B"
"HHS","13:54:25",6.92,0.25,2000,2528500,"B"
"HHS","13:54:22",6.92,0.25,56500,2526500,"S"
"HHS","13:54:22",6.91,0.24,3900,2470000,"S"
"HHS","13:54:16",6.91,0.24,1400,2466100,"B"
"HHS","13:53:59",6.91,0.24,5100,2464700,"S"
"HHS","13:53:54",6.91,0.24,900,2459600,"S"
"HHS","13:52:46",6.91,0.24,300,2458700,"S"
"HHS","13:52:39",6.91,0.24,900,2458400,"S"
"HHS","13:52:39",6.9,0.23,400,2457500,"S"
"HHS","13:52:27",6.9,0.23,24600,2457100,"B"
"HHS","13:52:27",6.91,0.24,4200,2432500,"B"
"HHS","13:51:22",6.92,0.25,100,2428300,"S"
"HHS","13:51:18",6.9,0.23,15200,2428200,"B"
"HHS","13:51:18",6.91,0.24,800,2413000,"B"
"HHS","13:51:09",6.91,0.24,1000,2412200,"B"
"HHS","13:51:07",6.92,0.25,100,2411200,"S"
"HHS","13:50:59",6.91,0.24,1000,2411100,"B"
"HHS","13:50:55",6.92,0.25,100,2410100,"B"
"HHS","13:50:48",6.92,0.25,10000,2410000,"B"
"HHS","13:50:43",6.92,0.25,1000,2400000,"B"
"HHS","13:50:42",6.93,0.26,100,2399000,"S"
"HHS","13:50:39",6.92,0.25,10000,2398900,"B"
"HHS","13:50:35",6.93,0.26,1200,2388900,"S"
"HHS","13:50:28",6.92,0.25,6000,2387700,"B"
"HHS","13:50:02",6.93,0.26,100,2381700,"S"
"HHS","13:50:00",6.92,0.25,34000,2381600,"B"
"HHS","13:49:45",6.92,0.25,100,2347600,"B"
"HHS","13:49:35",6.93,0.26,1000,2347500,"S"
"HHS","13:49:30",6.93,0.26,200,2346500,"S"
"HHS","13:49:16",6.93,0.26,3000,2346300,"S"
"HHS","13:49:11",6.93,0.26,500,2343300,"S"
"HHS","13:48:58",6.93,0.26,900,2342800,"S"
"HHS","13:48:48",6.93,0.26,500,2341900,"S"
"HHS","13:48:33",6.93,0.26,2000,2341400,"B"
"HHS","13:48:04",6.93,0.26,100,2339400,"B"
"HHS","13:47:17",6.94,0.27,100,2339300,"S"
"HHS","13:47:15",6.93,0.26,800,2339200,"S"
"HHS","13:46:52",6.93,0.26,200,2338400,"B"
"HHS","13:46:50",6.93,0.26,100,2338200,"B"
"HHS","13:46:38",6.93,0.26,500,2338100,"B"
"HHS","13:46:26",6.94,0.27,100,2337600,"S"
"HHS","13:46:18",6.93,0.26,500,2337500,"B"
"HHS","13:46:16",6.94,0.27,1800,2337000,"S"
"HHS","13:45:56",6.94,0.27,6100,2335200,"S"
"HHS","13:45:39",6.94,0.27,100,2329100,"B"
"HHS","13:45:38",6.94,0.27,3000,2329000,"B"
"HHS","13:45:20",6.94,0.27,6900,2326000,"S"
"HHS","13:45:19",6.94,0.27,100,2319100,"S"
"HHS","13:45:07",6.93,0.26,10000,2319000,"B"
"HHS","13:45:03",6.93,0.26,1000,2309000,"B"
"HHS","13:44:43",6.93,0.26,4600,2308000,"B"
"HHS","13:44:43",6.94,0.27,15400,2303400,"B"
"HHS","13:44:37",6.95,0.28,9700,2288000,"S"
"HHS","13:44:32",6.95,0.28,100,2278300,"S"
"HHS","13:44:28",6.94,0.27,100,2278200,"B"
"HHS","13:44:11",6.95,0.28,100,2278100,"S"
"HHS","13:44:02",6.93,0.26,800,2278000,"B"
"HHS","13:44:02",6.94,0.27,4200,2277200,"B"
"HHS","13:43:49",6.94,0.27,500,2273000,"B"
"HHS","13:43:27",6.95,0.28,8200,2272500,"B"
"HHS","13:43:21",6.95,0.28,1000,2264300,"B"
"HHS","13:43:20",6.95,0.28,2800,2263300,"S"
"HHS","13:43:17",6.95,0.28,500,2260500,"S"
"HHS","13:43:14",6.95,0.28,100,2260000,"S"
"HHS","13:42:57",6.94,0.27,200,2259900,"B"
"HHS","13:42:54",6.94,0.27,1000,2259700,"B"
"HHS","13:42:39",6.95,0.28,10000,2258700,"S"
"HHS","13:42:35",6.95,0.28,100,2248700,"S"
"HHS","13:42:30",6.94,0.27,1000,2248600,"B"
"HHS","13:42:24",6.95,0.28,100,2247600,"S"
"HHS","13:42:21",6.94,0.27,1000,2247500,"B"
"HHS","13:42:21",6.95,0.28,100,2246500,"S"
"HHS","13:42:13",6.94,0.27,200,2246400,"S"
"HHS","13:42:07",6.94,0.27,11600,2246200,"S"
"HHS","13:41:49",6.93,0.26,13300,2234600,"S"
"HHS","13:41:40",6.92,0.25,100,2221300,"B"
"HHS","13:41:33",6.92,0.25,900,2221200,"B"
"HHS","13:41:24",6.93,0.26,2000,2220300,"S"
"HHS","13:41:19",6.93,0.26,500,2218300,"S"
"HHS","13:41:12",6.93,0.26,500,2217800,"S"
"HHS","13:40:53",6.93,0.26,2000,2217300,"S"
"HHS","13:40:38",6.93,0.26,400,2215300,"B"
"HHS","13:40:37",6.94,0.27,2900,2214900,"S"
"HHS","13:40:25",6.93,0.26,500,2212000,"B"
"HHS","13:40:25",6.93,0.26,300,2211500,"B"
"HHS","13:40:06",6.94,0.27,5300,2211200,"B"
"HHS","13:40:04",6.95,0.28,100,2205900,"S"
"HHS","13:40:01",6.94,0.27,600,2205800,"S"
"HHS","13:39:59",6.94,0.27,500,2205200,"B"
"HHS","13:39:56",6.94,0.27,500,2204700,"S"
"HHS","13:39:40",6.94,0.27,500,2204200,"B"
"HHS","13:39:30",6.94,0.27,500,2203700,"B"
"HHS","13:39:18",6.94,0.27,700,2203200,"B"
"HHS","13:39:18",6.95,0.28,7300,2202500,"B"
"HHS","13:39:17",6.95,0.28,700,2195200,"S"
"HHS","13:38:47",6.95,0.28,100,2194500,"S"
"HHS","13:38:44",6.94,0.27,100,2194400,"B"
"HHS","13:38:27",6.95,0.28,100,2194300,"S"
"HHS","13:38:16",6.96,0.29,1000,2194200,"S"
"HHS","13:38:10",6.96,0.29,100,2193200,"S"
"HHS","13:38:06",6.95,0.28,100,2193100,"S"
"HHS","13:38:03",6.95,0.28,100,2193000,"S"
"HHS","13:38:00",6.95,0.28,100,2192900,"S"
"HHS","13:37:56",6.95,0.28,2400,2192800,"B"
"HHS","13:37:35",6.96,0.29,100,2190400,"S"
"HHS","13:37:33",6.96,0.29,100,2190300,"S"
"HHS","13:37:30",6.95,0.28,1000,2190200,"B"
"HHS","13:37:19",6.96,0.29,100,2189200,"S"
"HHS","13:37:15",6.95,0.28,1000,2189100,"B"
"HHS","13:37:13",6.96,0.29,100,2188100,"S"
"HHS","13:37:12",6.96,0.29,100,2188000,"S"
"HHS","13:37:10",6.95,0.28,3400,2187900,"S"
"HHS","13:37:08",6.95,0.28,1000,2184500,"S"
"HHS","13:37:00",6.95,0.28,700,2183500,"B"
"HHS","13:36:46",6.96,0.29,100,2182800,"S"
"HHS","13:36:45",6.95,0.28,100,2182700,"B"
"HHS","13:36:43",6.95,0.28,1000,2182600,"B"
"HHS","13:36:41",6.96,0.29,100,2181600,"S"
"HHS","13:36:34",6.95,0.28,72400,2181500,"S"
"HHS","13:36:34",6.94,0.27,22000,2109100,"S"
"HHS","13:36:34",6.93,0.26,15100,2087100,"S"
"HHS","13:35:45",6.93,0.26,100,2072000,"S"
"HHS","13:35:42",6.91,0.24,10000,2071900,"S"
"HHS","13:35:18",6.93,0.26,11400,2061900,"S"
"HHS","13:35:18",6.92,0.25,23600,2050500,"S"
"HHS","13:34:31",6.92,0.25,100,2026900,"S"
"HHS","13:34:21",6.9,0.23,1500,2026800,"S"
"HHS","13:34:05",6.92,0.25,100,2025300,"S"
"HHS","13:34:00",6.9,0.23,800,2025200,"S"
"HHS","13:33:59",6.89,0.22,5000,2024400,"B"
"HHS","13:33:57",6.9,0.23,15000,2019400,"S"
"HHS","13:33:57",6.89,0.22,1000,2004400,"B"
"HHS","13:33:49",6.9,0.23,100,2003400,"S"
"HHS","13:33:49",6.89,0.22,5000,2003300,"B"
"HHS","13:33:34",6.89,0.22,5000,1998300,"B"
"HHS","13:33:23",6.9,0.23,1500,1993300,"S"
"HHS","13:33:07",6.9,0.23,14600,1991800,"B"
"HHS","13:33:07",6.92,0.25,100,1977200,"S"
"HHS","13:33:04",6.9,0.23,6900,1977100,"B"
"HHS","13:32:45",6.91,0.24,2100,1970200,"B"
"HHS","13:32:42",6.91,0.24,900,1968100,"B"
"HHS","13:32:41",6.92,0.25,1100,1967200,"S"
"HHS","13:32:32",6.92,0.25,100,1966100,"B"
"HHS","13:32:31",6.92,0.25,400,1966000,"B"
"HHS","13:32:13",6.92,0.25,2000,1965600,"B"
"HHS","13:32:02",6.92,0.25,1000,1963600,"B"
"HHS","13:31:53",6.93,0.26,6000,1962600,"S"
"HHS","13:31:47",6.92,0.25,100,1956600,"B"
"HHS","13:31:43",6.92,0.25,1000,1956500,"B"
"HHS","13:31:41",6.93,0.26,700,1955500,"S"
"HHS","13:31:38",6.92,0.25,1000,1954800,"B"
"HHS","13:31:37",6.93,0.26,600,1953800,"S"
"HHS","13:31:21",6.93,0.26,100,1953200,"S"
"HHS","13:31:07",6.92,0.25,6000,1953100,"B"
"HHS","13:30:54",6.93,0.26,100,1947100,"S"
"HHS","13:30:51",6.92,0.25,300,1947000,"B"
"HHS","13:30:50",6.93,0.26,100,1946700,"S"
"HHS","13:30:48",6.93,0.26,500,1946600,"S"
"HHS","13:30:47",6.92,0.25,600,1946100,"S"
"HHS","13:30:39",6.92,0.25,4100,1945500,"S"
"HHS","13:30:34",6.92,0.25,100,1941400,"S"
"HHS","13:30:16",6.92,0.25,5900,1941300,"B"
"HHS","13:30:05",6.93,0.26,100,1935400,"S"
"HHS","13:30:04",6.92,0.25,1000,1935300,"B"
"HHS","13:29:53",6.92,0.25,200,1934300,"B"
"HHS","13:29:53",6.93,0.26,9300,1934100,"S"
"HHS","13:29:35",6.93,0.26,5000,1924800,"S"
"HHS","13:29:31",6.93,0.26,100,1919800,"S"
"HHS","13:29:24",6.93,0.26,800,1919700,"B"
"HHS","13:29:21",6.95,0.28,100,1918900,"S"
"HHS","13:29:18",6.93,0.26,3000,1918800,"B"
"HHS","13:29:13",6.95,0.28,100,1915800,"S"
"HHS","13:29:10",6.95,0.28,18400,1915700,"S"
"HHS","13:29:10",6.94,0.27,8400,1897300,"S"
"HHS","13:29:04",6.93,0.26,3800,1888900,"S"
"HHS","13:28:50",6.93,0.26,1200,1885100,"B"
"HHS","13:28:47",6.93,0.26,3800,1883900,"S"
"HHS","13:28:44",6.93,0.26,2000,1880100,"S"
"HHS","13:28:43",6.93,0.26,2000,1878100,"S"
"HHS","13:28:28",6.93,0.26,200,1876100,"S"
"HHS","13:28:22",6.94,0.27,10000,1875900,"S"
"HHS","13:28:22",6.93,0.26,5900,1865900,"S"
"HHS","13:28:01",6.93,0.26,100,1860000,"S"
"HHS","13:27:58",6.92,0.25,1000,1859900,"B"
"HHS","13:27:53",6.94,0.27,100,1858900,"S"
"HHS","13:27:50",6.92,0.25,2000,1858800,"S"
"HHS","13:27:39",6.94,0.27,300,1856800,"S"
"HHS","13:27:39",6.93,0.26,1200,1856500,"S"
"HHS","13:27:39",6.92,0.25,3500,1855300,"S"
"HHS","13:27:31",6.92,0.25,2000,1851800,"S"
"HHS","13:27:22",6.92,0.25,1600,1849800,"S"
"HHS","13:27:22",6.91,0.24,8400,1848200,"S"
"HHS","13:27:14",6.91,0.24,1000,1839800,"S"
"HHS","13:27:00",6.91,0.24,100,1838800,"S"
"HHS","13:26:47",6.9,0.23,5000,1838700,"B"
"HHS","13:26:38",6.91,0.24,1500,1833700,"S"
"HHS","13:26:26",6.91,0.24,4100,1832200,"S"
"HHS","13:26:24",6.91,0.24,900,1828100,"S"
"HHS","13:26:23",6.91,0.24,5000,1827200,"S"
"HHS","13:26:06",6.91,0.24,2000,1822200,"S"
"HHS","13:26:05",6.91,0.24,100,1820200,"S"
"HHS","13:26:05",6.9,0.23,500,1820100,"B"
"HHS","13:26:04",6.9,0.23,10000,1819600,"B"
"HHS","13:25:44",6.9,0.23,76500,1809600,"S"
"HHS","13:25:44",6.89,0.22,31200,1733100,"S"
"HHS","13:25:07",6.89,0.22,200,1701900,"S"
"HHS","13:24:58",6.89,0.22,300,1701700,"S"
"HHS","13:24:57",6.89,0.22,300,1701400,"S"
"HHS","13:24:51",6.88,0.21,2000,1701100,"B"
"HHS","13:24:50",6.89,0.22,1000,1699100,"S"
"HHS","13:24:44",6.85,0.18,125800,1698100,"B"
"HHS","13:24:44",6.87,0.2,46900,1572300,"B"
"HHS","13:24:44",6.88,0.21,7300,1525400,"B"
"HHS","13:24:44",6.89,0.22,3000,1518100,"S"
"HHS","13:24:41",6.88,0.21,1000,1515100,"B"
"HHS","13:24:41",6.89,0.22,5400,1514100,"S"
"HHS","13:24:39",6.89,0.22,25500,1508700,"S"
"HHS","13:24:38",6.89,0.22,10000,1483200,"S"
"HHS","13:24:31",6.89,0.22,10000,1473200,"S"
"HHS","13:24:25",6.89,0.22,8500,1463200,"S"
"HHS","13:24:25",6.88,0.21,28900,1454700,"S"
"HHS","13:24:23",6.88,0.21,1000,1425800,"S"
"HHS","13:24:15",6.88,0.21,10000,1424800,"S"
"HHS","13:23:46",6.87,0.2,10000,1414800,"B"
"HHS","13:23:32",6.87,0.2,500,1404800,"B"
"HHS","13:23:23",6.88,0.21,900,1404300,"S"
"HHS","13:23:07",6.87,0.2,24000,1403400,"S"
"HHS","13:23:05",6.86,0.19,500,1379400,"S"
"HHS","13:22:59",6.86,0.19,10000,1378900,"S"
"HHS","13:22:55",6.86,0.19,1000,1368900,"S"
"HHS","13:22:51",6.86,0.19,15000,1367900,"S"
"HHS","13:22:27",6.85,0.18,200,1352900,"B"
"HHS","13:22:19",6.86,0.19,3000,1352700,"S"
"HHS","13:21:57",6.85,0.18,6000,1349700,"B"
"HHS","13:21:43",6.85,0.18,300,1343700,"B"
"HHS","13:21:18",6.85,0.18,1000,1343400,"B"
"HHS","13:21:07",6.85,0.18,1000,1342400,"B"
"HHS","13:21:00",6.85,0.18,400,1341400,"B"
"HHS","13:20:38",6.85,0.18,500,1341000,"B"
"HHS","13:20:18",6.85,0.18,300,1340500,"B"
"HHS","13:20:07",6.86,0.19,3000,1340200,"S"
"HHS","13:19:55",6.85,0.18,200,1337200,"B"
"HHS","13:19:22",6.85,0.18,5000,1337000,"B"
"HHS","13:19:05",6.86,0.19,14200,1332000,"B"
"HHS","13:18:47",6.87,0.2,400,1317800,"S"
"HHS","13:18:45",6.87,0.2,1000,1317400,"S"
"HHS","13:18:37",6.87,0.2,1900,1316400,"B"
"HHS","13:18:29",6.87,0.2,8100,1314500,"S"
"HHS","13:17:54",6.87,0.2,100,1306400,"S"
"HHS","13:17:48",6.87,0.2,1500,1306300,"S"
"HHS","13:17:39",6.87,0.2,16300,1304800,"B"
"HHS","13:17:17",6.88,0.21,10000,1288500,"S"
"HHS","13:16:57",6.87,0.2,500,1278500,"B"
"HHS","13:16:56",6.87,0.2,12900,1278000,"S"
"HHS","13:16:52",6.87,0.2,100,1265100,"S"
"HHS","13:16:41",6.86,0.19,500,1265000,"B"
"HHS","13:16:37",6.86,0.19,5000,1264500,"B"
"HHS","13:15:53",6.87,0.2,100,1259500,"S"
"HHS","13:15:14",6.88,0.21,5600,1259400,"S"
"HHS","13:15:14",6.87,0.2,2300,1253800,"S"
"HHS","13:15:12",6.86,0.19,900,1251400,"B"
"HHS","13:14:31",6.85,0.18,500,1250500,"B"
"HHS","13:13:54",6.85,0.18,200,1250000,"B"
"HHS","13:13:54",6.85,0.18,5000,1249800,"B"
"HHS","13:13:47",6.87,0.2,800,1244800,"S"
"HHS","13:13:47",6.86,0.19,200,1244000,"S"
"HHS","13:13:25",6.85,0.18,14000,1243800,"B"
"HHS","13:13:03",6.86,0.19,3100,1229800,"B"
"HHS","13:12:56",6.87,0.2,200,1226700,"S"
"HHS","13:12:43",6.86,0.19,1000,1226500,"S"
"HHS","13:12:02",6.85,0.18,3700,1225500,"B"
"HHS","13:12:02",6.86,0.19,8300,1221800,"B"
"HHS","13:11:54",6.88,0.21,100,1213500,"S"
"HHS","13:11:41",6.88,0.21,200,1213400,"B"
"HHS","13:11:40",6.88,0.21,700,1213200,"B"
"HHS","13:11:14",6.88,0.21,400,1212500,"B"
"HHS","13:11:14",6.88,0.21,1000,1212100,"B"
"HHS","13:11:03",6.88,0.21,1100,1211100,"B"
"HHS","13:11:02",6.89,0.22,10000,1210000,"S"
"HHS","13:11:01",6.88,0.21,2200,1200000,"S"
"HHS","13:10:50",6.88,0.21,1000,1197800,"S"
"HHS","13:10:50",6.87,0.2,4000,1196800,"S"
"HHS","13:10:29",6.87,0.2,800,1192800,"B"
"HHS","13:10:22",6.87,0.2,300,1192000,"B"
"HHS","13:09:54",6.87,0.2,4500,1191700,"S"
"HHS","13:09:53",6.86,0.19,1000,1187200,"B"
"HHS","13:09:49",6.87,0.2,200,1186200,"S"
"HHS","13:09:32",6.87,0.2,700,1186000,"S"
"HHS","13:09:21",6.86,0.19,1300,1185300,"S"
"HHS","13:09:19",6.86,0.19,1300,1184000,"S"
"HHS","13:09:18",6.86,0.19,3000,1182700,"S"
"HHS","13:09:16",6.85,0.18,1000,1179700,"B"
"HHS","13:09:09",6.86,0.19,5000,1178700,"S"
"HHS","13:08:57",6.85,0.18,30600,1173700,"S"
"HHS","13:08:52",6.85,0.18,100000,1143100,"S"
"HHS","13:08:51",6.84,0.17,2000,1043100,"B"
"HHS","13:08:47",6.84,0.17,300,1041100,"B"
"HHS","13:08:44",6.84,0.17,100,1040800,"B"
"HHS","13:07:57",6.84,0.17,100,1040700,"B"
"HHS","13:07:52",6.84,0.17,100,1040600,"B"
"HHS","13:07:45",6.84,0.17,500,1040500,"B"
"HHS","13:07:24",6.83,0.16,300,1040000,"B"
"HHS","13:07:24",6.84,0.17,700,1039700,"B"
"HHS","13:07:21",6.84,0.17,300,1039000,"S"
"HHS","13:07:14",6.83,0.16,1000,1038700,"B"
"HHS","13:06:45",6.84,0.17,3000,1037700,"S"
"HHS","13:06:26",6.83,0.16,7700,1034700,"S"
"HHS","13:06:22",6.83,0.16,5000,1027000,"S"
"HHS","13:06:10",6.83,0.16,11700,1022000,"S"
"HHS","13:06:10",6.82,0.15,8300,1010300,"S"
"HHS","13:05:54",6.82,0.15,9400,1002000,"S"
"HHS","13:05:36",6.81,0.14,1000,992600,"S"
"HHS","13:05:28",6.81,0.14,800,991600,"S"
"HHS","13:05:15",6.81,0.14,900,990800,"S"
"HHS","13:05:08",6.81,0.14,500,989900,"S"
"HHS","13:04:58",6.81,0.14,5500,989400,"S"
"HHS","13:04:49",6.81,0.14,5000,983900,"S"
"HHS","13:04:27",6.8,0.13,10600,978900,"S"
"HHS","13:04:21",6.79,0.12,3600,968300,"S"
"HHS","13:04:20",6.78,0.11,5000,964700,"B"
"HHS","13:04:12",6.79,0.12,10000,959700,"S"
"HHS","13:03:34",6.78,0.11,9700,949700,"S"
"HHS","13:02:59",6.78,0.11,2400,940000,"B"
"HHS","13:02:49",6.78,0.11,100,937600,"B"
"HHS","13:02:36",6.78,0.11,900,937500,"B"
"HHS","13:01:45",6.78,0.11,100,936600,"B"
"HHS","13:01:36",6.79,0.12,1600,936500,"B"
"HHS","13:01:21",6.79,0.12,3400,934900,"S"
"HHS","13:01:10",6.79,0.12,300,931500,"S"
"HHS","13:01:10",6.79,0.12,100,931200,"S"
"HHS","13:00:51",6.79,0.12,2000,931100,"B"
"HHS","13:00:02",6.8,0.13,7100,929100,"B"
"HHS","13:00:00",6.8,0.13,1500,922000,"B"
"HHS","11:29:48",6.8,0.13,21400,920500,"S"
"HHS","11:29:42",6.79,0.12,1000,899100,"B"
"HHS","11:29:36",6.8,0.13,100,898100,"S"
"HHS","11:29:35",6.8,0.13,10000,898000,"S"
"HHS","11:29:32",6.8,0.13,2000,888000,"S"
"HHS","11:29:30",6.8,0.13,6100,886000,"S"
"HHS","11:28:55",6.8,0.13,13600,879900,"S"
"HHS","11:28:55",6.79,0.12,16400,866300,"S"
"HHS","11:27:50",6.78,0.11,200,849900,"S"
"HHS","11:27:21",6.77,0.1,3900,849700,"B"
"HHS","11:27:21",6.78,0.11,2100,845800,"B"
"HHS","11:26:56",6.78,0.11,2000,843700,"B"
"HHS","11:25:23",6.78,0.11,100,841700,"S"
"HHS","11:25:13",6.78,0.11,500,841600,"S"
"HHS","11:25:00",6.78,0.11,100,841100,"B"
"HHS","11:23:56",6.77,0.1,14700,841000,"S"
"HHS","11:21:48",6.76,0.09,7200,826300,"B"
"HHS","11:20:36",6.76,0.09,10000,819100,"B"
"HHS","11:20:30",6.76,0.09,200,809100,"B"
"HHS","11:19:53",6.76,0.09,5000,808900,"B"
"HHS","11:19:27",6.76,0.09,6900,803900,"B"
"HHS","11:19:04",6.76,0.09,600,797000,"B"
"HHS","11:18:48",6.77,0.1,1300,796400,"B"
"HHS","11:18:39",6.77,0.1,2000,795100,"B"
"HHS","11:16:34",6.77,0.1,1000,793100,"B"
"HHS","11:16:27",6.78,0.11,5100,792100,"B"
"HHS","11:15:32",6.79,0.12,5000,787000,"S"
"HHS","11:15:24",6.79,0.12,19600,782000,"B"
"HHS","11:14:17",6.79,0.12,200,762400,"B"
"HHS","11:13:54",6.8,0.13,300,762200,"S"
"HHS","11:13:31",6.8,0.13,7000,761900,"B"
"HHS","11:13:07",6.8,0.13,1000,754900,"S"
"HHS","11:12:43",6.8,0.13,5000,753900,"S"
"HHS","11:12:25",6.79,0.12,200,748900,"B"
"HHS","11:10:04",6.78,0.11,800,748700,"S"
"HHS","11:09:51",6.78,0.11,5900,747900,"B"
"HHS","11:09:51",6.8,0.13,9600,742000,"B"
"HHS","11:09:38",6.8,0.13,300,732400,"B"
"HHS","11:09:30",6.8,0.13,1500,732100,"B"
"HHS","11:09:22",6.8,0.13,5000,730600,"B"
"HHS","11:09:19",6.8,0.13,12000,725600,"B"
"HHS","11:08:48",6.81,0.14,5000,713600,"S"
"HHS","11:08:42",6.81,0.14,4700,708600,"S"
"HHS","11:08:31",6.81,0.14,5500,703900,"B"
"HHS","11:07:08",6.81,0.14,1000,698400,"B"
"HHS","11:07:06",6.81,0.14,1500,697400,"S"
"HHS","11:06:55",6.81,0.14,500,695900,"B"
"HHS","11:06:54",6.81,0.14,500,695400,"S"
"HHS","11:06:53",6.81,0.14,500,694900,"B"
"HHS","11:06:42",6.81,0.14,5600,694400,"S"
"HHS","11:06:31",6.81,0.14,10000,688800,"S"
"HHS","11:06:20",6.81,0.14,300,678800,"S"
"HHS","11:06:13",6.81,0.14,800,678500,"S"
"HHS","11:05:39",6.8,0.13,200,677700,"B"
"HHS","11:05:29",6.8,0.13,11400,677500,"S"
"HHS","11:04:49",6.79,0.12,300,666100,"S"
"HHS","11:03:14",6.79,0.12,700,665800,"B"
"HHS","11:02:18",6.79,0.12,3000,665100,"S"
"HHS","11:02:10",6.8,0.13,100000,662100,"S"
"HHS","11:02:01",6.79,0.12,16300,562100,"S"
"HHS","11:02:00",6.79,0.12,2000,545800,"S"
"HHS","11:01:38",6.79,0.12,10000,543800,"S"
"HHS","11:00:28",6.78,0.11,500,533800,"S"
"HHS","10:59:31",6.78,0.11,9700,533300,"S"
"HHS","10:59:30",6.78,0.11,500,523600,"S"
"HHS","10:59:28",6.78,0.11,2100,523100,"B"
"HHS","10:59:15",6.78,0.11,900,521000,"S"
"HHS","10:58:43",6.78,0.11,800,520100,"B"
"HHS","10:58:41",6.78,0.11,100,519300,"B"
"HHS","10:58:35",6.78,0.11,200,519200,"B"
"HHS","10:57:11",6.79,0.12,5300,519000,"S"
"HHS","10:57:11",6.78,0.11,4700,513700,"S"
"HHS","10:57:06",6.77,0.1,300,509000,"B"
"HHS","10:55:59",6.78,0.11,100,508700,"S"
"HHS","10:54:17",6.78,0.11,100,508600,"B"
"HHS","10:54:14",6.78,0.11,5000,508500,"B"
"HHS","10:54:12",6.79,0.12,10000,503500,"S"
"HHS","10:54:08",6.79,0.12,10000,493500,"S"
"HHS","10:54:03",6.79,0.12,9800,483500,"S"
"HHS","10:54:01",6.78,0.11,100,473700,"B"
"HHS","10:53:45",6.78,0.11,300,473600,"S"
"HHS","10:53:11",6.77,0.1,200,473300,"B"
"HHS","10:52:37",6.78,0.11,12000,473100,"S"
"HHS","10:52:37",6.78,0.11,1000,461100,"S"
"HHS","10:51:15",6.77,0.1,200,460100,"B"
"HHS","10:51:13",6.77,0.1,2000,459900,"B"
"HHS","10:50:57",6.77,0.1,3000,457900,"B"
"HHS","10:49:50",6.77,0.1,2000,454900,"B"
"HHS","10:49:31",6.78,0.11,4000,452900,"S"
"HHS","10:48:58",6.77,0.1,3000,448900,"B"
"HHS","10:48:07",6.77,0.1,200,445900,"B"
"HHS","10:46:32",6.77,0.1,5000,445700,"B"
"HHS","10:46:10",6.78,0.11,1500,440700,"S"
"HHS","10:45:20",6.77,0.1,1300,439200,"S"
"HHS","10:45:12",6.77,0.1,12000,437900,"S"
"HHS","10:43:53",6.77,0.1,1100,425900,"S"
"HHS","10:43:43",6.77,0.1,2000,424800,"S"
"HHS","10:43:24",6.77,0.1,8700,422800,"S"
"HHS","10:43:10",6.76,0.09,100,414100,"B"
"HHS","10:42:33",6.76,0.09,5000,414000,"B"
"HHS","10:41:09",6.76,0.09,27500,409000,"S"
"HHS","10:41:09",6.75,0.08,2400,381500,"S"
"HHS","10:38:33",6.74,0.07,500,379100,"B"
"HHS","10:35:58",6.74,0.07,10800,378600,"S"
"HHS","10:33:03",6.73,0.06,34400,367800,"S"
"HHS","10:30:31",6.73,0.06,500,333400,"B"
"HHS","10:25:01",6.74,0.07,4500,332900,"B"
"HHS","10:24:19",6.74,0.07,1000,328400,"B"
"HHS","10:24:05",6.75,0.08,200,327400,"B"
"HHS","10:24:05",6.75,0.08,500,327200,"B"
"HHS","10:22:36",6.75,0.08,1000,326700,"B"
"HHS","10:22:31",6.75,0.08,3000,325700,"B"
"HHS","10:21:51",6.75,0.08,20000,322700,"B"
"HHS","10:21:27",6.75,0.08,800,302700,"B"
"HHS","10:21:26",6.76,0.09,2500,301900,"S"
"HHS","10:21:24",6.75,0.08,15000,299400,"B"
"HHS","10:19:40",6.75,0.08,5000,284400,"B"
"HHS","10:19:24",6.75,0.08,5000,279400,"B"
"HHS","10:17:49",6.76,0.09,5000,274400,"S"
"HHS","10:17:24",6.76,0.09,700,269400,"B"
"HHS","10:16:30",6.76,0.09,200,268700,"B"
"HHS","10:16:01",6.76,0.09,200,268500,"S"
"HHS","10:15:50",6.76,0.09,2800,268300,"B"
"HHS","10:15:16",6.76,0.09,4000,265500,"B"
"HHS","10:15:12",6.77,0.1,2000,261500,"S"
"HHS","10:15:12",6.76,0.09,10000,259500,"B"
"HHS","10:14:10",6.77,0.1,10700,249500,"S"
"HHS","10:12:46",6.76,0.09,500,238800,"B"
"HHS","10:11:52",6.76,0.09,5000,238300,"B"
"HHS","10:11:13",6.76,0.09,5000,233300,"B"
"HHS","10:11:07",6.76,0.09,45000,228300,"S"
"HHS","10:10:37",6.75,0.08,100,183300,"B"
"HHS","10:10:20",6.75,0.08,100,183200,"B"
"HHS","10:10:15",6.75,0.08,6000,183100,"B"
"HHS","10:10:02",6.75,0.08,3000,177100,"B"
"HHS","10:08:57",6.75,0.08,10000,174100,"B"
"HHS","10:08:28",6.76,0.09,5000,164100,"S"
"HHS","10:08:04",6.76,0.09,10000,159100,"S"
"HHS","10:05:51",6.76,0.09,5000,149100,"S"
"HHS","10:05:46",6.75,0.08,100,144100,"B"
"HHS","10:03:26",6.76,0.09,500,144000,"S"
"HHS","10:03:08",6.75,0.08,5000,143500,"B"
"HHS","10:02:16",6.75,0.08,100,138500,"B"
"HHS","10:00:28",6.75,0.08,2000,138400,"B"
"HHS","10:00:19",6.76,0.09,500,136400,"S"
"HHS","10:00:17",6.75,0.08,500,135900,"B"
"HHS","09:58:45",6.76,0.09,200,135400,"S"
"HHS","09:58:21",6.75,0.08,2700,135200,"B"
"HHS","09:58:19",6.76,0.09,1000,132500,"S"
"HHS","09:57:56",6.76,0.09,300,131500,"S"
"HHS","09:57:29",6.76,0.09,1400,131200,"S"
"HHS","09:57:13",6.76,0.09,1700,129800,"B"
"HHS","09:57:08",6.76,0.09,3300,128100,"S"
"HHS","09:55:20",6.76,0.09,1200,124800,"B"
"HHS","09:55:19",6.76,0.09,2000,123600,"B"
"HHS","09:54:52",6.76,0.09,200,121600,"B"
"HHS","09:54:31",6.76,0.09,2000,121400,"B"
"HHS","09:54:30",6.76,0.09,500,119400,"B"
"HHS","09:54:03",6.76,0.09,300,118900,"B"
"HHS","09:53:37",6.76,0.09,200,118600,"B"
"HHS","09:52:49",6.76,0.09,100,118400,"B"
"HHS","09:51:25",6.76,0.09,500,118300,"B"
"HHS","09:50:41",6.76,0.09,3000,117800,"S"
"HHS","09:50:08",6.75,0.08,1000,114800,"B"
"HHS","09:49:41",6.75,0.08,5600,113800,"S"
"HHS","09:46:01",6.75,0.08,1400,108200,"B"
"HHS","09:45:57",6.75,0.08,500,106800,"S"
"HHS","09:44:51",6.75,0.08,100,106300,"B"
"HHS","09:43:30",6.76,0.09,100,106200,"S"
"HHS","09:42:32",6.76,0.09,100,106100,"S"
"HHS","09:41:00",6.76,0.09,200,106000,"S"
"HHS","09:39:31",6.76,0.09,800,105800,"B"
"HHS","09:37:53",6.76,0.09,4200,105000,"S"
"HHS","09:37:12",6.76,0.09,1100,100800,"S"
"HHS","09:37:12",6.75,0.08,1400,99700,"S"
"HHS","09:36:29",6.74,0.07,7800,98300,"S"
"HHS","09:35:23",6.73,0.06,3000,90500,"B"
"HHS","09:35:22",6.73,0.06,100,87500,"S"
"HHS","09:33:37",6.72,0.05,5100,87400,"S"
"HHS","09:33:37",6.72,0.05,7000,82300,"S"
"HHS","09:32:16",6.71,0.04,7000,75300,"S"
"HHS","09:30:59",6.71,0.04,5000,68300,"S"
"HHS","09:30:47",6.71,0.04,8000,63300,"B"
"HHS","09:30:35",6.71,0.04,5000,55300,"B"
"HHS","09:30:34",6.71,0.04,200,50300,"B"
"HHS","09:28:11",6.71,0.04,10500,50100,"S"
"HHS","09:28:09",6.7,0.03,3200,39600,"S"
"HHS","09:25:19",6.7,0.03,4700,36400,"B"
"HHS","09:25:04",6.7,0.03,3300,31700,"B"
"HHS","09:24:43",6.7,0.03,500,28400,"B"
"HHS","09:24:18",6.7,0.03,500,27900,"B"
"HHS","09:23:09",6.71,0.04,10000,27400,"B"
"HHS","09:21:49",6.7,0.03,700,17400,"B"
"HHS","09:21:32",6.7,0.03,300,16700,"S"
"HHS","09:20:40",6.7,0.03,6500,16400,"B"
"HHS","09:20:06",6.7,0.03,200,9900,"B"
"HHS","09:19:41",6.7,0.03,300,9700,"B"
"HHS","09:17:42",6.7,0.03,100,9400,"B"
"HHS","09:16:42",6.7,0.03,2000,9300,"B"
"HHS","09:15:13",6.7,0.03,1200,7300,"S"
"HHS","09:15:01",6.67,0,6100,6100,
