"symbol","time","price","change","vol","total","side"
"HPG","14:45:02",26.8,-0.25,5895500,34686700,
"HPG","14:29:56",27,-0.05,99900,28791200,"B"
"HPG","14:29:56",27,-0.05,10000,28691300,"B"
"HPG","14:29:54",27,-0.05,2800,28681300,"B"
"HPG","14:29:53",27,-0.05,28000,28678500,"B"
"HPG","14:29:52",27,-0.05,7700,28650500,"B"
"HPG","14:29:50",27,-0.05,12100,28642800,"B"
"HPG","14:29:48",27,-0.05,10100,28630700,"B"
"HPG","14:29:48",27.05,0,2000,28620600,"S"
"HPG","14:29:45",27,-0.05,5200,28618600,"B"
"HPG","14:29:44",27,-0.05,10000,28613400,"B"
"HPG","14:29:43",27,-0.05,5000,28603400,"B"
"HPG","14:29:43",27,-0.05,1000,28598400,"B"
"HPG","14:29:41",27,-0.05,9000,28597400,"B"
"HPG","14:29:40",27,-0.05,24500,28588400,"B"
"HPG","14:29:38",27,-0.05,500,28563900,"B"
"HPG","14:29:37",27,-0.05,100,28563400,"B"
"HPG","14:29:37",27.05,0,5000,28563300,"S"
"HPG","14:29:36",27,-0.05,2000,28558300,"B"
"HPG","14:29:33",27,-0.05,500,28556300,"B"
"HPG","14:29:30",27,-0.05,5000,28555800,"B"
"HPG","14:29:28",27,-0.05,6000,28550800,"B"
"HPG","14:29:25",27,-0.05,1000,28544800,"B"
"HPG","14:29:24",27,-0.05,2000,28543800,"B"
"HPG","14:29:23",27,-0.05,67100,28541800,"S"
"HPG","14:29:22",27,-0.05,1000,28474700,"S"
"HPG","14:29:22",26.95,-0.1,400,28473700,"B"
"HPG","14:29:20",26.95,-0.1,6800,28473300,"B"
"HPG","14:29:20",27,-0.05,100000,28466500,"S"
"HPG","14:29:17",26.95,-0.1,500,28366500,"B"
"HPG","14:29:16",26.95,-0.1,10900,28366000,"B"
"HPG","14:29:15",27,-0.05,4200,28355100,"S"
"HPG","14:29:14",27,-0.05,5000,28350900,"S"
"HPG","14:29:12",26.95,-0.1,20000,28345900,"B"
"HPG","14:29:10",27,-0.05,1200,28325900,"S"
"HPG","14:29:04",26.95,-0.1,2000,28324700,"B"
"HPG","14:29:01",26.95,-0.1,100,28322700,"B"
"HPG","14:28:57",27,-0.05,2000,28322600,"S"
"HPG","14:28:57",26.95,-0.1,800,28320600,"B"
"HPG","14:28:51",27,-0.05,20000,28319800,"S"
"HPG","14:28:51",26.95,-0.1,4000,28299800,"B"
"HPG","14:28:50",26.95,-0.1,500,28295800,"B"
"HPG","14:28:49",26.95,-0.1,5000,28295300,"B"
"HPG","14:28:48",26.95,-0.1,8000,28290300,"B"
"HPG","14:28:47",26.95,-0.1,10600,28282300,"B"
"HPG","14:28:46",26.95,-0.1,60300,28271700,"B"
"HPG","14:28:44",26.95,-0.1,1300,28211400,"B"
"HPG","14:28:42",26.95,-0.1,100,28210100,"B"
"HPG","14:28:42",26.95,-0.1,3000,28210000,"B"
"HPG","14:28:41",26.95,-0.1,10600,28207000,"B"
"HPG","14:28:41",27,-0.05,20000,28196400,"S"
"HPG","14:28:40",27,-0.05,500,28176400,"S"
"HPG","14:28:37",27,-0.05,10000,28175900,"S"
"HPG","14:28:36",26.95,-0.1,2500,28165900,"B"
"HPG","14:28:34",26.95,-0.1,10600,28163400,"B"
"HPG","14:28:32",26.95,-0.1,2500,28152800,"B"
"HPG","14:28:30",26.95,-0.1,2200,28150300,"B"
"HPG","14:28:26",26.95,-0.1,2500,28148100,"B"
"HPG","14:28:25",26.95,-0.1,15900,28145600,"B"
"HPG","14:28:24",27,-0.05,200,28129700,"S"
"HPG","14:28:23",27,-0.05,1000,28129500,"S"
"HPG","14:28:21",27,-0.05,500,28128500,"S"
"HPG","14:28:20",26.95,-0.1,12400,28128000,"B"
"HPG","14:28:17",27,-0.05,500,28115600,"S"
"HPG","14:28:13",26.95,-0.1,800,28115100,"B"
"HPG","14:28:12",26.95,-0.1,10100,28114300,"B"
"HPG","14:28:03",27,-0.05,500,28104200,"S"
"HPG","14:28:02",26.95,-0.1,1500,28103700,"B"
"HPG","14:27:59",27,-0.05,1300,28102200,"S"
"HPG","14:27:59",27,-0.05,3000,28100900,"S"
"HPG","14:27:58",27,-0.05,500,28097900,"S"
"HPG","14:27:57",27,-0.05,15300,28097400,"S"
"HPG","14:27:55",27,-0.05,100,28082100,"S"
"HPG","14:27:49",27,-0.05,100,28082000,"S"
"HPG","14:27:47",27,-0.05,4000,28081900,"S"
"HPG","14:27:45",27,-0.05,55300,28077900,"B"
"HPG","14:27:42",27,-0.05,5000,28022600,"B"
"HPG","14:27:39",27,-0.05,1000,28017600,"B"
"HPG","14:27:38",27,-0.05,1000,28016600,"B"
"HPG","14:27:37",27.05,0,1700,28015600,"S"
"HPG","14:27:33",27,-0.05,5500,28013900,"B"
"HPG","14:27:31",27,-0.05,3000,28008400,"B"
"HPG","14:27:31",27.05,0,3000,28005400,"S"
"HPG","14:27:30",27,-0.05,1200,28002400,"B"
"HPG","14:27:28",27,-0.05,27100,28001200,"S"
"HPG","14:27:27",27,-0.05,200,27974100,"S"
"HPG","14:27:26",27,-0.05,3500,27973900,"S"
"HPG","14:27:23",27,-0.05,200,27970400,"S"
"HPG","14:27:22",27,-0.05,5100,27970200,"S"
"HPG","14:27:19",27,-0.05,400,27965100,"S"
"HPG","14:27:15",27,-0.05,1300,27964700,"S"
"HPG","14:27:13",27,-0.05,5000,27963400,"S"
"HPG","14:27:13",27,-0.05,500,27958400,"S"
"HPG","14:27:12",27,-0.05,1000,27957900,"S"
"HPG","14:27:11",27,-0.05,500,27956900,"S"
"HPG","14:27:08",27,-0.05,20000,27956400,"S"
"HPG","14:27:05",27,-0.05,4500,27936400,"S"
"HPG","14:27:04",27,-0.05,5000,27931900,"S"
"HPG","14:27:01",27,-0.05,1300,27926900,"S"
"HPG","14:27:01",26.95,-0.1,100,27925600,"B"
"HPG","14:26:59",26.95,-0.1,1800,27925500,"B"
"HPG","14:26:59",27,-0.05,200,27923700,"S"
"HPG","14:26:55",27,-0.05,300,27923500,"S"
"HPG","14:26:53",27,-0.05,900,27923200,"S"
"HPG","14:26:52",27,-0.05,1300,27922300,"S"
"HPG","14:26:51",27,-0.05,400,27921000,"S"
"HPG","14:26:47",27,-0.05,500,27920600,"S"
"HPG","14:26:45",26.95,-0.1,1000,27920100,"B"
"HPG","14:26:44",27,-0.05,106500,27919100,"S"
"HPG","14:26:44",26.95,-0.1,800,27812600,"B"
"HPG","14:26:41",27,-0.05,200,27811800,"S"
"HPG","14:26:41",27,-0.05,110700,27811600,"B"
"HPG","14:26:40",27,-0.05,140200,27700900,"B"
"HPG","14:26:39",27.05,0,1000,27560700,"S"
"HPG","14:26:38",27.05,0,3300,27559700,"S"
"HPG","14:26:37",27,-0.05,28000,27556400,"B"
"HPG","14:26:33",27.05,0,1300,27528400,"B"
"HPG","14:26:31",27,-0.05,14200,27527100,"B"
"HPG","14:26:31",27.05,0,94800,27512900,"B"
"HPG","14:26:31",27.05,0,5300,27418100,"B"
"HPG","14:26:23",27,-0.05,497600,27411500,"B"
"HPG","14:26:23",27.05,0,2400,26913900,"B"
"HPG","14:26:21",27.1,0.05,200,26911500,"S"
"HPG","14:26:21",27.1,0.05,100,26911300,"S"
"HPG","14:26:18",27.05,0,500,26911200,"B"
"HPG","14:26:16",27.05,0,900,26910700,"B"
"HPG","14:26:15",27.1,0.05,100000,26909800,"S"
"HPG","14:26:15",27.1,0.05,4600,26809800,"S"
"HPG","14:26:14",27.05,0,1000,26805200,"B"
"HPG","14:26:10",27.05,0,500,26804200,"S"
"HPG","14:26:09",27,-0.05,1800,26803700,"B"
"HPG","14:26:09",27.1,0.05,1300,26801900,"S"
"HPG","14:26:03",27,-0.05,134400,26800600,"B"
"HPG","14:26:03",27.05,0,365600,26666200,"B"
"HPG","14:26:02",27.05,0,1200,26300600,"B"
"HPG","14:26:02",27.1,0.05,100,26299400,"S"
"HPG","14:25:57",27.1,0.05,100,26299300,"S"
"HPG","14:25:51",27.05,0,10600,26299200,"B"
"HPG","14:25:51",27.1,0.05,1800,26288600,"S"
"HPG","14:25:50",27.1,0.05,1300,26286800,"S"
"HPG","14:25:49",27.1,0.05,1000,26285500,"S"
"HPG","14:25:48",27.1,0.05,30800,26284500,"B"
"HPG","14:25:46",27.1,0.05,69300,26253700,"S"
"HPG","14:25:45",27.1,0.05,70800,26184400,"B"
"HPG","14:25:44",27.1,0.05,1000,26113600,"B"
"HPG","14:25:43",27.1,0.05,2000,26112600,"B"
"HPG","14:25:42",27.1,0.05,1200,26110600,"B"
"HPG","14:25:42",27.1,0.05,86100,26109400,"B"
"HPG","14:25:40",27.1,0.05,11100,26023300,"B"
"HPG","14:25:39",27.1,0.05,500,26012200,"B"
"HPG","14:25:38",27.1,0.05,21000,26011700,"B"
"HPG","14:25:37",27.15,0.1,200,25990700,"S"
"HPG","14:25:36",27.15,0.1,500,25990500,"S"
"HPG","14:25:36",27.1,0.05,100,25990000,"B"
"HPG","14:25:35",27.15,0.1,21700,25989900,"S"
"HPG","14:25:34",27.1,0.05,80500,25968200,"B"
"HPG","14:25:33",27.15,0.1,200,25887700,"S"
"HPG","14:25:33",27.1,0.05,10600,25887500,"B"
"HPG","14:25:33",27.15,0.1,800,25876900,"S"
"HPG","14:25:30",27.1,0.05,500,25876100,"B"
"HPG","14:25:28",27.1,0.05,3000,25875600,"B"
"HPG","14:25:26",27.1,0.05,122000,25872600,"B"
"HPG","14:25:26",27.15,0.1,16000,25750600,"S"
"HPG","14:25:22",27.1,0.05,14600,25734600,"B"
"HPG","14:25:21",27.1,0.05,800,25720000,"B"
"HPG","14:25:19",27.1,0.05,1400,25719200,"B"
"HPG","14:25:18",27.1,0.05,12300,25717800,"B"
"HPG","14:25:17",27.15,0.1,500,25705500,"S"
"HPG","14:25:17",27.1,0.05,1800,25705000,"B"
"HPG","14:25:10",27.1,0.05,6400,25703200,"B"
"HPG","14:25:10",27.15,0.1,2500,25696800,"B"
"HPG","14:25:08",27.15,0.1,5300,25694300,"B"
"HPG","14:25:07",27.15,0.1,600,25689000,"B"
"HPG","14:25:06",27.15,0.1,200,25688400,"B"
"HPG","14:25:06",27.2,0.15,200,25688200,"S"
"HPG","14:25:06",27.15,0.1,45100,25688000,"B"
"HPG","14:25:05",27.15,0.1,2000,25642900,"B"
"HPG","14:25:04",27.15,0.1,2500,25640900,"B"
"HPG","14:25:03",27.15,0.1,100,25638400,"B"
"HPG","14:25:02",27.15,0.1,7200,25638300,"B"
"HPG","14:25:00",27.15,0.1,35000,25631100,"B"
"HPG","14:24:57",27.15,0.1,500,25596100,"B"
"HPG","14:24:56",27.2,0.15,100,25595600,"S"
"HPG","14:24:52",27.2,0.15,1000,25595500,"S"
"HPG","14:24:50",27.15,0.1,10400,25594500,"B"
"HPG","14:24:50",27.2,0.15,200,25584100,"S"
"HPG","14:24:47",27.2,0.15,100,25583900,"S"
"HPG","14:24:43",27.15,0.1,400,25583800,"B"
"HPG","14:24:40",27.2,0.15,1000,25583400,"S"
"HPG","14:24:40",27.15,0.1,100,25582400,"B"
"HPG","14:24:38",27.15,0.1,800,25582300,"B"
"HPG","14:24:38",27.2,0.15,100,25581500,"S"
"HPG","14:24:33",27.2,0.15,15000,25581400,"S"
"HPG","14:24:31",27.15,0.1,3000,25566400,"B"
"HPG","14:24:29",27.2,0.15,100,25563400,"S"
"HPG","14:24:26",27.15,0.1,1800,25563300,"B"
"HPG","14:24:25",27.2,0.15,500,25561500,"S"
"HPG","14:24:20",27.2,0.15,900,25561000,"S"
"HPG","14:24:11",27.2,0.15,100,25560100,"S"
"HPG","14:24:03",27.15,0.1,400,25560000,"B"
"HPG","14:24:03",27.2,0.15,200,25559600,"S"
"HPG","14:24:01",27.15,0.1,10000,25559400,"B"
"HPG","14:24:00",27.2,0.15,16000,25549400,"S"
"HPG","14:23:59",27.15,0.1,20000,25533400,"B"
"HPG","14:23:56",27.15,0.1,800,25513400,"B"
"HPG","14:23:55",27.2,0.15,200,25512600,"S"
"HPG","14:23:48",27.15,0.1,6000,25512400,"B"
"HPG","14:23:48",27.2,0.15,1000,25506400,"S"
"HPG","14:23:45",27.2,0.15,2600,25505400,"S"
"HPG","14:23:45",27.2,0.15,100,25502800,"S"
"HPG","14:23:43",27.2,0.15,30100,25502700,"S"
"HPG","14:23:37",27.2,0.15,900,25472600,"S"
"HPG","14:23:37",27.15,0.1,100,25471700,"B"
"HPG","14:23:36",27.2,0.15,400,25471600,"S"
"HPG","14:23:35",27.15,0.1,1800,25471200,"B"
"HPG","14:23:30",27.2,0.15,14900,25469400,"S"
"HPG","14:23:29",27.2,0.15,35100,25454500,"S"
"HPG","14:23:29",27.2,0.15,3000,25419400,"S"
"HPG","14:23:27",27.15,0.1,100,25416400,"B"
"HPG","14:23:26",27.2,0.15,100,25416300,"S"
"HPG","14:23:24",27.15,0.1,200,25416200,"B"
"HPG","14:23:16",27.2,0.15,100,25416000,"S"
"HPG","14:23:13",27.2,0.15,1000,25415900,"S"
"HPG","14:23:12",27.2,0.15,200,25414900,"S"
"HPG","14:23:11",27.15,0.1,900,25414700,"B"
"HPG","14:23:08",27.2,0.15,200,25413800,"S"
"HPG","14:22:58",27.2,0.15,100,25413600,"S"
"HPG","14:22:58",27.15,0.1,500,25413500,"B"
"HPG","14:22:54",27.2,0.15,100,25413000,"S"
"HPG","14:22:50",27.2,0.15,100,25412900,"S"
"HPG","14:22:44",27.15,0.1,10000,25412800,"B"
"HPG","14:22:44",27.15,0.1,1800,25402800,"B"
"HPG","14:22:42",27.2,0.15,100,25401000,"S"
"HPG","14:22:41",27.2,0.15,5100,25400900,"S"
"HPG","14:22:32",27.2,0.15,200,25395800,"S"
"HPG","14:22:23",27.2,0.15,100,25395600,"S"
"HPG","14:22:22",27.15,0.1,100,25395500,"B"
"HPG","14:22:16",27.15,0.1,5200,25395400,"B"
"HPG","14:22:14",27.2,0.15,100,25390200,"S"
"HPG","14:22:10",27.15,0.1,500,25390100,"B"
"HPG","14:22:07",27.15,0.1,2900,25389600,"B"
"HPG","14:22:05",27.2,0.15,100,25386700,"S"
"HPG","14:22:03",27.15,0.1,800,25386600,"B"
"HPG","14:21:58",27.15,0.1,900,25385800,"B"
"HPG","14:21:54",27.15,0.1,16600,25384900,"S"
"HPG","14:21:53",27.1,0.05,2800,25368300,"B"
"HPG","14:21:52",27.15,0.1,500,25365500,"S"
"HPG","14:21:52",27.1,0.05,1800,25365000,"B"
"HPG","14:21:47",27.15,0.1,300,25363200,"S"
"HPG","14:21:46",27.15,0.1,100,25362900,"S"
"HPG","14:21:44",27.15,0.1,200,25362800,"S"
"HPG","14:21:44",27.15,0.1,5700,25362600,"B"
"HPG","14:21:42",27.15,0.1,200,25356900,"B"
"HPG","14:21:42",27.15,0.1,195100,25356700,"S"
"HPG","14:21:36",27.15,0.1,100,25161600,"S"
"HPG","14:21:27",27.15,0.1,200,25161500,"S"
"HPG","14:21:24",27.15,0.1,500,25161300,"S"
"HPG","14:21:19",27.1,0.05,500,25160800,"B"
"HPG","14:21:18",27.15,0.1,400,25160300,"S"
"HPG","14:21:09",27.15,0.1,100,25159900,"S"
"HPG","14:21:04",27.15,0.1,1000,25159800,"S"
"HPG","14:21:03",27.1,0.05,800,25158800,"B"
"HPG","14:21:01",27.1,0.05,1800,25158000,"B"
"HPG","14:21:00",27.15,0.1,300,25156200,"S"
"HPG","14:21:00",27.15,0.1,100,25155900,"S"
"HPG","14:20:51",27.15,0.1,100,25155800,"S"
"HPG","14:20:48",27.1,0.05,2000,25155700,"B"
"HPG","14:20:42",27.15,0.1,100,25153700,"S"
"HPG","14:20:37",27.1,0.05,1000,25153600,"B"
"HPG","14:20:37",27.15,0.1,200,25152600,"S"
"HPG","14:20:33",27.15,0.1,100,25152400,"S"
"HPG","14:20:24",27.15,0.1,100,25152300,"S"
"HPG","14:20:19",27.1,0.05,800,25152200,"B"
"HPG","14:20:16",27.15,0.1,300,25151400,"S"
"HPG","14:20:15",27.15,0.1,100,25151100,"S"
"HPG","14:20:10",27.15,0.1,20000,25151000,"S"
"HPG","14:20:06",27.15,0.1,500,25131000,"S"
"HPG","14:20:05",27.15,0.1,100,25130500,"S"
"HPG","14:20:00",27.1,0.05,3000,25130400,"B"
"HPG","14:19:57",27.15,0.1,1000,25127400,"S"
"HPG","14:19:57",27.15,0.1,100,25126400,"S"
"HPG","14:19:56",27.15,0.1,500,25126300,"S"
"HPG","14:19:48",27.15,0.1,200,25125800,"S"
"HPG","14:19:39",27.15,0.1,100,25125600,"S"
"HPG","14:19:36",27.1,0.05,900,25125500,"B"
"HPG","14:19:30",27.15,0.1,200,25124600,"S"
"HPG","14:19:28",27.1,0.05,1000,25124400,"B"
"HPG","14:19:24",27.15,0.1,500,25123400,"S"
"HPG","14:19:21",27.15,0.1,100,25122900,"S"
"HPG","14:19:18",27.15,0.1,300,25122800,"S"
"HPG","14:19:12",27.15,0.1,100,25122500,"S"
"HPG","14:19:04",27.15,0.1,25000,25122400,"S"
"HPG","14:19:02",27.15,0.1,100,25097400,"S"
"HPG","14:19:01",27.15,0.1,700,25097300,"S"
"HPG","14:18:59",27.1,0.05,1500,25096600,"B"
"HPG","14:18:55",27.15,0.1,5000,25095100,"S"
"HPG","14:18:54",27.15,0.1,200,25090100,"S"
"HPG","14:18:52",27.15,0.1,400,25089900,"S"
"HPG","14:18:45",27.15,0.1,200,25089500,"S"
"HPG","14:18:44",27.15,0.1,2400,25089300,"S"
"HPG","14:18:41",27.15,0.1,400,25086900,"S"
"HPG","14:18:36",27.15,0.1,400,25086500,"S"
"HPG","14:18:34",27.1,0.05,2000,25086100,"B"
"HPG","14:18:28",27.15,0.1,500,25084100,"S"
"HPG","14:18:27",27.15,0.1,5800,25083600,"B"
"HPG","14:18:25",27.15,0.1,100,25077800,"B"
"HPG","14:18:25",27.2,0.15,100,25077700,"S"
"HPG","14:18:24",27.15,0.1,10000,25077600,"B"
"HPG","14:18:22",27.15,0.1,600,25067600,"B"
"HPG","14:18:21",27.15,0.1,2900,25067000,"B"
"HPG","14:18:21",27.15,0.1,1800,25064100,"B"
"HPG","14:18:19",27.15,0.1,500,25062300,"B"
"HPG","14:18:18",27.15,0.1,500,25061800,"B"
"HPG","14:18:18",27.15,0.1,29000,25061300,"S"
"HPG","14:18:16",27.15,0.1,2100,25032300,"S"
"HPG","14:18:15",27.15,0.1,7500,25030200,"S"
"HPG","14:18:14",27.15,0.1,900,25022700,"S"
"HPG","14:18:12",27.15,0.1,2000,25021800,"S"
"HPG","14:18:10",27.15,0.1,5000,25019800,"S"
"HPG","14:18:09",27.1,0.05,800,25014800,"B"
"HPG","14:18:07",27.15,0.1,100,25014000,"S"
"HPG","14:18:06",27.15,0.1,50000,25013900,"S"
"HPG","14:18:01",27.15,0.1,8500,24963900,"S"
"HPG","14:18:00",27.15,0.1,11500,24955400,"S"
"HPG","14:17:58",27.15,0.1,200,24943900,"S"
"HPG","14:17:54",27.15,0.1,200,24943700,"S"
"HPG","14:17:49",27.15,0.1,100,24943500,"S"
"HPG","14:17:45",27.15,0.1,6300,24943400,"S"
"HPG","14:17:43",27.15,0.1,5000,24937100,"S"
"HPG","14:17:39",27.15,0.1,100,24932100,"S"
"HPG","14:17:34",27.1,0.05,100,24932000,"B"
"HPG","14:17:33",27.15,0.1,500,24931900,"S"
"HPG","14:17:32",27.15,0.1,4000,24931400,"S"
"HPG","14:17:31",27.15,0.1,100,24927400,"S"
"HPG","14:17:29",27.1,0.05,5000,24927300,"B"
"HPG","14:17:25",27.1,0.05,800,24922300,"B"
"HPG","14:17:23",27.15,0.1,1000,24921500,"S"
"HPG","14:17:22",27.15,0.1,200,24920500,"S"
"HPG","14:17:21",27.1,0.05,400,24920300,"B"
"HPG","14:17:21",27.1,0.05,500,24919900,"B"
"HPG","14:17:17",27.1,0.05,600,24919400,"B"
"HPG","14:17:15",27.1,0.05,900,24918800,"B"
"HPG","14:17:13",27.15,0.1,100,24917900,"S"
"HPG","14:17:12",27.15,0.1,2000,24917800,"S"
"HPG","14:17:10",27.15,0.1,100,24915800,"S"
"HPG","14:17:09",27.15,0.1,3000,24915700,"S"
"HPG","14:17:06",27.1,0.05,500,24912700,"B"
"HPG","14:17:03",27.15,0.1,100,24912200,"S"
"HPG","14:17:02",27.1,0.05,3000,24912100,"B"
"HPG","14:17:01",27.1,0.05,600,24909100,"B"
"HPG","14:16:56",27.1,0.05,3000,24908500,"B"
"HPG","14:16:55",27.15,0.1,100,24905500,"S"
"HPG","14:16:47",27.15,0.1,15600,24905400,"S"
"HPG","14:16:47",27.15,0.1,34400,24889800,"S"
"HPG","14:16:46",27.15,0.1,100,24855400,"S"
"HPG","14:16:46",27.1,0.05,600,24855300,"B"
"HPG","14:16:42",27.1,0.05,100,24854700,"B"
"HPG","14:16:42",27.1,0.05,100,24854600,"B"
"HPG","14:16:40",27.1,0.05,100,24854500,"S"
"HPG","14:16:39",27.1,0.05,400,24854400,"B"
"HPG","14:16:37",27.1,0.05,299800,24854000,"S"
"HPG","14:16:37",27.05,0,5000,24554200,"B"
"HPG","14:16:30",27.1,0.05,400,24549200,"S"
"HPG","14:16:28",27.1,0.05,100,24548800,"S"
"HPG","14:16:24",27.1,0.05,3300,24548700,"S"
"HPG","14:16:20",27.1,0.05,300,24545400,"S"
"HPG","14:16:19",27.1,0.05,100,24545100,"S"
"HPG","14:16:11",27.1,0.05,200,24544100,"S"
"HPG","14:16:08",27.1,0.05,900,24543900,"S"
"HPG","14:16:07",27.1,0.05,1000,24543000,"S"
"HPG","14:16:04",27.1,0.05,100,24542000,"S"
"HPG","14:16:02",27.05,0,800,24541900,"B"
"HPG","14:16:01",27.1,0.05,100,24541100,"S"
"HPG","14:16:00",27.1,0.05,400,24541000,"S"
"HPG","14:15:54",27.1,0.05,3300,24540600,"S"
"HPG","14:15:52",27.1,0.05,100,24537300,"S"
"HPG","14:15:46",27.1,0.05,200,24537200,"S"
"HPG","14:15:44",27.05,0,100,24537000,"B"
"HPG","14:15:42",27.1,0.05,100,24536900,"S"
"HPG","14:15:39",27.1,0.05,400,24536800,"S"
"HPG","14:15:37",27.1,0.05,20000,24536400,"S"
"HPG","14:15:35",27.1,0.05,100,24516400,"S"
"HPG","14:15:34",27.1,0.05,100,24516300,"S"
"HPG","14:15:30",27.05,0,900,24516200,"B"
"HPG","14:15:29",27.05,0,300,24515300,"B"
"HPG","14:15:25",27.1,0.05,200,24515000,"S"
"HPG","14:15:24",27.05,0,600,24514800,"B"
"HPG","14:15:24",27.1,0.05,3300,24514200,"S"
"HPG","14:15:23",27.05,0,2500,24510900,"B"
"HPG","14:15:22",27.05,0,1100,24508400,"B"
"HPG","14:15:19",27.05,0,800,24507300,"B"
"HPG","14:15:18",27.1,0.05,400,24506500,"S"
"HPG","14:15:16",27.1,0.05,200,24506100,"S"
"HPG","14:15:13",27.05,0,1400,24505900,"B"
"HPG","14:15:12",27.1,0.05,300,24504500,"S"
"HPG","14:15:07",27.1,0.05,200,24504200,"S"
"HPG","14:15:01",27.05,0,1200,24504000,"B"
"HPG","14:14:58",27.1,0.05,300,24502800,"S"
"HPG","14:14:57",27.1,0.05,500,24502500,"S"
"HPG","14:14:54",27.1,0.05,3300,24502000,"S"
"HPG","14:14:52",27.05,0,7300,24498700,"B"
"HPG","14:14:49",27.1,0.05,100,24491400,"S"
"HPG","14:14:46",27.05,0,200,24491300,"B"
"HPG","14:14:45",27.05,0,1400,24491100,"B"
"HPG","14:14:44",27.05,0,3000,24489700,"B"
"HPG","14:14:43",27.05,0,1700,24486700,"B"
"HPG","14:14:41",27.05,0,2500,24485000,"B"
"HPG","14:14:40",27.1,0.05,100,24482500,"S"
"HPG","14:14:38",27.05,0,2000,24482400,"B"
"HPG","14:14:35",27.05,0,600,24480400,"B"
"HPG","14:14:34",27.05,0,900,24479800,"B"
"HPG","14:14:32",27.05,0,1600,24478900,"B"
"HPG","14:14:31",27.1,0.05,200,24477300,"S"
"HPG","14:14:29",27.1,0.05,200,24477100,"S"
"HPG","14:14:24",27.1,0.05,3300,24476900,"S"
"HPG","14:14:23",27.05,0,400,24473600,"B"
"HPG","14:14:21",27.1,0.05,200,24473200,"S"
"HPG","14:14:19",27.05,0,600,24473000,"B"
"HPG","14:14:19",27.05,0,1300,24472400,"B"
"HPG","14:14:17",27.05,0,2000,24471100,"B"
"HPG","14:14:14",27.05,0,1400,24469100,"B"
"HPG","14:14:12",27.1,0.05,200,24467700,"S"
"HPG","14:14:08",27.05,0,1200,24467500,"B"
"HPG","14:14:07",27.05,0,500,24466300,"B"
"HPG","14:14:04",27.1,0.05,100,24465800,"S"
"HPG","14:14:03",27.05,0,1500,24465700,"B"
"HPG","14:14:03",27.05,0,2000,24464200,"B"
"HPG","14:14:01",27.05,0,100,24462200,"B"
"HPG","14:13:57",27.05,0,1500,24462100,"B"
"HPG","14:13:56",27.1,0.05,100,24460600,"S"
"HPG","14:13:54",27.05,0,1000,24460500,"B"
"HPG","14:13:54",27.1,0.05,3200,24459500,"S"
"HPG","14:13:51",27.05,0,800,24456300,"B"
"HPG","14:13:48",27.05,0,600,24455500,"B"
"HPG","14:13:45",27.05,0,1000,24454900,"B"
"HPG","14:13:45",27.1,0.05,100,24453900,"S"
"HPG","14:13:44",27.05,0,1400,24453800,"B"
"HPG","14:13:38",27.05,0,1800,24452400,"B"
"HPG","14:13:37",27.05,0,1400,24450600,"B"
"HPG","14:13:37",27.1,0.05,100,24449200,"S"
"HPG","14:13:27",27.1,0.05,100,24449100,"S"
"HPG","14:13:25",27.05,0,1100,24449000,"B"
"HPG","14:13:24",27.1,0.05,3300,24447900,"S"
"HPG","14:13:23",27.05,0,300,24444600,"B"
"HPG","14:13:21",27.1,0.05,50000,24444300,"S"
"HPG","14:13:18",27.1,0.05,100,24394300,"S"
"HPG","14:13:16",27.05,0,1200,24394200,"B"
"HPG","14:13:14",27.05,0,600,24393000,"B"
"HPG","14:13:14",27.05,0,1400,24392400,"B"
"HPG","14:13:11",27.05,0,15900,24391000,"S"
"HPG","14:13:09",27.05,0,200,24375100,"S"
"HPG","14:13:07",27,-0.05,800,24374900,"B"
"HPG","14:13:06",27,-0.05,1100,24374100,"B"
"HPG","14:13:00",27.05,0,100,24373000,"S"
"HPG","14:12:58",27,-0.05,600,24372900,"B"
"HPG","14:12:56",27,-0.05,1500,24372300,"B"
"HPG","14:12:51",27.05,0,1000,24370800,"S"
"HPG","14:12:51",27.05,0,3600,24369800,"S"
"HPG","14:12:51",27,-0.05,1800,24366200,"B"
"HPG","14:12:44",27,-0.05,2700,24364400,"B"
"HPG","14:12:42",27.05,0,100,24361700,"S"
"HPG","14:12:40",27.05,0,500,24361600,"S"
"HPG","14:12:36",27.05,0,300,24361100,"S"
"HPG","14:12:33",27.05,0,25000,24360800,"S"
"HPG","14:12:33",27.05,0,200,24335800,"S"
"HPG","14:12:33",27,-0.05,1500,24335600,"B"
"HPG","14:12:31",27,-0.05,10000,24334100,"B"
"HPG","14:12:28",27.05,0,5100,24324100,"S"
"HPG","14:12:27",27.05,0,1000,24319000,"S"
"HPG","14:12:26",27.05,0,10000,24318000,"S"
"HPG","14:12:25",27,-0.05,800,24308000,"B"
"HPG","14:12:24",27,-0.05,500,24307200,"B"
"HPG","14:12:24",27.05,0,100,24306700,"S"
"HPG","14:12:21",27,-0.05,1200,24306600,"B"
"HPG","14:12:19",27.05,0,100,24305400,"S"
"HPG","14:12:15",27.05,0,15000,24305300,"S"
"HPG","14:12:15",27,-0.05,40000,24290300,"B"
"HPG","14:12:15",27.05,0,100,24250300,"S"
"HPG","14:12:14",27,-0.05,1400,24250200,"B"
"HPG","14:12:14",27.05,0,100,24248800,"S"
"HPG","14:12:10",27,-0.05,1300,24248700,"B"
"HPG","14:12:10",27.05,0,2000,24247400,"S"
"HPG","14:12:07",27,-0.05,1000,24245400,"B"
"HPG","14:12:06",27.05,0,200,24244400,"S"
"HPG","14:12:04",27,-0.05,1800,24244200,"B"
"HPG","14:11:59",27,-0.05,1300,24242400,"B"
"HPG","14:11:57",27.05,0,700,24241100,"S"
"HPG","14:11:55",27.05,0,10000,24235400,"S"
"HPG","14:11:53",27,-0.05,600,24225400,"B"
"HPG","14:11:51",27,-0.05,2000,24224800,"B"
"HPG","14:11:48",27.05,0,10000,24222800,"S"
"HPG","14:11:48",27,-0.05,2900,24212800,"B"
"HPG","14:11:48",27.05,0,100,24209900,"S"
"HPG","14:11:44",27,-0.05,1400,24209800,"B"
"HPG","14:11:40",27,-0.05,800,24208400,"B"
"HPG","14:11:38",27.05,0,100,24207600,"S"
"HPG","14:11:37",27,-0.05,1400,24207500,"B"
"HPG","14:11:34",27.05,0,28000,24206100,"B"
"HPG","14:11:34",27.05,0,800,24178100,"B"
"HPG","14:11:33",27.05,0,5000,24177300,"B"
"HPG","14:11:32",27.05,0,500,24172300,"B"
"HPG","14:11:31",27.05,0,7000,24171800,"B"
"HPG","14:11:29",27.1,0.05,100,24164800,"S"
"HPG","14:11:27",27.05,0,700,24164700,"B"
"HPG","14:11:26",27.05,0,1000,24164000,"B"
"HPG","14:11:26",27.05,0,15000,24163000,"B"
"HPG","14:11:25",27.05,0,1000,24148000,"B"
"HPG","14:11:24",27.05,0,500,24147000,"B"
"HPG","14:11:23",27.05,0,47700,24146500,"B"
"HPG","14:11:21",27.05,0,600,24098800,"B"
"HPG","14:11:21",27.05,0,4400,24098200,"B"
"HPG","14:11:20",27.1,0.05,200,24093800,"S"
"HPG","14:11:20",27.05,0,500,24093600,"B"
"HPG","14:11:18",27.05,0,1700,24093100,"B"
"HPG","14:11:17",27.05,0,1800,24091400,"B"
"HPG","14:11:16",27.05,0,30000,24089600,"B"
"HPG","14:11:14",27.05,0,1400,24059600,"B"
"HPG","14:11:11",27.1,0.05,100,24058200,"S"
"HPG","14:11:09",27.05,0,25000,24058100,"B"
"HPG","14:11:06",27.05,0,2000,24033100,"B"
"HPG","14:11:05",27.05,0,600,24031100,"B"
"HPG","14:11:04",27.05,0,1400,24030500,"B"
"HPG","14:11:02",27.1,0.05,100,24029100,"S"
"HPG","14:11:02",27.05,0,1500,24029000,"B"
"HPG","14:11:00",27.1,0.05,300,24027500,"S"
"HPG","14:10:59",27.05,0,900,24027200,"B"
"HPG","14:10:53",27.1,0.05,100,24026300,"S"
"HPG","14:10:52",27.05,0,1100,24026200,"B"
"HPG","14:10:51",27.1,0.05,100,24025100,"S"
"HPG","14:10:45",27.1,0.05,100,24025000,"S"
"HPG","14:10:44",27.1,0.05,100,24024900,"S"
"HPG","14:10:44",27.05,0,1400,24024800,"B"
"HPG","14:10:43",27.05,0,1200,24023400,"B"
"HPG","14:10:36",27.05,0,10000,24022200,"B"
"HPG","14:10:35",27.1,0.05,100,24012200,"S"
"HPG","14:10:35",27.1,0.05,500,24012100,"S"
"HPG","14:10:32",27.05,0,1300,24011600,"B"
"HPG","14:10:31",27.1,0.05,3000,24010300,"S"
"HPG","14:10:29",27.1,0.05,200,24007300,"S"
"HPG","14:10:26",27.1,0.05,100,24007100,"S"
"HPG","14:10:25",27.05,0,21000,24007000,"B"
"HPG","14:10:23",27.05,0,4000,23986000,"B"
"HPG","14:10:21",27.05,0,1200,23982000,"B"
"HPG","14:10:17",27.1,0.05,100,23980800,"S"
"HPG","14:10:17",27.05,0,600,23980700,"B"
"HPG","14:10:15",27.05,0,200,23980100,"B"
"HPG","14:10:14",27.05,0,1400,23979900,"B"
"HPG","14:10:13",27.05,0,800,23978500,"B"
"HPG","14:10:11",27.05,0,1300,23977700,"B"
"HPG","14:10:08",27.05,0,500,23976400,"B"
"HPG","14:10:08",27.1,0.05,100,23975900,"S"
"HPG","14:10:06",27.1,0.05,3700,23975500,"S"
"HPG","14:10:05",27.1,0.05,400,23971800,"S"
"HPG","14:10:04",27.1,0.05,700,23971400,"S"
"HPG","14:10:03",27.05,0,5000,23970700,"B"
"HPG","14:10:03",27.1,0.05,700,23965700,"S"
"HPG","14:10:00",27.05,0,1100,23965000,"B"
"HPG","14:10:00",27.1,0.05,700,23963900,"S"
"HPG","14:09:58",27.1,0.05,200,23963200,"S"
"HPG","14:09:55",27.1,0.05,1100,23963000,"S"
"HPG","14:09:54",27.05,0,400,23961900,"B"
"HPG","14:09:51",27.05,0,1800,23961500,"B"
"HPG","14:09:49",27.1,0.05,200,23959700,"S"
"HPG","14:09:48",27.05,0,3000,23959500,"B"
"HPG","14:09:47",27.05,0,7300,23956500,"B"
"HPG","14:09:44",27.05,0,600,23949200,"B"
"HPG","14:09:43",27.05,0,1400,23948600,"B"
"HPG","14:09:41",27.1,0.05,200,23947200,"S"
"HPG","14:09:41",27.05,0,1200,23947000,"B"
"HPG","14:09:39",27.1,0.05,100,23945800,"S"
"HPG","14:09:35",27.1,0.05,500,23945700,"S"
"HPG","14:09:32",27.05,0,800,23945200,"B"
"HPG","14:09:32",27.1,0.05,200,23944400,"S"
"HPG","14:09:31",27.05,0,1300,23944200,"B"
"HPG","14:09:29",27.1,0.05,200,23942900,"S"
"HPG","14:09:29",27.05,0,600,23942700,"B"
"HPG","14:09:27",27.05,0,300,23942100,"B"
"HPG","14:09:23",27.1,0.05,100,23941800,"S"
"HPG","14:09:22",27.1,0.05,100,23941700,"S"
"HPG","14:09:20",27.05,0,1100,23941600,"B"
"HPG","14:09:14",27.1,0.05,200,23940500,"S"
"HPG","14:09:13",27.05,0,1400,23940300,"B"
"HPG","14:09:11",27.05,0,600,23938900,"B"
"HPG","14:09:10",27.05,0,6400,23938300,"B"
"HPG","14:09:05",27.1,0.05,500,23931900,"S"
"HPG","14:09:04",27.1,0.05,200,23931400,"S"
"HPG","14:09:01",27.1,0.05,400,23931200,"S"
"HPG","14:08:58",27.05,0,1400,23930800,"B"
"HPG","14:08:56",27.1,0.05,500,23929400,"S"
"HPG","14:08:53",27.1,0.05,1000,23928900,"S"
"HPG","14:08:52",27.1,0.05,2300,23927900,"S"
"HPG","14:08:50",27.1,0.05,45600,23925600,"B"
"HPG","14:08:48",27.1,0.05,900,23880000,"B"
"HPG","14:08:47",27.1,0.05,1500,23879100,"B"
"HPG","14:08:47",27.1,0.05,50000,23877600,"B"
"HPG","14:08:45",27.15,0.1,100,23827600,"S"
"HPG","14:08:43",27.1,0.05,1400,23827500,"B"
"HPG","14:08:42",27.1,0.05,100000,23826100,"B"
"HPG","14:08:37",27.15,0.1,100,23726100,"S"
"HPG","14:08:34",27.1,0.05,1100,23726000,"B"
"HPG","14:08:33",27.15,0.1,1000,23724900,"S"
"HPG","14:08:33",27.1,0.05,100,23723900,"B"
"HPG","14:08:33",27.1,0.05,5000,23723800,"B"
"HPG","14:08:31",27.15,0.1,1000,23718800,"S"
"HPG","14:08:26",27.15,0.1,100,23717800,"S"
"HPG","14:08:26",27.1,0.05,4000,23717700,"B"
"HPG","14:08:26",27.15,0.1,400,23713700,"S"
"HPG","14:08:25",27.1,0.05,1400,23713300,"B"
"HPG","14:08:20",27.15,0.1,5000,23711900,"S"
"HPG","14:08:18",27.15,0.1,100,23706900,"S"
"HPG","14:08:13",27.1,0.05,1400,23706800,"B"
"HPG","14:08:13",27.15,0.1,200,23705400,"S"
"HPG","14:08:13",27.1,0.05,1400,23705200,"B"
"HPG","14:08:13",27.15,0.1,20000,23703800,"S"
"HPG","14:08:12",27.1,0.05,2500,23683800,"B"
"HPG","14:08:10",27.15,0.1,100,23681300,"S"
"HPG","14:08:09",27.15,0.1,600,23681200,"S"
"HPG","14:08:05",27.15,0.1,3000,23680600,"S"
"HPG","14:08:02",27.1,0.05,3600,23677600,"B"
"HPG","14:08:02",27.15,0.1,100,23674000,"S"
"HPG","14:08:01",27.1,0.05,1500,23673900,"B"
"HPG","14:08:00",27.15,0.1,100,23672400,"S"
"HPG","14:07:58",27.15,0.1,32000,23672300,"S"
"HPG","14:07:54",27.15,0.1,100,23640300,"S"
"HPG","14:07:51",27.15,0.1,100,23640200,"S"
"HPG","14:07:50",27.1,0.05,1300,23639500,"B"
"HPG","14:07:48",27.1,0.05,1000,23638200,"B"
"HPG","14:07:48",27.15,0.1,400,23637200,"S"
"HPG","14:07:43",27.1,0.05,1400,23636800,"B"
"HPG","14:07:43",27.15,0.1,200,23635400,"S"
"HPG","14:07:42",27.15,0.1,100,23635200,"S"
"HPG","14:07:41",27.15,0.1,1100,23635100,"S"
"HPG","14:07:39",27.15,0.1,300,23634000,"S"
"HPG","14:07:38",27.1,0.05,1300,23633700,"B"
"HPG","14:07:36",27.15,0.1,800,23631700,"S"
"HPG","14:07:32",27.15,0.1,100,23630900,"S"
"HPG","14:07:30",27.15,0.1,1000,23630800,"S"
"HPG","14:07:27",27.1,0.05,1100,23629800,"B"
"HPG","14:07:23",27.15,0.1,200,23628700,"S"
"HPG","14:07:21",27.1,0.05,1800,23628500,"B"
"HPG","14:07:20",27.1,0.05,700,23626700,"B"
"HPG","14:07:18",27.1,0.05,2800,23626000,"B"
"HPG","14:07:17",27.15,0.1,900,23623200,"S"
"HPG","14:07:14",27.15,0.1,100,23622300,"S"
"HPG","14:07:13",27.1,0.05,10000,23622200,"B"
"HPG","14:07:12",27.1,0.05,100,23612200,"B"
"HPG","14:07:06",27.1,0.05,1200,23612100,"B"
"HPG","14:07:06",27.15,0.1,100,23610900,"S"
"HPG","14:07:04",27.1,0.05,100,23610800,"B"
"HPG","14:06:59",27.15,0.1,2500,23610700,"S"
"HPG","14:06:57",27.1,0.05,1200,23608200,"B"
"HPG","14:06:57",27.15,0.1,100,23607000,"S"
"HPG","14:06:50",27.15,0.1,500,23606900,"S"
"HPG","14:06:48",27.15,0.1,15000,23606400,"S"
"HPG","14:06:47",27.15,0.1,100,23591400,"S"
"HPG","14:06:46",27.1,0.05,2000,23591300,"B"
"HPG","14:06:43",27.1,0.05,1400,23589300,"B"
"HPG","14:06:39",27.15,0.1,100,23587900,"S"
"HPG","14:06:39",27.1,0.05,900,23587800,"B"
"HPG","14:06:34",27.1,0.05,1500,23586900,"B"
"HPG","14:06:34",27.1,0.05,1800,23585400,"B"
"HPG","14:06:33",27.1,0.05,28900,23583600,"B"
"HPG","14:06:29",27.15,0.1,1100,23554700,"S"
"HPG","14:06:27",27.1,0.05,1000,23553600,"B"
"HPG","14:06:24",27.15,0.1,1000,23552600,"S"
"HPG","14:06:22",27.1,0.05,1100,23551600,"B"
"HPG","14:06:21",27.15,0.1,100,23550500,"S"
"HPG","14:06:15",27.15,0.1,500,23550400,"S"
"HPG","14:06:13",27.1,0.05,1900,23549900,"B"
"HPG","14:06:13",27.1,0.05,1400,23548000,"B"
"HPG","14:06:11",27.15,0.1,100,23546600,"S"
"HPG","14:06:11",27.15,0.1,2000,23546500,"S"
"HPG","14:06:07",27.15,0.1,5000,23544500,"S"
"HPG","14:06:05",27.15,0.1,500,23539500,"S"
"HPG","14:06:02",27.1,0.05,1000,23539000,"B"
"HPG","14:06:02",27.15,0.1,100,23538000,"S"
"HPG","14:05:58",27.15,0.1,100,23537900,"S"
"HPG","14:05:57",27.1,0.05,600,23537800,"B"
"HPG","14:05:54",27.1,0.05,1500,23537200,"B"
"HPG","14:05:54",27.15,0.1,100,23535700,"S"
"HPG","14:05:51",27.1,0.05,800,23535600,"B"
"HPG","14:05:50",27.15,0.1,9500,23534800,"S"
"HPG","14:05:45",27.15,0.1,100,23525300,"S"
"HPG","14:05:43",27.15,0.1,10000,23525200,"S"
"HPG","14:05:43",27.1,0.05,1400,23515200,"B"
"HPG","14:05:42",27.1,0.05,1600,23513800,"B"
"HPG","14:05:37",27.1,0.05,12500,23512200,"S"
"HPG","14:05:36",27.1,0.05,20000,23499700,"S"
"HPG","14:05:36",27.1,0.05,100,23479700,"S"
"HPG","14:05:35",27.1,0.05,1000,23479600,"S"
"HPG","14:05:35",27.05,0,100,23478600,"B"
"HPG","14:05:32",27.05,0,3500,23478500,"B"
"HPG","14:05:32",27.1,0.05,11000,23475000,"S"
"HPG","14:05:31",27.1,0.05,200,23464000,"S"
"HPG","14:05:29",27.1,0.05,5000,23463800,"S"
"HPG","14:05:28",27.1,0.05,900,23458800,"S"
"HPG","14:05:26",27.1,0.05,200,23457900,"S"
"HPG","14:05:23",27.1,0.05,10000,23457700,"S"
"HPG","14:05:22",27.1,0.05,200,23447700,"S"
"HPG","14:05:21",27.1,0.05,100,23447500,"S"
"HPG","14:05:20",27.1,0.05,2100,23447400,"S"
"HPG","14:05:19",27.1,0.05,20000,23445300,"S"
"HPG","14:05:18",27.1,0.05,600,23425300,"S"
"HPG","14:05:17",27.1,0.05,100,23424700,"S"
"HPG","14:05:14",27.1,0.05,2000,23424600,"S"
"HPG","14:05:13",27.05,0,1400,23422600,"B"
"HPG","14:05:10",27.1,0.05,1000,23421200,"S"
"HPG","14:05:10",27.05,0,800,23420200,"B"
"HPG","14:05:10",27.1,0.05,11100,23419400,"S"
"HPG","14:05:09",27.1,0.05,30000,23408300,"S"
"HPG","14:05:08",27.1,0.05,100,23378300,"S"
"HPG","14:05:03",27.1,0.05,700,23378200,"S"
"HPG","14:05:03",27.05,0,3500,23377500,"B"
"HPG","14:05:01",27.1,0.05,100,23371600,"S"
"HPG","14:04:59",27.1,0.05,100,23371500,"S"
"HPG","14:04:55",27.1,0.05,100,23371400,"S"
"HPG","14:04:50",27.1,0.05,100,23371300,"S"
"HPG","14:04:45",27.1,0.05,100,23371200,"S"
"HPG","14:04:43",27.05,0,1400,23371100,"B"
"HPG","14:04:42",27.1,0.05,300,23369700,"S"
"HPG","14:04:39",27.1,0.05,1300,23369400,"S"
"HPG","14:04:36",27.1,0.05,100,23368100,"S"
"HPG","14:04:33",27.1,0.05,1000,23368000,"S"
"HPG","14:04:33",27.1,0.05,100,23367000,"S"
"HPG","14:04:32",27.1,0.05,400,23366900,"S"
"HPG","14:04:30",27.05,0,2900,23366500,"B"
"HPG","14:04:30",27.1,0.05,3000,23363600,"S"
"HPG","14:04:29",27.05,0,900,23360600,"B"
"HPG","14:04:26",27.1,0.05,200,23359700,"S"
"HPG","14:04:24",27.1,0.05,1000,23359500,"S"
"HPG","14:04:23",27.1,0.05,200,23358500,"S"
"HPG","14:04:23",27.1,0.05,1000,23358300,"S"
"HPG","14:04:22",27.05,0,300,23357300,"B"
"HPG","14:04:18",27.1,0.05,500,23357000,"S"
"HPG","14:04:17",27.05,0,100,23356500,"B"
"HPG","14:04:17",27.1,0.05,2900,23356400,"S"
"HPG","14:04:15",27.1,0.05,200,23353500,"S"
"HPG","14:04:15",27.1,0.05,5000,23353300,"S"
"HPG","14:04:14",27.1,0.05,100,23348300,"S"
"HPG","14:04:13",27.05,0,5000,23348200,"B"
"HPG","14:04:13",27.05,0,1400,23343200,"B"
"HPG","14:04:12",27.1,0.05,7000,23341800,"S"
"HPG","14:04:05",27.1,0.05,100,23334800,"S"
"HPG","14:03:56",27.1,0.05,100,23334700,"S"
"HPG","14:03:52",27.05,0,17000,23334600,"B"
"HPG","14:03:47",27.1,0.05,100,23317600,"S"
"HPG","14:03:45",27.1,0.05,5000,23317500,"S"
"HPG","14:03:42",27.05,0,1400,23312500,"B"
"HPG","14:03:39",27.05,0,30200,23311100,"S"
"HPG","14:03:39",27.05,0,10200,23280900,"S"
"HPG","14:03:38",27.05,0,5000,23270700,"S"
"HPG","14:03:38",27.05,0,10400,23265700,"S"
"HPG","14:03:37",27.05,0,200000,23255300,"S"
"HPG","14:03:37",27.05,0,17000,23055300,"S"
"HPG","14:03:33",27.05,0,2000,23038000,"S"
"HPG","14:03:32",27.05,0,11500,23036000,"S"
"HPG","14:03:31",27.05,0,6900,23024500,"S"
"HPG","14:03:30",27.05,0,20000,23017600,"S"
"HPG","14:03:30",27.05,0,100,22997600,"S"
"HPG","14:03:27",27.05,0,22600,22997500,"S"
"HPG","14:03:26",27.05,0,2000,22974900,"S"
"HPG","14:03:25",27.05,0,10600,22972900,"S"
"HPG","14:03:21",27.05,0,100,22962300,"S"
"HPG","14:03:18",27.05,0,200,22962200,"S"
"HPG","14:03:18",27.05,0,2000,22962000,"S"
"HPG","14:03:13",27.05,0,500,22960000,"S"
"HPG","14:03:12",27,-0.05,1400,22959500,"B"
"HPG","14:03:12",27.05,0,1000,22958100,"S"
"HPG","14:03:11",27.05,0,100,22957100,"S"
"HPG","14:03:08",27.05,0,3500,22957000,"S"
"HPG","14:03:07",27.05,0,5100,22953500,"S"
"HPG","14:03:04",27.05,0,400,22948400,"S"
"HPG","14:03:01",27.05,0,20000,22948000,"S"
"HPG","14:02:58",27.05,0,5300,22928000,"S"
"HPG","14:02:57",27,-0.05,3000,22922700,"B"
"HPG","14:02:56",27.05,0,16900,22919700,"S"
"HPG","14:02:54",27.05,0,200,22902800,"S"
"HPG","14:02:52",27,-0.05,400,22902600,"B"
"HPG","14:02:51",27,-0.05,500,22902200,"B"
"HPG","14:02:47",27,-0.05,200,22901700,"B"
"HPG","14:02:45",27.05,0,300,22901500,"S"
"HPG","14:02:42",27,-0.05,1400,22901200,"B"
"HPG","14:02:42",27.05,0,15900,22899800,"S"
"HPG","14:02:38",27,-0.05,1800,22883900,"B"
"HPG","14:02:36",27,-0.05,1600,22882100,"B"
"HPG","14:02:35",27,-0.05,5100,22880500,"S"
"HPG","14:02:34",27,-0.05,10100,22875400,"S"
"HPG","14:02:33",27,-0.05,200,22865300,"S"
"HPG","14:02:31",27,-0.05,1000,22865100,"S"
"HPG","14:02:31",27,-0.05,200,22864100,"S"
"HPG","14:02:30",27,-0.05,1900,22863900,"S"
"HPG","14:02:30",27,-0.05,1500,22862000,"S"
"HPG","14:02:29",27,-0.05,15900,22860500,"S"
"HPG","14:02:28",27,-0.05,200,22844600,"S"
"HPG","14:02:27",27,-0.05,1000,22844400,"S"
"HPG","14:02:27",27,-0.05,9800,22843400,"S"
"HPG","14:02:26",27,-0.05,5200,22833600,"S"
"HPG","14:02:25",27,-0.05,800,22828400,"S"
"HPG","14:02:23",27,-0.05,500,22827600,"S"
"HPG","14:02:22",27,-0.05,40100,22827100,"S"
"HPG","14:02:21",27,-0.05,68300,22787000,"S"
"HPG","14:02:18",27,-0.05,10000,22718700,"S"
"HPG","14:02:18",27,-0.05,900,22708700,"S"
"HPG","14:02:17",27,-0.05,5000,22707800,"S"
"HPG","14:02:16",27,-0.05,100,22702800,"S"
"HPG","14:02:16",27,-0.05,30000,22702700,"S"
"HPG","14:02:15",27,-0.05,10000,22672700,"S"
"HPG","14:02:15",26.95,-0.1,900,22662700,"B"
"HPG","14:02:14",27,-0.05,21000,22661800,"S"
"HPG","14:02:13",27,-0.05,13400,22640800,"S"
"HPG","14:02:12",26.95,-0.1,1400,22627400,"B"
"HPG","14:02:12",26.95,-0.1,1200,22626000,"B"
"HPG","14:02:12",27,-0.05,12100,22624800,"S"
"HPG","14:02:10",27,-0.05,15900,22612700,"S"
"HPG","14:02:08",27,-0.05,200,22596800,"S"
"HPG","14:02:05",27,-0.05,500,22596600,"S"
"HPG","14:02:04",27,-0.05,11700,22596100,"S"
"HPG","14:02:03",27,-0.05,15900,22584400,"S"
"HPG","14:02:02",26.95,-0.1,2400,22568500,"B"
"HPG","14:01:59",27,-0.05,100,22566100,"S"
"HPG","14:01:59",27,-0.05,12300,22566000,"S"
"HPG","14:01:58",27,-0.05,500,22553700,"S"
"HPG","14:01:56",27,-0.05,400,22553200,"S"
"HPG","14:01:55",26.95,-0.1,600,22552800,"B"
"HPG","14:01:52",26.95,-0.1,1400,22552200,"B"
"HPG","14:01:49",27,-0.05,100,22550800,"S"
"HPG","14:01:49",27,-0.05,3000,22550700,"S"
"HPG","14:01:48",27,-0.05,3500,22547700,"S"
"HPG","14:01:46",27,-0.05,500,22544200,"S"
"HPG","14:01:42",26.95,-0.1,1400,22543700,"B"
"HPG","14:01:40",27,-0.05,100,22542300,"S"
"HPG","14:01:40",26.95,-0.1,1300,22542200,"B"
"HPG","14:01:36",27,-0.05,10000,22540900,"S"
"HPG","14:01:33",27,-0.05,10000,22530900,"S"
"HPG","14:01:32",27,-0.05,100,22520900,"S"
"HPG","14:01:31",26.95,-0.1,500,22520800,"B"
"HPG","14:01:31",27,-0.05,10000,22520300,"S"
"HPG","14:01:30",26.95,-0.1,800,22510300,"B"
"HPG","14:01:30",27,-0.05,1000,22509500,"S"
"HPG","14:01:29",26.95,-0.1,1000,22508500,"B"
"HPG","14:01:28",27,-0.05,300,22507500,"S"
"HPG","14:01:27",27,-0.05,500,22507200,"S"
"HPG","14:01:24",27,-0.05,200,22506700,"S"
"HPG","14:01:20",27,-0.05,2000,22506500,"S"
"HPG","14:01:20",26.95,-0.1,2500,22504500,"B"
"HPG","14:01:18",27,-0.05,200,22502000,"S"
"HPG","14:01:15",27,-0.05,100,22501800,"S"
"HPG","14:01:12",27,-0.05,600,22501700,"S"
"HPG","14:01:12",26.95,-0.1,1400,22501100,"B"
"HPG","14:01:10",26.95,-0.1,1200,22499700,"B"
"HPG","14:01:09",27,-0.05,3500,22498500,"S"
"HPG","14:01:08",27,-0.05,500,22495000,"S"
"HPG","14:01:06",27,-0.05,300,22494500,"S"
"HPG","14:01:04",27,-0.05,200,22494200,"S"
"HPG","14:01:02",26.95,-0.1,1000,22492200,"B"
"HPG","14:01:01",26.95,-0.1,1100,22491200,"B"
"HPG","14:01:00",26.95,-0.1,2900,22490100,"B"
"HPG","14:00:56",27,-0.05,14500,22487200,"S"
"HPG","14:00:55",27,-0.05,100,22472700,"S"
"HPG","14:00:51",26.95,-0.1,1100,22472600,"B"
"HPG","14:00:50",26.95,-0.1,600,22471500,"B"
"HPG","14:00:48",26.95,-0.1,800,22470900,"B"
"HPG","14:00:46",27,-0.05,100,22470100,"S"
"HPG","14:00:44",26.95,-0.1,1000,22470000,"B"
"HPG","14:00:42",26.95,-0.1,2700,22469000,"B"
"HPG","14:00:37",27,-0.05,200,22466300,"S"
"HPG","14:00:33",26.95,-0.1,600,22466100,"B"
"HPG","14:00:31",26.95,-0.1,1700,22465500,"B"
"HPG","14:00:29",26.95,-0.1,1500,22463800,"B"
"HPG","14:00:29",27,-0.05,300,22462300,"S"
"HPG","14:00:28",27,-0.05,100,22462000,"S"
"HPG","14:00:27",27,-0.05,100,22461900,"S"
"HPG","14:00:26",27,-0.05,600,22461800,"S"
"HPG","14:00:24",27,-0.05,100,22461200,"S"
"HPG","14:00:23",27,-0.05,1000,22461100,"S"
"HPG","14:00:22",27,-0.05,3500,22460100,"S"
"HPG","14:00:20",27,-0.05,500,22456600,"S"
"HPG","14:00:19",27,-0.05,100,22456100,"S"
"HPG","14:00:19",26.95,-0.1,1200,22456000,"B"
"HPG","14:00:19",27,-0.05,500,22454800,"S"
"HPG","14:00:18",26.95,-0.1,600,22454300,"B"
"HPG","14:00:17",27,-0.05,700,22453700,"S"
"HPG","14:00:17",26.95,-0.1,1800,22453000,"B"
"HPG","14:00:12",26.95,-0.1,1400,22451200,"B"
"HPG","14:00:09",26.95,-0.1,1300,22449700,"B"
"HPG","14:00:06",26.95,-0.1,800,22448400,"B"
"HPG","14:00:02",27,-0.05,200,22447600,"S"
"HPG","14:00:01",26.95,-0.1,600,22447400,"B"
"HPG","14:00:00",26.95,-0.1,2400,22446800,"B"
"HPG","13:59:58",26.95,-0.1,1500,22444400,"B"
"HPG","13:59:55",27,-0.05,500,22442900,"S"
"HPG","13:59:52",27,-0.05,100,22442400,"S"
"HPG","13:59:49",26.95,-0.1,10000,22442300,"B"
"HPG","13:59:45",26.95,-0.1,1300,22432300,"B"
"HPG","13:59:45",27,-0.05,100,22431000,"S"
"HPG","13:59:42",27,-0.05,500,22430900,"S"
"HPG","13:59:41",26.95,-0.1,1400,22430400,"B"
"HPG","13:59:40",27,-0.05,100,22429000,"S"
"HPG","13:59:39",27,-0.05,4000,22428900,"S"
"HPG","13:59:38",27,-0.05,1000,22424900,"S"
"HPG","13:59:34",26.95,-0.1,1700,22423900,"B"
"HPG","13:59:26",27,-0.05,200,22422200,"S"
"HPG","13:59:23",26.95,-0.1,800,22422000,"B"
"HPG","13:59:20",26.95,-0.1,1300,22421200,"B"
"HPG","13:59:16",27,-0.05,200,22419900,"S"
"HPG","13:59:12",26.95,-0.1,600,22419700,"B"
"HPG","13:59:11",26.95,-0.1,1400,22419100,"B"
"HPG","13:59:09",27,-0.05,20000,22417700,"S"
"HPG","13:59:09",26.95,-0.1,1200,22397700,"B"
"HPG","13:59:07",27,-0.05,100,22396500,"S"
"HPG","13:59:00",27,-0.05,1000,22396400,"S"
"HPG","13:58:59",27,-0.05,2000,22395400,"S"
"HPG","13:58:59",26.95,-0.1,1600,22393400,"B"
"HPG","13:58:58",27,-0.05,700,22391800,"S"
"HPG","13:58:49",27,-0.05,100,22391100,"S"
"HPG","13:58:46",26.95,-0.1,7600,22391000,"B"
"HPG","13:58:45",26.95,-0.1,100,22383400,"B"
"HPG","13:58:42",26.95,-0.1,12600,22383300,"B"
"HPG","13:58:41",26.95,-0.1,2000,22370700,"B"
"HPG","13:58:41",27,-0.05,100,22368700,"S"
"HPG","13:58:35",26.95,-0.1,2000,22368600,"B"
"HPG","13:58:34",26.95,-0.1,1400,22366600,"B"
"HPG","13:58:32",27,-0.05,25000,22365200,"S"
"HPG","13:58:26",26.95,-0.1,5000,22340200,"B"
"HPG","13:58:24",26.95,-0.1,600,22335200,"B"
"HPG","13:58:21",26.95,-0.1,1200,22334600,"B"
"HPG","13:58:21",27,-0.05,100,22333400,"S"
"HPG","13:58:20",27,-0.05,200,22333300,"S"
"HPG","13:58:11",26.9,-0.15,1200,22333100,"B"
"HPG","13:58:11",26.95,-0.1,200,22331900,"B"
"HPG","13:58:11",26.95,-0.1,1000,22331700,"B"
"HPG","13:58:10",26.95,-0.1,1300,22330700,"S"
"HPG","13:58:10",26.95,-0.1,7500,22329400,"S"
"HPG","13:58:09",26.95,-0.1,15900,22321900,"S"
"HPG","13:58:05",26.95,-0.1,500,22306000,"S"
"HPG","13:58:03",26.95,-0.1,300,22305500,"S"
"HPG","13:58:02",26.9,-0.15,500,22305200,"B"
"HPG","13:58:02",26.9,-0.15,1300,22304700,"B"
"HPG","13:58:01",26.9,-0.15,800,22303400,"B"
"HPG","13:57:56",26.95,-0.1,15900,22302600,"S"
"HPG","13:57:53",26.95,-0.1,200,22286700,"S"
"HPG","13:57:52",26.95,-0.1,5000,22286500,"S"
"HPG","13:57:52",26.9,-0.15,600,22281500,"B"
"HPG","13:57:51",26.9,-0.15,1600,22280900,"B"
"HPG","13:57:50",26.9,-0.15,100,22279300,"B"
"HPG","13:57:45",26.95,-0.1,100,22279200,"S"
"HPG","13:57:41",26.9,-0.15,1400,22279100,"B"
"HPG","13:57:39",26.9,-0.15,1000,22277700,"B"
"HPG","13:57:36",26.95,-0.1,100,22276700,"S"
"HPG","13:57:36",26.9,-0.15,180900,22276600,"B"
"HPG","13:57:34",26.95,-0.1,40000,22095700,"S"
"HPG","13:57:31",26.9,-0.15,5000,22055700,"B"
"HPG","13:57:29",26.9,-0.15,1300,22050700,"B"
"HPG","13:57:27",26.95,-0.1,200,22049400,"S"
"HPG","13:57:23",26.9,-0.15,3000,22049200,"B"
"HPG","13:57:19",26.9,-0.15,600,22046200,"B"
"HPG","13:57:18",26.9,-0.15,1300,22045600,"B"
"HPG","13:57:18",26.95,-0.1,100,22044300,"S"
"HPG","13:57:16",26.95,-0.1,200,22044200,"S"
"HPG","13:57:15",26.9,-0.15,800,22044000,"B"
"HPG","13:57:15",26.9,-0.15,10000,22043200,"B"
"HPG","13:57:13",26.95,-0.1,200,22033200,"S"
"HPG","13:57:11",26.9,-0.15,1400,22033000,"B"
"HPG","13:57:08",26.95,-0.1,100,22031600,"S"
"HPG","13:57:08",26.9,-0.15,1300,22031500,"B"
"HPG","13:57:01",26.95,-0.1,400,22030200,"S"
"HPG","13:56:59",26.95,-0.1,100,22029800,"S"
"HPG","13:56:58",26.9,-0.15,5000,22029700,"B"
"HPG","13:56:58",26.95,-0.1,10000,22024700,"S"
"HPG","13:56:57",26.9,-0.15,1300,22014700,"B"
"HPG","13:56:53",26.95,-0.1,10000,22013400,"S"
"HPG","13:56:51",26.95,-0.1,100,22003400,"S"
"HPG","13:56:47",26.9,-0.15,1300,22003300,"B"
"HPG","13:56:46",26.9,-0.15,1200,22002000,"B"
"HPG","13:56:45",26.95,-0.1,5000,22000800,"S"
"HPG","13:56:42",26.95,-0.1,200,21995800,"S"
"HPG","13:56:41",26.9,-0.15,1400,21995600,"B"
"HPG","13:56:38",26.95,-0.1,100,21994200,"S"
"HPG","13:56:36",26.9,-0.15,1600,21994100,"B"
"HPG","13:56:35",26.95,-0.1,2500,21992500,"S"
"HPG","13:56:34",26.9,-0.15,800,21990000,"B"
"HPG","13:56:33",26.95,-0.1,100,21989200,"S"
"HPG","13:56:28",26.95,-0.1,500,21989100,"S"
"HPG","13:56:25",26.95,-0.1,3500,21988600,"S"
"HPG","13:56:23",26.9,-0.15,1300,21985100,"B"
"HPG","13:56:21",26.95,-0.1,1000,21983800,"S"
"HPG","13:56:18",26.95,-0.1,100,21982800,"S"
"HPG","13:56:17",26.95,-0.1,100,21982700,"B"
"HPG","13:56:16",26.95,-0.1,93000,21982600,"B"
"HPG","13:56:14",26.95,-0.1,600,21889600,"B"
"HPG","13:56:14",26.95,-0.1,46100,21889000,"B"
"HPG","13:56:13",27,-0.05,100,21842900,"S"
"HPG","13:56:12",26.95,-0.1,1800,21842800,"B"
"HPG","13:56:11",26.95,-0.1,1400,21841000,"B"
"HPG","13:56:06",26.95,-0.1,500,21839600,"B"
"HPG","13:56:04",27,-0.05,300,21839100,"S"
"HPG","13:56:03",26.95,-0.1,40000,21838800,"B"
"HPG","13:56:01",26.95,-0.1,1700,21798800,"B"
"HPG","13:55:55",27,-0.05,100,21797100,"S"
"HPG","13:55:53",26.95,-0.1,40800,21797000,"B"
"HPG","13:55:48",27,-0.05,200,21756200,"S"
"HPG","13:55:46",26.95,-0.1,1100,21756000,"B"
"HPG","13:55:41",27,-0.05,100,21754800,"S"
"HPG","13:55:41",26.95,-0.1,1400,21754700,"B"
"HPG","13:55:38",26.95,-0.1,500,21753300,"B"
"HPG","13:55:38",26.95,-0.1,1900,21752800,"B"
"HPG","13:55:37",27,-0.05,100,21750900,"S"
"HPG","13:55:33",26.95,-0.1,2000,21750800,"B"
"HPG","13:55:32",26.95,-0.1,10000,21748800,"B"
"HPG","13:55:28",27,-0.05,200,21738800,"S"
"HPG","13:55:26",26.95,-0.1,1600,21738600,"B"
"HPG","13:55:18",27,-0.05,100,21737000,"S"
"HPG","13:55:12",26.95,-0.1,1600,21736900,"B"
"HPG","13:55:11",26.95,-0.1,2100,21735300,"B"
"HPG","13:55:10",26.95,-0.1,300,21733200,"B"
"HPG","13:55:10",27,-0.05,100,21732900,"S"
"HPG","13:55:01",27,-0.05,100,21732800,"S"
"HPG","13:54:59",26.95,-0.1,1300,21732700,"B"
"HPG","13:54:55",27,-0.05,100,21731400,"S"
"HPG","13:54:51",27,-0.05,100,21731300,"S"
"HPG","13:54:48",26.95,-0.1,1200,21731200,"B"
"HPG","13:54:44",27,-0.05,100,21730000,"S"
"HPG","13:54:43",27,-0.05,100,21729900,"S"
"HPG","13:54:41",26.95,-0.1,1400,21729800,"B"
"HPG","13:54:38",26.95,-0.1,11700,21728400,"B"
"HPG","13:54:33",27,-0.05,200,21716700,"S"
"HPG","13:54:32",27,-0.05,100,21716500,"S"
"HPG","13:54:30",26.95,-0.1,900,21716400,"B"
"HPG","13:54:24",27,-0.05,100,21715500,"S"
"HPG","13:54:24",26.95,-0.1,1300,21715400,"B"
"HPG","13:54:21",26.95,-0.1,1600,21714100,"B"
"HPG","13:54:15",27,-0.05,200,21712500,"S"
"HPG","13:54:13",26.95,-0.1,1600,21712300,"B"
"HPG","13:54:11",26.95,-0.1,1400,21710700,"B"
"HPG","13:54:08",26.95,-0.1,1200,21709300,"B"
"HPG","13:54:07",27,-0.05,100,21708100,"S"
"HPG","13:54:05",26.95,-0.1,600,21708000,"B"
"HPG","13:54:03",26.95,-0.1,1300,21707400,"B"
"HPG","13:54:02",26.95,-0.1,2800,21706100,"B"
"HPG","13:54:02",26.95,-0.1,1500,21703300,"B"
"HPG","13:53:58",27,-0.05,200,21701800,"S"
"HPG","13:53:52",26.95,-0.1,900,21701600,"B"
"HPG","13:53:49",26.95,-0.1,600,21700700,"B"
"HPG","13:53:48",26.95,-0.1,1400,21700100,"B"
"HPG","13:53:48",27,-0.05,100,21698700,"S"
"HPG","13:53:48",26.95,-0.1,1000,21698600,"B"
"HPG","13:53:46",26.95,-0.1,800,21697600,"B"
"HPG","13:53:44",26.95,-0.1,100,21696800,"B"
"HPG","13:53:43",26.95,-0.1,500,21696700,"B"
"HPG","13:53:41",26.95,-0.1,4400,21696200,"B"
"HPG","13:53:40",27,-0.05,100,21691800,"S"
"HPG","13:53:38",26.95,-0.1,400,21691700,"B"
"HPG","13:53:36",26.95,-0.1,1300,21691300,"B"
"HPG","13:53:35",26.95,-0.1,2000,21690000,"B"
"HPG","13:53:32",26.95,-0.1,600,21688000,"B"
"HPG","13:53:31",26.95,-0.1,24100,21687400,"B"
"HPG","13:53:31",27,-0.05,100,21663300,"S"
"HPG","13:53:28",26.95,-0.1,200,21663200,"B"
"HPG","13:53:27",26.95,-0.1,300,21663000,"B"
"HPG","13:53:25",26.95,-0.1,1100,21662700,"B"
"HPG","13:53:23",26.95,-0.1,5500,21661600,"B"
"HPG","13:53:22",27,-0.05,100,21656100,"S"
"HPG","13:53:20",26.95,-0.1,2300,21656000,"B"
"HPG","13:53:17",26.95,-0.1,1000,21653700,"B"
"HPG","13:53:13",27,-0.05,100,21652700,"S"
"HPG","13:53:12",26.95,-0.1,500,21652600,"B"
"HPG","13:53:10",26.95,-0.1,1400,21652100,"B"
"HPG","13:53:08",26.95,-0.1,1500,21650700,"B"
"HPG","13:53:05",26.95,-0.1,20000,21649200,"B"
"HPG","13:53:04",26.95,-0.1,800,21629200,"B"
"HPG","13:53:03",27,-0.05,100,21628400,"S"
"HPG","13:53:01",26.95,-0.1,600,21628300,"B"
"HPG","13:52:56",26.95,-0.1,1200,21627700,"B"
"HPG","13:52:56",26.95,-0.1,500,21626500,"B"
"HPG","13:52:54",27,-0.05,200,21626000,"S"
"HPG","13:52:48",26.95,-0.1,17000,21625800,"B"
"HPG","13:52:46",26.95,-0.1,1400,21608800,"B"
"HPG","13:52:45",27,-0.05,100,21607400,"S"
"HPG","13:52:45",26.95,-0.1,600,21607300,"B"
"HPG","13:52:40",26.95,-0.1,1400,21606700,"B"
"HPG","13:52:36",27,-0.05,100,21605300,"S"
"HPG","13:52:34",26.95,-0.1,1500,21605200,"B"
"HPG","13:52:27",27,-0.05,100,21603700,"S"
"HPG","13:52:21",26.95,-0.1,1100,21603600,"B"
"HPG","13:52:18",26.95,-0.1,800,21602500,"B"
"HPG","13:52:18",27,-0.05,100,21601700,"S"
"HPG","13:52:16",27,-0.05,20000,21601600,"S"
"HPG","13:52:12",26.95,-0.1,1300,21581600,"B"
"HPG","13:52:11",26.95,-0.1,600,21580300,"B"
"HPG","13:52:10",26.95,-0.1,1400,21579700,"B"
"HPG","13:52:09",27,-0.05,100,21578300,"S"
"HPG","13:52:06",27,-0.05,300,21578200,"S"
"HPG","13:52:01",26.95,-0.1,1500,21577900,"B"
"HPG","13:52:01",27,-0.05,100,21576400,"S"
"HPG","13:51:58",26.95,-0.1,500,21576300,"B"
"HPG","13:51:51",27,-0.05,100,21575800,"S"
"HPG","13:51:49",26.95,-0.1,1000,21575700,"B"
"HPG","13:51:42",27,-0.05,100,21574700,"S"
"HPG","13:51:40",26.95,-0.1,2500,21574600,"B"
"HPG","13:51:39",26.95,-0.1,600,21572100,"B"
"HPG","13:51:37",26.95,-0.1,800,21571500,"B"
"HPG","13:51:36",26.95,-0.1,2000,21570700,"B"
"HPG","13:51:33",27,-0.05,100,21568700,"S"
"HPG","13:51:32",26.95,-0.1,1100,21568600,"B"
"HPG","13:51:26",26.95,-0.1,5000,21567500,"B"
"HPG","13:51:24",27,-0.05,100,21562500,"S"
"HPG","13:51:22",26.95,-0.1,1300,21561800,"B"
"HPG","13:51:15",27,-0.05,200,21560500,"S"
"HPG","13:51:11",26.95,-0.1,1100,21560300,"B"
"HPG","13:51:10",26.95,-0.1,1400,21559200,"B"
"HPG","13:51:10",26.95,-0.1,300,21557800,"B"
"HPG","13:51:05",27,-0.05,200,21557500,"S"
"HPG","13:51:03",26.95,-0.1,500,21557300,"B"
"HPG","13:51:02",27,-0.05,1000,21556800,"S"
"HPG","13:51:02",26.95,-0.1,1400,21555800,"B"
"HPG","13:50:57",27,-0.05,100,21554400,"S"
"HPG","13:50:55",26.95,-0.1,800,21554300,"B"
"HPG","13:50:55",27,-0.05,1000,21553500,"S"
"HPG","13:50:52",26.95,-0.1,600,21552500,"B"
"HPG","13:50:50",26.95,-0.1,1400,21551900,"B"
"HPG","13:50:49",26.95,-0.1,100,21550500,"B"
"HPG","13:50:48",27,-0.05,200,21550400,"S"
"HPG","13:50:45",27,-0.05,1000,21550200,"S"
"HPG","13:50:40",26.95,-0.1,1400,21549200,"B"
"HPG","13:50:39",27,-0.05,100,21547800,"S"
"HPG","13:50:38",26.95,-0.1,1400,21547700,"B"
"HPG","13:50:35",26.95,-0.1,2900,21546300,"B"
"HPG","13:50:30",27,-0.05,200,21543400,"S"
"HPG","13:50:27",26.95,-0.1,1800,21543200,"B"
"HPG","13:50:25",27,-0.05,1000,21541400,"S"
"HPG","13:50:23",26.95,-0.1,1000,21540400,"B"
"HPG","13:50:21",27,-0.05,100,21539400,"S"
"HPG","13:50:18",26.95,-0.1,600,21539300,"B"
"HPG","13:50:14",26.95,-0.1,800,21538700,"B"
"HPG","13:50:12",27,-0.05,100,21537900,"S"
"HPG","13:50:11",26.95,-0.1,1900,21537800,"B"
"HPG","13:50:10",27,-0.05,100,21535900,"S"
"HPG","13:50:10",26.95,-0.1,1400,21535800,"B"
"HPG","13:50:03",27,-0.05,100,21534400,"S"
"HPG","13:49:58",27,-0.05,100,21534300,"S"
"HPG","13:49:56",26.95,-0.1,2000,21534200,"B"
"HPG","13:49:54",27,-0.05,200,21532200,"S"
"HPG","13:49:45",27,-0.05,100,21532000,"S"
"HPG","13:49:44",27,-0.05,200,21531900,"S"
"HPG","13:49:40",26.95,-0.1,1400,21531700,"B"
"HPG","13:49:39",26.95,-0.1,1400,21530300,"B"
"HPG","13:49:36",27,-0.05,100,21528900,"S"
"HPG","13:49:35",26.95,-0.1,800,21528800,"B"
"HPG","13:49:32",27,-0.05,3000,21528000,"S"
"HPG","13:49:32",26.95,-0.1,800,21525000,"B"
"HPG","13:49:30",26.95,-0.1,2100,21524200,"B"
"HPG","13:49:30",27,-0.05,1000,21522100,"S"
"HPG","13:49:26",26.95,-0.1,7100,21521100,"B"
"HPG","13:49:21",27,-0.05,100,21514000,"S"
"HPG","13:49:18",27,-0.05,300,21513900,"S"
"HPG","13:49:16",27,-0.05,6600,21513600,"B"
"HPG","13:49:16",27.05,0,100,21507000,"S"
"HPG","13:49:14",27,-0.05,20000,21506900,"B"
"HPG","13:49:09",27,-0.05,1400,21485200,"B"
"HPG","13:49:09",27,-0.05,100,21483800,"B"
"HPG","13:49:07",27.05,0,200,21483700,"S"
"HPG","13:49:04",27,-0.05,1600,21483500,"B"
"HPG","13:48:58",27.05,0,200,21480900,"S"
"HPG","13:48:58",27,-0.05,600,21480700,"B"
"HPG","13:48:53",27,-0.05,5000,21480100,"B"
"HPG","13:48:50",27,-0.05,1200,21475100,"B"
"HPG","13:48:50",27,-0.05,800,21473900,"B"
"HPG","13:48:49",27,-0.05,100,21473100,"B"
"HPG","13:48:49",27.05,0,200,21473000,"S"
"HPG","13:48:46",27,-0.05,200,21472800,"B"
"HPG","13:48:44",27,-0.05,100,21472600,"B"
"HPG","13:48:43",27,-0.05,200,21472500,"B"
"HPG","13:48:42",27,-0.05,20900,21472300,"S"
"HPG","13:48:40",27,-0.05,100,21451400,"S"
"HPG","13:48:40",26.95,-0.1,4800,21451300,"B"
"HPG","13:48:38",27,-0.05,500,21446500,"S"
"HPG","13:48:37",27,-0.05,5500,21446000,"S"
"HPG","13:48:32",27,-0.05,1000,21440500,"S"
"HPG","13:48:32",27,-0.05,50000,21439500,"S"
"HPG","13:48:31",27,-0.05,200,21389500,"S"
"HPG","13:48:31",27,-0.05,5000,21389300,"S"
"HPG","13:48:28",26.95,-0.1,12000,21384300,"B"
"HPG","13:48:25",27,-0.05,300,21372300,"S"
"HPG","13:48:22",27,-0.05,100,21372000,"S"
"HPG","13:48:13",27,-0.05,100,21371900,"S"
"HPG","13:48:12",26.95,-0.1,1900,21371800,"B"
"HPG","13:48:09",26.95,-0.1,2100,21369900,"B"
"HPG","13:48:06",27,-0.05,500,21367800,"S"
"HPG","13:48:04",27,-0.05,100,21367300,"S"
"HPG","13:47:59",27,-0.05,2000,21367200,"S"
"HPG","13:47:57",27,-0.05,4300,21365200,"S"
"HPG","13:47:56",26.95,-0.1,1400,21360900,"B"
"HPG","13:47:55",27,-0.05,100,21359500,"S"
"HPG","13:47:53",27,-0.05,100,21359400,"S"
"HPG","13:47:45",27,-0.05,300,21359300,"S"
"HPG","13:47:44",26.95,-0.1,2200,21359000,"B"
"HPG","13:47:43",27,-0.05,12100,21356800,"B"
"HPG","13:47:41",27,-0.05,100,21344700,"B"
"HPG","13:47:39",27,-0.05,1400,21344600,"B"
"HPG","13:47:38",27,-0.05,16200,21343200,"B"
"HPG","13:47:36",27,-0.05,600,21327000,"B"
"HPG","13:47:32",27,-0.05,800,21326400,"B"
"HPG","13:47:31",27,-0.05,4200,21325600,"S"
"HPG","13:47:29",27,-0.05,5800,21321400,"B"
"HPG","13:47:28",27,-0.05,900,21315600,"B"
"HPG","13:47:26",27,-0.05,500,21314700,"B"
"HPG","13:47:26",27.05,0,100,21314200,"S"
"HPG","13:47:26",27,-0.05,61000,21314100,"B"
"HPG","13:47:25",27,-0.05,2300,21253100,"B"
"HPG","13:47:24",27,-0.05,4400,21250800,"B"
"HPG","13:47:24",27,-0.05,3700,21246400,"B"
"HPG","13:47:22",27,-0.05,3400,21242700,"B"
"HPG","13:47:21",27,-0.05,2100,21239300,"B"
"HPG","13:47:20",27,-0.05,600,21237200,"B"
"HPG","13:47:17",27,-0.05,100,21236600,"B"
"HPG","13:47:17",27.05,0,100,21236500,"S"
"HPG","13:47:16",27,-0.05,18500,21236400,"B"
"HPG","13:47:15",27,-0.05,17500,21217900,"B"
"HPG","13:47:14",27,-0.05,1600,21200400,"B"
"HPG","13:47:13",27,-0.05,6400,21198800,"B"
"HPG","13:47:12",27,-0.05,100000,21192400,"B"
"HPG","13:47:11",27,-0.05,10000,21092400,"B"
"HPG","13:47:10",27,-0.05,20000,21082400,"B"
"HPG","13:47:09",27,-0.05,1400,21062400,"B"
"HPG","13:47:08",27.05,0,200,21061000,"S"
"HPG","13:47:06",27,-0.05,3500,21060800,"B"
"HPG","13:47:04",27,-0.05,800,21057300,"B"
"HPG","13:47:03",27,-0.05,1000,21056500,"B"
"HPG","13:47:01",27,-0.05,2900,21055500,"B"
"HPG","13:47:00",27,-0.05,1600,21052600,"B"
"HPG","13:46:59",27.05,0,100,21051000,"S"
"HPG","13:46:56",27,-0.05,7400,21050900,"B"
"HPG","13:46:53",27,-0.05,10000,21043500,"B"
"HPG","13:46:53",27,-0.05,1000,21033500,"B"
"HPG","13:46:50",27.05,0,100,21032500,"S"
"HPG","13:46:48",27,-0.05,600,21032400,"B"
"HPG","13:46:47",27,-0.05,100,21031800,"B"
"HPG","13:46:46",27,-0.05,1000,21031700,"B"
"HPG","13:46:43",27,-0.05,3200,21030700,"B"
"HPG","13:46:42",27,-0.05,800,21027500,"B"
"HPG","13:46:41",27.05,0,100,21026700,"S"
"HPG","13:46:40",27,-0.05,2300,21026600,"B"
"HPG","13:46:39",27,-0.05,1400,21024300,"B"
"HPG","13:46:39",27,-0.05,1000,21022900,"B"
"HPG","13:46:37",27,-0.05,2300,21021900,"B"
"HPG","13:46:36",27,-0.05,1000,21019600,"B"
"HPG","13:46:31",27,-0.05,600,21018600,"B"
"HPG","13:46:31",27.05,0,200,21018000,"S"
"HPG","13:46:31",27,-0.05,1000,21017800,"B"
"HPG","13:46:31",27,-0.05,500,21016800,"B"
"HPG","13:46:27",27,-0.05,12000,21016300,"B"
"HPG","13:46:26",27,-0.05,2000,21004300,"B"
"HPG","13:46:23",27,-0.05,10000,21002300,"B"
"HPG","13:46:23",27.05,0,100,20992300,"S"
"HPG","13:46:21",27,-0.05,1000,20992200,"B"
"HPG","13:46:18",27,-0.05,3300,20991200,"B"
"HPG","13:46:17",27,-0.05,99900,20987900,"B"
"HPG","13:46:13",27.05,0,100,20888000,"S"
"HPG","13:46:09",27,-0.05,1400,20887900,"B"
"HPG","13:46:05",27.05,0,100,20886500,"S"
"HPG","13:45:59",27,-0.05,1000,20886400,"B"
"HPG","13:45:59",27,-0.05,800,20885400,"B"
"HPG","13:45:55",27.05,0,200,20884600,"S"
"HPG","13:45:50",27,-0.05,2300,20884400,"B"
"HPG","13:45:46",27.05,0,200,20882100,"S"
"HPG","13:45:43",27.05,0,1000,20881900,"S"
"HPG","13:45:41",27.05,0,200,20880900,"S"
"HPG","13:45:39",27,-0.05,1400,20880700,"B"
"HPG","13:45:38",27.05,0,1500,20879300,"S"
"HPG","13:45:37",27.05,0,100,20877800,"S"
"HPG","13:45:35",27,-0.05,5200,20877700,"B"
"HPG","13:45:31",27,-0.05,2200,20872500,"B"
"HPG","13:45:28",27.05,0,200,20870300,"S"
"HPG","13:45:19",27.05,0,100,20870100,"S"
"HPG","13:45:18",27,-0.05,1000,20870000,"B"
"HPG","13:45:16",27,-0.05,100,20869000,"B"
"HPG","13:45:12",27,-0.05,3400,20868900,"B"
"HPG","13:45:11",27.05,0,100,20865500,"S"
"HPG","13:45:09",27,-0.05,1400,20865400,"B"
"HPG","13:45:06",27.05,0,3000,20864000,"S"
"HPG","13:45:04",27.05,0,100,20861000,"S"
"HPG","13:45:02",27.05,0,200,20860900,"S"
"HPG","13:45:01",27.05,0,200,20860700,"S"
"HPG","13:44:58",27.05,0,800,20860500,"S"
"HPG","13:44:52",27.05,0,100,20859700,"S"
"HPG","13:44:50",27.05,0,600,20859600,"S"
"HPG","13:44:45",27,-0.05,1000,20859000,"B"
"HPG","13:44:44",27,-0.05,2500,20858000,"B"
"HPG","13:44:44",27.05,0,100,20855500,"S"
"HPG","13:44:42",27.05,0,100,20855400,"S"
"HPG","13:44:40",27.05,0,2000,20855300,"S"
"HPG","13:44:39",27,-0.05,1400,20853300,"B"
"HPG","13:44:35",27.05,0,300,20851900,"S"
"HPG","13:44:31",27.05,0,5000,20851600,"S"
"HPG","13:44:27",27,-0.05,200,20846600,"B"
"HPG","13:44:27",27.05,0,30000,20846400,"S"
"HPG","13:44:26",27,-0.05,800,20816400,"B"
"HPG","13:44:25",27.05,0,100,20815600,"S"
"HPG","13:44:24",27,-0.05,13200,20815500,"B"
"HPG","13:44:23",27,-0.05,1600,20802300,"B"
"HPG","13:44:18",27.05,0,1000,20800700,"S"
"HPG","13:44:17",27,-0.05,12000,20799700,"B"
"HPG","13:44:17",27.05,0,100,20787700,"S"
"HPG","13:44:13",27.05,0,200,20787600,"S"
"HPG","13:44:09",27,-0.05,3500,20787400,"B"
"HPG","13:44:09",27,-0.05,1000,20783900,"B"
"HPG","13:44:08",27.05,0,200,20782900,"S"
"HPG","13:43:59",27.05,0,2000,20782700,"S"
"HPG","13:43:58",27.05,0,700,20780700,"S"
"HPG","13:43:57",27.05,0,500,20780000,"S"
"HPG","13:43:51",27.05,0,3700,20779500,"S"
"HPG","13:43:50",27,-0.05,5000,20775800,"B"
"HPG","13:43:49",27.05,0,1000,20770800,"S"
"HPG","13:43:48",27.05,0,100,20769800,"S"
"HPG","13:43:45",27.05,0,3000,20769700,"S"
"HPG","13:43:44",27,-0.05,300,20766700,"B"
"HPG","13:43:43",27,-0.05,1800,20766400,"B"
"HPG","13:43:41",27.05,0,800,20764600,"S"
"HPG","13:43:40",27,-0.05,900,20763800,"B"
"HPG","13:43:40",27.05,0,100,20762900,"S"
"HPG","13:43:36",27,-0.05,1400,20762800,"B"
"HPG","13:43:31",27.05,0,100,20761400,"S"
"HPG","13:43:28",27,-0.05,1800,20761300,"B"
"HPG","13:43:26",27,-0.05,3000,20759500,"B"
"HPG","13:43:23",27.05,0,300,20756500,"S"
"HPG","13:43:22",27.05,0,100,20756200,"S"
"HPG","13:43:22",27.05,0,800,20756100,"S"
"HPG","13:43:21",27.05,0,300,20755300,"S"
"HPG","13:43:14",27.05,0,1000,20755000,"S"
"HPG","13:43:14",27,-0.05,3400,20754000,"B"
"HPG","13:43:13",27.05,0,100,20750600,"S"
"HPG","13:43:12",27.05,0,100,20750500,"S"
"HPG","13:43:11",27.05,0,4300,20750400,"S"
"HPG","13:43:08",27.05,0,500,20746100,"S"
"HPG","13:43:06",27.05,0,300,20745600,"S"
"HPG","13:43:06",27,-0.05,1400,20745300,"B"
"HPG","13:43:04",27.05,0,200,20743900,"S"
"HPG","13:43:04",27.05,0,100,20743700,"S"
"HPG","13:42:58",27.05,0,200,20743600,"S"
"HPG","13:42:55",27.05,0,800,20743400,"S"
"HPG","13:42:55",27.05,0,100,20741800,"S"
"HPG","13:42:46",27.05,0,100,20741700,"S"
"HPG","13:42:37",27.05,0,100,20741600,"S"
"HPG","13:42:36",27.05,0,100,20741500,"S"
"HPG","13:42:36",27,-0.05,1400,20741400,"B"
"HPG","13:42:35",27.05,0,400,20740000,"S"
"HPG","13:42:31",27,-0.05,15200,20739600,"B"
"HPG","13:42:28",27.05,0,100,20724400,"S"
"HPG","13:42:27",27.05,0,200,20724300,"S"
"HPG","13:42:26",27.05,0,30000,20724100,"S"
"HPG","13:42:23",27.05,0,3700,20694100,"S"
"HPG","13:42:19",27.05,0,200,20690400,"S"
"HPG","13:42:18",27.05,0,2000,20690200,"S"
"HPG","13:42:10",27.05,0,200,20688200,"S"
"HPG","13:42:06",27,-0.05,1400,20688000,"B"
"HPG","13:42:05",27.05,0,2100,20686600,"S"
"HPG","13:42:02",27.05,0,500,20684500,"S"
"HPG","13:42:01",27.05,0,100,20684000,"S"
"HPG","13:41:59",27.05,0,100,20683900,"S"
"HPG","13:41:58",27.05,0,10000,20683800,"S"
"HPG","13:41:54",27.05,0,5000,20673800,"S"
"HPG","13:41:51",27.05,0,100,20668800,"S"
"HPG","13:41:45",27.05,0,3000,20668700,"S"
"HPG","13:41:43",27.05,0,200,20665700,"S"
"HPG","13:41:43",27.05,0,34500,20665500,"S"
"HPG","13:41:40",27,-0.05,600,20631000,"B"
"HPG","13:41:35",27,-0.05,3000,20630400,"B"
"HPG","13:41:34",27.05,0,100,20627400,"S"
"HPG","13:41:33",27.05,0,700,20627300,"S"
"HPG","13:41:32",27.05,0,3800,20626600,"S"
"HPG","13:41:30",27,-0.05,800,20622800,"B"
"HPG","13:41:29",27.05,0,3000,20622000,"S"
"HPG","13:41:25",27.05,0,2100,20616000,"S"
"HPG","13:41:25",27,-0.05,600,20613900,"B"
"HPG","13:41:24",27.05,0,200,20613300,"S"
"HPG","13:41:19",27,-0.05,4000,20613100,"B"
"HPG","13:41:16",27.05,0,200,20609100,"S"
"HPG","13:41:15",27.05,0,15200,20608900,"S"
"HPG","13:41:14",27.05,0,2000,20593700,"S"
"HPG","13:41:09",27,-0.05,1100,20591700,"B"
"HPG","13:41:07",27,-0.05,1800,20590600,"B"
"HPG","13:41:07",27.05,0,100,20588800,"S"
"HPG","13:41:03",27.05,0,700,20587300,"S"
"HPG","13:41:02",27.05,0,3700,20586600,"S"
"HPG","13:40:58",27.05,0,100,20582900,"S"
"HPG","13:40:55",27.05,0,15900,20582800,"S"
"HPG","13:40:52",27,-0.05,2400,20566900,"B"
"HPG","13:40:51",27.05,0,300,20564500,"S"
"HPG","13:40:49",27.05,0,100,20564200,"S"
"HPG","13:40:48",27,-0.05,2800,20564100,"B"
"HPG","13:40:46",27,-0.05,1000,20561300,"B"
"HPG","13:40:46",27.05,0,400,20560300,"S"
"HPG","13:40:45",27.05,0,300,20559900,"S"
"HPG","13:40:41",27.05,0,300,20559600,"S"
"HPG","13:40:41",27,-0.05,4000,20559300,"B"
"HPG","13:40:40",27.05,0,200,20555300,"S"
"HPG","13:40:38",27.05,0,4100,20555100,"S"
"HPG","13:40:37",27,-0.05,1700,20551000,"B"
"HPG","13:40:36",27.05,0,100,20549300,"S"
"HPG","13:40:35",27,-0.05,1400,20549200,"B"
"HPG","13:40:32",27.05,0,300,20547800,"S"
"HPG","13:40:30",27.05,0,200,20547500,"S"
"HPG","13:40:28",27.05,0,700,20547300,"S"
"HPG","13:40:27",27.05,0,3700,20546600,"S"
"HPG","13:40:23",27,-0.05,1400,20542900,"B"
"HPG","13:40:21",27.05,0,200,20541500,"S"
"HPG","13:40:20",27.05,0,700,20541300,"S"
"HPG","13:40:12",27.05,0,100,20540600,"S"
"HPG","13:40:12",27,-0.05,4300,20540500,"B"
"HPG","13:40:05",27,-0.05,1400,20536200,"B"
"HPG","13:40:04",27,-0.05,700,20534800,"B"
"HPG","13:40:03",27.05,0,200,20534100,"S"
"HPG","13:40:01",27,-0.05,800,20533900,"B"
"HPG","13:40:00",27,-0.05,2300,20533100,"B"
"HPG","13:39:59",27,-0.05,25000,20530800,"B"
"HPG","13:39:57",27.05,0,100,20505800,"S"
"HPG","13:39:55",27.05,0,100,20505700,"S"
"HPG","13:39:50",27,-0.05,3000,20505600,"B"
"HPG","13:39:48",27,-0.05,700,20502600,"B"
"HPG","13:39:46",27,-0.05,600,20501900,"B"
"HPG","13:39:46",27.05,0,500,20501300,"S"
"HPG","13:39:45",27.05,0,100,20500800,"S"
"HPG","13:39:44",27,-0.05,300,20500500,"B"
"HPG","13:39:42",27.05,0,1400,20500200,"S"
"HPG","13:39:41",27,-0.05,800,20498800,"B"
"HPG","13:39:36",27.05,0,100,20497700,"S"
"HPG","13:39:35",27,-0.05,1400,20497600,"B"
"HPG","13:39:30",27.05,0,24800,20496200,"S"
"HPG","13:39:27",27.05,0,100,20471400,"S"
"HPG","13:39:24",27.05,0,500,20471300,"S"
"HPG","13:39:23",27,-0.05,1500,20470800,"B"
"HPG","13:39:20",27.05,0,5000,20469300,"S"
"HPG","13:39:18",27.05,0,100,20464300,"S"
"HPG","13:39:17",27,-0.05,900,20464200,"B"
"HPG","13:39:14",27,-0.05,700,20463300,"B"
"HPG","13:39:14",27.05,0,200,20462600,"S"
"HPG","13:39:12",27,-0.05,1000,20462400,"B"
"HPG","13:39:10",27,-0.05,1500,20461400,"B"
"HPG","13:39:10",27.05,0,5000,20459900,"S"
"HPG","13:39:09",27.05,0,100,20454900,"S"
"HPG","13:39:08",27,-0.05,1400,20454800,"B"
"HPG","13:39:00",27.05,0,100,20453400,"S"
"HPG","13:38:58",27,-0.05,2200,20453300,"B"
"HPG","13:38:55",27.05,0,100,20451100,"S"
"HPG","13:38:51",27.05,0,100,20451000,"S"
"HPG","13:38:50",27.05,0,15000,20450900,"S"
"HPG","13:38:47",27.05,0,800,20435500,"S"
"HPG","13:38:42",27.05,0,100,20434700,"S"
"HPG","13:38:41",27.05,0,300,20434600,"S"
"HPG","13:38:41",27,-0.05,200,20434300,"B"
"HPG","13:38:40",27,-0.05,1300,20434100,"B"
"HPG","13:38:38",27,-0.05,100,20432800,"B"
"HPG","13:38:36",27.05,0,300,20432700,"S"
"HPG","13:38:35",27,-0.05,1400,20432400,"B"
"HPG","13:38:33",27,-0.05,800,20431000,"B"
"HPG","13:38:33",27.05,0,100,20430200,"S"
"HPG","13:38:30",27.05,0,2100,20430100,"S"
"HPG","13:38:29",27,-0.05,1800,20428000,"B"
"HPG","13:38:28",27.05,0,300,20426200,"S"
"HPG","13:38:24",27.05,0,300,20425900,"S"
"HPG","13:38:15",27.05,0,200,20425600,"S"
"HPG","13:38:14",27,-0.05,1800,20425400,"B"
"HPG","13:38:07",27.05,0,1000,20423600,"S"
"HPG","13:38:06",27.05,0,100,20422600,"S"
"HPG","13:38:05",27,-0.05,1400,20422500,"B"
"HPG","13:37:59",27,-0.05,3800,20421100,"B"
"HPG","13:37:57",27.05,0,100,20417300,"S"
"HPG","13:37:53",27,-0.05,700,20417200,"B"
"HPG","13:37:51",27,-0.05,800,20416500,"B"
"HPG","13:37:48",27.05,0,100,20415700,"S"
"HPG","13:37:47",27,-0.05,1300,20415600,"B"
"HPG","13:37:46",27,-0.05,300,20414300,"B"
"HPG","13:37:41",27.05,0,100,20414000,"S"
"HPG","13:37:38",27.05,0,100,20413900,"S"
"HPG","13:37:37",27,-0.05,700,20413800,"B"
"HPG","13:37:36",27,-0.05,1700,20413100,"B"
"HPG","13:37:35",27,-0.05,1400,20411400,"B"
"HPG","13:37:34",27.05,0,200,20410000,"S"
"HPG","13:37:30",27.05,0,100,20409800,"S"
"HPG","13:37:22",27,-0.05,1800,20409700,"B"
"HPG","13:37:21",27.05,0,5200,20407900,"S"
"HPG","13:37:20",27,-0.05,100,20402700,"B"
"HPG","13:37:12",27,-0.05,100,20402600,"B"
"HPG","13:37:12",27.05,0,100,20402500,"S"
"HPG","13:37:08",27,-0.05,2000,20402400,"B"
"HPG","13:37:07",27,-0.05,1400,20400400,"B"
"HPG","13:37:06",27,-0.05,1000,20399000,"B"
"HPG","13:37:05",27,-0.05,700,20398000,"B"
"HPG","13:37:05",27,-0.05,1300,20397300,"B"
"HPG","13:37:02",27.05,0,100,20396000,"S"
"HPG","13:36:59",27.05,0,1000,20395900,"S"
"HPG","13:36:55",27,-0.05,1400,20394900,"B"
"HPG","13:36:54",27.05,0,100,20393500,"S"
"HPG","13:36:45",27.05,0,200,20393400,"S"
"HPG","13:36:44",27,-0.05,2400,20393200,"B"
"HPG","13:36:43",27.05,0,200,20390800,"S"
"HPG","13:36:40",27.05,0,400,20390600,"S"
"HPG","13:36:36",27.05,0,200,20390200,"S"
"HPG","13:36:34",27,-0.05,1400,20390000,"B"
"HPG","13:36:26",27.05,0,100,20388600,"S"
"HPG","13:36:24",27,-0.05,1600,20388500,"B"
"HPG","13:36:23",27.05,0,2000,20386900,"S"
"HPG","13:36:20",27,-0.05,2900,20384900,"B"
"HPG","13:36:18",27,-0.05,500,20382000,"B"
"HPG","13:36:18",27.05,0,200,20381500,"S"
"HPG","13:36:16",27,-0.05,700,20381300,"B"
"HPG","13:36:10",27,-0.05,4100,20380600,"B"
"HPG","13:36:10",27.05,0,1000,20376500,"S"
"HPG","13:36:08",27.05,0,200,20375500,"S"
"HPG","13:36:07",27.05,0,10000,20375300,"S"
"HPG","13:36:05",27,-0.05,1300,20365300,"B"
"HPG","13:36:03",27.05,0,10000,20364000,"S"
"HPG","13:36:00",27.05,0,200,20354000,"S"
"HPG","13:35:59",27.05,0,1000,20353800,"S"
"HPG","13:35:57",27.05,0,800,20352800,"S"
"HPG","13:35:51",27.05,0,1900,20352000,"S"
"HPG","13:35:50",27,-0.05,2000,20350100,"B"
"HPG","13:35:44",27,-0.05,1000,20348100,"B"
"HPG","13:35:42",27.05,0,100,20347100,"S"
"HPG","13:35:38",27.05,0,25000,20347000,"S"
"HPG","13:35:34",27,-0.05,1300,20322000,"B"
"HPG","13:35:34",27.05,0,1800,20320700,"S"
"HPG","13:35:34",27,-0.05,800,20318900,"B"
"HPG","13:35:33",27.05,0,2000,20318100,"S"
"HPG","13:35:33",27.05,0,300,20316100,"S"
"HPG","13:35:20",27.05,0,1000,20315800,"S"
"HPG","13:35:13",27.05,0,5000,20314800,"S"
"HPG","13:35:12",27.05,0,200,20309800,"S"
"HPG","13:35:11",27.05,0,2400,20309600,"B"
"HPG","13:35:10",27.05,0,9000,20307200,"B"
"HPG","13:35:07",27.05,0,100,20298200,"B"
"HPG","13:35:04",27.05,0,1300,20298100,"B"
"HPG","13:35:03",27.1,0.05,100,20296800,"S"
"HPG","13:35:02",27.1,0.05,1000,20296700,"S"
"HPG","13:34:55",27.1,0.05,100,20295700,"S"
"HPG","13:34:52",27.1,0.05,200,20295600,"S"
"HPG","13:34:49",27.05,0,15300,20295400,"S"
"HPG","13:34:46",27.05,0,100,20280100,"S"
"HPG","13:34:45",27.05,0,20000,20280000,"S"
"HPG","13:34:42",27.05,0,100,20260000,"S"
"HPG","13:34:40",27.05,0,5100,20259900,"S"
"HPG","13:34:37",27.05,0,50100,20254800,"S"
"HPG","13:34:36",27.05,0,15900,20204700,"S"
"HPG","13:34:34",27,-0.05,1300,20188800,"B"
"HPG","13:34:33",27.05,0,500,20187500,"S"
"HPG","13:34:31",27.05,0,500,20187000,"S"
"HPG","13:34:29",27.05,0,2000,20186500,"S"
"HPG","13:34:28",27.05,0,100,20184500,"S"
"HPG","13:34:27",27.05,0,200,20184400,"S"
"HPG","13:34:25",27,-0.05,1700,20184200,"B"
"HPG","13:34:19",27.05,0,100,20182500,"S"
"HPG","13:34:18",27.05,0,15900,20182400,"S"
"HPG","13:34:15",27,-0.05,100,20166500,"B"
"HPG","13:34:11",27,-0.05,1300,20166400,"B"
"HPG","13:34:10",27.05,0,100,20165100,"S"
"HPG","13:34:09",27,-0.05,700,20165000,"B"
"HPG","13:34:06",27.05,0,400,20164300,"S"
"HPG","13:34:04",27,-0.05,1300,20163900,"B"
"HPG","13:34:01",27.05,0,100,20162600,"S"
"HPG","13:34:00",27.05,0,100,20162500,"S"
"HPG","13:34:00",27,-0.05,1200,20162400,"B"
"HPG","13:33:54",27,-0.05,100,20161200,"B"
"HPG","13:33:53",27,-0.05,500,20161100,"B"
"HPG","13:33:51",27,-0.05,700,20160600,"B"
"HPG","13:33:51",27.05,0,10700,20159900,"S"
"HPG","13:33:50",27,-0.05,1500,20149200,"B"
"HPG","13:33:43",27.05,0,100,20147700,"S"
"HPG","13:33:34",27,-0.05,1300,20147600,"B"
"HPG","13:33:34",27.05,0,100,20146300,"S"
"HPG","13:33:28",27,-0.05,800,20146200,"B"
"HPG","13:33:24",27.05,0,100,20145400,"S"
"HPG","13:33:18",27.05,0,31000,20145300,"S"
"HPG","13:33:15",27.05,0,100,20114300,"S"
"HPG","13:33:13",27.05,0,100,20114200,"S"
"HPG","13:33:07",27.05,0,10000,20114100,"S"
"HPG","13:33:07",27,-0.05,200,20104100,"B"
"HPG","13:33:06",27.05,0,200,20103900,"S"
"HPG","13:33:04",27,-0.05,1300,20103700,"B"
"HPG","13:33:02",27,-0.05,700,20102400,"B"
"HPG","13:32:58",27,-0.05,20000,20101700,"B"
"HPG","13:32:57",27.05,0,100,20081700,"S"
"HPG","13:32:53",27.05,0,200,20081600,"S"
"HPG","13:32:48",27.05,0,200,20081400,"S"
"HPG","13:32:47",27,-0.05,700,20081200,"B"
"HPG","13:32:46",27,-0.05,900,20080500,"B"
"HPG","13:32:44",27,-0.05,3000,20079600,"B"
"HPG","13:32:42",27,-0.05,6000,20076600,"B"
"HPG","13:32:41",27.05,0,1000,20070600,"S"
"HPG","13:32:39",27.05,0,200,20069600,"S"
"HPG","13:32:36",27.05,0,300,20069400,"S"
"HPG","13:32:34",27,-0.05,1300,20069100,"B"
"HPG","13:32:30",27.05,0,200,20067800,"S"
"HPG","13:32:30",27.05,0,100,20067600,"S"
"HPG","13:32:28",27.05,0,200,20067500,"S"
"HPG","13:32:25",27.05,0,10000,20067300,"S"
"HPG","13:32:22",27.05,0,200,20057300,"S"
"HPG","13:32:21",27.05,0,100,20057100,"S"
"HPG","13:32:20",27,-0.05,500,20057000,"B"
"HPG","13:32:17",27.05,0,1100,20056500,"S"
"HPG","13:32:12",27.05,0,100,20055400,"S"
"HPG","13:32:07",27.05,0,200,20055300,"S"
"HPG","13:32:04",27,-0.05,1300,20055100,"B"
"HPG","13:32:03",27,-0.05,700,20053700,"B"
"HPG","13:32:02",27.05,0,5000,20053000,"S"
"HPG","13:32:01",27.05,0,200,20048000,"S"
"HPG","13:32:01",27,-0.05,200,20047800,"B"
"HPG","13:31:58",27.05,0,100,20047600,"S"
"HPG","13:31:56",27.05,0,5000,20047500,"S"
"HPG","13:31:54",27.05,0,100,20042500,"S"
"HPG","13:31:45",27.05,0,100,20042400,"S"
"HPG","13:31:38",27.05,0,200,20042300,"S"
"HPG","13:31:36",27.05,0,100,20042100,"S"
"HPG","13:31:34",27,-0.05,1300,20042000,"B"
"HPG","13:31:33",27.05,0,100,20040700,"S"
"HPG","13:31:31",27.05,0,17000,20040600,"S"
"HPG","13:31:27",27.05,0,100,20023600,"S"
"HPG","13:31:26",27,-0.05,700,20023500,"B"
"HPG","13:31:21",27,-0.05,1000,20022800,"B"
"HPG","13:31:14",27,-0.05,5000,20021800,"B"
"HPG","13:31:10",27.05,0,12300,20016800,"B"
"HPG","13:31:08",27.1,0.05,100,20004500,"S"
"HPG","13:31:05",27.05,0,100,20004400,"B"
"HPG","13:31:04",27.05,0,4900,20004300,"B"
"HPG","13:31:03",27.05,0,100,19999400,"B"
"HPG","13:31:01",27.05,0,2500,19999300,"B"
"HPG","13:31:01",27.1,0.05,100,19996800,"S"
"HPG","13:30:59",27.1,0.05,100,19996700,"S"
"HPG","13:30:54",27.05,0,36000,19996600,"B"
"HPG","13:30:52",27.05,0,700,19960600,"B"
"HPG","13:30:52",27.1,0.05,300,19959900,"S"
"HPG","13:30:50",27.05,0,3000,19959600,"B"
"HPG","13:30:50",27.05,0,5000,19956600,"B"
"HPG","13:30:49",27.1,0.05,200,19951600,"S"
"HPG","13:30:47",27.1,0.05,100,19951400,"S"
"HPG","13:30:45",27.05,0,5000,19951300,"B"
"HPG","13:30:44",27.05,0,300,19946300,"B"
"HPG","13:30:41",27.1,0.05,100,19946000,"S"
"HPG","13:30:41",27.05,0,7000,19945900,"B"
"HPG","13:30:40",27.05,0,5100,19938900,"B"
"HPG","13:30:37",27.05,0,10800,19933800,"B"
"HPG","13:30:36",27.05,0,25200,19923000,"B"
"HPG","13:30:36",27.1,0.05,1000,19897800,"S"
"HPG","13:30:34",27.05,0,1300,19896800,"B"
"HPG","13:30:32",27.05,0,800,19895500,"B"
"HPG","13:30:32",27.1,0.05,100,19894700,"S"
"HPG","13:30:29",27.05,0,300,19894600,"B"
"HPG","13:30:24",27.05,0,100,19894300,"B"
"HPG","13:30:22",27.1,0.05,100,19894200,"S"
"HPG","13:30:20",27.05,0,700,19894100,"B"
"HPG","13:30:20",27.05,0,100,19893400,"B"
"HPG","13:30:15",27.1,0.05,200,19893300,"S"
"HPG","13:30:14",27.1,0.05,100,19893100,"S"
"HPG","13:30:13",27.05,0,1000,19893000,"B"
"HPG","13:30:11",27.1,0.05,6500,19892000,"S"
"HPG","13:30:10",27.1,0.05,200,19885500,"S"
"HPG","13:30:10",27.05,0,500,19885300,"B"
"HPG","13:30:05",27.1,0.05,100,19884800,"S"
"HPG","13:30:04",27.1,0.05,3000,19884700,"S"
"HPG","13:30:03",27.05,0,1300,19881700,"B"
"HPG","13:29:59",27.1,0.05,100,19880400,"S"
"HPG","13:29:57",27.1,0.05,1600,19880300,"S"
"HPG","13:29:54",27.1,0.05,100,19878700,"S"
"HPG","13:29:51",27.1,0.05,100,19878600,"B"
"HPG","13:29:51",27.05,0,7000,19878500,"B"
"HPG","13:29:51",27.1,0.05,3000,19871500,"B"
"HPG","13:29:51",27.1,0.05,700,19868500,"B"
"HPG","13:29:50",27.1,0.05,21300,19867800,"S"
"HPG","13:29:48",27.1,0.05,200,19846500,"S"
"HPG","13:29:48",27.1,0.05,400,19846300,"S"
"HPG","13:29:46",27.1,0.05,1300,19845900,"B"
"HPG","13:29:46",27.15,0.1,100,19844600,"S"
"HPG","13:29:44",27.1,0.05,100,19844500,"B"
"HPG","13:29:44",27.15,0.1,100,19844400,"S"
"HPG","13:29:36",27.05,0,2800,19844300,"B"
"HPG","13:29:36",27.1,0.05,200,19841500,"B"
"HPG","13:29:35",27.1,0.05,2000,19841300,"B"
"HPG","13:29:33",27.1,0.05,1300,19839300,"B"
"HPG","13:29:28",27.15,0.1,100,19838000,"S"
"HPG","13:29:26",27.15,0.1,5600,19837900,"S"
"HPG","13:29:25",27.1,0.05,100,19832300,"B"
"HPG","13:29:24",27.1,0.05,196600,19832200,"S"
"HPG","13:29:23",27.1,0.05,200,19635600,"S"
"HPG","13:29:22",27.05,0,2500,19635400,"B"
"HPG","13:29:19",27.05,0,200,19632900,"B"
"HPG","13:29:19",27.1,0.05,2200,19632700,"S"
"HPG","13:29:15",27.05,0,8700,19630500,"B"
"HPG","13:29:10",27.05,0,1000,19621800,"B"
"HPG","13:29:10",27.05,0,800,19620800,"B"
"HPG","13:29:09",27.05,0,10000,19620000,"B"
"HPG","13:29:09",27.1,0.05,100,19610000,"S"
"HPG","13:29:09",27.05,0,3000,19609900,"B"
"HPG","13:29:04",27.05,0,100,19606900,"B"
"HPG","13:29:03",27.05,0,1300,19606800,"B"
"HPG","13:29:03",27.05,0,600,19605500,"B"
"HPG","13:29:01",27.1,0.05,100,19604900,"S"
"HPG","13:28:59",27.05,0,700,19604800,"B"
"HPG","13:28:58",27.05,0,1700,19604100,"S"
"HPG","13:28:57",27.05,0,5300,19602400,"B"
"HPG","13:28:53",27.05,0,24800,19597100,"S"
"HPG","13:28:52",27.05,0,200,19572300,"S"
"HPG","13:28:48",27.05,0,5000,19572100,"S"
"HPG","13:28:44",27.05,0,10000,19567100,"S"
"HPG","13:28:42",27.05,0,100,19557100,"S"
"HPG","13:28:42",27.05,0,36100,19557000,"S"
"HPG","13:28:41",27.05,0,500,19520900,"S"
"HPG","13:28:38",27,-0.05,100,19520400,"B"
"HPG","13:28:38",27.05,0,15800,19520300,"S"
"HPG","13:28:38",27.05,0,6800,19504500,"S"
"HPG","13:28:34",27.05,0,100,19497700,"S"
"HPG","13:28:33",27,-0.05,1300,19497600,"B"
"HPG","13:28:33",27,-0.05,100,19496300,"B"
"HPG","13:28:31",27.05,0,41100,19496200,"S"
"HPG","13:28:31",27,-0.05,16200,19455100,"S"
"HPG","13:28:28",27,-0.05,1500,19438900,"S"
"HPG","13:28:28",27,-0.05,300,19437400,"S"
"HPG","13:28:27",26.95,-0.1,900,19437100,"B"
"HPG","13:28:27",27,-0.05,100,19435200,"S"
"HPG","13:28:24",27,-0.05,500,19435100,"S"
"HPG","13:28:22",27,-0.05,1000,19434600,"S"
"HPG","13:28:20",27,-0.05,800,19433600,"S"
"HPG","13:28:18",26.95,-0.1,100,19432800,"B"
"HPG","13:28:16",27,-0.05,2500,19432700,"S"
"HPG","13:28:16",27,-0.05,5100,19430200,"S"
"HPG","13:28:15",27,-0.05,300,19425100,"S"
"HPG","13:28:13",27,-0.05,800,19424800,"S"
"HPG","13:28:11",27,-0.05,500,19424000,"S"
"HPG","13:28:10",27,-0.05,10600,19423500,"S"
"HPG","13:28:09",27,-0.05,500,19412900,"S"
"HPG","13:28:08",27,-0.05,500,19412400,"S"
"HPG","13:28:06",27,-0.05,100,19411900,"S"
"HPG","13:28:05",27,-0.05,100,19411800,"S"
"HPG","13:28:03",26.95,-0.1,1300,19411700,"B"
"HPG","13:28:03",27,-0.05,1000,19410400,"S"
"HPG","13:28:02",26.95,-0.1,3000,19409400,"B"
"HPG","13:28:02",27,-0.05,3500,19406400,"S"
"HPG","13:28:01",27,-0.05,5500,19402900,"S"
"HPG","13:27:59",27,-0.05,2000,19397400,"S"
"HPG","13:27:57",27,-0.05,800,19395400,"S"
"HPG","13:27:55",27,-0.05,20000,19394600,"S"
"HPG","13:27:54",27,-0.05,1000,19374600,"S"
"HPG","13:27:53",27,-0.05,1000,19373600,"S"
"HPG","13:27:51",27,-0.05,100,19372600,"S"
"HPG","13:27:50",27,-0.05,500,19372500,"S"
"HPG","13:27:48",27,-0.05,1400,19372000,"S"
"HPG","13:27:45",26.95,-0.1,2000,19370600,"B"
"HPG","13:27:44",27,-0.05,400,19368600,"S"
"HPG","13:27:42",26.95,-0.1,800,19368200,"B"
"HPG","13:27:41",27,-0.05,1000,19367400,"S"
"HPG","13:27:40",27,-0.05,1500,19366400,"S"
"HPG","13:27:38",27,-0.05,1500,19364900,"S"
"HPG","13:27:38",27,-0.05,1000,19363400,"S"
"HPG","13:27:37",27,-0.05,5300,19362400,"S"
"HPG","13:27:36",27,-0.05,17300,19357100,"S"
"HPG","13:27:35",27,-0.05,35800,19339800,"B"
"HPG","13:27:35",27,-0.05,48300,19304000,"B"
"HPG","13:27:34",27.05,0,2400,19255700,"S"
"HPG","13:27:34",27,-0.05,48800,19253300,"B"
"HPG","13:27:34",27.05,0,500,19204500,"S"
"HPG","13:27:33",27,-0.05,49600,19204000,"B"
"HPG","13:27:32",27,-0.05,36100,19154400,"B"
"HPG","13:27:32",27,-0.05,12200,19118300,"B"
"HPG","13:27:31",27.05,0,500,19106100,"S"
"HPG","13:27:29",27.05,0,200,19105600,"S"
"HPG","13:27:27",27.05,0,2500,19105400,"S"
"HPG","13:27:27",27.05,0,1000,19102900,"S"
"HPG","13:27:26",27.05,0,1000,19101900,"S"
"HPG","13:27:26",27,-0.05,10000,19100900,"B"
"HPG","13:27:22",27.05,0,20000,19090900,"S"
"HPG","13:27:20",27.05,0,100,19070900,"S"
"HPG","13:27:13",27,-0.05,10000,19070800,"B"
"HPG","13:27:11",27.05,0,200,19060800,"S"
"HPG","13:27:10",27.05,0,1000,19060600,"S"
"HPG","13:27:05",27.05,0,500,19059600,"S"
"HPG","13:27:03",27.05,0,10100,19059100,"S"
"HPG","13:27:03",27,-0.05,1300,19049000,"B"
"HPG","13:27:03",27.05,0,200,19047700,"S"
"HPG","13:27:00",27.05,0,500,19047500,"S"
"HPG","13:27:00",27,-0.05,800,19047000,"B"
"HPG","13:26:55",27.05,0,2000,19046200,"S"
"HPG","13:26:53",27.05,0,200,19044200,"S"
"HPG","13:26:51",27,-0.05,100,19044000,"B"
"HPG","13:26:48",27.05,0,300,19043900,"S"
"HPG","13:26:45",27.05,0,100,19043600,"S"
"HPG","13:26:40",27.05,0,500,19043500,"S"
"HPG","13:26:37",27.05,0,100,19043000,"S"
"HPG","13:26:34",27,-0.05,10000,19042900,"B"
"HPG","13:26:33",27,-0.05,700,19032900,"B"
"HPG","13:26:33",27,-0.05,1300,19032200,"B"
"HPG","13:26:32",27.05,0,1000,19030900,"S"
"HPG","13:26:26",27.05,0,100,19029900,"S"
"HPG","13:26:19",27,-0.05,195300,19029800,"S"
"HPG","13:26:18",26.95,-0.1,800,18834500,"B"
"HPG","13:26:17",27,-0.05,300,18833700,"S"
"HPG","13:26:17",27,-0.05,100,18833400,"S"
"HPG","13:26:15",27,-0.05,10000,18833300,"S"
"HPG","13:26:14",27,-0.05,1000,18823300,"S"
"HPG","13:26:11",27,-0.05,1000,18822300,"S"
"HPG","13:26:09",27,-0.05,100,18821300,"S"
"HPG","13:26:08",27,-0.05,5100,18821200,"S"
"HPG","13:26:07",27,-0.05,2300,18816100,"S"
"HPG","13:26:06",27,-0.05,11000,18813800,"S"
"HPG","13:26:04",27,-0.05,300,18802800,"S"
"HPG","13:26:03",26.95,-0.1,1300,18802500,"B"
"HPG","13:26:02",27,-0.05,15000,18801200,"S"
"HPG","13:25:59",27,-0.05,200,18786200,"S"
"HPG","13:25:58",27,-0.05,1200,18786000,"S"
"HPG","13:25:53",27,-0.05,1500,18784800,"S"
"HPG","13:25:50",27,-0.05,200,18783300,"S"
"HPG","13:25:48",27,-0.05,200000,18783100,"S"
"HPG","13:25:48",27,-0.05,1000,18583100,"S"
"HPG","13:25:47",27,-0.05,1200,18582100,"S"
"HPG","13:25:46",27,-0.05,1400,18580900,"S"
"HPG","13:25:44",27,-0.05,100,18579500,"S"
"HPG","13:25:41",27,-0.05,400,18579400,"S"
"HPG","13:25:37",26.95,-0.1,2900,18579000,"B"
"HPG","13:25:33",26.95,-0.1,1300,18576100,"B"
"HPG","13:25:32",27,-0.05,200,18574800,"S"
"HPG","13:25:29",27,-0.05,100,18574600,"S"
"HPG","13:25:23",27,-0.05,100,18574500,"S"
"HPG","13:25:19",26.95,-0.1,119400,18574400,"S"
"HPG","13:25:15",26.95,-0.1,100,18455000,"S"
"HPG","13:25:14",26.95,-0.1,100,18454900,"S"
"HPG","13:25:11",26.95,-0.1,80000,18454800,"S"
"HPG","13:25:05",26.95,-0.1,100,18374800,"S"
"HPG","13:25:04",26.95,-0.1,200,18374700,"S"
"HPG","13:25:03",26.9,-0.15,1300,18374500,"B"
"HPG","13:25:01",26.9,-0.15,2000,18373200,"B"
"HPG","13:25:01",26.95,-0.1,500,18371200,"S"
"HPG","13:24:59",26.95,-0.1,500,18370700,"S"
"HPG","13:24:56",26.9,-0.15,700,18370200,"B"
"HPG","13:24:56",26.95,-0.1,100,18369500,"S"
"HPG","13:24:56",26.95,-0.1,100,18369400,"S"
"HPG","13:24:51",26.9,-0.15,800,18369300,"B"
"HPG","13:24:49",26.95,-0.1,100,18368500,"S"
"HPG","13:24:49",26.9,-0.15,10000,18368400,"B"
"HPG","13:24:48",26.95,-0.1,800,18358400,"S"
"HPG","13:24:47",26.95,-0.1,100,18357600,"S"
"HPG","13:24:46",26.95,-0.1,2000,18357500,"S"
"HPG","13:24:41",26.9,-0.15,700,18355500,"B"
"HPG","13:24:39",26.9,-0.15,500,18354800,"B"
"HPG","13:24:39",26.95,-0.1,100,18354300,"S"
"HPG","13:24:37",26.95,-0.1,100,18354200,"S"
"HPG","13:24:33",26.95,-0.1,10000,18354100,"S"
"HPG","13:24:32",26.9,-0.15,1300,18344100,"B"
"HPG","13:24:29",26.95,-0.1,100,18342800,"S"
"HPG","13:24:29",26.95,-0.1,5300,18342700,"S"
"HPG","13:24:28",26.95,-0.1,15900,18337400,"S"
"HPG","13:24:27",26.95,-0.1,2000,18321500,"S"
"HPG","13:24:26",26.95,-0.1,1000,18319500,"S"
"HPG","13:24:26",26.95,-0.1,36000,18318500,"S"
"HPG","13:24:21",26.95,-0.1,100,18282500,"S"
"HPG","13:24:13",26.95,-0.1,1000,18282400,"S"
"HPG","13:24:10",26.9,-0.15,1000,18281400,"B"
"HPG","13:24:09",26.9,-0.15,4000,18280400,"B"
"HPG","13:24:08",26.9,-0.15,700,18276400,"B"
"HPG","13:24:04",26.9,-0.15,10000,18275700,"B"
"HPG","13:24:02",26.9,-0.15,2300,18265700,"B"
"HPG","13:24:00",26.95,-0.1,100,18263400,"S"
"HPG","13:23:59",26.95,-0.1,1000,18263300,"S"
"HPG","13:23:55",26.9,-0.15,100,18262300,"B"
"HPG","13:23:54",26.95,-0.1,9500,18262200,"S"
"HPG","13:23:54",26.9,-0.15,9400,18252700,"S"
"HPG","13:23:54",26.9,-0.15,2000,18243300,"S"
"HPG","13:23:53",26.9,-0.15,1000,18241300,"S"
"HPG","13:23:51",26.9,-0.15,100,18240300,"S"
"HPG","13:23:50",26.9,-0.15,10400,18240200,"S"
"HPG","13:23:48",26.9,-0.15,1000,18229800,"S"
"HPG","13:23:47",26.9,-0.15,12000,18228800,"S"
"HPG","13:23:45",26.9,-0.15,200000,18216800,"S"
"HPG","13:23:41",26.9,-0.15,300,18016800,"S"
"HPG","13:23:41",26.9,-0.15,100,18016500,"S"
"HPG","13:23:40",26.9,-0.15,55000,18016400,"S"
"HPG","13:23:39",26.9,-0.15,15900,17961400,"S"
"HPG","13:23:33",26.9,-0.15,100,17945500,"S"
"HPG","13:23:32",26.85,-0.2,1300,17945400,"B"
"HPG","13:23:27",26.9,-0.15,100,17944100,"S"
"HPG","13:23:26",26.85,-0.2,300,17944000,"B"
"HPG","13:23:25",26.9,-0.15,1000,17943700,"S"
"HPG","13:23:24",26.85,-0.2,800,17942700,"B"
"HPG","13:23:24",26.9,-0.15,200,17941900,"S"
"HPG","13:23:23",26.9,-0.15,1500,17941700,"S"
"HPG","13:23:23",26.9,-0.15,14400,17940200,"S"
"HPG","13:23:21",26.85,-0.2,2300,17925800,"B"
"HPG","13:23:19",26.85,-0.2,700,17923500,"B"
"HPG","13:23:16",26.85,-0.2,5000,17922800,"B"
"HPG","13:23:15",26.9,-0.15,200,17917800,"S"
"HPG","13:23:13",26.9,-0.15,1300,17917600,"S"
"HPG","13:23:12",26.9,-0.15,10100,17916300,"S"
"HPG","13:23:06",26.9,-0.15,100,17906200,"S"
"HPG","13:23:03",26.85,-0.2,700,17906100,"B"
"HPG","13:23:02",26.85,-0.2,1300,17905400,"B"
"HPG","13:23:01",26.9,-0.15,10200,17904100,"S"
"HPG","13:22:58",26.9,-0.15,5000,17893900,"S"
"HPG","13:22:57",26.9,-0.15,100,17888900,"S"
"HPG","13:22:54",26.9,-0.15,2000,17888800,"S"
"HPG","13:22:49",26.9,-0.15,6600,17886800,"S"
"HPG","13:22:47",26.9,-0.15,100,17880200,"S"
"HPG","13:22:47",26.85,-0.2,5000,17880100,"B"
"HPG","13:22:39",26.9,-0.15,1500,17875100,"S"
"HPG","13:22:32",26.85,-0.2,1300,17873600,"B"
"HPG","13:22:29",26.9,-0.15,100,17872300,"S"
"HPG","13:22:22",26.85,-0.2,29900,17872200,"S"
"HPG","13:22:21",26.85,-0.2,2000,17842300,"S"
"HPG","13:22:21",26.85,-0.2,1100,17840300,"S"
"HPG","13:22:20",26.85,-0.2,600,17839200,"S"
"HPG","13:22:19",26.85,-0.2,10000,17838600,"S"
"HPG","13:22:18",26.8,-0.25,700,17828600,"B"
"HPG","13:22:17",26.85,-0.2,60600,17827900,"S"
"HPG","13:22:17",26.8,-0.25,25000,17767300,"B"
"HPG","13:22:15",26.85,-0.2,1000,17742300,"S"
"HPG","13:22:13",26.85,-0.2,10000,17741300,"S"
"HPG","13:22:12",26.8,-0.25,2800,17731300,"B"
"HPG","13:22:12",26.85,-0.2,200,17728500,"S"
"HPG","13:22:11",26.85,-0.2,100,17728300,"S"
"HPG","13:22:11",26.85,-0.2,100,17728200,"S"
"HPG","13:22:08",26.85,-0.2,7500,17728100,"S"
"HPG","13:22:06",26.85,-0.2,200,17720600,"S"
"HPG","13:22:05",26.85,-0.2,12500,17720400,"S"
"HPG","13:22:04",26.8,-0.25,2000,17707900,"B"
"HPG","13:22:03",26.85,-0.2,200,17705900,"S"
"HPG","13:22:02",26.8,-0.25,1300,17705700,"B"
"HPG","13:22:02",26.85,-0.2,52000,17704400,"S"
"HPG","13:21:54",26.85,-0.2,1000,17652400,"S"
"HPG","13:21:54",26.85,-0.2,100,17651400,"S"
"HPG","13:21:53",26.85,-0.2,3000,17651300,"S"
"HPG","13:21:52",26.85,-0.2,500,17648300,"S"
"HPG","13:21:51",26.85,-0.2,200,17647800,"S"
"HPG","13:21:47",26.85,-0.2,3500,17647600,"S"
"HPG","13:21:45",26.85,-0.2,4400,17644100,"S"
"HPG","13:21:44",26.85,-0.2,5100,17639700,"S"
"HPG","13:21:44",26.85,-0.2,100,17634600,"S"
"HPG","13:21:43",26.85,-0.2,100,17634500,"S"
"HPG","13:21:40",26.85,-0.2,1000,17634400,"S"
"HPG","13:21:36",26.85,-0.2,100,17633400,"S"
"HPG","13:21:33",26.85,-0.2,100,17633300,"S"
"HPG","13:21:32",26.8,-0.25,1300,17633200,"B"
"HPG","13:21:28",26.85,-0.2,9100,17631900,"S"
"HPG","13:21:28",26.85,-0.2,20000,17622800,"S"
"HPG","13:21:26",26.85,-0.2,200,17602800,"S"
"HPG","13:21:25",26.85,-0.2,2000,17602600,"S"
"HPG","13:21:25",26.8,-0.25,2500,17600600,"B"
"HPG","13:21:22",26.85,-0.2,22600,17598100,"S"
"HPG","13:21:18",26.85,-0.2,100,17575500,"S"
"HPG","13:21:16",26.8,-0.25,900,17575400,"B"
"HPG","13:21:13",26.85,-0.2,32300,17574500,"S"
"HPG","13:21:09",26.85,-0.2,100,17542200,"S"
"HPG","13:21:04",26.85,-0.2,2000,17542100,"S"
"HPG","13:21:04",26.8,-0.25,5000,17540100,"B"
"HPG","13:21:04",26.85,-0.2,10600,17535100,"S"
"HPG","13:21:02",26.8,-0.25,1300,17524500,"B"
"HPG","13:21:00",26.85,-0.2,100,17523200,"S"
"HPG","13:20:57",26.85,-0.2,5000,17523100,"S"
"HPG","13:20:54",26.85,-0.2,1800,17518100,"S"
"HPG","13:20:53",26.85,-0.2,5000,17516300,"S"
"HPG","13:20:51",26.85,-0.2,100,17511300,"S"
"HPG","13:20:47",26.85,-0.2,400,17511200,"S"
"HPG","13:20:42",26.85,-0.2,100,17510800,"S"
"HPG","13:20:42",26.85,-0.2,4600,17510700,"S"
"HPG","13:20:39",26.85,-0.2,5000,17506100,"S"
"HPG","13:20:35",26.85,-0.2,10600,17501100,"S"
"HPG","13:20:33",26.8,-0.25,800,17490500,"B"
"HPG","13:20:32",26.85,-0.2,100,17489700,"S"
"HPG","13:20:32",26.8,-0.25,1300,17489600,"B"
"HPG","13:20:29",26.85,-0.2,500,17488300,"S"
"HPG","13:20:27",26.85,-0.2,200,17487800,"S"
"HPG","13:20:25",26.8,-0.25,50000,17487400,"B"
"HPG","13:20:24",26.85,-0.2,100,17437400,"S"
"HPG","13:20:22",26.8,-0.25,100,17437300,"B"
"HPG","13:20:21",26.8,-0.25,50600,17437200,"B"
"HPG","13:20:20",26.85,-0.2,500,17386600,"S"
"HPG","13:20:16",26.85,-0.2,800,17386100,"S"
"HPG","13:20:14",26.85,-0.2,100,17385300,"S"
"HPG","13:20:10",26.8,-0.25,1000,17385200,"B"
"HPG","13:20:10",26.85,-0.2,100,17384200,"S"
"HPG","13:20:07",26.85,-0.2,10600,17384100,"S"
"HPG","13:20:05",26.8,-0.25,700,17373500,"B"
"HPG","13:20:05",26.85,-0.2,1100,17372800,"S"
"HPG","13:20:04",26.8,-0.25,200,17371700,"B"
"HPG","13:20:02",26.85,-0.2,100,17371500,"S"
"HPG","13:20:01",26.8,-0.25,1300,17371400,"B"
"HPG","13:19:56",26.85,-0.2,200,17370100,"S"
"HPG","13:19:55",26.85,-0.2,2000,17369900,"S"
"HPG","13:19:52",26.8,-0.25,800,17367900,"B"
"HPG","13:19:50",26.85,-0.2,1000,17367100,"S"
"HPG","13:19:47",26.85,-0.2,100,17366100,"S"
"HPG","13:19:38",26.85,-0.2,200,17366000,"S"
"HPG","13:19:33",26.8,-0.25,700,17365800,"B"
"HPG","13:19:32",26.8,-0.25,1300,17365100,"B"
"HPG","13:19:29",26.85,-0.2,100,17363800,"S"
"HPG","13:19:28",26.85,-0.2,100,17363700,"S"
"HPG","13:19:25",26.85,-0.2,100,17363600,"S"
"HPG","13:19:21",26.85,-0.2,200,17363500,"S"
"HPG","13:19:20",26.85,-0.2,100,17363300,"S"
"HPG","13:19:17",26.85,-0.2,900,17363200,"S"
"HPG","13:19:16",26.85,-0.2,10700,17362300,"S"
"HPG","13:19:12",26.85,-0.2,100,17351600,"S"
"HPG","13:19:10",26.8,-0.25,800,17351500,"B"
"HPG","13:19:02",26.8,-0.25,1300,17350700,"B"
"HPG","13:19:01",26.85,-0.2,23500,17349400,"B"
"HPG","13:19:01",26.85,-0.2,7600,17325900,"B"
"HPG","13:19:01",26.9,-0.15,100,17318300,"S"
"HPG","13:19:00",26.85,-0.2,700,17318200,"B"
"HPG","13:18:54",26.85,-0.2,16000,17317500,"B"
"HPG","13:18:52",26.9,-0.15,300,17301500,"S"
"HPG","13:18:45",26.85,-0.2,700,17301200,"B"
"HPG","13:18:44",26.85,-0.2,100,17300500,"B"
"HPG","13:18:43",26.85,-0.2,9200,17300400,"B"
"HPG","13:18:43",26.9,-0.15,100,17291200,"S"
"HPG","13:18:38",26.85,-0.2,700,17291100,"B"
"HPG","13:18:34",26.9,-0.15,100,17290400,"S"
"HPG","13:18:34",26.85,-0.2,3000,17290300,"B"
"HPG","13:18:31",26.85,-0.2,1300,17287300,"B"
"HPG","13:18:28",26.85,-0.2,1600,17286000,"B"
"HPG","13:18:26",26.85,-0.2,800,17284400,"B"
"HPG","13:18:25",26.9,-0.15,100,17283600,"S"
"HPG","13:18:20",26.85,-0.2,100,17283500,"B"
"HPG","13:18:16",26.9,-0.15,200,17283400,"S"
"HPG","13:18:14",26.85,-0.2,900,17283200,"B"
"HPG","13:18:13",26.85,-0.2,700,17282300,"B"
"HPG","13:18:05",26.85,-0.2,25100,17281600,"S"
"HPG","13:18:01",26.8,-0.25,1300,17256500,"B"
"HPG","13:17:58",26.85,-0.2,100,17255200,"S"
"HPG","13:17:55",26.8,-0.25,700,17255100,"B"
"HPG","13:17:50",26.8,-0.25,7000,17254400,"B"
"HPG","13:17:49",26.85,-0.2,100,17247400,"S"
"HPG","13:17:45",26.8,-0.25,800,17247300,"B"
"HPG","13:17:40",26.8,-0.25,3000,17246500,"B"
"HPG","13:17:39",26.8,-0.25,700,17243500,"B"
"HPG","13:17:37",26.8,-0.25,2100,17242800,"B"
"HPG","13:17:31",26.8,-0.25,1300,17240700,"B"
"HPG","13:17:30",26.85,-0.2,1200,17239400,"S"
"HPG","13:17:30",26.85,-0.2,3000,17238200,"B"
"HPG","13:17:29",26.85,-0.2,16000,17235200,"B"
"HPG","13:17:28",26.85,-0.2,32000,17219200,"B"
"HPG","13:17:20",26.9,-0.15,200,17187200,"S"
"HPG","13:17:15",26.9,-0.15,15900,17187000,"S"
"HPG","13:17:11",26.9,-0.15,100,17171100,"S"
"HPG","13:17:03",26.9,-0.15,100,17171000,"S"
"HPG","13:17:02",26.85,-0.2,800,17170900,"B"
"HPG","13:17:01",26.85,-0.2,1300,17170100,"B"
"HPG","13:16:57",26.9,-0.15,600,17168800,"S"
"HPG","13:16:55",26.85,-0.2,5000,17168200,"B"
"HPG","13:16:54",26.9,-0.15,1000,17163200,"S"
"HPG","13:16:53",26.9,-0.15,100,17162200,"S"
"HPG","13:16:49",26.9,-0.15,15900,17162100,"S"
"HPG","13:16:44",26.85,-0.2,400,17146200,"B"
"HPG","13:16:44",26.9,-0.15,100,17145800,"S"
"HPG","13:16:43",26.85,-0.2,400,17145700,"B"
"HPG","13:16:41",26.85,-0.2,2300,17145300,"B"
"HPG","13:16:37",26.85,-0.2,400,17143000,"B"
"HPG","13:16:35",26.9,-0.15,100,17142600,"S"
"HPG","13:16:34",26.85,-0.2,700,17142500,"B"
"HPG","13:16:32",26.85,-0.2,20000,17141800,"B"
"HPG","13:16:31",26.85,-0.2,60300,17121800,"B"
"HPG","13:16:30",26.85,-0.2,41000,17061500,"B"
"HPG","13:16:26",26.9,-0.15,100,17020500,"S"
"HPG","13:16:21",26.9,-0.15,1600,17020400,"S"
"HPG","13:16:20",26.85,-0.2,800,17018800,"B"
"HPG","13:16:20",26.9,-0.15,10600,17018000,"S"
"HPG","13:16:18",26.9,-0.15,100,17007400,"S"
"HPG","13:16:17",26.9,-0.15,200,17007300,"S"
"HPG","13:16:15",26.85,-0.2,200,17007100,"B"
"HPG","13:16:08",26.9,-0.15,100,17006900,"S"
"HPG","13:16:06",26.85,-0.2,20000,17006800,"B"
"HPG","13:16:02",26.85,-0.2,700,16986800,"B"
"HPG","13:16:01",26.85,-0.2,1300,16986100,"B"
"HPG","13:16:00",26.9,-0.15,100,16984800,"S"
"HPG","13:15:59",26.9,-0.15,200,16984700,"S"
"HPG","13:15:57",26.9,-0.15,100,16984500,"S"
"HPG","13:15:51",26.9,-0.15,200,16984400,"S"
"HPG","13:15:50",26.9,-0.15,100,16984200,"S"
"HPG","13:15:46",26.9,-0.15,100,16984100,"S"
"HPG","13:15:41",26.9,-0.15,200,16984000,"S"
"HPG","13:15:39",26.85,-0.2,800,16983800,"B"
"HPG","13:15:38",26.9,-0.15,100,16983000,"S"
"HPG","13:15:36",26.85,-0.2,200,16982900,"B"
"HPG","13:15:34",26.9,-0.15,100,16982700,"S"
"HPG","13:15:33",26.9,-0.15,5000,16982600,"S"
"HPG","13:15:32",26.9,-0.15,200,16977600,"S"
"HPG","13:15:31",26.85,-0.2,1300,16977400,"B"
"HPG","13:15:30",26.9,-0.15,500,16976100,"S"
"HPG","13:15:27",26.9,-0.15,20000,16975600,"S"
"HPG","13:15:23",26.9,-0.15,200,16955600,"S"
"HPG","13:15:18",26.9,-0.15,15900,16955400,"S"
"HPG","13:15:18",26.85,-0.2,100000,16939500,"B"
"HPG","13:15:14",26.9,-0.15,100,16839500,"S"
"HPG","13:15:13",26.85,-0.2,5000,16839400,"B"
"HPG","13:15:05",26.9,-0.15,100,16834400,"S"
"HPG","13:15:01",26.85,-0.2,4200,16834300,"B"
"HPG","13:15:00",26.9,-0.15,500,16830100,"S"
"HPG","13:14:59",26.9,-0.15,1000,16829600,"S"
"HPG","13:14:57",26.85,-0.2,700,16828600,"B"
"HPG","13:14:57",26.9,-0.15,1600,16827900,"S"
"HPG","13:14:57",26.85,-0.2,800,16826300,"B"
"HPG","13:14:56",26.9,-0.15,200,16825500,"S"
"HPG","13:14:51",26.9,-0.15,7900,16825300,"S"
"HPG","13:14:46",26.9,-0.15,10200,16817400,"S"
"HPG","13:14:41",26.9,-0.15,33400,16807200,"B"
"HPG","13:14:39",26.95,-0.1,100,16773800,"S"
"HPG","13:14:36",26.95,-0.1,100,16773700,"S"
"HPG","13:14:35",26.9,-0.15,500,16773600,"B"
"HPG","13:14:31",26.9,-0.15,1300,16773100,"B"
"HPG","13:14:28",26.9,-0.15,5000,16771800,"B"
"HPG","13:14:27",26.9,-0.15,10000,16766800,"B"
"HPG","13:14:27",26.95,-0.1,200,16756800,"S"
"HPG","13:14:26",26.9,-0.15,700,16756600,"B"
"HPG","13:14:25",26.9,-0.15,50000,16755900,"B"
"HPG","13:14:24",26.9,-0.15,100,16705900,"B"
"HPG","13:14:23",26.95,-0.1,11400,16705800,"S"
"HPG","13:14:22",26.95,-0.1,100,16694400,"S"
"HPG","13:14:19",26.9,-0.15,20000,16694300,"B"
"HPG","13:14:19",26.95,-0.1,13600,16674300,"S"
"HPG","13:14:17",26.95,-0.1,100,16660700,"S"
"HPG","13:14:14",26.9,-0.15,10800,16660600,"B"
"HPG","13:14:13",26.95,-0.1,100,16649800,"S"
"HPG","13:14:11",26.95,-0.1,500,16649700,"S"
"HPG","13:14:11",26.95,-0.1,10000,16649200,"S"
"HPG","13:14:10",26.9,-0.15,4300,16639200,"B"
"HPG","13:14:10",26.9,-0.15,6800,16634900,"B"
"HPG","13:14:09",26.9,-0.15,5800,16628100,"B"
"HPG","13:14:09",26.9,-0.15,4100,16622300,"B"
"HPG","13:14:08",26.95,-0.1,200,16618200,"S"
"HPG","13:14:08",26.9,-0.15,600,16618000,"B"
"HPG","13:14:08",26.9,-0.15,9600,16617400,"B"
"HPG","13:14:07",26.9,-0.15,1800,16607800,"B"
"HPG","13:14:07",26.9,-0.15,4400,16606000,"B"
"HPG","13:14:06",26.9,-0.15,5000,16601600,"B"
"HPG","13:14:06",26.9,-0.15,2400,16596600,"B"
"HPG","13:14:05",26.9,-0.15,6600,16594200,"B"
"HPG","13:14:05",26.9,-0.15,1500,16587600,"B"
"HPG","13:14:05",26.95,-0.1,3300,16586100,"S"
"HPG","13:14:05",26.9,-0.15,900,16582800,"B"
"HPG","13:14:04",26.9,-0.15,4800,16581900,"B"
"HPG","13:14:04",26.9,-0.15,2100,16577100,"B"
"HPG","13:14:02",26.9,-0.15,50000,16575000,"B"
"HPG","13:14:01",26.95,-0.1,1000,16525000,"S"
"HPG","13:14:00",26.9,-0.15,1300,16524000,"B"
"HPG","13:14:00",26.95,-0.1,100,16522700,"S"
"HPG","13:13:59",26.95,-0.1,400,16522600,"S"
"HPG","13:13:57",26.95,-0.1,50000,16522200,"S"
"HPG","13:13:56",26.95,-0.1,600,16472200,"S"
"HPG","13:13:55",26.95,-0.1,100,16471600,"S"
"HPG","13:13:51",26.95,-0.1,100,16471500,"S"
"HPG","13:13:51",26.95,-0.1,144400,16471400,"S"
"HPG","13:13:47",26.95,-0.1,22600,16327000,"S"
"HPG","13:13:45",26.95,-0.1,200,16304400,"S"
"HPG","13:13:42",26.95,-0.1,100,16304200,"S"
"HPG","13:13:40",26.95,-0.1,100,16304100,"S"
"HPG","13:13:33",26.95,-0.1,100,16304000,"S"
"HPG","13:13:32",26.9,-0.15,800,16303900,"B"
"HPG","13:13:30",26.9,-0.15,1300,16303100,"B"
"HPG","13:13:29",26.95,-0.1,100,16301800,"S"
"HPG","13:13:29",26.95,-0.1,100,16301700,"S"
"HPG","13:13:24",26.95,-0.1,100,16301600,"S"
"HPG","13:13:23",26.95,-0.1,100,16301500,"S"
"HPG","13:13:22",26.95,-0.1,100,16301400,"S"
"HPG","13:13:21",26.95,-0.1,300,16301300,"S"
"HPG","13:13:15",26.95,-0.1,1100,16301000,"S"
"HPG","13:13:14",26.9,-0.15,500,16299900,"B"
"HPG","13:13:13",26.95,-0.1,200,16299400,"S"
"HPG","13:13:13",26.9,-0.15,2500,16299200,"B"
"HPG","13:13:06",26.9,-0.15,3000,16296700,"B"
"HPG","13:13:06",26.95,-0.1,20000,16293700,"S"
"HPG","13:13:05",26.95,-0.1,200,16273700,"S"
"HPG","13:13:04",26.9,-0.15,700,16273500,"B"
"HPG","13:13:00",26.9,-0.15,1300,16272800,"B"
"HPG","13:12:59",26.9,-0.15,3500,16271500,"B"
"HPG","13:12:56",26.95,-0.1,600,16268000,"S"
"HPG","13:12:53",26.95,-0.1,20000,16267400,"S"
"HPG","13:12:48",26.9,-0.15,800,16247400,"B"
"HPG","13:12:47",26.95,-0.1,100,16246600,"S"
"HPG","13:12:44",26.9,-0.15,300,16246500,"B"
"HPG","13:12:44",26.95,-0.1,10000,16246200,"S"
"HPG","13:12:44",26.9,-0.15,500,16236200,"B"
"HPG","13:12:43",26.9,-0.15,10100,16235700,"B"
"HPG","13:12:42",26.9,-0.15,5200,16225600,"B"
"HPG","13:12:41",26.9,-0.15,2300,16220400,"B"
"HPG","13:12:41",26.9,-0.15,6800,16218100,"B"
"HPG","13:12:40",26.9,-0.15,3900,16211300,"B"
"HPG","13:12:40",26.9,-0.15,6700,16207400,"B"
"HPG","13:12:39",26.9,-0.15,1500,16200700,"B"
"HPG","13:12:39",26.9,-0.15,4400,16199200,"B"
"HPG","13:12:39",26.95,-0.1,100,16194800,"S"
"HPG","13:12:39",26.9,-0.15,2800,16194700,"B"
"HPG","13:12:38",26.9,-0.15,2200,16191900,"B"
"HPG","13:12:38",26.95,-0.1,200,16189700,"S"
"HPG","13:12:38",26.9,-0.15,300,16189500,"B"
"HPG","13:12:38",26.9,-0.15,4700,16189200,"B"
"HPG","13:12:37",26.9,-0.15,6400,16184500,"B"
"HPG","13:12:33",26.9,-0.15,700,16178100,"B"
"HPG","13:12:30",26.9,-0.15,1300,16177400,"B"
"HPG","13:12:29",26.95,-0.1,100,16176100,"S"
"HPG","13:12:28",26.95,-0.1,3000,16176000,"S"
"HPG","13:12:27",26.95,-0.1,100,16173000,"S"
"HPG","13:12:23",26.9,-0.15,3400,16172900,"B"
"HPG","13:12:22",26.95,-0.1,400,16169500,"S"
"HPG","13:12:20",26.95,-0.1,200,16169100,"S"
"HPG","13:12:16",26.95,-0.1,300,16168900,"S"
"HPG","13:12:15",26.95,-0.1,200,16168600,"S"
"HPG","13:12:11",26.95,-0.1,200,16168400,"S"
"HPG","13:12:10",26.9,-0.15,100,16168200,"B"
"HPG","13:12:07",26.95,-0.1,100,16168100,"S"
"HPG","13:12:05",26.9,-0.15,3800,16168000,"B"
"HPG","13:12:04",26.95,-0.1,100,16164200,"S"
"HPG","13:12:02",26.95,-0.1,100,16164100,"S"
"HPG","13:12:00",26.9,-0.15,1300,16164000,"B"
"HPG","13:12:00",26.9,-0.15,700,16162700,"B"
"HPG","13:11:54",26.9,-0.15,2000,16162000,"B"
"HPG","13:11:54",26.95,-0.1,100,16160000,"S"
"HPG","13:11:53",26.95,-0.1,6300,16159900,"S"
"HPG","13:11:48",26.9,-0.15,100,16153600,"B"
"HPG","13:11:47",26.9,-0.15,1600,16153500,"B"
"HPG","13:11:47",26.9,-0.15,600,16151900,"B"
"HPG","13:11:47",26.95,-0.1,5000,16151300,"S"
"HPG","13:11:46",26.9,-0.15,5500,16144700,"B"
"HPG","13:11:46",26.9,-0.15,5500,16139200,"B"
"HPG","13:11:45",26.9,-0.15,4000,16133700,"B"
"HPG","13:11:45",26.9,-0.15,4900,16129700,"B"
"HPG","13:11:45",26.95,-0.1,100,16124800,"S"
"HPG","13:11:45",26.9,-0.15,900,16124700,"B"
"HPG","13:11:44",26.9,-0.15,3500,16123800,"B"
"HPG","13:11:44",26.9,-0.15,5600,16120300,"B"
"HPG","13:11:43",26.9,-0.15,1300,16110800,"B"
"HPG","13:11:43",26.95,-0.1,100,16109500,"S"
"HPG","13:11:43",26.9,-0.15,800,16109400,"B"
"HPG","13:11:42",26.9,-0.15,7400,16108600,"B"
"HPG","13:11:42",26.9,-0.15,600,16101200,"B"
"HPG","13:11:42",26.95,-0.1,5300,16100600,"S"
"HPG","13:11:42",26.9,-0.15,100,16095300,"B"
"HPG","13:11:41",26.9,-0.15,4600,16095200,"B"
"HPG","13:11:41",26.95,-0.1,7000,16090600,"S"
"HPG","13:11:41",26.9,-0.15,2800,16083600,"B"
"HPG","13:11:40",26.9,-0.15,6800,16080800,"B"
"HPG","13:11:40",26.95,-0.1,10000,16074000,"S"
"HPG","13:11:39",26.9,-0.15,2100,16063500,"B"
"HPG","13:11:38",26.95,-0.1,2100,16061400,"S"
"HPG","13:11:37",26.95,-0.1,10000,16059300,"S"
"HPG","13:11:36",26.95,-0.1,600,16049300,"S"
"HPG","13:11:30",26.9,-0.15,1300,16048700,"B"
"HPG","13:11:26",26.95,-0.1,200,16047400,"S"
"HPG","13:11:24",26.95,-0.1,2000,16047200,"S"
"HPG","13:11:23",26.9,-0.15,3000,16045200,"B"
"HPG","13:11:23",26.9,-0.15,900,16042200,"B"
"HPG","13:11:23",26.95,-0.1,100,16041300,"S"
"HPG","13:11:22",26.95,-0.1,20000,16041200,"S"
"HPG","13:11:19",26.9,-0.15,20000,16021200,"B"
"HPG","13:11:17",26.95,-0.1,100,16001200,"S"
"HPG","13:11:16",26.9,-0.15,5200,16001100,"B"
"HPG","13:11:14",26.95,-0.1,100,15995900,"S"
"HPG","13:11:13",26.95,-0.1,1000,15995800,"S"
"HPG","13:11:08",26.95,-0.1,200,15994800,"S"
"HPG","13:11:06",26.95,-0.1,2000,15994600,"S"
"HPG","13:11:00",26.9,-0.15,1300,15992600,"B"
"HPG","13:11:00",26.95,-0.1,100,15991300,"S"
"HPG","13:10:59",26.9,-0.15,2500,15991200,"B"
"HPG","13:10:58",26.9,-0.15,1700,15988700,"B"
"HPG","13:10:58",26.9,-0.15,3600,15987000,"B"
