"symbol","time","price","change","vol","total","side"
"HSG","14:45:06",20.85,-0.15,1172900,9144000,
"HSG","14:29:58",20.9,-0.1,43100,7971100,"B"
"HSG","14:29:58",20.95,-0.05,51500,7928000,"B"
"HSG","14:29:58",21,0,5400,7876500,"B"
"HSG","14:29:52",21,0,44600,7871100,"S"
"HSG","14:29:48",20.95,-0.05,600,7826500,"S"
"HSG","14:29:48",20.95,-0.05,100,7825900,"S"
"HSG","14:29:43",20.9,-0.1,1000,7825800,"B"
"HSG","14:29:43",20.9,-0.1,200,7824800,"B"
"HSG","14:29:42",20.95,-0.05,3000,7824600,"S"
"HSG","14:29:40",20.9,-0.1,3000,7821600,"B"
"HSG","14:29:39",20.95,-0.05,100,7818600,"S"
"HSG","14:29:37",20.95,-0.05,100,7818500,"S"
"HSG","14:29:36",20.9,-0.1,5500,7818400,"B"
"HSG","14:29:36",20.9,-0.1,23300,7812900,"B"
"HSG","14:29:35",20.9,-0.1,4200,7789600,"B"
"HSG","14:29:35",20.95,-0.05,1100,7785400,"S"
"HSG","14:29:32",20.95,-0.05,500,7784300,"S"
"HSG","14:29:29",20.95,-0.05,300,7783800,"S"
"HSG","14:29:27",20.95,-0.05,100,7783500,"S"
"HSG","14:29:25",20.95,-0.05,600,7783400,"S"
"HSG","14:29:24",20.95,-0.05,5000,7782800,"S"
"HSG","14:29:20",20.9,-0.1,3000,7777800,"B"
"HSG","14:29:19",20.95,-0.05,500,7774800,"S"
"HSG","14:29:18",20.95,-0.05,600,7774300,"S"
"HSG","14:29:16",20.95,-0.05,1000,7773700,"S"
"HSG","14:29:12",20.95,-0.05,100,7772700,"B"
"HSG","14:29:11",20.95,-0.05,500,7772600,"B"
"HSG","14:29:10",20.95,-0.05,1100,7772100,"B"
"HSG","14:29:09",21,0,100,7771000,"S"
"HSG","14:29:08",20.95,-0.05,200,7770900,"B"
"HSG","14:29:06",20.95,-0.05,46000,7770700,"B"
"HSG","14:29:01",20.95,-0.05,100,7724700,"B"
"HSG","14:29:00",20.95,-0.05,4000,7724600,"B"
"HSG","14:29:00",21,0,1000,7720600,"S"
"HSG","14:28:57",20.95,-0.05,800,7719600,"B"
"HSG","14:28:56",21,0,900,7718800,"S"
"HSG","14:28:55",21,0,1000,7717900,"S"
"HSG","14:28:51",21,0,161700,7716900,"B"
"HSG","14:28:38",21.05,0.05,2000,7555200,"S"
"HSG","14:28:38",21,0,1000,7553200,"B"
"HSG","14:28:36",21,0,2000,7552200,"B"
"HSG","14:28:34",21,0,60000,7550200,"B"
"HSG","14:28:20",21,0,300,7490200,"B"
"HSG","14:28:18",21.05,0.05,300,7489900,"S"
"HSG","14:28:13",21.05,0.05,100,7489600,"S"
"HSG","14:28:13",21,0,800,7489500,"B"
"HSG","14:28:11",21,0,100,7488700,"B"
"HSG","14:28:08",21.05,0.05,5000,7488600,"S"
"HSG","14:28:07",21.05,0.05,100,7483600,"S"
"HSG","14:28:02",21.05,0.05,500,7483500,"S"
"HSG","14:27:59",21.05,0.05,1000,7483000,"S"
"HSG","14:27:52",21.05,0.05,16300,7482000,"B"
"HSG","14:27:42",21.05,0.05,1000,7465700,"B"
"HSG","14:27:40",21.05,0.05,500,7464700,"B"
"HSG","14:27:39",21.05,0.05,1000,7464200,"B"
"HSG","14:27:37",21.05,0.05,700,7463200,"B"
"HSG","14:27:32",21.05,0.05,300,7462500,"B"
"HSG","14:27:30",21,0,900,7462200,"B"
"HSG","14:27:27",21.1,0.1,500,7461300,"S"
"HSG","14:27:21",21,0,1300,7460800,"B"
"HSG","14:27:21",21.05,0.05,700,7459500,"B"
"HSG","14:27:20",21.1,0.1,4000,7458800,"B"
"HSG","14:27:19",21.1,0.1,500,7454800,"B"
"HSG","14:27:19",21.1,0.1,1000,7454300,"B"
"HSG","14:27:18",21.1,0.1,3300,7453300,"B"
"HSG","14:27:16",21.1,0.1,300,7450000,"B"
"HSG","14:27:13",21.1,0.1,2900,7449700,"B"
"HSG","14:27:12",21.1,0.1,1000,7446800,"B"
"HSG","14:27:12",21.1,0.1,1000,7445800,"B"
"HSG","14:27:07",21.1,0.1,200,7444800,"B"
"HSG","14:27:05",21.1,0.1,12400,7444600,"S"
"HSG","14:27:05",21.05,0.05,73400,7432200,"S"
"HSG","14:27:04",21.05,0.05,100,7358800,"S"
"HSG","14:27:02",21.05,0.05,2000,7358700,"S"
"HSG","14:27:00",21,0,3400,7356700,"B"
"HSG","14:26:57",21,0,50000,7353300,"B"
"HSG","14:26:53",21.05,0.05,1600,7303300,"S"
"HSG","14:26:52",21.05,0.05,23900,7301700,"B"
"HSG","14:26:49",21.05,0.05,10000,7275800,"B"
"HSG","14:26:45",21.05,0.05,500,7265800,"B"
"HSG","14:26:44",21.05,0.05,800,7265300,"B"
"HSG","14:26:38",21.05,0.05,3000,7264500,"B"
"HSG","14:26:37",21.05,0.05,50000,7261500,"B"
"HSG","14:26:34",21.1,0.1,100,7211500,"S"
"HSG","14:26:30",21.1,0.1,1500,7211400,"S"
"HSG","14:26:24",21.1,0.1,100,7209900,"S"
"HSG","14:26:23",21.05,0.05,1500,7209800,"B"
"HSG","14:26:16",21.1,0.1,4000,7208300,"S"
"HSG","14:26:15",21.05,0.05,500,7204000,"B"
"HSG","14:26:13",21.1,0.1,100,7203500,"B"
"HSG","14:26:12",21.1,0.1,100,7203400,"B"
"HSG","14:26:10",21.1,0.1,500,7203300,"B"
"HSG","14:26:09",21.1,0.1,10000,7202800,"B"
"HSG","14:26:07",21.1,0.1,2000,7192800,"B"
"HSG","14:26:06",21.1,0.1,10000,7190800,"B"
"HSG","14:26:06",21.15,0.15,500,7180800,"S"
"HSG","14:26:04",21.1,0.1,500,7180300,"B"
"HSG","14:26:02",21.1,0.1,800,7179800,"B"
"HSG","14:26:01",21.1,0.1,1800,7179000,"B"
"HSG","14:25:56",21.1,0.1,5100,7177200,"B"
"HSG","14:25:55",21.15,0.15,400,7172100,"S"
"HSG","14:25:52",21.1,0.1,2000,7171700,"B"
"HSG","14:25:50",21.15,0.15,100,7169700,"S"
"HSG","14:25:47",21.1,0.1,1000,7169600,"B"
"HSG","14:25:46",21.1,0.1,3000,7168600,"B"
"HSG","14:25:42",21.1,0.1,300,7165600,"B"
"HSG","14:25:42",21.1,0.1,100,7165300,"B"
"HSG","14:25:38",21.15,0.15,6600,7165200,"B"
"HSG","14:25:37",21.15,0.15,500,7158600,"B"
"HSG","14:25:35",21.15,0.15,500,7158100,"B"
"HSG","14:25:32",21.15,0.15,1000,7157600,"B"
"HSG","14:25:27",21.15,0.15,1500,7156600,"B"
"HSG","14:25:21",21.2,0.2,100,7155100,"S"
"HSG","14:25:21",21.15,0.15,800,7155000,"B"
"HSG","14:25:20",21.15,0.15,500,7154200,"B"
"HSG","14:25:15",21.15,0.15,1000,7153700,"B"
"HSG","14:25:09",21.15,0.15,200,7152700,"S"
"HSG","14:25:09",21.1,0.1,12900,7152500,"S"
"HSG","14:25:06",21.1,0.1,10200,7139600,"S"
"HSG","14:24:59",21.1,0.1,3000,7129400,"S"
"HSG","14:24:56",21.1,0.1,52600,7126400,"B"
"HSG","14:24:56",21.15,0.15,16300,7073800,"B"
"HSG","14:24:38",21.2,0.2,500,7057500,"S"
"HSG","14:24:38",21.15,0.15,800,7057000,"B"
"HSG","14:24:33",21.15,0.15,200,7056200,"B"
"HSG","14:24:28",21.15,0.15,2000,7056000,"B"
"HSG","14:24:27",21.15,0.15,1000,7054000,"B"
"HSG","14:24:25",21.15,0.15,1000,7053000,"B"
"HSG","14:24:14",21.15,0.15,34500,7052000,"S"
"HSG","14:24:07",21.15,0.15,200,7017500,"S"
"HSG","14:23:56",21.1,0.1,800,7017300,"B"
"HSG","14:23:50",21.15,0.15,200,7016500,"S"
"HSG","14:23:48",21.15,0.15,100,7016300,"S"
"HSG","14:23:46",21.15,0.15,28600,7016200,"B"
"HSG","14:23:45",21.2,0.2,100,6987600,"S"
"HSG","14:23:42",21.15,0.15,1000,6987500,"B"
"HSG","14:23:33",21.15,0.15,300,6986500,"B"
"HSG","14:23:25",21.15,0.15,7000,6986200,"B"
"HSG","14:23:16",21.15,0.15,3400,6979200,"B"
"HSG","14:23:11",21.15,0.15,900,6975800,"B"
"HSG","14:23:11",21.2,0.2,500,6974900,"S"
"HSG","14:23:02",21.2,0.2,100,6974400,"S"
"HSG","14:22:58",21.2,0.2,500,6974300,"S"
"HSG","14:22:46",21.2,0.2,200,6973800,"S"
"HSG","14:22:27",21.15,0.15,800,6973600,"B"
"HSG","14:22:22",21.15,0.15,300,6972800,"B"
"HSG","14:22:19",21.15,0.15,3700,6972500,"B"
"HSG","14:22:11",21.15,0.15,900,6968800,"B"
"HSG","14:22:06",21.15,0.15,500,6967900,"B"
"HSG","14:21:49",21.15,0.15,400,6967400,"B"
"HSG","14:21:45",21.15,0.15,800,6967000,"B"
"HSG","14:21:41",21.2,0.2,10000,6966200,"S"
"HSG","14:21:29",21.2,0.2,14000,6956200,"S"
"HSG","14:21:16",21.15,0.15,200,6942200,"B"
"HSG","14:21:12",21.15,0.15,2000,6942000,"B"
"HSG","14:21:03",21.1,0.1,800,6940000,"B"
"HSG","14:21:03",21.2,0.2,21700,6939200,"S"
"HSG","14:21:01",21.15,0.15,1000,6909200,"S"
"HSG","14:20:51",21.15,0.15,5000,6908200,"S"
"HSG","14:20:33",21.15,0.15,300,6903200,"S"
"HSG","14:20:30",21.1,0.1,200,6902900,"B"
"HSG","14:20:19",21.1,0.1,800,6902700,"B"
"HSG","14:20:17",21.15,0.15,100,6901900,"S"
"HSG","14:19:44",21.1,0.1,6100,6901800,"S"
"HSG","14:19:42",21.1,0.1,300,6895700,"S"
"HSG","14:19:40",21.1,0.1,2400,6895400,"B"
"HSG","14:19:36",21.1,0.1,900,6893000,"B"
"HSG","14:19:30",21.1,0.1,9600,6892100,"S"
"HSG","14:19:24",21.1,0.1,1000,6882500,"S"
"HSG","14:19:13",21.1,0.1,1400,6881500,"B"
"HSG","14:19:12",21.1,0.1,100,6880100,"B"
"HSG","14:19:12",21.15,0.15,1000,6880000,"S"
"HSG","14:19:03",21.1,0.1,100,6879000,"B"
"HSG","14:18:50",21.05,0.05,500,6878900,"B"
"HSG","14:18:50",21.1,0.1,4100,6878400,"S"
"HSG","14:18:49",21.1,0.1,5900,6874300,"S"
"HSG","14:18:49",21.1,0.1,100,6868400,"S"
"HSG","14:18:48",21.1,0.1,1000,6868300,"S"
"HSG","14:18:39",21.1,0.1,600,6867300,"S"
"HSG","14:18:09",21.05,0.05,800,6866700,"B"
"HSG","14:18:08",21.1,0.1,200,6865900,"S"
"HSG","14:18:07",21.1,0.1,100,6865700,"S"
"HSG","14:18:05",21.1,0.1,2000,6865600,"S"
"HSG","14:18:00",21.1,0.1,5500,6863600,"S"
"HSG","14:17:57",21.1,0.1,500,6858100,"S"
"HSG","14:17:51",21.1,0.1,15000,6857600,"S"
"HSG","14:17:45",21.1,0.1,1000,6842600,"S"
"HSG","14:17:43",21.05,0.05,5000,6841600,"B"
"HSG","14:17:40",21.1,0.1,500,6835600,"S"
"HSG","14:17:38",21.1,0.1,2000,6835100,"S"
"HSG","14:17:37",21.1,0.1,3000,6833100,"S"
"HSG","14:17:37",21.05,0.05,300,6830100,"B"
"HSG","14:17:35",21.1,0.1,5000,6829800,"S"
"HSG","14:17:25",21.05,0.05,800,6824800,"B"
"HSG","14:17:23",21.1,0.1,400,6824000,"S"
"HSG","14:16:50",21.05,0.05,1000,6823600,"B"
"HSG","14:16:50",21.1,0.1,500,6822600,"S"
"HSG","14:16:43",21.05,0.05,800,6822100,"B"
"HSG","14:16:41",21.1,0.1,16000,6821300,"S"
"HSG","14:16:27",21.1,0.1,1000,6805300,"S"
"HSG","14:16:16",21.1,0.1,400,6804300,"S"
"HSG","14:16:02",21.05,0.05,800,6803900,"B"
"HSG","14:16:01",21.1,0.1,2000,6803100,"S"
"HSG","14:15:58",21.1,0.1,10000,6801100,"S"
"HSG","14:15:39",21.05,0.05,400,6791100,"B"
"HSG","14:15:19",21.05,0.05,800,6790700,"B"
"HSG","14:15:16",21.1,0.1,200,6789900,"S"
"HSG","14:15:10",21.1,0.1,56700,6789700,"B"
"HSG","14:15:07",21.1,0.1,500,6733000,"B"
"HSG","14:15:06",21.1,0.1,5000,6732500,"B"
"HSG","14:15:05",21.1,0.1,2000,6727500,"B"
"HSG","14:15:02",21.1,0.1,11600,6725500,"B"
"HSG","14:14:56",21.1,0.1,200,6713900,"B"
"HSG","14:14:47",21.15,0.15,100,6713700,"S"
"HSG","14:14:45",21.1,0.1,1400,6713600,"B"
"HSG","14:14:37",21.15,0.15,200,6712200,"S"
"HSG","14:14:34",21.1,0.1,900,6712000,"B"
"HSG","14:14:34",21.1,0.1,500,6711100,"B"
"HSG","14:14:33",21.1,0.1,100,6710600,"B"
"HSG","14:14:21",21.1,0.1,100,6710500,"B"
"HSG","14:14:14",21.1,0.1,1400,6710400,"B"
"HSG","14:14:13",21.1,0.1,1000,6709000,"B"
"HSG","14:13:59",21.1,0.1,500,6708000,"B"
"HSG","14:13:51",21.1,0.1,800,6707500,"B"
"HSG","14:13:44",21.1,0.1,1400,6706700,"B"
"HSG","14:13:39",21.15,0.15,200,6705300,"S"
"HSG","14:13:39",21.1,0.1,100,6705100,"B"
"HSG","14:13:36",21.15,0.15,3000,6705000,"S"
"HSG","14:13:29",21.1,0.1,500,6702000,"B"
"HSG","14:13:27",21.1,0.1,1000,6701500,"B"
"HSG","14:13:14",21.1,0.1,1400,6700500,"B"
"HSG","14:13:07",21.1,0.1,800,6699100,"B"
"HSG","14:12:52",21.15,0.15,300,6698300,"S"
"HSG","14:12:50",21.1,0.1,20000,6698000,"B"
"HSG","14:12:44",21.1,0.1,1400,6678000,"B"
"HSG","14:12:25",21.1,0.1,800,6676600,"B"
"HSG","14:12:14",21.1,0.1,1400,6675800,"B"
"HSG","14:12:04",21.1,0.1,100,6674400,"B"
"HSG","14:12:03",21.15,0.15,700,6674300,"S"
"HSG","14:12:03",21.1,0.1,200,6673600,"B"
"HSG","14:11:44",21.1,0.1,1400,6673400,"B"
"HSG","14:11:43",21.15,0.15,100,6672000,"S"
"HSG","14:11:42",21.15,0.15,400,6671900,"S"
"HSG","14:11:40",21.1,0.1,800,6671500,"B"
"HSG","14:11:24",21.15,0.15,200,6670700,"S"
"HSG","14:11:20",21.15,0.15,500,6670500,"S"
"HSG","14:11:19",21.15,0.15,400,6670000,"S"
"HSG","14:11:19",21.15,0.15,500,6669600,"S"
"HSG","14:11:14",21.1,0.1,1400,6669100,"B"
"HSG","14:11:05",21.15,0.15,6600,6667700,"B"
"HSG","14:11:04",21.2,0.2,5500,6661100,"S"
"HSG","14:10:59",21.15,0.15,900,6655600,"B"
"HSG","14:10:57",21.15,0.15,4000,6654700,"B"
"HSG","14:10:56",21.15,0.15,5000,6650700,"B"
"HSG","14:10:55",21.15,0.15,2000,6645700,"B"
"HSG","14:10:54",21.15,0.15,100,6643700,"B"
"HSG","14:10:48",21.15,0.15,400,6643600,"B"
"HSG","14:10:44",21.15,0.15,1400,6643200,"B"
"HSG","14:10:42",21.15,0.15,5000,6641800,"B"
"HSG","14:10:35",21.2,0.2,8700,6636800,"B"
"HSG","14:10:35",21.2,0.2,1000,6628100,"B"
"HSG","14:10:34",21.2,0.2,200,6627100,"B"
"HSG","14:10:33",21.2,0.2,500,6626900,"B"
"HSG","14:10:31",21.2,0.2,3600,6626400,"B"
"HSG","14:10:30",21.2,0.2,100,6622800,"B"
"HSG","14:10:28",21.2,0.2,500,6622700,"B"
"HSG","14:10:25",21.2,0.2,500,6622200,"B"
"HSG","14:10:21",21.2,0.2,100,6621700,"B"
"HSG","14:10:19",21.2,0.2,500,6621600,"B"
"HSG","14:10:17",21.2,0.2,100,6621100,"B"
"HSG","14:10:14",21.2,0.2,2200,6621000,"B"
"HSG","14:10:12",21.2,0.2,11000,6618800,"B"
"HSG","14:10:08",21.2,0.2,1000,6607800,"B"
"HSG","14:10:08",21.2,0.2,6000,6606800,"B"
"HSG","14:10:04",21.2,0.2,500,6600800,"B"
"HSG","14:09:52",21.2,0.2,5000,6600300,"B"
"HSG","14:09:52",21.25,0.25,200,6595300,"S"
"HSG","14:09:50",21.2,0.2,500,6595100,"B"
"HSG","14:09:43",21.2,0.2,1400,6594600,"B"
"HSG","14:09:40",21.2,0.2,100,6593200,"B"
"HSG","14:09:35",21.2,0.2,7000,6593100,"B"
"HSG","14:09:32",21.2,0.2,800,6586100,"B"
"HSG","14:09:29",21.2,0.2,4000,6585300,"B"
"HSG","14:09:25",21.2,0.2,200,6581300,"B"
"HSG","14:09:21",21.2,0.2,1000,6581100,"B"
"HSG","14:09:21",21.25,0.25,500,6580100,"S"
"HSG","14:09:16",21.2,0.2,500,6579600,"B"
"HSG","14:09:15",21.2,0.2,5000,6579100,"B"
"HSG","14:09:13",21.2,0.2,1400,6574100,"B"
"HSG","14:09:08",21.2,0.2,10000,6572700,"B"
"HSG","14:08:54",21.2,0.2,100,6562700,"B"
"HSG","14:08:50",21.25,0.25,100,6562600,"S"
"HSG","14:08:48",21.2,0.2,900,6562500,"B"
"HSG","14:08:43",21.2,0.2,1400,6561600,"B"
"HSG","14:08:43",21.25,0.25,500,6560200,"S"
"HSG","14:08:40",21.25,0.25,5500,6559700,"S"
"HSG","14:08:35",21.25,0.25,100,6554200,"S"
"HSG","14:08:30",21.25,0.25,2300,6554100,"S"
"HSG","14:08:29",21.25,0.25,500,6551800,"S"
"HSG","14:08:29",21.25,0.25,1600,6551300,"S"
"HSG","14:08:22",21.25,0.25,2000,6549700,"S"
"HSG","14:08:19",21.25,0.25,200,6547700,"S"
"HSG","14:08:18",21.25,0.25,2000,6547500,"S"
"HSG","14:08:13",21.2,0.2,1400,6545500,"B"
"HSG","14:08:03",21.25,0.25,100,6544100,"S"
"HSG","14:08:02",21.2,0.2,100,6544000,"B"
"HSG","14:08:02",21.25,0.25,700,6543900,"B"
"HSG","14:07:56",21.25,0.25,500,6543200,"B"
"HSG","14:07:56",21.25,0.25,200,6542700,"B"
"HSG","14:07:55",21.25,0.25,1000,6542500,"B"
"HSG","14:07:54",21.25,0.25,2000,6541500,"B"
"HSG","14:07:52",21.25,0.25,500,6539500,"B"
"HSG","14:07:51",21.25,0.25,5000,6539000,"B"
"HSG","14:07:50",21.25,0.25,300,6534000,"B"
"HSG","14:07:47",21.25,0.25,1000,6533700,"B"
"HSG","14:07:44",21.25,0.25,10000,6532700,"B"
"HSG","14:07:43",21.25,0.25,1400,6522700,"B"
"HSG","14:07:40",21.25,0.25,100,6521300,"B"
"HSG","14:07:36",21.25,0.25,5000,6521200,"B"
"HSG","14:07:27",21.3,0.3,4300,6516200,"S"
"HSG","14:07:23",21.3,0.3,100,6511900,"S"
"HSG","14:07:21",21.3,0.3,700,6511800,"S"
"HSG","14:07:20",21.25,0.25,700,6511100,"B"
"HSG","14:07:19",21.25,0.25,200,6510400,"B"
"HSG","14:07:18",21.25,0.25,1400,6510200,"B"
"HSG","14:07:17",21.3,0.3,400,6508800,"S"
"HSG","14:07:13",21.3,0.3,200,6508400,"S"
"HSG","14:07:13",21.25,0.25,10000,6508200,"B"
"HSG","14:07:11",21.25,0.25,100,6498200,"B"
"HSG","14:07:09",21.25,0.25,1000,6498100,"B"
"HSG","14:07:08",21.25,0.25,200,6497100,"B"
"HSG","14:07:08",21.3,0.3,100,6496900,"S"
"HSG","14:07:05",21.25,0.25,3000,6496800,"B"
"HSG","14:07:04",21.3,0.3,100,6493800,"S"
"HSG","14:07:01",21.25,0.25,5000,6493700,"B"
"HSG","14:06:58",21.25,0.25,100,6488700,"B"
"HSG","14:06:43",21.25,0.25,1000,6488600,"B"
"HSG","14:06:43",21.25,0.25,1400,6487600,"B"
"HSG","14:06:39",21.25,0.25,1000,6486200,"B"
"HSG","14:06:37",21.3,0.3,300,6485200,"S"
"HSG","14:06:36",21.3,0.3,100,6484900,"S"
"HSG","14:06:31",21.3,0.3,300,6484800,"S"
"HSG","14:06:26",21.3,0.3,500,6484500,"S"
"HSG","14:06:24",21.25,0.25,100,6484000,"B"
"HSG","14:06:19",21.3,0.3,3000,6483900,"S"
"HSG","14:06:13",21.25,0.25,1400,6480900,"B"
"HSG","14:06:07",21.25,0.25,200,6479500,"B"
"HSG","14:06:06",21.25,0.25,500,6479300,"B"
"HSG","14:06:05",21.25,0.25,100,6478800,"B"
"HSG","14:06:04",21.25,0.25,100,6478700,"B"
"HSG","14:05:59",21.25,0.25,700,6478600,"B"
"HSG","14:05:51",21.25,0.25,3000,6477900,"B"
"HSG","14:05:51",21.25,0.25,800,6474900,"B"
"HSG","14:05:46",21.25,0.25,4400,6474100,"B"
"HSG","14:05:43",21.25,0.25,1400,6469700,"B"
"HSG","14:05:41",21.25,0.25,500,6468300,"B"
"HSG","14:05:33",21.25,0.25,3600,6467800,"S"
"HSG","14:05:26",21.25,0.25,10600,6464200,"B"
"HSG","14:05:24",21.25,0.25,1500,6453600,"B"
"HSG","14:05:20",21.25,0.25,10500,6452100,"B"
"HSG","14:05:16",21.25,0.25,200,6439100,"B"
"HSG","14:05:15",21.25,0.25,1000,6438900,"B"
"HSG","14:05:14",21.25,0.25,200,6437900,"B"
"HSG","14:05:13",21.25,0.25,3500,6437700,"S"
"HSG","14:05:12",21.25,0.25,11500,6434200,"S"
"HSG","14:05:11",21.25,0.25,1000,6422700,"S"
"HSG","14:05:10",21.2,0.2,800,6421700,"B"
"HSG","14:05:10",21.25,0.25,1000,6420900,"S"
"HSG","14:05:07",21.25,0.25,1000,6419900,"S"
"HSG","14:05:00",21.25,0.25,6000,6418900,"S"
"HSG","14:04:53",21.25,0.25,15000,6412900,"S"
"HSG","14:04:53",21.25,0.25,500,6397900,"S"
"HSG","14:04:45",21.25,0.25,5000,6397400,"S"
"HSG","14:04:43",21.2,0.2,1400,6392400,"B"
"HSG","14:04:40",21.2,0.2,800,6391000,"B"
"HSG","14:04:33",21.25,0.25,500,6390200,"S"
"HSG","14:04:32",21.2,0.2,22900,6389700,"S"
"HSG","14:04:31",21.2,0.2,200,6366800,"S"
"HSG","14:04:29",21.15,0.15,900,6366600,"B"
"HSG","14:04:28",21.2,0.2,100,6365700,"S"
"HSG","14:04:28",21.2,0.2,300,6365600,"S"
"HSG","14:04:27",21.2,0.2,1000,6365300,"S"
"HSG","14:04:25",21.2,0.2,700,6364300,"S"
"HSG","14:04:21",21.2,0.2,1000,6363600,"S"
"HSG","14:04:19",21.2,0.2,500,6362600,"S"
"HSG","14:04:15",21.2,0.2,20000,6362100,"S"
"HSG","14:04:13",21.15,0.15,1400,6342100,"B"
"HSG","14:04:12",21.2,0.2,800,6340700,"S"
"HSG","14:04:04",21.15,0.15,500,6339900,"B"
"HSG","14:04:03",21.2,0.2,1000,6339400,"S"
"HSG","14:04:02",21.2,0.2,300,6338400,"S"
"HSG","14:03:57",21.2,0.2,200,6338100,"S"
"HSG","14:03:56",21.15,0.15,300,6337900,"B"
"HSG","14:03:50",21.2,0.2,10000,6337600,"S"
"HSG","14:03:44",21.15,0.15,4000,6327600,"S"
"HSG","14:03:43",21.15,0.15,800,6323600,"S"
"HSG","14:03:43",21.1,0.1,800,6322800,"B"
"HSG","14:03:43",21.15,0.15,1000,6322000,"S"
"HSG","14:03:42",21.1,0.1,1400,6321000,"B"
"HSG","14:03:42",21.15,0.15,10000,6319600,"S"
"HSG","14:03:40",21.15,0.15,500,6309600,"S"
"HSG","14:03:38",21.15,0.15,500,6309100,"S"
"HSG","14:03:37",21.15,0.15,300,6308600,"S"
"HSG","14:03:36",21.15,0.15,5000,6308300,"S"
"HSG","14:03:35",21.15,0.15,10000,6303300,"S"
"HSG","14:03:32",21.15,0.15,3100,6293300,"S"
"HSG","14:03:31",21.15,0.15,300,6290200,"S"
"HSG","14:03:30",21.15,0.15,5000,6289900,"S"
"HSG","14:03:27",21.15,0.15,2000,6284900,"S"
"HSG","14:03:25",21.15,0.15,5000,6282900,"S"
"HSG","14:03:13",21.1,0.1,1400,6277900,"B"
"HSG","14:02:59",21.1,0.1,12300,6276500,"S"
"HSG","14:02:59",21.05,0.05,800,6264200,"B"
"HSG","14:02:57",21.1,0.1,2000,6263400,"S"
"HSG","14:02:46",21.1,0.1,1000,6261400,"S"
"HSG","14:02:42",21.05,0.05,1400,6260400,"B"
"HSG","14:02:30",21.1,0.1,5000,6259000,"S"
"HSG","14:02:19",21.05,0.05,5000,6254000,"B"
"HSG","14:02:15",21.05,0.05,900,6249000,"B"
"HSG","14:02:12",21.05,0.05,1400,6248100,"B"
"HSG","14:02:11",21.1,0.1,500,6246700,"S"
"HSG","14:02:07",21.05,0.05,3000,6246200,"S"
"HSG","14:02:05",21.05,0.05,100,6243200,"S"
"HSG","14:01:58",21.05,0.05,4900,6243100,"B"
"HSG","14:01:51",21.05,0.05,1000,6238200,"B"
"HSG","14:01:42",21.05,0.05,1400,6237200,"B"
"HSG","14:01:42",21.05,0.05,300,6235800,"B"
"HSG","14:01:30",21.05,0.05,800,6235500,"B"
"HSG","14:01:15",21.05,0.05,1300,6234700,"B"
"HSG","14:01:15",21.1,0.1,3000,6233400,"S"
"HSG","14:01:12",21.05,0.05,1400,6230400,"B"
"HSG","14:01:11",21.1,0.1,6700,6229000,"S"
"HSG","14:01:11",21.1,0.1,23300,6222300,"S"
"HSG","14:00:57",21.1,0.1,500,6199000,"S"
"HSG","14:00:48",21.05,0.05,800,6198500,"B"
"HSG","14:00:42",21.05,0.05,1400,6197700,"B"
"HSG","14:00:12",21.05,0.05,1400,6196300,"S"
"HSG","14:00:11",21.05,0.05,1000,6193500,"S"
"HSG","14:00:02",21.05,0.05,500,6192500,"S"
"HSG","14:00:01",21.05,0.05,200,6192000,"S"
"HSG","13:59:56",21,0,100,6191800,"B"
"HSG","13:59:53",21.05,0.05,1700,6191700,"S"
"HSG","13:59:53",21.05,0.05,1000,6190000,"S"
"HSG","13:59:50",21.05,0.05,5000,6189000,"S"
"HSG","13:59:41",21,0,1400,6184000,"B"
"HSG","13:59:28",21.05,0.05,100,6182600,"S"
"HSG","13:59:25",21,0,4200,6182500,"B"
"HSG","13:59:24",21,0,100,6178300,"B"
"HSG","13:59:23",21,0,800,6178200,"B"
"HSG","13:59:20",21.05,0.05,10000,6177400,"S"
"HSG","13:59:11",21,0,1800,6167400,"B"
"HSG","13:58:51",21,0,1000,6165600,"B"
"HSG","13:58:49",21,0,300,6164600,"S"
"HSG","13:58:47",21,0,12000,6164300,"S"
"HSG","13:58:46",21,0,2400,6152300,"S"
"HSG","13:58:43",21,0,200,6149900,"S"
"HSG","13:58:42",20.95,-0.05,800,6149700,"B"
"HSG","13:58:41",21,0,200,6148900,"S"
"HSG","13:58:41",20.95,-0.05,1400,6148700,"B"
"HSG","13:58:39",21,0,5500,6147300,"S"
"HSG","13:58:35",21,0,10800,6141800,"S"
"HSG","13:58:34",21,0,200,6131000,"S"
"HSG","13:58:27",21,0,200,6130800,"S"
"HSG","13:58:25",20.95,-0.05,400,6130600,"B"
"HSG","13:58:21",21,0,600,6130200,"S"
"HSG","13:58:14",21,0,3000,6129600,"S"
"HSG","13:58:12",21,0,500,6126600,"S"
"HSG","13:58:11",20.95,-0.05,1400,6126100,"B"
"HSG","13:58:09",21,0,2000,6124700,"S"
"HSG","13:58:01",20.95,-0.05,800,6122700,"B"
"HSG","13:57:59",21,0,1000,6121900,"S"
"HSG","13:57:49",20.95,-0.05,100,6120900,"B"
"HSG","13:57:41",20.95,-0.05,1400,6120800,"B"
"HSG","13:57:41",21,0,5000,6119400,"S"
"HSG","13:57:15",20.95,-0.05,400,6114400,"B"
"HSG","13:57:15",20.95,-0.05,400,6114000,"B"
"HSG","13:57:14",20.95,-0.05,3000,6113600,"B"
"HSG","13:57:12",20.95,-0.05,1400,6110600,"B"
"HSG","13:57:00",21,0,200,6109200,"S"
"HSG","13:56:57",21,0,200,6109000,"S"
"HSG","13:56:55",21,0,2000,6108800,"S"
"HSG","13:56:48",21,0,1000,6106800,"S"
"HSG","13:56:41",20.95,-0.05,1400,6105800,"B"
"HSG","13:56:34",20.95,-0.05,800,6104400,"B"
"HSG","13:56:31",21,0,500,6103600,"S"
"HSG","13:56:26",21,0,1000,6103100,"S"
"HSG","13:56:11",20.95,-0.05,1400,6101900,"B"
"HSG","13:55:54",20.95,-0.05,200,6100500,"B"
"HSG","13:55:53",20.95,-0.05,800,6100300,"B"
"HSG","13:55:46",21,0,200,6099500,"S"
"HSG","13:55:41",20.95,-0.05,1400,6099300,"B"
"HSG","13:55:39",21,0,1000,6097900,"S"
"HSG","13:55:33",20.95,-0.05,200,6096900,"B"
"HSG","13:55:11",20.95,-0.05,2100,6096700,"B"
"HSG","13:55:05",21,0,5000,6094600,"S"
"HSG","13:55:02",21,0,1000,6089600,"S"
"HSG","13:54:58",21,0,500,6088600,"S"
"HSG","13:54:54",21,0,800,6088100,"S"
"HSG","13:54:51",20.95,-0.05,2000,6087300,"B"
"HSG","13:54:49",20.95,-0.05,8900,6085300,"B"
"HSG","13:54:40",20.95,-0.05,1400,6076400,"B"
"HSG","13:54:31",21,0,1000,6075000,"S"
"HSG","13:54:30",20.95,-0.05,900,6074000,"B"
"HSG","13:54:20",21,0,68900,6073100,"B"
"HSG","13:54:10",21,0,1400,6004200,"B"
"HSG","13:54:08",21,0,500,6002800,"B"
"HSG","13:54:07",21,0,2000,6002300,"B"
"HSG","13:54:05",21,0,1000,6000300,"B"
"HSG","13:54:00",21,0,10000,5999300,"B"
"HSG","13:53:46",21,0,5800,5989300,"B"
"HSG","13:53:41",21,0,1400,5983500,"B"
"HSG","13:53:37",21,0,1000,5982100,"B"
"HSG","13:53:26",21,0,200,5981100,"B"
"HSG","13:53:10",21,0,1400,5980900,"B"
"HSG","13:53:09",21,0,100,5979500,"B"
"HSG","13:53:04",21,0,1000,5979400,"B"
"HSG","13:53:00",21,0,4000,5978400,"B"
"HSG","13:52:40",21,0,1400,5974400,"B"
"HSG","13:52:19",21,0,800,5973000,"B"
"HSG","13:52:10",21,0,1400,5972200,"B"
"HSG","13:51:58",21,0,100,5970800,"B"
"HSG","13:51:55",21,0,100,5970700,"B"
"HSG","13:51:52",21,0,100,5970600,"B"
"HSG","13:51:51",21,0,500,5970500,"B"
"HSG","13:51:42",21,0,5000,5970000,"B"
"HSG","13:51:40",21,0,1400,5965000,"B"
"HSG","13:51:37",21,0,800,5963500,"B"
"HSG","13:51:26",21.05,0.05,2900,5962700,"S"
"HSG","13:51:14",21.05,0.05,2800,5959800,"B"
"HSG","13:51:10",21.05,0.05,1500,5957000,"B"
"HSG","13:51:09",21.05,0.05,5000,5955500,"B"
"HSG","13:51:05",21.05,0.05,100,5950500,"B"
"HSG","13:51:01",21.05,0.05,18000,5950400,"B"
"HSG","13:51:01",21.1,0.1,500,5932400,"S"
"HSG","13:50:55",21.05,0.05,800,5931900,"B"
"HSG","13:50:41",21.1,0.1,100,5931100,"S"
"HSG","13:50:40",21.05,0.05,1400,5931000,"B"
"HSG","13:50:24",21.1,0.1,500,5929600,"S"
"HSG","13:50:14",21.05,0.05,800,5929100,"B"
"HSG","13:50:13",21.05,0.05,1000,5928300,"B"
"HSG","13:50:10",21.05,0.05,1400,5927300,"B"
"HSG","13:49:54",21.05,0.05,5000,5925900,"B"
"HSG","13:49:39",21.05,0.05,1400,5920900,"B"
"HSG","13:49:38",21.05,0.05,800,5919500,"B"
"HSG","13:49:32",21.05,0.05,800,5918700,"B"
"HSG","13:49:09",21.05,0.05,1400,5917900,"B"
"HSG","13:48:51",21.05,0.05,200,5916500,"B"
"HSG","13:48:50",21.05,0.05,800,5916300,"B"
"HSG","13:48:47",21.05,0.05,500,5915500,"B"
"HSG","13:48:44",21.1,0.1,1000,5915000,"S"
"HSG","13:48:44",21.05,0.05,500,5914000,"B"
"HSG","13:48:39",21.05,0.05,1400,5913500,"B"
"HSG","13:48:36",21.05,0.05,400,5912100,"B"
"HSG","13:48:28",21.05,0.05,1000,5911700,"B"
"HSG","13:48:24",21.05,0.05,500,5910700,"B"
"HSG","13:48:19",21.05,0.05,400,5910200,"B"
"HSG","13:48:09",21.05,0.05,2100,5909800,"B"
"HSG","13:48:05",21.1,0.1,100,5907700,"S"
"HSG","13:48:01",21.1,0.1,20000,5907600,"S"
"HSG","13:47:57",21.05,0.05,3000,5887600,"B"
"HSG","13:47:55",21.05,0.05,1000,5884600,"B"
"HSG","13:47:39",21.05,0.05,1400,5883600,"B"
"HSG","13:47:38",21.05,0.05,1000,5882200,"B"
"HSG","13:47:28",21.05,0.05,900,5881200,"B"
"HSG","13:47:26",21.05,0.05,1200,5880300,"B"
"HSG","13:47:13",21.05,0.05,300,5879100,"B"
"HSG","13:47:11",21.05,0.05,5200,5878800,"B"
"HSG","13:47:09",21.05,0.05,1400,5873600,"B"
"HSG","13:46:59",21.1,0.1,100,5872200,"S"
"HSG","13:46:54",21.05,0.05,2000,5872100,"B"
"HSG","13:46:47",21.1,0.1,100,5870100,"S"
"HSG","13:46:46",21.05,0.05,5000,5870000,"B"
"HSG","13:46:42",21.1,0.1,200,5865000,"S"
"HSG","13:46:42",21.05,0.05,800,5864800,"B"
"HSG","13:46:39",21.05,0.05,1400,5864000,"B"
"HSG","13:46:38",21.05,0.05,500,5862600,"B"
"HSG","13:46:09",21.05,0.05,1400,5862100,"B"
"HSG","13:46:05",21.1,0.1,1000,5860700,"S"
"HSG","13:45:59",21.05,0.05,800,5859700,"B"
"HSG","13:45:58",21.05,0.05,200,5858900,"B"
"HSG","13:45:44",21.05,0.05,1000,5858700,"B"
"HSG","13:45:39",21.05,0.05,1400,5857700,"B"
"HSG","13:45:31",21.1,0.1,100,5856300,"S"
"HSG","13:45:23",21.1,0.1,1900,5856200,"S"
"HSG","13:45:18",21.05,0.05,1000,5854300,"B"
"HSG","13:45:14",21.05,0.05,3000,5853300,"B"
"HSG","13:45:10",21.1,0.1,2000,5850300,"S"
"HSG","13:45:09",21.05,0.05,1400,5848300,"B"
"HSG","13:44:54",21.1,0.1,500,5846900,"S"
"HSG","13:44:53",21.05,0.05,400,5846400,"B"
"HSG","13:44:38",21.05,0.05,1400,5846000,"B"
"HSG","13:44:37",21.05,0.05,10000,5844600,"B"
"HSG","13:44:35",21.1,0.1,100,5834600,"S"
"HSG","13:44:33",21.1,0.1,1000,5834500,"S"
"HSG","13:44:28",21.05,0.05,300,5833500,"B"
"HSG","13:44:28",21.1,0.1,300,5833200,"S"
"HSG","13:44:27",21.1,0.1,300,5832900,"S"
"HSG","13:44:18",21.1,0.1,1000,5831800,"S"
"HSG","13:44:09",21.05,0.05,1400,5830800,"B"
"HSG","13:43:59",21.1,0.1,10500,5829400,"S"
"HSG","13:43:57",21.1,0.1,200,5818900,"S"
"HSG","13:43:55",21.1,0.1,2800,5818700,"B"
"HSG","13:43:50",21.1,0.1,2500,5815900,"B"
"HSG","13:43:45",21.1,0.1,300,5813400,"B"
"HSG","13:43:41",21.1,0.1,300,5813100,"B"
"HSG","13:43:40",21.1,0.1,900,5812800,"B"
"HSG","13:43:36",21.1,0.1,1400,5811900,"B"
"HSG","13:43:19",21.1,0.1,2900,5810500,"B"
"HSG","13:43:16",21.1,0.1,2500,5807600,"B"
"HSG","13:43:09",21.1,0.1,100,5805100,"B"
"HSG","13:43:06",21.1,0.1,1200,5805000,"S"
"HSG","13:43:06",21.05,0.05,1400,5803800,"B"
"HSG","13:43:04",21.1,0.1,300,5802400,"S"
"HSG","13:42:57",21.1,0.1,1500,5802100,"S"
"HSG","13:42:50",21.1,0.1,300,5800600,"S"
"HSG","13:42:49",21.1,0.1,100,5800300,"S"
"HSG","13:42:42",21.1,0.1,100,5800200,"S"
"HSG","13:42:36",21.05,0.05,1400,5800100,"B"
"HSG","13:42:30",21.1,0.1,800,5798700,"S"
"HSG","13:42:27",21.1,0.1,100,5797900,"S"
"HSG","13:42:26",21.1,0.1,500,5797800,"S"
"HSG","13:42:19",21.1,0.1,3000,5797300,"S"
"HSG","13:42:16",21.1,0.1,200,5794300,"S"
"HSG","13:42:12",21.05,0.05,800,5794100,"B"
"HSG","13:42:10",21.1,0.1,100,5793300,"S"
"HSG","13:42:06",21.05,0.05,1400,5793200,"B"
"HSG","13:42:06",21.1,0.1,600,5791800,"S"
"HSG","13:42:04",21.1,0.1,300,5791200,"S"
"HSG","13:42:03",21.1,0.1,100,5790900,"S"
"HSG","13:42:01",21.1,0.1,800,5790800,"S"
"HSG","13:41:56",21.1,0.1,5000,5790000,"S"
"HSG","13:41:53",21.1,0.1,1000,5785000,"S"
"HSG","13:41:36",21.1,0.1,1200,5784000,"S"
"HSG","13:41:35",21.05,0.05,1400,5782800,"B"
"HSG","13:41:30",21.05,0.05,800,5781400,"B"
"HSG","13:41:21",21.1,0.1,500,5780600,"S"
"HSG","13:41:19",21.1,0.1,100,5780100,"S"
"HSG","13:41:12",21.1,0.1,5000,5780000,"S"
"HSG","13:41:11",21.05,0.05,200,5775000,"B"
"HSG","13:41:06",21.05,0.05,1400,5774800,"B"
"HSG","13:41:02",21.05,0.05,500,5773400,"B"
"HSG","13:40:48",21.05,0.05,900,5772900,"B"
"HSG","13:40:42",21.1,0.1,200,5772000,"B"
"HSG","13:40:39",21.1,0.1,2500,5771800,"B"
"HSG","13:40:35",21.1,0.1,1400,5769300,"B"
"HSG","13:40:29",21.1,0.1,40000,5767900,"B"
"HSG","13:40:26",21.1,0.1,5000,5727900,"B"
"HSG","13:40:25",21.15,0.15,1000,5722900,"S"
"HSG","13:40:23",21.1,0.1,2000,5721900,"B"
"HSG","13:40:23",21.15,0.15,300,5719900,"S"
"HSG","13:40:13",21.1,0.1,1000,5719600,"B"
"HSG","13:40:13",21.1,0.1,6600,5718600,"B"
"HSG","13:40:12",21.1,0.1,7400,5712000,"B"
"HSG","13:40:12",21.1,0.1,1500,5704600,"B"
"HSG","13:40:08",21.1,0.1,1000,5703100,"B"
"HSG","13:40:07",21.1,0.1,1000,5702100,"B"
"HSG","13:40:05",21.1,0.1,1400,5701100,"B"
"HSG","13:40:03",21.1,0.1,1000,5699700,"B"
"HSG","13:40:01",21.1,0.1,800,5698700,"B"
"HSG","13:39:58",21.1,0.1,1000,5697900,"B"
"HSG","13:39:57",21.15,0.15,700,5696900,"S"
"HSG","13:39:56",21.1,0.1,2000,5696200,"B"
"HSG","13:39:51",21.1,0.1,1000,5694200,"B"
"HSG","13:39:43",21.1,0.1,5000,5693200,"B"
"HSG","13:39:38",21.15,0.15,200,5688200,"S"
"HSG","13:39:35",21.1,0.1,1400,5688000,"B"
"HSG","13:39:30",21.15,0.15,700,5686600,"S"
"HSG","13:39:28",21.1,0.1,5000,5685900,"B"
"HSG","13:39:24",21.1,0.1,2000,5680500,"B"
"HSG","13:39:23",21.1,0.1,5000,5678500,"B"
"HSG","13:39:22",21.15,0.15,1000,5673500,"S"
"HSG","13:39:18",21.15,0.15,1000,5672500,"S"
"HSG","13:39:17",21.1,0.1,900,5671500,"B"
"HSG","13:39:12",21.1,0.1,5000,5670600,"B"
"HSG","13:39:08",21.1,0.1,1400,5665600,"B"
"HSG","13:39:04",21.1,0.1,5000,5664200,"B"
"HSG","13:38:58",21.15,0.15,100,5659200,"S"
"HSG","13:38:58",21.1,0.1,200,5659100,"B"
"HSG","13:38:51",21.1,0.1,500,5658900,"B"
"HSG","13:38:35",21.1,0.1,1400,5658400,"B"
"HSG","13:38:34",21.15,0.15,1000,5657000,"S"
"HSG","13:38:33",21.15,0.15,1000,5656000,"S"
"HSG","13:38:33",21.1,0.1,800,5655000,"B"
"HSG","13:38:27",21.15,0.15,200,5654200,"S"
"HSG","13:38:27",21.15,0.15,1500,5654000,"S"
"HSG","13:38:24",21.15,0.15,1000,5652500,"S"
"HSG","13:38:15",21.15,0.15,6000,5651500,"S"
"HSG","13:38:10",21.15,0.15,200,5645500,"S"
"HSG","13:38:05",21.1,0.1,1400,5645300,"B"
"HSG","13:37:55",21.15,0.15,500,5643900,"S"
"HSG","13:37:51",21.1,0.1,800,5643400,"B"
"HSG","13:37:35",21.1,0.1,1400,5642600,"B"
"HSG","13:37:31",21.15,0.15,300,5641200,"S"
"HSG","13:37:31",21.1,0.1,100,5640900,"B"
"HSG","13:37:27",21.1,0.1,500,5640800,"B"
"HSG","13:37:06",21.1,0.1,1000,5640300,"B"
"HSG","13:37:05",21.1,0.1,1300,5639300,"B"
"HSG","13:37:04",21.15,0.15,200,5638000,"S"
"HSG","13:36:34",21.1,0.1,1300,5637800,"B"
"HSG","13:36:34",21.15,0.15,1000,5636500,"S"
"HSG","13:36:21",21.15,0.15,200,5635500,"S"
"HSG","13:36:17",21.15,0.15,2500,5635300,"S"
"HSG","13:36:15",21.1,0.1,800,5632800,"B"
"HSG","13:36:08",21.15,0.15,1500,5632000,"S"
"HSG","13:36:04",21.1,0.1,1300,5630500,"B"
"HSG","13:36:01",21.15,0.15,500,5629200,"S"
"HSG","13:35:57",21.15,0.15,400,5628700,"S"
"HSG","13:35:56",21.15,0.15,100,5628300,"S"
"HSG","13:35:53",21.15,0.15,1000,5628200,"S"
"HSG","13:35:51",21.15,0.15,2000,5627200,"S"
"HSG","13:35:46",21.15,0.15,500,5625200,"S"
"HSG","13:35:44",21.15,0.15,200,5624700,"S"
"HSG","13:35:44",21.1,0.1,200,5624500,"B"
"HSG","13:35:34",21.1,0.1,1300,5624300,"B"
"HSG","13:35:34",21.15,0.15,200,5623000,"S"
"HSG","13:35:33",21.1,0.1,800,5622800,"B"
"HSG","13:35:20",21.15,0.15,1500,5622000,"S"
"HSG","13:35:19",21.15,0.15,500,5620500,"S"
"HSG","13:35:04",21.1,0.1,1300,5620000,"B"
"HSG","13:35:03",21.15,0.15,1000,5618700,"S"
"HSG","13:34:52",21.15,0.15,300,5617700,"S"
"HSG","13:34:50",21.1,0.1,800,5617400,"B"
"HSG","13:34:50",21.1,0.1,1000,5616600,"B"
"HSG","13:34:45",21.15,0.15,200,5615600,"S"
"HSG","13:34:44",21.1,0.1,50000,5615400,"B"
"HSG","13:34:43",21.15,0.15,73000,5565400,"S"
"HSG","13:34:34",21.1,0.1,1300,5492400,"B"
"HSG","13:34:30",21.1,0.1,1000,5491100,"B"
"HSG","13:34:24",21.1,0.1,10000,5490100,"B"
"HSG","13:34:22",21.1,0.1,100,5480100,"B"
"HSG","13:34:16",21.1,0.1,400,5480000,"B"
"HSG","13:34:12",21.1,0.1,2400,5479600,"B"
"HSG","13:34:09",21.1,0.1,700,5477200,"B"
"HSG","13:34:04",21.1,0.1,1300,5476500,"B"
"HSG","13:34:02",21.1,0.1,3000,5475200,"B"
"HSG","13:33:57",21.1,0.1,500,5472200,"B"
"HSG","13:33:55",21.1,0.1,900,5471700,"B"
"HSG","13:33:53",21.1,0.1,500,5470800,"B"
"HSG","13:33:52",21.1,0.1,5000,5470300,"B"
"HSG","13:33:46",21.1,0.1,1000,5465300,"B"
"HSG","13:33:39",21.1,0.1,100,5464300,"B"
"HSG","13:33:36",21.1,0.1,2500,5464200,"B"
"HSG","13:33:34",21.1,0.1,1300,5461700,"B"
"HSG","13:33:31",21.1,0.1,15000,5460400,"B"
"HSG","13:33:28",21.1,0.1,5800,5445400,"B"
"HSG","13:33:25",21.1,0.1,800,5439600,"B"
"HSG","13:33:23",21.1,0.1,6000,5438800,"B"
"HSG","13:33:19",21.1,0.1,100,5432800,"B"
"HSG","13:33:12",21.1,0.1,3000,5432700,"B"
"HSG","13:33:09",21.1,0.1,300,5429700,"B"
"HSG","13:33:06",21.1,0.1,300,5429400,"B"
"HSG","13:33:04",21.1,0.1,1300,5429100,"B"
"HSG","13:33:03",21.1,0.1,10000,5422800,"B"
"HSG","13:32:52",21.1,0.1,5000,5412800,"B"
"HSG","13:32:52",21.1,0.1,500,5407800,"B"
"HSG","13:32:47",21.1,0.1,1000,5407300,"B"
"HSG","13:32:46",21.1,0.1,900,5406300,"B"
"HSG","13:32:46",21.1,0.1,200,5405400,"B"
"HSG","13:32:44",21.15,0.15,200,5405200,"S"
"HSG","13:32:39",21.15,0.15,100,5405000,"S"
"HSG","13:32:36",21.1,0.1,2000,5404900,"B"
"HSG","13:32:34",21.1,0.1,1300,5402900,"B"
"HSG","13:32:27",21.1,0.1,2000,5401600,"B"
"HSG","13:32:18",21.15,0.15,1000,5399600,"S"
"HSG","13:32:07",21.1,0.1,100,5398600,"B"
"HSG","13:32:04",21.1,0.1,1300,5398500,"B"
"HSG","13:32:03",21.1,0.1,700,5397200,"B"
"HSG","13:32:02",21.1,0.1,2000,5396500,"B"
"HSG","13:31:50",21.1,0.1,100,5394500,"B"
"HSG","13:31:34",21.1,0.1,1300,5394400,"B"
"HSG","13:31:34",21.15,0.15,10000,5393100,"S"
"HSG","13:31:24",21.1,0.1,2600,5383100,"B"
"HSG","13:31:23",21.15,0.15,2000,5380500,"S"
"HSG","13:31:21",21.1,0.1,1000,5378500,"B"
"HSG","13:31:10",21.15,0.15,5000,5377500,"S"
"HSG","13:31:06",21.15,0.15,100,5372500,"S"
"HSG","13:31:06",21.15,0.15,1000,5372400,"S"
"HSG","13:31:04",21.1,0.1,1300,5371400,"B"
"HSG","13:30:59",21.15,0.15,100,5370100,"S"
"HSG","13:30:57",21.1,0.1,5000,5370000,"B"
"HSG","13:30:56",21.1,0.1,2400,5365000,"B"
"HSG","13:30:55",21.1,0.1,4100,5362600,"B"
"HSG","13:30:55",21.1,0.1,4600,5358500,"B"
"HSG","13:30:55",21.15,0.15,5600,5353900,"B"
"HSG","13:30:54",21.2,0.2,500,5348300,"S"
"HSG","13:30:53",21.15,0.15,3300,5347800,"B"
"HSG","13:30:50",21.15,0.15,10000,5344500,"B"
"HSG","13:30:40",21.15,0.15,2000,5334500,"B"
"HSG","13:30:35",21.15,0.15,5500,5332500,"B"
"HSG","13:30:33",21.15,0.15,1300,5327000,"B"
"HSG","13:30:32",21.15,0.15,800,5325700,"B"
"HSG","13:30:28",21.15,0.15,5000,5324900,"B"
"HSG","13:30:26",21.15,0.15,1900,5319900,"B"
"HSG","13:30:25",21.15,0.15,300,5318000,"B"
"HSG","13:30:09",21.15,0.15,200,5317700,"B"
"HSG","13:30:03",21.15,0.15,1300,5317500,"B"
"HSG","13:30:02",21.2,0.2,700,5316200,"S"
"HSG","13:30:02",21.15,0.15,300,5315500,"S"
"HSG","13:29:59",21.15,0.15,200,5315200,"S"
"HSG","13:29:56",21.15,0.15,2700,5315000,"B"
"HSG","13:29:54",21.15,0.15,500,5312300,"B"
"HSG","13:29:52",21.15,0.15,3000,5311800,"B"
"HSG","13:29:51",21.15,0.15,700,5308800,"B"
"HSG","13:29:46",21.15,0.15,500,5308100,"B"
"HSG","13:29:42",21.15,0.15,300,5307600,"B"
"HSG","13:29:39",21.15,0.15,500,5307300,"B"
"HSG","13:29:36",21.15,0.15,200,5306800,"B"
"HSG","13:29:33",21.15,0.15,1300,5306600,"B"
"HSG","13:29:28",21.15,0.15,700,5305300,"S"
"HSG","13:29:21",21.15,0.15,11800,5304600,"S"
"HSG","13:29:10",21.1,0.1,800,5292800,"B"
"HSG","13:29:08",21.15,0.15,500,5292000,"S"
"HSG","13:29:07",21.1,0.1,1000,5291500,"B"
"HSG","13:29:04",21.15,0.15,100,5290500,"S"
"HSG","13:29:03",21.1,0.1,1300,5290400,"B"
"HSG","13:28:58",21.1,0.1,100,5289100,"B"
"HSG","13:28:41",21.15,0.15,200,5289000,"S"
"HSG","13:28:40",21.15,0.15,200,5288800,"S"
"HSG","13:28:39",21.15,0.15,500,5288600,"S"
"HSG","13:28:36",21.15,0.15,5000,5288100,"S"
"HSG","13:28:34",21.15,0.15,10000,5283100,"S"
"HSG","13:28:29",21.1,0.1,10000,5271800,"B"
"HSG","13:28:27",21.15,0.15,500,5261800,"S"
"HSG","13:28:27",21.1,0.1,900,5261300,"B"
"HSG","13:28:26",21.1,0.1,5000,5260400,"B"
"HSG","13:28:19",21.15,0.15,500,5255400,"S"
"HSG","13:28:17",21.15,0.15,500,5254900,"S"
"HSG","13:28:14",21.15,0.15,200,5254400,"S"
"HSG","13:28:12",21.1,0.1,2000,5254200,"B"
"HSG","13:28:11",21.15,0.15,7600,5252200,"B"
"HSG","13:28:11",21.15,0.15,3000,5244600,"B"
"HSG","13:28:09",21.15,0.15,1000,5241500,"B"
"HSG","13:28:09",21.15,0.15,200,5240500,"B"
"HSG","13:28:08",21.2,0.2,2000,5240300,"S"
"HSG","13:28:07",21.15,0.15,3000,5238300,"B"
"HSG","13:28:06",21.15,0.15,100,5235300,"B"
"HSG","13:28:04",21.15,0.15,500,5235200,"B"
"HSG","13:28:04",21.15,0.15,3000,5234700,"B"
"HSG","13:28:03",21.15,0.15,1300,5231700,"B"
"HSG","13:28:00",21.2,0.2,100,5230400,"S"
"HSG","13:28:00",21.15,0.15,4700,5230300,"B"
"HSG","13:27:59",21.15,0.15,5000,5225600,"B"
"HSG","13:27:54",21.15,0.15,3000,5220600,"B"
"HSG","13:27:50",21.15,0.15,10000,5217600,"B"
"HSG","13:27:49",21.15,0.15,100,5207600,"B"
"HSG","13:27:45",21.15,0.15,1500,5207500,"B"
"HSG","13:27:42",21.15,0.15,800,5206000,"B"
"HSG","13:27:33",21.15,0.15,1300,5205200,"B"
"HSG","13:27:27",21.2,0.2,800,5203900,"S"
"HSG","13:27:19",21.2,0.2,800,5203100,"S"
"HSG","13:27:17",21.15,0.15,100,5202300,"B"
"HSG","13:27:15",21.2,0.2,800,5202200,"S"
"HSG","13:27:14",21.15,0.15,10000,5201400,"B"
"HSG","13:27:12",21.2,0.2,4400,5191400,"S"
"HSG","13:27:07",21.2,0.2,5100,5187000,"S"
"HSG","13:27:03",21.15,0.15,1300,5181900,"B"
"HSG","13:27:00",21.15,0.15,800,5180600,"B"
"HSG","13:26:58",21.2,0.2,2000,5179800,"S"
"HSG","13:26:48",21.2,0.2,100,5177800,"S"
"HSG","13:26:44",21.2,0.2,500,5177700,"S"
"HSG","13:26:42",21.2,0.2,500,5177200,"S"
"HSG","13:26:39",21.2,0.2,2400,5176700,"S"
"HSG","13:26:33",21.15,0.15,1300,5174300,"B"
"HSG","13:26:31",21.15,0.15,100,5173000,"B"
"HSG","13:26:28",21.2,0.2,3000,5172900,"S"
"HSG","13:26:27",21.2,0.2,1400,5169900,"S"
"HSG","13:26:22",21.15,0.15,100,5168500,"B"
"HSG","13:26:18",21.15,0.15,800,5168400,"B"
"HSG","13:26:15",21.15,0.15,2000,5167600,"B"
"HSG","13:26:14",21.2,0.2,2400,5165600,"S"
"HSG","13:26:03",21.15,0.15,1300,5163200,"B"
"HSG","13:25:57",21.2,0.2,200,5161900,"S"
"HSG","13:25:56",21.2,0.2,500,5161700,"S"
"HSG","13:25:56",21.2,0.2,100,5161200,"S"
"HSG","13:25:53",21.2,0.2,100,5161100,"S"
"HSG","13:25:51",21.2,0.2,5000,5161000,"S"
"HSG","13:25:48",21.15,0.15,200,5156000,"B"
"HSG","13:25:47",21.2,0.2,800,5155800,"S"
"HSG","13:25:38",21.2,0.2,100,5155000,"S"
"HSG","13:25:33",21.15,0.15,800,5154900,"B"
"HSG","13:25:33",21.2,0.2,3000,5154100,"S"
"HSG","13:25:31",21.2,0.2,200,5149800,"S"
"HSG","13:25:26",21.2,0.2,500,5149600,"S"
"HSG","13:25:18",21.15,0.15,1000,5149100,"S"
"HSG","13:25:16",21.15,0.15,500,5148100,"S"
"HSG","13:25:15",21.15,0.15,1000,5147600,"S"
"HSG","13:25:14",21.15,0.15,400,5146600,"S"
"HSG","13:25:13",21.15,0.15,1000,5146200,"S"
"HSG","13:25:12",21.15,0.15,1000,5145200,"S"
"HSG","13:25:10",21.15,0.15,5400,5144200,"S"
"HSG","13:25:09",21.15,0.15,200,5138800,"S"
"HSG","13:25:08",21.15,0.15,500,5138600,"S"
"HSG","13:25:05",21.15,0.15,2500,5138100,"S"
"HSG","13:25:02",21.1,0.1,1300,5135600,"B"
"HSG","13:25:02",21.15,0.15,2000,5134300,"S"
"HSG","13:24:55",21.15,0.15,100,5132300,"S"
"HSG","13:24:52",21.15,0.15,15000,5132200,"S"
"HSG","13:24:51",21.1,0.1,800,5117200,"B"
"HSG","13:24:51",21.15,0.15,5000,5116400,"S"
"HSG","13:24:32",21.1,0.1,1300,5111400,"B"
"HSG","13:24:31",21.1,0.1,1000,5110100,"B"
"HSG","13:24:19",21.1,0.1,45300,5109100,"S"
"HSG","13:24:13",21.1,0.1,5000,5063800,"S"
"HSG","13:24:11",21.1,0.1,1000,5058800,"S"
"HSG","13:24:09",21.1,0.1,100,5057800,"S"
"HSG","13:24:08",21.05,0.05,900,5057700,"B"
"HSG","13:24:03",21.1,0.1,100,5056800,"S"
"HSG","13:24:02",21.05,0.05,1300,5056700,"B"
"HSG","13:24:01",21.1,0.1,1000,5055400,"S"
"HSG","13:24:00",21.1,0.1,1000,5054400,"S"
"HSG","13:23:49",21.1,0.1,2000,5053400,"S"
"HSG","13:23:43",21.05,0.05,100,5051400,"B"
"HSG","13:23:37",21.1,0.1,2000,5051300,"S"
"HSG","13:23:32",21,0,800,5049300,"B"
"HSG","13:23:32",21.05,0.05,500,5048500,"B"
"HSG","13:23:31",21.05,0.05,4300,5048000,"B"
"HSG","13:23:30",21.1,0.1,100,5043700,"S"
"HSG","13:23:24",21.05,0.05,3500,5043600,"S"
"HSG","13:23:24",21,0,800,5040100,"B"
"HSG","13:23:22",21.05,0.05,300,5039300,"S"
"HSG","13:23:19",21.05,0.05,100,5039000,"S"
"HSG","13:23:16",21.05,0.05,7000,5038900,"S"
"HSG","13:23:05",21.05,0.05,1000,5031900,"S"
"HSG","13:23:04",21.05,0.05,200,5030900,"S"
"HSG","13:23:02",21,0,1300,5030700,"B"
"HSG","13:23:00",21.05,0.05,4000,5029400,"S"
"HSG","13:22:55",21.05,0.05,300,5025400,"S"
"HSG","13:22:54",21.05,0.05,100,5025100,"S"
"HSG","13:22:51",21,0,700,5025000,"B"
"HSG","13:22:41",21,0,800,5024300,"B"
"HSG","13:22:38",21,0,4500,5023500,"B"
"HSG","13:22:37",21,0,100,5019000,"B"
"HSG","13:22:32",21,0,1300,5018900,"B"
"HSG","13:22:25",21,0,5000,5017600,"S"
"HSG","13:22:24",21,0,100,5012600,"S"
"HSG","13:22:16",20.95,-0.05,2000,5012500,"B"
"HSG","13:22:11",21,0,30000,5010500,"S"
"HSG","13:22:04",21,0,200,4980500,"S"
"HSG","13:22:02",21,0,10000,4980300,"S"
"HSG","13:22:02",20.95,-0.05,1300,4970300,"B"
"HSG","13:22:01",20.95,-0.05,500,4969000,"B"
"HSG","13:22:00",20.95,-0.05,800,4968500,"B"
"HSG","13:21:55",21,0,4200,4967700,"S"
"HSG","13:21:47",20.95,-0.05,900,4963500,"B"
"HSG","13:21:45",21,0,2000,4959600,"S"
"HSG","13:21:32",20.95,-0.05,500,4957600,"B"
"HSG","13:21:32",20.95,-0.05,1300,4957100,"B"
"HSG","13:21:29",20.95,-0.05,100,4955800,"B"
"HSG","13:21:18",20.95,-0.05,5000,4955700,"B"
"HSG","13:21:17",20.95,-0.05,800,4950700,"B"
"HSG","13:21:02",20.9,-0.1,1300,4949900,"B"
"HSG","13:20:55",20.95,-0.05,15000,4948600,"S"
"HSG","13:20:53",20.95,-0.05,300,4933600,"S"
"HSG","13:20:52",20.95,-0.05,1000,4933300,"S"
"HSG","13:20:50",20.95,-0.05,2000,4932300,"S"
"HSG","13:20:49",20.95,-0.05,200,4930300,"S"
"HSG","13:20:49",20.95,-0.05,100,4930100,"S"
"HSG","13:20:48",20.95,-0.05,200,4930000,"S"
"HSG","13:20:38",20.95,-0.05,2000,4929800,"S"
"HSG","13:20:37",20.95,-0.05,1000,4927800,"S"
"HSG","13:20:34",20.9,-0.1,800,4926800,"B"
"HSG","13:20:32",20.9,-0.1,1300,4926000,"B"
"HSG","13:20:25",20.95,-0.05,100,4924700,"S"
"HSG","13:20:18",20.95,-0.05,1500,4924600,"S"
"HSG","13:20:04",20.95,-0.05,3000,4923100,"S"
"HSG","13:20:01",20.9,-0.1,1300,4920100,"B"
"HSG","13:19:51",20.9,-0.1,800,4918800,"B"
"HSG","13:19:37",20.95,-0.05,1000,4918000,"S"
"HSG","13:19:36",20.95,-0.05,100,4917000,"S"
"HSG","13:19:34",20.9,-0.1,5000,4916900,"B"
"HSG","13:19:32",20.9,-0.1,1300,4911900,"B"
"HSG","13:19:19",20.95,-0.05,800,4910600,"S"
"HSG","13:19:19",20.95,-0.05,200,4909800,"S"
"HSG","13:19:10",20.9,-0.1,800,4909600,"B"
"HSG","13:19:10",20.95,-0.05,500,4908800,"S"
"HSG","13:19:09",20.95,-0.05,100,4908300,"S"
"HSG","13:19:02",20.95,-0.05,10000,4908200,"S"
"HSG","13:19:02",20.9,-0.1,1300,4898200,"B"
"HSG","13:19:00",20.9,-0.1,200,4896900,"B"
"HSG","13:18:59",20.9,-0.1,200,4896700,"B"
"HSG","13:18:59",20.9,-0.1,200,4896500,"B"
"HSG","13:18:49",20.95,-0.05,2000,4896300,"S"
"HSG","13:18:44",20.9,-0.1,1000,4894300,"B"
"HSG","13:18:43",20.9,-0.1,200,4893300,"B"
"HSG","13:18:39",20.9,-0.1,200,4893100,"B"
"HSG","13:18:36",20.9,-0.1,500,4892900,"B"
"HSG","13:18:31",20.9,-0.1,1300,4892400,"B"
"HSG","13:18:31",20.9,-0.1,1000,4891100,"B"
"HSG","13:18:26",20.9,-0.1,800,4890100,"B"
"HSG","13:18:05",20.9,-0.1,400,4889300,"B"
"HSG","13:18:01",20.9,-0.1,1300,4888900,"B"
"HSG","13:17:45",20.9,-0.1,800,4887600,"B"
"HSG","13:17:31",20.9,-0.1,1300,4886800,"B"
"HSG","13:17:18",20.9,-0.1,400,4885500,"B"
"HSG","13:17:02",20.95,-0.05,500,4885100,"S"
"HSG","13:17:02",20.9,-0.1,800,4884600,"B"
"HSG","13:17:01",20.9,-0.1,1300,4883800,"B"
"HSG","13:16:45",20.95,-0.05,100,4882500,"S"
"HSG","13:16:37",20.9,-0.1,1000,4882400,"B"
"HSG","13:16:35",20.9,-0.1,200,4881400,"B"
"HSG","13:16:33",20.9,-0.1,9200,4881200,"B"
"HSG","13:16:31",20.9,-0.1,1300,4872000,"B"
"HSG","13:16:28",20.9,-0.1,5000,4870700,"B"
"HSG","13:16:20",20.9,-0.1,800,4865700,"B"
"HSG","13:16:18",20.9,-0.1,100,4864900,"B"
"HSG","13:16:04",20.9,-0.1,100,4864800,"B"
"HSG","13:16:01",20.9,-0.1,1300,4864700,"B"
"HSG","13:15:39",20.9,-0.1,800,4863400,"B"
"HSG","13:15:38",20.9,-0.1,2000,4862600,"B"
"HSG","13:15:31",20.9,-0.1,1300,4860600,"B"
"HSG","13:15:30",20.95,-0.05,5000,4859300,"S"
"HSG","13:15:20",20.95,-0.05,1000,4854300,"S"
"HSG","13:15:19",20.95,-0.05,200,4853300,"S"
"HSG","13:15:02",20.95,-0.05,200,4853100,"S"
"HSG","13:15:01",20.9,-0.1,7700,4852900,"B"
"HSG","13:14:57",20.9,-0.1,800,4845200,"B"
"HSG","13:14:54",20.9,-0.1,100,4844400,"B"
"HSG","13:14:44",20.9,-0.1,5000,4844300,"B"
"HSG","13:14:32",20.9,-0.1,100,4839300,"B"
"HSG","13:14:31",20.9,-0.1,1300,4839200,"B"
"HSG","13:14:30",20.95,-0.05,200,4837900,"S"
"HSG","13:14:26",20.95,-0.05,1500,4837700,"S"
"HSG","13:14:13",20.9,-0.1,800,4836200,"B"
"HSG","13:14:06",20.95,-0.05,3000,4835400,"S"
"HSG","13:14:00",20.9,-0.1,1300,4832400,"B"
"HSG","13:13:59",20.95,-0.05,2200,4831100,"B"
"HSG","13:13:59",20.95,-0.05,3300,4828900,"B"
"HSG","13:13:58",20.95,-0.05,8500,4825600,"B"
"HSG","13:13:54",20.95,-0.05,1000,4817100,"B"
"HSG","13:13:52",20.95,-0.05,2000,4816100,"B"
"HSG","13:13:51",20.95,-0.05,3000,4814100,"B"
"HSG","13:13:50",20.95,-0.05,3000,4811100,"B"
"HSG","13:13:43",20.95,-0.05,2000,4808100,"B"
"HSG","13:13:42",20.95,-0.05,1000,4806100,"B"
"HSG","13:13:40",20.95,-0.05,500,4805100,"B"
"HSG","13:13:36",20.95,-0.05,1000,4804600,"B"
"HSG","13:13:33",20.95,-0.05,100,4803600,"B"
"HSG","13:13:32",20.95,-0.05,1700,4803500,"B"
"HSG","13:13:30",20.95,-0.05,1300,4801800,"B"
"HSG","13:13:29",20.95,-0.05,1000,4800500,"B"
"HSG","13:13:17",20.95,-0.05,300,4799500,"B"
"HSG","13:13:16",20.95,-0.05,3000,4799200,"B"
"HSG","13:13:15",20.95,-0.05,5200,4796200,"B"
"HSG","13:13:02",20.95,-0.05,5000,4791000,"B"
"HSG","13:13:01",20.95,-0.05,1300,4786000,"B"
"HSG","13:12:48",20.95,-0.05,800,4784700,"B"
"HSG","13:12:46",21,0,2000,4783900,"S"
"HSG","13:12:40",21,0,500,4781900,"S"
"HSG","13:12:33",21,0,300,4781400,"S"
"HSG","13:12:33",20.95,-0.05,3000,4781100,"B"
"HSG","13:12:30",20.95,-0.05,1300,4778100,"B"
"HSG","13:12:29",21,0,100,4776800,"S"
"HSG","13:12:29",21,0,2900,4776700,"S"
"HSG","13:12:29",20.95,-0.05,1000,4773800,"B"
"HSG","13:12:25",20.95,-0.05,4900,4772800,"B"
"HSG","13:12:24",21,0,1000,4767900,"S"
"HSG","13:12:22",20.95,-0.05,500,4766900,"B"
"HSG","13:12:05",20.95,-0.05,800,4766400,"B"
"HSG","13:12:00",20.95,-0.05,1300,4765600,"B"
"HSG","13:12:00",21,0,200,4764300,"S"
"HSG","13:11:46",21,0,1000,4764100,"S"
"HSG","13:11:39",21,0,5000,4763100,"S"
"HSG","13:11:36",20.95,-0.05,200,4758100,"B"
"HSG","13:11:35",20.95,-0.05,100,4757900,"B"
"HSG","13:11:35",21,0,100,4757800,"S"
"HSG","13:11:34",21,0,200,4757700,"S"
"HSG","13:11:31",20.95,-0.05,1300,4757500,"B"
"HSG","13:11:29",20.95,-0.05,600,4756200,"B"
"HSG","13:11:23",20.95,-0.05,900,4755600,"B"
"HSG","13:11:14",21,0,1000,4754700,"S"
"HSG","13:11:13",20.95,-0.05,100,4753700,"B"
"HSG","13:11:12",20.95,-0.05,100,4753600,"B"
"HSG","13:11:06",20.95,-0.05,100,4753500,"B"
"HSG","13:11:00",20.95,-0.05,1300,4753400,"B"
"HSG","13:10:57",21,0,300,4752100,"S"
"HSG","13:10:52",21,0,200,4751800,"S"
"HSG","13:10:50",21,0,1000,4751600,"S"
"HSG","13:10:39",20.95,-0.05,800,4750600,"B"
"HSG","13:10:34",21,0,7100,4749800,"S"
"HSG","13:10:30",20.95,-0.05,1300,4742700,"B"
"HSG","13:10:28",21,0,19800,4741400,"S"
"HSG","13:10:24",21,0,5000,4721600,"S"
"HSG","13:10:20",20.95,-0.05,100,4716600,"B"
"HSG","13:10:18",21,0,500,4716500,"S"
"HSG","13:10:15",21,0,3000,4716000,"S"
"HSG","13:10:02",21,0,5000,4713000,"S"
"HSG","13:10:00",20.95,-0.05,1300,4708000,"B"
"HSG","13:09:57",20.95,-0.05,100,4706700,"B"
"HSG","13:09:55",20.95,-0.05,800,4706600,"B"
"HSG","13:09:53",20.95,-0.05,500,4705800,"B"
"HSG","13:09:50",21,0,2000,4705300,"S"
"HSG","13:09:43",20.95,-0.05,1000,4703300,"B"
"HSG","13:09:38",21,0,500,4702300,"S"
"HSG","13:09:34",21,0,200,4701800,"S"
"HSG","13:09:31",20.95,-0.05,500,4701600,"B"
"HSG","13:09:30",20.95,-0.05,1300,4701100,"B"
"HSG","13:09:26",20.95,-0.05,600,4699800,"B"
"HSG","13:09:17",20.95,-0.05,35300,4699200,"S"
"HSG","13:09:14",20.95,-0.05,500,4663900,"S"
"HSG","13:09:12",20.9,-0.1,800,4663400,"B"
"HSG","13:09:10",20.95,-0.05,1000,4662600,"S"
"HSG","13:09:07",20.95,-0.05,2000,4661600,"S"
"HSG","13:09:06",20.95,-0.05,500,4659600,"S"
"HSG","13:09:05",20.95,-0.05,5000,4659100,"S"
"HSG","13:09:03",20.9,-0.1,1400,4654100,"B"
"HSG","13:08:57",20.95,-0.05,400,4652700,"S"
"HSG","13:08:56",20.9,-0.1,5000,4652300,"B"
"HSG","13:08:51",20.95,-0.05,100,4647300,"S"
"HSG","13:08:45",20.95,-0.05,19500,4647200,"S"
"HSG","13:08:39",20.95,-0.05,300,4627700,"S"
"HSG","13:08:38",20.95,-0.05,1000,4627400,"S"
"HSG","13:08:34",20.95,-0.05,2000,4626400,"S"
"HSG","13:08:30",20.9,-0.1,1300,4624400,"B"
"HSG","13:08:28",20.9,-0.1,800,4623100,"B"
"HSG","13:08:21",20.95,-0.05,300,4622300,"S"
"HSG","13:08:17",20.95,-0.05,10000,4622000,"S"
"HSG","13:08:11",20.95,-0.05,500,4612000,"S"
"HSG","13:08:09",20.95,-0.05,1000,4611500,"S"
"HSG","13:08:02",20.95,-0.05,300,4610500,"S"
"HSG","13:08:01",20.95,-0.05,500,4610200,"S"
"HSG","13:08:00",20.95,-0.05,500,4609700,"S"
"HSG","13:08:00",20.9,-0.1,1300,4609200,"B"
"HSG","13:07:56",20.95,-0.05,3000,4607900,"S"
"HSG","13:07:55",20.95,-0.05,100,4604900,"S"
"HSG","13:07:54",20.95,-0.05,100,4604800,"S"
"HSG","13:07:50",20.95,-0.05,500,4604700,"S"
"HSG","13:07:47",20.95,-0.05,200,4604200,"S"
"HSG","13:07:47",20.9,-0.1,800,4604000,"B"
"HSG","13:07:41",20.95,-0.05,500,4603200,"S"
"HSG","13:07:37",20.95,-0.05,2000,4602700,"S"
"HSG","13:07:33",20.95,-0.05,500,4600700,"S"
"HSG","13:07:30",20.9,-0.1,1300,4600200,"B"
"HSG","13:07:27",20.95,-0.05,800,4598900,"S"
"HSG","13:07:15",20.9,-0.1,26500,4598000,"S"
"HSG","13:07:11",20.85,-0.15,1000,4571500,"B"
"HSG","13:07:08",20.9,-0.1,10000,4570500,"S"
"HSG","13:07:06",20.85,-0.15,800,4560500,"B"
"HSG","13:07:00",20.9,-0.1,200,4559700,"S"
"HSG","13:07:00",20.85,-0.15,1300,4559500,"B"
"HSG","13:06:57",20.85,-0.15,3000,4558200,"B"
"HSG","13:06:56",20.9,-0.1,300,4555200,"S"
"HSG","13:06:55",20.9,-0.1,100,4554900,"S"
"HSG","13:06:50",20.9,-0.1,5000,4554800,"S"
"HSG","13:06:47",20.85,-0.15,1200,4549800,"S"
"HSG","13:06:45",20.85,-0.15,100,4548600,"S"
"HSG","13:06:44",20.85,-0.15,2000,4548500,"S"
"HSG","13:06:43",20.85,-0.15,2000,4546500,"S"
"HSG","13:06:40",20.85,-0.15,600,4544500,"S"
"HSG","13:06:38",20.85,-0.15,5000,4543900,"S"
"HSG","13:06:35",20.8,-0.2,200,4538900,"B"
"HSG","13:06:35",20.85,-0.15,8000,4538700,"S"
"HSG","13:06:34",20.85,-0.15,11000,4530700,"S"
"HSG","13:06:32",20.85,-0.15,200,4519700,"S"
"HSG","13:06:29",20.8,-0.2,1300,4519500,"B"
"HSG","13:06:27",20.85,-0.15,100,4518200,"S"
"HSG","13:06:26",20.85,-0.15,200,4518100,"S"
"HSG","13:06:26",20.85,-0.15,200,4517900,"S"
"HSG","13:06:25",20.85,-0.15,500,4517700,"S"
"HSG","13:06:23",20.85,-0.15,100,4517200,"S"
"HSG","13:06:22",20.8,-0.2,800,4517100,"B"
"HSG","13:06:21",20.85,-0.15,500,4516300,"S"
"HSG","13:06:20",20.85,-0.15,1000,4515800,"S"
"HSG","13:06:18",20.85,-0.15,1000,4514800,"S"
"HSG","13:06:17",20.85,-0.15,200,4513800,"S"
"HSG","13:06:12",20.85,-0.15,5000,4513600,"S"
"HSG","13:06:12",20.85,-0.15,100,4508600,"S"
"HSG","13:06:11",20.85,-0.15,600,4508500,"S"
"HSG","13:06:09",20.85,-0.15,100,4507900,"S"
"HSG","13:06:03",20.85,-0.15,100,4507800,"S"
"HSG","13:05:59",20.8,-0.2,1300,4507700,"B"
"HSG","13:05:54",20.85,-0.15,100,4506400,"S"
"HSG","13:05:51",20.8,-0.2,100,4506300,"B"
"HSG","13:05:51",20.85,-0.15,200,4506200,"S"
"HSG","13:05:45",20.85,-0.15,400,4506000,"S"
"HSG","13:05:40",20.8,-0.2,900,4505600,"B"
"HSG","13:05:38",20.85,-0.15,400,4504700,"S"
"HSG","13:05:36",20.8,-0.2,1000,4504300,"B"
"HSG","13:05:29",20.8,-0.2,1300,4503300,"B"
"HSG","13:05:23",20.8,-0.2,500,4502000,"B"
"HSG","13:04:59",20.8,-0.2,1300,4501500,"B"
"HSG","13:04:53",20.8,-0.2,3000,4500200,"S"
"HSG","13:04:53",20.75,-0.25,800,4497200,"B"
"HSG","13:04:51",20.8,-0.2,500,4496400,"S"
"HSG","13:04:50",20.8,-0.2,3500,4495900,"B"
"HSG","13:04:50",20.8,-0.2,8500,4492400,"S"
"HSG","13:04:47",20.8,-0.2,1000,4483900,"S"
"HSG","13:04:41",20.8,-0.2,100,4482900,"S"
"HSG","13:04:40",20.8,-0.2,2000,4482800,"S"
"HSG","13:04:37",20.8,-0.2,2000,4480800,"S"
"HSG","13:04:35",20.8,-0.2,3500,4478800,"S"
"HSG","13:04:34",20.8,-0.2,46500,4475300,"S"
"HSG","13:04:29",20.75,-0.25,1300,4428800,"B"
"HSG","13:04:28",20.8,-0.2,300,4427500,"S"
"HSG","13:04:27",20.75,-0.25,900,4427200,"B"
"HSG","13:04:19",20.8,-0.2,100,4426300,"S"
"HSG","13:04:15",20.8,-0.2,200,4426200,"S"
"HSG","13:04:14",20.75,-0.25,400,4426000,"B"
"HSG","13:04:10",20.75,-0.25,800,4425600,"B"
"HSG","13:04:04",20.75,-0.25,200,4424800,"B"
"HSG","13:03:59",20.75,-0.25,1300,4424600,"B"
"HSG","13:03:40",20.75,-0.25,100,4423300,"B"
"HSG","13:03:29",20.75,-0.25,2200,4423200,"B"
"HSG","13:03:27",20.75,-0.25,3000,4421000,"B"
"HSG","13:03:26",20.75,-0.25,100,4418000,"B"
"HSG","13:02:59",20.75,-0.25,1300,4417900,"B"
"HSG","13:02:53",20.75,-0.25,400,4416600,"B"
"HSG","13:02:47",20.75,-0.25,500,4416200,"B"
"HSG","13:02:41",20.75,-0.25,800,4415700,"B"
"HSG","13:02:37",20.75,-0.25,3300,4414900,"B"
"HSG","13:02:36",20.75,-0.25,1000,4411600,"B"
"HSG","13:02:29",20.75,-0.25,1300,4410600,"B"
"HSG","13:02:18",20.75,-0.25,100,4409300,"B"
"HSG","13:02:15",20.75,-0.25,200,4409200,"B"
"HSG","13:02:08",20.75,-0.25,100,4409000,"B"
"HSG","13:01:59",20.75,-0.25,1300,4408900,"B"
"HSG","13:01:58",20.75,-0.25,900,4407600,"B"
"HSG","13:01:58",20.8,-0.2,100,4406700,"S"
"HSG","13:01:29",20.75,-0.25,1300,4406600,"B"
"HSG","13:01:13",20.75,-0.25,800,4405300,"B"
"HSG","13:01:13",20.75,-0.25,4800,4404500,"B"
"HSG","13:01:07",20.75,-0.25,300,4399700,"B"
"HSG","13:01:04",20.75,-0.25,14600,4399400,"B"
"HSG","13:00:59",20.8,-0.2,500,4384800,"S"
"HSG","13:00:59",20.75,-0.25,1400,4384300,"B"
"HSG","13:00:50",20.75,-0.25,100,4382900,"B"
"HSG","13:00:50",20.75,-0.25,1000,4382800,"B"
"HSG","13:00:49",20.75,-0.25,200,4381800,"B"
"HSG","13:00:44",20.75,-0.25,600,4381600,"B"
"HSG","13:00:42",20.75,-0.25,4400,4381000,"B"
"HSG","13:00:38",20.75,-0.25,700,4376600,"B"
"HSG","13:00:31",20.75,-0.25,1400,4375900,"B"
"HSG","13:00:26",20.75,-0.25,100,4374500,"B"
"HSG","13:00:26",20.8,-0.2,100,4374400,"S"
"HSG","13:00:24",20.8,-0.2,1000,4374300,"S"
"HSG","13:00:21",20.8,-0.2,600,4373300,"S"
"HSG","13:00:19",20.8,-0.2,1000,4372700,"S"
"HSG","13:00:18",20.75,-0.25,2000,4371700,"B"
"HSG","13:00:14",20.75,-0.25,500,4369700,"B"
"HSG","13:00:13",20.75,-0.25,400,4369200,"B"
"HSG","13:00:12",20.75,-0.25,2000,4368800,"B"
"HSG","13:00:10",20.8,-0.2,1500,4366800,"S"
"HSG","13:00:10",20.75,-0.25,20000,4365300,"B"
"HSG","13:00:08",20.75,-0.25,5000,4345300,"B"
"HSG","13:00:07",20.8,-0.2,600,4340300,"S"
"HSG","13:00:07",20.8,-0.2,3000,4339700,"S"
"HSG","13:00:05",20.8,-0.2,6000,4336700,"S"
"HSG","13:00:05",20.75,-0.25,14000,4330700,"B"
"HSG","13:00:04",20.75,-0.25,100,4316700,"B"
"HSG","13:00:03",20.8,-0.2,11000,4316600,"S"
"HSG","13:00:03",20.75,-0.25,1000,4305600,"B"
"HSG","13:00:03",20.8,-0.2,20000,4304600,"S"
"HSG","13:00:02",20.75,-0.25,1100,4284600,"B"
"HSG","13:00:00",20.75,-0.25,5200,4283500,"B"
"HSG","13:00:00",20.8,-0.2,700,4278300,"S"
"HSG","11:29:43",20.75,-0.25,300,4277600,"B"
"HSG","11:29:15",20.75,-0.25,7700,4277300,"S"
"HSG","11:29:14",20.75,-0.25,25000,4269600,"S"
"HSG","11:29:13",20.75,-0.25,1000,4244600,"S"
"HSG","11:29:11",20.75,-0.25,1000,4243600,"S"
"HSG","11:29:08",20.75,-0.25,3500,4242600,"S"
"HSG","11:29:05",20.75,-0.25,1000,4239100,"S"
"HSG","11:29:04",20.75,-0.25,300,4238100,"S"
"HSG","11:29:02",20.75,-0.25,25000,4237800,"S"
"HSG","11:28:56",20.75,-0.25,5000,4212800,"S"
"HSG","11:28:55",20.75,-0.25,4900,4207800,"S"
"HSG","11:28:49",20.7,-0.3,1400,4202900,"B"
"HSG","11:28:47",20.75,-0.25,500,4201500,"S"
"HSG","11:28:46",20.75,-0.25,17600,4201000,"S"
"HSG","11:28:46",20.75,-0.25,32400,4183400,"S"
"HSG","11:28:45",20.75,-0.25,5000,4151000,"S"
"HSG","11:28:42",20.7,-0.3,2000,4146000,"B"
"HSG","11:28:34",20.75,-0.25,2000,4144000,"S"
"HSG","11:28:33",20.7,-0.3,500,4142000,"B"
"HSG","11:28:32",20.7,-0.3,800,4141500,"B"
"HSG","11:28:30",20.75,-0.25,100,4140700,"S"
"HSG","11:28:19",20.7,-0.3,1400,4140600,"B"
"HSG","11:28:17",20.7,-0.3,500,4139200,"B"
"HSG","11:28:05",20.75,-0.25,500,4138700,"S"
"HSG","11:28:01",20.75,-0.25,1000,4138200,"S"
"HSG","11:27:55",20.75,-0.25,400,4137200,"S"
"HSG","11:27:51",20.7,-0.3,800,4136800,"B"
"HSG","11:27:50",20.7,-0.3,1400,4136000,"B"
"HSG","11:27:47",20.75,-0.25,1000,4134600,"S"
"HSG","11:27:46",20.75,-0.25,1000,4133600,"S"
"HSG","11:27:44",20.7,-0.3,500,4132600,"B"
"HSG","11:27:18",20.7,-0.3,1400,4132100,"B"
"HSG","11:27:14",20.75,-0.25,500,4130700,"S"
"HSG","11:27:13",20.7,-0.3,1900,4130200,"S"
"HSG","11:27:12",20.7,-0.3,7100,4128300,"S"
"HSG","11:27:10",20.7,-0.3,1200,4121200,"S"
"HSG","11:27:10",20.65,-0.35,800,4120000,"B"
"HSG","11:27:09",20.7,-0.3,13100,4119200,"S"
"HSG","11:27:08",20.7,-0.3,2000,4106100,"S"
"HSG","11:27:07",20.7,-0.3,1000,4104100,"S"
"HSG","11:27:06",20.7,-0.3,1000,4103100,"S"
"HSG","11:27:05",20.7,-0.3,500,4102100,"S"
"HSG","11:27:04",20.7,-0.3,200,4101600,"S"
"HSG","11:27:01",20.7,-0.3,11000,4101400,"S"
"HSG","11:26:59",20.7,-0.3,500,4090400,"S"
"HSG","11:26:59",20.7,-0.3,100,4089900,"S"
"HSG","11:26:56",20.7,-0.3,600,4089800,"S"
"HSG","11:26:54",20.7,-0.3,3000,4089200,"S"
"HSG","11:26:53",20.7,-0.3,400,4086200,"S"
"HSG","11:26:51",20.7,-0.3,10200,4085800,"S"
"HSG","11:26:49",20.7,-0.3,500,4075600,"S"
"HSG","11:26:48",20.65,-0.35,1400,4075100,"B"
"HSG","11:26:48",20.7,-0.3,100,4073700,"S"
"HSG","11:26:46",20.65,-0.35,500,4073600,"B"
"HSG","11:26:45",20.7,-0.3,1000,4073100,"S"
"HSG","11:26:39",20.7,-0.3,3000,4072100,"S"
"HSG","11:26:39",20.7,-0.3,10000,4069100,"S"
"HSG","11:26:38",20.7,-0.3,1000,4059100,"S"
"HSG","11:26:36",20.7,-0.3,100,4058100,"S"
"HSG","11:26:35",20.7,-0.3,1000,4058000,"S"
"HSG","11:26:34",20.7,-0.3,10000,4057000,"S"
"HSG","11:26:30",20.7,-0.3,500,4047000,"S"
"HSG","11:26:28",20.7,-0.3,3800,4046500,"S"
"HSG","11:26:26",20.7,-0.3,100,4042700,"S"
"HSG","11:26:25",20.65,-0.35,800,4042600,"B"
"HSG","11:26:23",20.7,-0.3,100,4041800,"S"
"HSG","11:26:22",20.7,-0.3,200,4041700,"S"
"HSG","11:26:18",20.65,-0.35,1400,4041500,"B"
"HSG","11:26:13",20.7,-0.3,100,4040100,"S"
"HSG","11:26:08",20.7,-0.3,200,4040000,"S"
"HSG","11:26:04",20.7,-0.3,200,4039800,"S"
"HSG","11:26:04",20.7,-0.3,3000,4039600,"S"
"HSG","11:26:03",20.7,-0.3,5000,4036600,"S"
"HSG","11:26:02",20.7,-0.3,2000,4031600,"S"
"HSG","11:26:01",20.7,-0.3,100,4029600,"S"
"HSG","11:26:00",20.7,-0.3,500,4029500,"S"
"HSG","11:25:58",20.7,-0.3,3000,4029000,"S"
"HSG","11:25:56",20.7,-0.3,100,4026000,"S"
"HSG","11:25:54",20.7,-0.3,1000,4025900,"S"
"HSG","11:25:52",20.7,-0.3,100,4024900,"S"
"HSG","11:25:49",20.7,-0.3,300,4024800,"S"
"HSG","11:25:48",20.65,-0.35,1400,4024500,"B"
"HSG","11:25:44",20.7,-0.3,200,4023100,"S"
"HSG","11:25:43",20.65,-0.35,1100,4022900,"B"
"HSG","11:25:38",20.7,-0.3,100,4021800,"S"
"HSG","11:25:32",20.7,-0.3,100,4021700,"S"
"HSG","11:25:31",20.7,-0.3,100,4021600,"S"
"HSG","11:25:30",20.7,-0.3,500,4021500,"S"
"HSG","11:25:25",20.7,-0.3,3500,4021000,"S"
"HSG","11:25:21",20.7,-0.3,5000,4017500,"S"
"HSG","11:25:20",20.7,-0.3,500,4012500,"S"
"HSG","11:25:18",20.65,-0.35,1400,4012000,"B"
"HSG","11:25:17",20.7,-0.3,2000,4010600,"S"
"HSG","11:25:14",20.7,-0.3,600,4008600,"S"
"HSG","11:25:13",20.7,-0.3,2000,4008000,"S"
"HSG","11:25:12",20.7,-0.3,100,4006000,"S"
"HSG","11:25:08",20.7,-0.3,2200,4005900,"S"
"HSG","11:25:03",20.7,-0.3,1000,4003700,"S"
"HSG","11:25:01",20.7,-0.3,5000,4002700,"S"
"HSG","11:25:00",20.65,-0.35,800,3997700,"B"
"HSG","11:24:59",20.65,-0.35,500,3996900,"B"
"HSG","11:24:58",20.7,-0.3,5000,3996400,"S"
"HSG","11:24:56",20.65,-0.35,600,3991400,"B"
"HSG","11:24:54",20.65,-0.35,1000,3990800,"B"
"HSG","11:24:48",20.65,-0.35,1400,3989800,"B"
"HSG","11:24:45",20.65,-0.35,1000,3988400,"B"
"HSG","11:24:42",20.7,-0.3,500,3987400,"S"
"HSG","11:24:40",20.7,-0.3,200,3986900,"S"
"HSG","11:24:31",20.7,-0.3,1100,3986700,"S"
"HSG","11:24:27",20.7,-0.3,200,3985600,"S"
"HSG","11:24:23",20.7,-0.3,100,3985400,"S"
"HSG","11:24:22",20.7,-0.3,3700,3985300,"S"
"HSG","11:24:20",20.7,-0.3,1500,3981600,"S"
"HSG","11:24:18",20.7,-0.3,200,3980100,"S"
"HSG","11:24:18",20.65,-0.35,1400,3979900,"B"
"HSG","11:24:17",20.7,-0.3,100,3978500,"S"
"HSG","11:24:17",20.65,-0.35,700,3978400,"B"
"HSG","11:24:15",20.7,-0.3,5000,3977700,"S"
"HSG","11:24:14",20.7,-0.3,800,3972700,"S"
"HSG","11:24:10",20.7,-0.3,1900,3971900,"S"
"HSG","11:24:09",20.7,-0.3,100,3970000,"S"
"HSG","11:24:07",20.7,-0.3,200,3969900,"S"
"HSG","11:24:03",20.7,-0.3,100,3969700,"S"
"HSG","11:23:58",20.7,-0.3,100,3969600,"S"
"HSG","11:23:57",20.7,-0.3,300,3969500,"S"
"HSG","11:23:55",20.7,-0.3,200,3969200,"S"
"HSG","11:23:51",20.7,-0.3,4600,3969000,"S"
"HSG","11:23:51",20.7,-0.3,3000,3964400,"S"
"HSG","11:23:49",20.7,-0.3,100,3961400,"S"
"HSG","11:23:49",20.7,-0.3,1000,3961300,"S"
"HSG","11:23:48",20.65,-0.35,1400,3960300,"B"
"HSG","11:23:43",20.7,-0.3,100,3958900,"S"
"HSG","11:23:36",20.65,-0.35,800,3958800,"B"
"HSG","11:23:36",20.7,-0.3,200,3958000,"S"
"HSG","11:23:32",20.7,-0.3,3000,3957800,"S"
"HSG","11:23:30",20.7,-0.3,500,3954800,"S"
"HSG","11:23:24",20.7,-0.3,1000,3954300,"S"
"HSG","11:23:22",20.7,-0.3,500,3953300,"S"
"HSG","11:23:19",20.7,-0.3,100,3952800,"S"
"HSG","11:23:18",20.65,-0.35,1400,3952700,"B"
"HSG","11:23:16",20.7,-0.3,1000,3951300,"S"
"HSG","11:23:09",20.7,-0.3,500,3950300,"S"
"HSG","11:22:55",20.65,-0.35,800,3949800,"B"
"HSG","11:22:49",20.7,-0.3,1000,3949000,"S"
"HSG","11:22:48",20.65,-0.35,1400,3948000,"B"
"HSG","11:22:45",20.65,-0.35,2000,3946600,"B"
"HSG","11:22:31",20.65,-0.35,2000,3944600,"B"
"HSG","11:22:17",20.65,-0.35,1400,3942600,"B"
"HSG","11:22:15",20.65,-0.35,4700,3941200,"B"
"HSG","11:22:13",20.65,-0.35,800,3936500,"B"
"HSG","11:22:12",20.7,-0.3,1000,3935700,"S"
"HSG","11:22:05",20.7,-0.3,600,3934700,"S"
"HSG","11:22:01",20.7,-0.3,1000,3934100,"S"
"HSG","11:21:57",20.65,-0.35,300,3933100,"B"
"HSG","11:21:56",20.7,-0.3,300,3932800,"S"
"HSG","11:21:49",20.7,-0.3,100,3932500,"S"
"HSG","11:21:47",20.65,-0.35,1400,3932400,"B"
"HSG","11:21:45",20.7,-0.3,1000,3931000,"S"
"HSG","11:21:42",20.7,-0.3,1600,3930000,"S"
"HSG","11:21:36",20.7,-0.3,200,3928400,"S"
"HSG","11:21:35",20.7,-0.3,100,3928200,"S"
"HSG","11:21:32",20.7,-0.3,200,3928100,"S"
"HSG","11:21:29",20.7,-0.3,500,3927900,"S"
"HSG","11:21:29",20.65,-0.35,900,3927400,"B"
"HSG","11:21:22",20.65,-0.35,1000,3926500,"B"
"HSG","11:21:18",20.7,-0.3,100,3925500,"S"
"HSG","11:21:17",20.65,-0.35,1400,3925400,"B"
"HSG","11:21:17",20.7,-0.3,100,3924000,"S"
"HSG","11:21:14",20.7,-0.3,200,3923900,"S"
"HSG","11:21:13",20.7,-0.3,500,3923700,"S"
"HSG","11:21:11",20.7,-0.3,500,3923200,"S"
"HSG","11:21:10",20.7,-0.3,100,3922700,"S"
"HSG","11:21:04",20.7,-0.3,100,3922600,"S"
"HSG","11:21:01",20.65,-0.35,7000,3922500,"B"
"HSG","11:20:54",20.7,-0.3,200,3915500,"S"
"HSG","11:20:53",20.7,-0.3,200,3915300,"S"
"HSG","11:20:51",20.7,-0.3,200,3915100,"S"
"HSG","11:20:47",20.65,-0.35,1400,3914900,"B"
"HSG","11:20:46",20.65,-0.35,800,3913500,"B"
"HSG","11:20:41",20.65,-0.35,6600,3912700,"B"
"HSG","11:20:40",20.7,-0.3,1000,3906100,"S"
"HSG","11:20:40",20.65,-0.35,5000,3905100,"B"
"HSG","11:20:31",20.65,-0.35,100,3900100,"B"
"HSG","11:20:28",20.65,-0.35,400,3900000,"B"
"HSG","11:20:25",20.65,-0.35,1500,3899600,"B"
"HSG","11:20:17",20.65,-0.35,1400,3898100,"B"
"HSG","11:20:15",20.7,-0.3,2000,3896700,"S"
"HSG","11:20:11",20.7,-0.3,100,3894700,"S"
"HSG","11:20:04",20.65,-0.35,900,3894600,"B"
"HSG","11:20:00",20.7,-0.3,400,3893700,"S"
"HSG","11:19:50",20.7,-0.3,1000,3893300,"S"
"HSG","11:19:49",20.7,-0.3,5000,3892300,"S"
"HSG","11:19:47",20.65,-0.35,1400,3887300,"B"
"HSG","11:19:46",20.7,-0.3,300,3885900,"S"
"HSG","11:19:45",20.7,-0.3,1000,3885600,"S"
"HSG","11:19:40",20.7,-0.3,500,3884600,"S"
"HSG","11:19:30",20.7,-0.3,300,3884100,"S"
"HSG","11:19:24",20.7,-0.3,100,3883800,"S"
"HSG","11:19:17",20.65,-0.35,1400,3883700,"B"
"HSG","11:19:17",20.7,-0.3,200,3882300,"S"
"HSG","11:19:16",20.7,-0.3,11000,3882100,"S"
"HSG","11:19:14",20.65,-0.35,800,3871100,"B"
"HSG","11:19:10",20.7,-0.3,1400,3870300,"S"
"HSG","11:19:03",20.65,-0.35,10000,3868900,"B"
"HSG","11:18:53",20.7,-0.3,300,3858900,"S"
"HSG","11:18:52",20.65,-0.35,15000,3858600,"B"
"HSG","11:18:47",20.65,-0.35,1400,3843600,"B"
"HSG","11:18:46",20.7,-0.3,500,3842200,"S"
"HSG","11:18:40",20.7,-0.3,5000,3841700,"S"
"HSG","11:18:39",20.7,-0.3,100,3836700,"S"
"HSG","11:18:36",20.7,-0.3,300,3836600,"S"
"HSG","11:18:32",20.7,-0.3,500,3836300,"S"
"HSG","11:18:32",20.65,-0.35,800,3835800,"B"
"HSG","11:18:24",20.7,-0.3,200,3835000,"S"
"HSG","11:18:23",20.65,-0.35,2900,3834800,"B"
"HSG","11:18:16",20.65,-0.35,1400,3831900,"B"
"HSG","11:18:16",20.7,-0.3,500,3830500,"S"
"HSG","11:18:10",20.7,-0.3,100,3830000,"S"
"HSG","11:18:04",20.7,-0.3,1000,3829900,"S"
"HSG","11:18:02",20.7,-0.3,200,3828900,"S"
"HSG","11:17:51",20.7,-0.3,200,3828700,"S"
"HSG","11:17:50",20.7,-0.3,300,3828500,"S"
"HSG","11:17:49",20.65,-0.35,5000,3828200,"B"
"HSG","11:17:47",20.65,-0.35,800,3823200,"B"
"HSG","11:17:46",20.65,-0.35,1400,3822400,"B"
"HSG","11:17:45",20.7,-0.3,200,3821000,"S"
"HSG","11:17:44",20.7,-0.3,1000,3820800,"S"
"HSG","11:17:35",20.7,-0.3,100,3819800,"S"
"HSG","11:17:29",20.7,-0.3,200,3819700,"S"
"HSG","11:17:23",20.7,-0.3,3000,3819500,"S"
"HSG","11:17:17",20.7,-0.3,5000,3816500,"S"
"HSG","11:17:17",20.65,-0.35,1400,3811500,"B"
"HSG","11:17:12",20.7,-0.3,200,3810100,"S"
"HSG","11:17:10",20.7,-0.3,1500,3809900,"S"
"HSG","11:17:06",20.65,-0.35,800,3808400,"B"
"HSG","11:17:01",20.7,-0.3,5000,3807600,"S"
"HSG","11:16:56",20.7,-0.3,1000,3802600,"S"
"HSG","11:16:49",20.7,-0.3,300,3801600,"S"
"HSG","11:16:46",20.65,-0.35,1400,3801300,"B"
"HSG","11:16:46",20.7,-0.3,200,3799900,"S"
"HSG","11:16:44",20.7,-0.3,100,3799700,"S"
"HSG","11:16:40",20.7,-0.3,10000,3799600,"S"
"HSG","11:16:39",20.7,-0.3,500,3789600,"S"
"HSG","11:16:32",20.7,-0.3,5000,3789100,"S"
"HSG","11:16:30",20.7,-0.3,100,3784100,"S"
"HSG","11:16:30",20.7,-0.3,100,3784000,"S"
"HSG","11:16:26",20.7,-0.3,2000,3783900,"S"
"HSG","11:16:24",20.65,-0.35,800,3781900,"B"
"HSG","11:16:23",20.7,-0.3,1000,3781100,"S"
"HSG","11:16:23",20.65,-0.35,16000,3780100,"B"
"HSG","11:16:20",20.7,-0.3,500,3764100,"S"
"HSG","11:16:19",20.65,-0.35,20000,3763600,"B"
"HSG","11:16:18",20.7,-0.3,100,3743600,"S"
"HSG","11:16:16",20.7,-0.3,300,3743500,"S"
"HSG","11:16:16",20.65,-0.35,1400,3743200,"B"
"HSG","11:16:11",20.7,-0.3,100,3741800,"S"
"HSG","11:16:10",20.7,-0.3,200,3741700,"S"
"HSG","11:16:09",20.7,-0.3,100,3741500,"S"
"HSG","11:16:07",20.7,-0.3,200,3741400,"S"
"HSG","11:16:01",20.7,-0.3,4000,3741200,"S"
"HSG","11:15:55",20.7,-0.3,500,3737200,"S"
"HSG","11:15:55",20.65,-0.35,14000,3736700,"B"
"HSG","11:15:46",20.65,-0.35,1400,3722700,"B"
"HSG","11:15:44",20.7,-0.3,100,3721300,"S"
"HSG","11:15:42",20.65,-0.35,100,3721200,"B"
"HSG","11:15:41",20.65,-0.35,900,3721100,"B"
"HSG","11:15:39",20.7,-0.3,1000,3720200,"S"
"HSG","11:15:38",20.7,-0.3,100,3719200,"S"
"HSG","11:15:36",20.7,-0.3,200,3719100,"S"
"HSG","11:15:34",20.7,-0.3,100,3718900,"S"
"HSG","11:15:27",20.7,-0.3,100,3718800,"S"
"HSG","11:15:26",20.7,-0.3,500,3718700,"S"
"HSG","11:15:23",20.7,-0.3,100,3718200,"S"
"HSG","11:15:21",20.7,-0.3,3000,3718100,"S"
"HSG","11:15:18",20.7,-0.3,24900,3715100,"B"
"HSG","11:15:17",20.7,-0.3,8200,3690200,"B"
"HSG","11:15:16",20.7,-0.3,1400,3682000,"B"
"HSG","11:15:15",20.7,-0.3,3200,3680600,"B"
"HSG","11:15:14",20.7,-0.3,16800,3677400,"B"
"HSG","11:15:14",20.7,-0.3,1000,3660600,"B"
"HSG","11:15:09",20.7,-0.3,5000,3659600,"B"
"HSG","11:15:08",20.7,-0.3,28300,3654600,"B"
"HSG","11:15:07",20.7,-0.3,8700,3626300,"B"
"HSG","11:15:06",20.7,-0.3,30000,3617600,"B"
"HSG","11:15:06",20.7,-0.3,2000,3587600,"B"
"HSG","11:15:02",20.7,-0.3,2000,3585600,"B"
"HSG","11:15:00",20.7,-0.3,2000,3583600,"B"
"HSG","11:14:59",20.75,-0.25,500,3581600,"S"
"HSG","11:14:59",20.7,-0.3,1000,3581100,"B"
"HSG","11:14:58",20.7,-0.3,800,3580100,"B"
"HSG","11:14:57",20.75,-0.25,200,3579300,"S"
"HSG","11:14:55",20.7,-0.3,5000,3578100,"B"
"HSG","11:14:54",20.7,-0.3,10800,3573100,"B"
"HSG","11:14:54",20.75,-0.25,5000,3562300,"S"
"HSG","11:14:50",20.7,-0.3,20000,3557300,"B"
"HSG","11:14:48",20.7,-0.3,1000,3537300,"B"
"HSG","11:14:48",20.7,-0.3,2600,3536300,"B"
"HSG","11:14:47",20.7,-0.3,17400,3533700,"B"
"HSG","11:14:47",20.7,-0.3,200000,3516300,"B"
"HSG","11:14:46",20.7,-0.3,1400,3316300,"B"
"HSG","11:14:40",20.7,-0.3,5900,3314900,"B"
"HSG","11:14:39",20.7,-0.3,14100,3309000,"B"
"HSG","11:14:39",20.75,-0.25,200,3294900,"S"
"HSG","11:14:34",20.7,-0.3,2700,3294700,"B"
"HSG","11:14:34",20.75,-0.25,5200,3292000,"S"
"HSG","11:14:28",20.75,-0.25,1500,3286800,"S"
"HSG","11:14:25",20.75,-0.25,500,3285300,"S"
"HSG","11:14:24",20.7,-0.3,30000,3284800,"B"
"HSG","11:14:19",20.7,-0.3,100,3254800,"B"
"HSG","11:14:16",20.7,-0.3,1400,3254700,"B"
"HSG","11:14:15",20.7,-0.3,700,3253300,"B"
"HSG","11:14:04",20.75,-0.25,500,3252600,"S"
"HSG","11:14:01",20.75,-0.25,200,3252100,"S"
"HSG","11:14:00",20.75,-0.25,300,3251900,"S"
"HSG","11:13:59",20.7,-0.3,10000,3251600,"B"
"HSG","11:13:56",20.75,-0.25,500,3241600,"S"
"HSG","11:13:53",20.7,-0.3,400,3241100,"B"
"HSG","11:13:49",20.75,-0.25,200,3240700,"S"
"HSG","11:13:46",20.7,-0.3,1400,3240500,"B"
"HSG","11:13:42",20.75,-0.25,100,3239100,"S"
"HSG","11:13:41",20.7,-0.3,10000,3239000,"B"
"HSG","11:13:34",20.7,-0.3,800,3229000,"B"
"HSG","11:13:34",20.75,-0.25,400,3228200,"S"
"HSG","11:13:21",20.75,-0.25,123800,3227800,"B"
"HSG","11:13:21",20.75,-0.25,144900,3104000,"B"
"HSG","11:13:20",20.75,-0.25,76100,2959100,"B"
"HSG","11:13:17",20.75,-0.25,2000,2883000,"B"
"HSG","11:13:16",20.75,-0.25,3400,2881000,"B"
"HSG","11:13:06",20.75,-0.25,1900,2877600,"B"
"HSG","11:12:57",20.75,-0.25,200,2875700,"B"
"HSG","11:12:52",20.75,-0.25,800,2875500,"B"
"HSG","11:12:46",20.75,-0.25,1400,2874700,"B"
"HSG","11:12:46",20.8,-0.2,2200,2873300,"S"
"HSG","11:12:40",20.8,-0.2,200,2871100,"S"
"HSG","11:12:37",20.75,-0.25,1000,2870900,"B"
"HSG","11:12:31",20.8,-0.2,400,2869900,"S"
"HSG","11:12:22",20.75,-0.25,1400,2869500,"B"
"HSG","11:12:15",20.75,-0.25,1400,2868100,"B"
"HSG","11:12:10",20.75,-0.25,800,2866700,"B"
"HSG","11:12:04",20.8,-0.2,100,2865900,"S"
"HSG","11:11:54",20.8,-0.2,500,2865800,"S"
"HSG","11:11:45",20.75,-0.25,1400,2865300,"B"
"HSG","11:11:34",20.8,-0.2,5000,2863900,"S"
"HSG","11:11:34",20.75,-0.25,100,2858900,"B"
"HSG","11:11:28",20.75,-0.25,800,2858800,"B"
"HSG","11:11:27",20.75,-0.25,1200,2858000,"B"
"HSG","11:11:27",20.8,-0.2,100,2856800,"S"
"HSG","11:11:15",20.75,-0.25,1400,2856700,"B"
"HSG","11:11:09",20.8,-0.2,1000,2855300,"S"
"HSG","11:10:54",20.75,-0.25,6000,2854300,"B"
"HSG","11:10:47",20.75,-0.25,800,2848300,"B"
"HSG","11:10:45",20.75,-0.25,1400,2847500,"B"
"HSG","11:10:41",20.75,-0.25,1000,2846100,"B"
"HSG","11:10:36",20.75,-0.25,5500,2845100,"B"
"HSG","11:10:32",20.75,-0.25,100,2839600,"B"
"HSG","11:10:29",20.8,-0.2,100,2839500,"S"
"HSG","11:10:15",20.75,-0.25,1400,2839400,"B"
"HSG","11:10:13",20.8,-0.2,3000,2838000,"S"
"HSG","11:10:05",20.75,-0.25,800,2835000,"B"
"HSG","11:09:57",20.8,-0.2,500,2834200,"S"
"HSG","11:09:55",20.75,-0.25,100,2833700,"B"
"HSG","11:09:53",20.8,-0.2,4000,2833600,"S"
"HSG","11:09:45",20.75,-0.25,1400,2829600,"B"
"HSG","11:09:24",20.75,-0.25,800,2828200,"B"
"HSG","11:09:15",20.75,-0.25,1400,2827400,"B"
"HSG","11:09:12",20.75,-0.25,9000,2826000,"B"
"HSG","11:09:06",20.75,-0.25,2000,2817000,"B"
"HSG","11:08:45",20.75,-0.25,1400,2815000,"B"
"HSG","11:08:40",20.75,-0.25,2800,2813600,"B"
"HSG","11:08:17",20.75,-0.25,300,2810800,"B"
"HSG","11:08:15",20.75,-0.25,6000,2810500,"B"
"HSG","11:08:15",20.75,-0.25,1400,2804500,"B"
"HSG","11:07:58",20.75,-0.25,800,2803100,"B"
"HSG","11:07:57",20.8,-0.2,200,2802300,"S"
"HSG","11:07:45",20.75,-0.25,1400,2802100,"B"
"HSG","11:07:27",20.8,-0.2,1000,2800700,"S"
"HSG","11:07:16",20.75,-0.25,800,2799700,"B"
"HSG","11:07:14",20.75,-0.25,1400,2798900,"B"
"HSG","11:07:10",20.75,-0.25,5100,2797500,"B"
"HSG","11:06:44",20.75,-0.25,1400,2792400,"B"
"HSG","11:06:42",20.8,-0.2,1000,2791000,"S"
"HSG","11:06:34",20.75,-0.25,800,2790000,"B"
"HSG","11:06:15",20.75,-0.25,1000,2789200,"B"
"HSG","11:06:14",20.75,-0.25,1400,2788200,"B"
"HSG","11:05:52",20.75,-0.25,800,2786800,"B"
"HSG","11:05:52",20.8,-0.2,100,2786000,"S"
"HSG","11:05:44",20.75,-0.25,1400,2785900,"B"
"HSG","11:05:36",20.8,-0.2,200,2784500,"S"
"HSG","11:05:35",20.8,-0.2,10000,2784300,"S"
"HSG","11:05:28",20.75,-0.25,3700,2774300,"B"
"HSG","11:05:26",20.75,-0.25,2000,2770600,"B"
"HSG","11:05:22",20.75,-0.25,100,2768600,"B"
"HSG","11:05:14",20.75,-0.25,1400,2768500,"B"
"HSG","11:05:09",20.75,-0.25,800,2767100,"B"
"HSG","11:05:02",20.8,-0.2,1000,2766300,"S"
"HSG","11:04:44",20.75,-0.25,1400,2765300,"B"
"HSG","11:04:34",20.75,-0.25,100,2763900,"B"
"HSG","11:04:26",20.75,-0.25,800,2763800,"B"
"HSG","11:04:18",20.75,-0.25,2000,2763000,"B"
"HSG","11:04:14",20.75,-0.25,1400,2761000,"B"
"HSG","11:04:07",20.8,-0.2,1000,2759600,"S"
"HSG","11:04:00",20.8,-0.2,500,2758600,"S"
"HSG","11:03:50",20.8,-0.2,1000,2758100,"S"
"HSG","11:03:44",20.75,-0.25,800,2757100,"B"
"HSG","11:03:44",20.8,-0.2,300,2756300,"S"
"HSG","11:03:43",20.75,-0.25,1400,2756000,"B"
"HSG","11:03:26",20.8,-0.2,1000,2754600,"S"
"HSG","11:03:19",20.8,-0.2,100,2753600,"S"
"HSG","11:03:14",20.75,-0.25,1400,2753500,"B"
"HSG","11:03:08",20.8,-0.2,200,2752100,"S"
"HSG","11:03:03",20.75,-0.25,900,2751900,"B"
"HSG","11:03:02",20.8,-0.2,2000,2751000,"S"
"HSG","11:02:47",20.8,-0.2,300,2749000,"S"
"HSG","11:02:44",20.75,-0.25,1400,2748700,"B"
"HSG","11:02:37",20.8,-0.2,1200,2747300,"S"
"HSG","11:02:20",20.8,-0.2,1000,2746100,"S"
"HSG","11:02:17",20.75,-0.25,800,2745100,"B"
"HSG","11:02:15",20.8,-0.2,200,2744300,"S"
"HSG","11:02:13",20.75,-0.25,1400,2744100,"B"
"HSG","11:01:51",20.75,-0.25,5000,2742700,"B"
"HSG","11:01:43",20.75,-0.25,1400,2737700,"B"
"HSG","11:01:40",20.8,-0.2,1000,2736300,"S"
"HSG","11:01:35",20.8,-0.2,100,2735300,"S"
"HSG","11:01:33",20.75,-0.25,800,2735200,"B"
"HSG","11:01:27",20.75,-0.25,400,2734400,"B"
"HSG","11:01:18",20.8,-0.2,300,2734000,"S"
"HSG","11:01:14",20.75,-0.25,1400,2733700,"B"
"HSG","11:01:10",20.8,-0.2,1000,2732300,"S"
"HSG","11:00:50",20.75,-0.25,900,2731300,"B"
"HSG","11:00:48",20.8,-0.2,2000,2730400,"S"
"HSG","11:00:44",20.8,-0.2,20000,2728400,"S"
"HSG","11:00:43",20.75,-0.25,1400,2708400,"B"
"HSG","11:00:13",20.75,-0.25,1400,2707000,"B"
"HSG","11:00:11",20.75,-0.25,200,2705600,"B"
"HSG","11:00:04",20.75,-0.25,900,2705400,"B"
"HSG","11:00:02",20.8,-0.2,100,2704500,"S"
"HSG","10:59:43",20.75,-0.25,300,2704400,"B"
"HSG","10:59:43",20.75,-0.25,1100,2704100,"B"
"HSG","10:59:36",20.75,-0.25,2500,2703000,"B"
"HSG","10:59:33",20.75,-0.25,200,2700200,"B"
"HSG","10:59:29",20.8,-0.2,200,2700000,"S"
"HSG","10:59:20",20.75,-0.25,400,2699800,"B"
"HSG","10:59:18",20.8,-0.2,1000,2699400,"S"
"HSG","10:59:17",20.8,-0.2,200,2698400,"S"
"HSG","10:59:16",20.75,-0.25,900,2698200,"B"
"HSG","10:59:13",20.75,-0.25,1400,2697300,"B"
"HSG","10:59:04",20.8,-0.2,100,2695900,"S"
"HSG","10:59:01",20.8,-0.2,3000,2695800,"S"
"HSG","10:58:47",20.8,-0.2,100,2692800,"S"
"HSG","10:58:43",20.75,-0.25,1400,2692700,"B"
"HSG","10:58:42",20.8,-0.2,1300,2691300,"B"
"HSG","10:58:41",20.8,-0.2,17000,2690000,"B"
"HSG","10:58:36",20.8,-0.2,6000,2673000,"B"
"HSG","10:58:34",20.8,-0.2,5000,2667000,"B"
"HSG","10:58:31",20.8,-0.2,800,2662000,"B"
"HSG","10:58:28",20.8,-0.2,6000,2661200,"B"
"HSG","10:58:14",20.8,-0.2,1000,2655200,"B"
"HSG","10:58:12",20.8,-0.2,1400,2654200,"B"
"HSG","10:57:58",20.8,-0.2,5000,2652800,"B"
"HSG","10:57:48",20.8,-0.2,800,2647800,"B"
"HSG","10:57:46",20.8,-0.2,1900,2647000,"B"
"HSG","10:57:43",20.8,-0.2,1400,2645100,"B"
"HSG","10:57:41",20.8,-0.2,5000,2643700,"B"
"HSG","10:57:13",20.8,-0.2,1400,2638700,"B"
"HSG","10:57:11",20.8,-0.2,400,2637300,"B"
"HSG","10:57:06",20.8,-0.2,800,2636900,"B"
"HSG","10:56:56",20.8,-0.2,500,2636100,"B"
"HSG","10:56:43",20.8,-0.2,1400,2635600,"B"
"HSG","10:56:37",20.8,-0.2,100,2634200,"B"
"HSG","10:56:21",20.8,-0.2,800,2634100,"B"
"HSG","10:56:12",20.8,-0.2,1400,2633300,"B"
"HSG","10:56:10",20.8,-0.2,1000,2631900,"B"
"HSG","10:56:07",20.8,-0.2,5000,2630900,"B"
"HSG","10:55:42",20.8,-0.2,1400,2625900,"B"
"HSG","10:55:39",20.8,-0.2,900,2624500,"B"
"HSG","10:55:26",20.8,-0.2,100,2623600,"B"
"HSG","10:55:16",20.8,-0.2,1000,2623500,"B"
"HSG","10:55:12",20.8,-0.2,1400,2622500,"B"
"HSG","10:54:52",20.8,-0.2,800,2621100,"B"
"HSG","10:54:42",20.8,-0.2,1400,2620300,"B"
"HSG","10:54:40",20.8,-0.2,300,2618900,"B"
"HSG","10:54:36",20.8,-0.2,400,2618600,"B"
"HSG","10:54:26",20.8,-0.2,800,2618200,"B"
"HSG","10:54:12",20.8,-0.2,1400,2617400,"B"
"HSG","10:54:08",20.8,-0.2,800,2616000,"B"
"HSG","10:54:00",20.8,-0.2,1000,2615200,"B"
"HSG","10:53:42",20.8,-0.2,1400,2614200,"B"
"HSG","10:53:36",20.8,-0.2,3500,2612800,"B"
"HSG","10:53:25",20.8,-0.2,900,2609300,"B"
"HSG","10:53:18",20.85,-0.15,500,2608400,"S"
"HSG","10:53:12",20.8,-0.2,1400,2607900,"B"
"HSG","10:53:11",20.85,-0.15,300,2606500,"S"
"HSG","10:53:00",20.85,-0.15,500,2606200,"S"
"HSG","10:52:43",20.85,-0.15,300,2605700,"S"
"HSG","10:52:42",20.8,-0.2,1400,2605400,"B"
"HSG","10:52:41",20.8,-0.2,800,2604000,"B"
"HSG","10:52:17",20.8,-0.2,1500,2603200,"B"
"HSG","10:52:12",20.8,-0.2,1400,2601700,"B"
"HSG","10:52:09",20.8,-0.2,10000,2600300,"B"
"HSG","10:52:06",20.8,-0.2,100,2590300,"B"
"HSG","10:51:57",20.8,-0.2,800,2590200,"B"
"HSG","10:51:42",20.8,-0.2,1400,2589400,"B"
"HSG","10:51:27",20.85,-0.15,500,2588000,"S"
"HSG","10:51:25",20.8,-0.2,5000,2587500,"B"
"HSG","10:51:16",20.8,-0.2,1900,2582500,"S"
"HSG","10:51:15",20.8,-0.2,100,2580600,"S"
"HSG","10:51:14",20.8,-0.2,2000,2580500,"S"
"HSG","10:51:13",20.75,-0.25,800,2578500,"B"
"HSG","10:51:13",20.8,-0.2,100,2577700,"S"
"HSG","10:51:12",20.8,-0.2,2200,2577600,"S"
"HSG","10:51:12",20.8,-0.2,1000,2575400,"S"
"HSG","10:51:11",20.75,-0.25,1400,2574400,"B"
"HSG","10:51:10",20.8,-0.2,1100,2573000,"S"
"HSG","10:51:07",20.8,-0.2,3000,2571900,"S"
"HSG","10:51:06",20.8,-0.2,100,2568900,"S"
"HSG","10:51:03",20.8,-0.2,100,2568800,"S"
"HSG","10:51:00",20.8,-0.2,200,2568700,"S"
"HSG","10:50:59",20.8,-0.2,3700,2568500,"S"
"HSG","10:50:58",20.8,-0.2,3000,2564800,"S"
"HSG","10:50:57",20.75,-0.25,3100,2561800,"B"
"HSG","10:50:57",20.8,-0.2,1500,2558700,"S"
"HSG","10:50:56",20.8,-0.2,300,2557200,"S"
"HSG","10:50:54",20.8,-0.2,21000,2556900,"S"
"HSG","10:50:53",20.8,-0.2,500,2535900,"S"
"HSG","10:50:51",20.8,-0.2,200,2535400,"S"
"HSG","10:50:50",20.8,-0.2,900,2535200,"S"
"HSG","10:50:46",20.8,-0.2,200,2534300,"S"
"HSG","10:50:46",20.8,-0.2,1000,2534100,"S"
"HSG","10:50:44",20.8,-0.2,500,2533100,"S"
"HSG","10:50:43",20.8,-0.2,100,2532600,"S"
"HSG","10:50:42",20.8,-0.2,200,2532500,"S"
"HSG","10:50:42",20.75,-0.25,1400,2532300,"B"
"HSG","10:50:40",20.8,-0.2,4500,2530900,"S"
"HSG","10:50:40",20.75,-0.25,2000,2526400,"B"
"HSG","10:50:36",20.8,-0.2,200,2524400,"S"
"HSG","10:50:34",20.8,-0.2,200,2524200,"S"
"HSG","10:50:31",20.8,-0.2,500,2524000,"S"
"HSG","10:50:31",20.8,-0.2,5200,2523500,"S"
"HSG","10:50:31",20.75,-0.25,1000,2518300,"B"
"HSG","10:50:25",20.8,-0.2,5000,2517300,"S"
"HSG","10:50:11",20.75,-0.25,1400,2512300,"B"
"HSG","10:50:10",20.8,-0.2,200,2505400,"S"
"HSG","10:50:09",20.8,-0.2,100,2505200,"S"
"HSG","10:50:07",20.75,-0.25,4000,2505100,"B"
"HSG","10:49:59",20.8,-0.2,100,2501100,"S"
"HSG","10:49:58",20.8,-0.2,1000,2501000,"S"
"HSG","10:49:55",20.8,-0.2,800,2500000,"S"
"HSG","10:49:54",20.8,-0.2,1000,2499200,"S"
"HSG","10:49:53",20.8,-0.2,100,2498200,"S"
"HSG","10:49:42",20.8,-0.2,200,2498100,"S"
"HSG","10:49:39",20.75,-0.25,800,2496500,"B"
"HSG","10:49:38",20.8,-0.2,100,2495700,"S"
"HSG","10:49:36",20.8,-0.2,300,2495600,"S"
"HSG","10:49:34",20.8,-0.2,1000,2495300,"S"
"HSG","10:49:32",20.8,-0.2,100,2494300,"S"
"HSG","10:49:26",20.8,-0.2,1000,2494200,"S"
"HSG","10:49:21",20.8,-0.2,200,2493200,"S"
"HSG","10:49:20",20.8,-0.2,2000,2493000,"S"
"HSG","10:49:18",20.75,-0.25,6600,2491000,"B"
"HSG","10:49:17",20.75,-0.25,200,2484400,"B"
"HSG","10:49:16",20.8,-0.2,2300,2484200,"S"
"HSG","10:49:15",20.8,-0.2,500,2481900,"S"
"HSG","10:49:14",20.8,-0.2,200,2481400,"S"
"HSG","10:49:12",20.8,-0.2,1400,2481200,"S"
"HSG","10:49:11",20.75,-0.25,1400,2479800,"B"
"HSG","10:49:10",20.8,-0.2,1000,2478400,"S"
"HSG","10:48:58",20.8,-0.2,5500,2477400,"S"
"HSG","10:48:55",20.75,-0.25,900,2471900,"B"
"HSG","10:48:51",20.75,-0.25,2000,2471000,"B"
"HSG","10:48:41",20.75,-0.25,1400,2469000,"B"
"HSG","10:48:34",20.8,-0.2,1000,2467600,"S"
"HSG","10:48:30",20.8,-0.2,500,2466600,"S"
"HSG","10:48:28",20.75,-0.25,3100,2466100,"B"
"HSG","10:48:27",20.75,-0.25,2600,2463000,"B"
"HSG","10:48:22",20.8,-0.2,2000,2460400,"S"
"HSG","10:48:21",20.8,-0.2,1000,2458400,"S"
"HSG","10:48:13",20.75,-0.25,700,2457400,"B"
"HSG","10:48:11",20.75,-0.25,1400,2456700,"B"
"HSG","10:48:08",20.8,-0.2,2000,2455300,"S"
"HSG","10:47:50",20.8,-0.2,1500,2453300,"S"
"HSG","10:47:48",20.8,-0.2,100,2451800,"S"
"HSG","10:47:47",20.8,-0.2,1500,2451700,"S"
"HSG","10:47:41",20.75,-0.25,1400,2450200,"B"
"HSG","10:47:38",20.75,-0.25,1300,2448800,"B"
"HSG","10:47:31",20.75,-0.25,900,2447500,"B"
"HSG","10:47:29",20.8,-0.2,2000,2446600,"S"
"HSG","10:47:25",20.8,-0.2,100,2444600,"S"
"HSG","10:47:18",20.8,-0.2,100,2444500,"S"
"HSG","10:47:11",20.75,-0.25,1400,2444400,"B"
"HSG","10:47:06",20.8,-0.2,20000,2443000,"S"
"HSG","10:46:51",20.8,-0.2,800,2423000,"S"
"HSG","10:46:48",20.75,-0.25,4800,2422200,"B"
"HSG","10:46:46",20.8,-0.2,100,2417400,"S"
"HSG","10:46:41",20.75,-0.25,1400,2417300,"B"
"HSG","10:46:31",20.75,-0.25,100,2415900,"B"
"HSG","10:46:27",20.8,-0.2,500,2415800,"S"
"HSG","10:46:18",20.75,-0.25,100,2415300,"B"
"HSG","10:46:11",20.75,-0.25,1400,2415200,"B"
"HSG","10:46:06",20.75,-0.25,700,2413800,"B"
"HSG","10:46:05",20.75,-0.25,500,2413100,"B"
"HSG","10:45:57",20.75,-0.25,3900,2412600,"B"
"HSG","10:45:57",20.8,-0.2,1000,2408700,"S"
"HSG","10:45:51",20.75,-0.25,10000,2407700,"B"
"HSG","10:45:50",20.75,-0.25,3000,2397700,"B"
"HSG","10:45:45",20.75,-0.25,300,2394700,"B"
"HSG","10:45:41",20.75,-0.25,1400,2394400,"B"
"HSG","10:45:38",20.8,-0.2,400,2393000,"S"
"HSG","10:45:26",20.75,-0.25,1000,2392600,"B"
"HSG","10:45:24",20.75,-0.25,800,2391600,"B"
"HSG","10:45:10",20.75,-0.25,1400,2390800,"B"
"HSG","10:45:07",20.75,-0.25,800,2389400,"B"
"HSG","10:44:58",20.75,-0.25,400,2388600,"B"
"HSG","10:44:57",20.75,-0.25,4000,2388200,"B"
"HSG","10:44:55",20.75,-0.25,10000,2384200,"B"
"HSG","10:44:55",20.75,-0.25,1000,2374200,"B"
"HSG","10:44:42",20.75,-0.25,900,2373200,"B"
"HSG","10:44:40",20.75,-0.25,1400,2372300,"B"
"HSG","10:44:18",20.75,-0.25,2900,2370900,"B"
"HSG","10:44:10",20.75,-0.25,1400,2368000,"B"
"HSG","10:44:07",20.8,-0.2,200,2366600,"S"
"HSG","10:44:02",20.75,-0.25,800,2366400,"B"
"HSG","10:43:40",20.75,-0.25,1400,2365600,"B"
"HSG","10:43:27",20.75,-0.25,8000,2364200,"B"
"HSG","10:43:27",20.75,-0.25,6300,2356200,"B"
"HSG","10:43:23",20.8,-0.2,1000,2349900,"S"
"HSG","10:43:22",20.8,-0.2,2000,2348900,"S"
"HSG","10:43:17",20.75,-0.25,900,2346900,"B"
"HSG","10:43:10",20.75,-0.25,1400,2346000,"B"
"HSG","10:42:48",20.8,-0.2,1000,2344600,"S"
"HSG","10:42:45",20.8,-0.2,100,2343600,"S"
"HSG","10:42:41",20.75,-0.25,5000,2343500,"B"
"HSG","10:42:40",20.75,-0.25,1400,2338500,"B"
"HSG","10:42:38",20.8,-0.2,300,2337100,"S"
"HSG","10:42:37",20.75,-0.25,1000,2336800,"B"
"HSG","10:42:35",20.8,-0.2,63100,2335800,"B"
"HSG","10:42:30",20.8,-0.2,800,2272700,"B"
"HSG","10:42:10",20.8,-0.2,1400,2271900,"B"
"HSG","10:41:48",20.8,-0.2,200,2270500,"B"
"HSG","10:41:47",20.8,-0.2,1000,2270300,"B"
"HSG","10:41:45",20.8,-0.2,900,2269300,"B"
"HSG","10:41:43",20.8,-0.2,100,2268400,"B"
"HSG","10:41:40",20.8,-0.2,1400,2268300,"B"
"HSG","10:41:10",20.8,-0.2,1400,2266900,"B"
"HSG","10:40:57",20.8,-0.2,900,2265500,"B"
"HSG","10:40:46",20.85,-0.15,200,2264600,"S"
"HSG","10:40:40",20.8,-0.2,1400,2264400,"B"
"HSG","10:40:20",20.85,-0.15,200,2263000,"S"
"HSG","10:40:12",20.8,-0.2,800,2262800,"B"
"HSG","10:40:09",20.8,-0.2,1400,2262000,"B"
"HSG","10:40:07",20.8,-0.2,1500,2260600,"B"
"HSG","10:40:05",20.85,-0.15,100,2259100,"S"
"HSG","10:39:41",20.8,-0.2,1400,2259000,"B"
"HSG","10:39:39",20.8,-0.2,1400,2257600,"B"
"HSG","10:39:34",20.8,-0.2,100,2256200,"B"
"HSG","10:39:26",20.85,-0.15,1000,2256100,"S"
"HSG","10:39:26",20.8,-0.2,900,2255100,"B"
"HSG","10:39:21",20.8,-0.2,1000,2254200,"B"
"HSG","10:39:10",20.8,-0.2,1400,2253200,"B"
"HSG","10:38:58",20.8,-0.2,103300,2251800,"B"
"HSG","10:38:47",20.85,-0.15,3000,2148500,"S"
"HSG","10:38:44",20.8,-0.2,800,2145500,"B"
"HSG","10:38:39",20.8,-0.2,1400,2144700,"B"
"HSG","10:38:38",20.8,-0.2,1000,2143300,"B"
"HSG","10:38:14",20.85,-0.15,200,2142300,"S"
"HSG","10:38:09",20.8,-0.2,1400,2142100,"B"
"HSG","10:37:59",20.8,-0.2,900,2140700,"B"
"HSG","10:37:39",20.8,-0.2,1400,2139800,"B"
"HSG","10:37:36",20.85,-0.15,600,2138400,"S"
"HSG","10:37:30",20.85,-0.15,200,2137800,"S"
"HSG","10:37:18",20.85,-0.15,10000,2137600,"S"
"HSG","10:37:15",20.85,-0.15,200,2127600,"S"
"HSG","10:37:12",20.8,-0.2,6900,2127400,"B"
"HSG","10:37:09",20.8,-0.2,1400,2120500,"B"
"HSG","10:36:59",20.85,-0.15,500,2119100,"S"
"HSG","10:36:39",20.8,-0.2,1400,2118600,"B"
"HSG","10:36:36",20.85,-0.15,100,2117200,"S"
"HSG","10:36:29",20.8,-0.2,900,2117100,"B"
"HSG","10:36:19",20.85,-0.15,1000,2116200,"S"
"HSG","10:36:15",20.8,-0.2,100,2115200,"B"
"HSG","10:36:12",20.85,-0.15,500,2115100,"S"
"HSG","10:36:09",20.8,-0.2,1400,2114600,"B"
"HSG","10:35:55",20.85,-0.15,100,2113200,"S"
"HSG","10:35:43",20.8,-0.2,800,2113100,"B"
"HSG","10:35:39",20.8,-0.2,1400,2112300,"B"
"HSG","10:35:30",20.85,-0.15,2600,2110900,"B"
"HSG","10:35:08",20.85,-0.15,1400,2108300,"B"
"HSG","10:34:59",20.85,-0.15,3000,2106900,"B"
"HSG","10:34:58",20.85,-0.15,200,2103900,"B"
"HSG","10:34:57",20.9,-0.1,300,2103700,"S"
"HSG","10:34:55",20.85,-0.15,800,2103400,"B"
"HSG","10:34:52",20.85,-0.15,4800,2102600,"B"
"HSG","10:34:39",20.85,-0.15,1400,2097800,"B"
"HSG","10:34:38",20.85,-0.15,300,2096400,"B"
"HSG","10:34:12",20.85,-0.15,800,2096100,"B"
"HSG","10:34:08",20.85,-0.15,1400,2095300,"B"
"HSG","10:33:59",20.9,-0.1,500,2093900,"S"
"HSG","10:33:39",20.85,-0.15,1400,2093400,"B"
"HSG","10:33:34",20.85,-0.15,100,2092000,"B"
"HSG","10:33:32",20.85,-0.15,800,2091900,"B"
"HSG","10:33:31",20.85,-0.15,100,2091100,"B"
"HSG","10:33:21",20.85,-0.15,100,2091000,"B"
"HSG","10:33:19",20.85,-0.15,600,2090900,"B"
"HSG","10:33:17",20.9,-0.1,200,2090300,"S"
"HSG","10:33:08",20.85,-0.15,1400,2090100,"B"
"HSG","10:32:45",20.85,-0.15,900,2088700,"B"
"HSG","10:32:44",20.85,-0.15,500,2087800,"B"
"HSG","10:32:42",20.85,-0.15,2000,2087300,"B"
"HSG","10:32:38",20.85,-0.15,1400,2085300,"B"
"HSG","10:32:37",20.85,-0.15,800,2083900,"B"
"HSG","10:32:29",20.85,-0.15,500,2083100,"B"
"HSG","10:32:27",20.85,-0.15,500,2082600,"B"
"HSG","10:32:08",20.85,-0.15,1300,2082100,"B"
"HSG","10:32:04",20.85,-0.15,500,2080800,"B"
"HSG","10:32:02",20.85,-0.15,2000,2080300,"B"
"HSG","10:32:01",20.85,-0.15,800,2078300,"B"
"HSG","10:32:00",20.85,-0.15,100,2077500,"B"
"HSG","10:31:51",20.85,-0.15,8700,2077400,"S"
"HSG","10:31:46",20.85,-0.15,5000,2068700,"S"
"HSG","10:31:45",20.8,-0.2,100,2063700,"B"
"HSG","10:31:42",20.85,-0.15,1000,2063600,"S"
"HSG","10:31:42",20.8,-0.2,1000,2062600,"B"
"HSG","10:31:38",20.8,-0.2,1300,2061600,"B"
"HSG","10:31:18",20.8,-0.2,1000,2060300,"B"
"HSG","10:31:16",20.8,-0.2,900,2059300,"B"
"HSG","10:31:08",20.8,-0.2,1300,2058400,"B"
"HSG","10:31:00",20.8,-0.2,3200,2057100,"B"
"HSG","10:30:46",20.8,-0.2,100,2053900,"B"
"HSG","10:30:38",20.8,-0.2,1300,2053800,"B"
"HSG","10:30:31",20.8,-0.2,1000,2052500,"B"
"HSG","10:30:28",20.8,-0.2,800,2051500,"B"
"HSG","10:30:19",20.8,-0.2,100,2050700,"B"
"HSG","10:30:12",20.8,-0.2,3600,2050600,"B"
"HSG","10:30:09",20.85,-0.15,200,2047000,"S"
"HSG","10:30:08",20.8,-0.2,1300,2046800,"B"
"HSG","10:30:02",20.85,-0.15,500,2045500,"S"
"HSG","10:30:00",20.85,-0.15,100,2045000,"S"
"HSG","10:29:50",20.8,-0.2,3000,2044900,"B"
"HSG","10:29:45",20.8,-0.2,1000,2041900,"B"
"HSG","10:29:44",20.8,-0.2,10000,2040900,"B"
"HSG","10:29:39",20.8,-0.2,100,2030900,"B"
"HSG","10:29:38",20.8,-0.2,1300,2030800,"B"
"HSG","10:29:23",20.8,-0.2,5000,2029500,"B"
"HSG","10:29:21",20.8,-0.2,100,2024500,"B"
"HSG","10:29:08",20.8,-0.2,1300,2024400,"B"
"HSG","10:29:00",20.8,-0.2,200,2023100,"B"
"HSG","10:28:45",20.8,-0.2,5000,2022900,"B"
"HSG","10:28:44",20.8,-0.2,500,2017900,"B"
"HSG","10:28:39",20.8,-0.2,100,2017400,"B"
"HSG","10:28:39",20.85,-0.15,20000,2017300,"S"
"HSG","10:28:38",20.8,-0.2,1300,1997300,"B"
"HSG","10:28:31",20.8,-0.2,8000,1996000,"B"
"HSG","10:28:15",20.8,-0.2,800,1988000,"B"
"HSG","10:28:13",20.85,-0.15,100,1987200,"S"
"HSG","10:28:07",20.8,-0.2,1300,1987100,"B"
"HSG","10:27:39",20.85,-0.15,1000,1985800,"S"
"HSG","10:27:37",20.8,-0.2,1300,1984800,"B"
"HSG","10:27:32",20.8,-0.2,800,1983500,"B"
"HSG","10:27:30",20.85,-0.15,10000,1982700,"S"
"HSG","10:27:23",20.85,-0.15,100,1972700,"S"
"HSG","10:27:07",20.8,-0.2,1300,1972600,"B"
"HSG","10:27:06",20.85,-0.15,100,1971300,"S"
"HSG","10:26:58",20.85,-0.15,100,1971200,"S"
"HSG","10:26:52",20.85,-0.15,100,1971100,"S"
"HSG","10:26:48",20.85,-0.15,100,1971000,"S"
"HSG","10:26:46",20.8,-0.2,900,1970900,"B"
"HSG","10:26:39",20.85,-0.15,500,1970000,"S"
"HSG","10:26:37",20.8,-0.2,1300,1969500,"B"
"HSG","10:26:35",20.85,-0.15,100,1968200,"S"
"HSG","10:26:33",20.8,-0.2,1000,1968100,"B"
"HSG","10:26:33",20.85,-0.15,10000,1967100,"S"
"HSG","10:26:27",20.85,-0.15,20000,1957100,"S"
"HSG","10:26:15",20.85,-0.15,1400,1937100,"S"
"HSG","10:26:09",20.85,-0.15,500,1935700,"S"
"HSG","10:26:07",20.8,-0.2,1300,1935200,"B"
"HSG","10:26:05",20.8,-0.2,800,1933900,"B"
"HSG","10:25:37",20.8,-0.2,1300,1933100,"B"
"HSG","10:25:36",20.85,-0.15,300,1931800,"S"
"HSG","10:25:26",20.85,-0.15,200,1931500,"S"
"HSG","10:25:19",20.8,-0.2,800,1931300,"B"
"HSG","10:25:19",20.85,-0.15,500,1930500,"S"
"HSG","10:25:15",20.85,-0.15,1000,1930000,"S"
"HSG","10:25:13",20.85,-0.15,100,1929000,"S"
"HSG","10:25:12",20.85,-0.15,100,1928900,"S"
"HSG","10:25:07",20.8,-0.2,1300,1928800,"B"
"HSG","10:24:59",20.85,-0.15,10000,1927500,"S"
"HSG","10:24:57",20.85,-0.15,1000,1917500,"S"
"HSG","10:24:49",20.85,-0.15,8000,1916500,"S"
"HSG","10:24:45",20.85,-0.15,100,1908500,"S"
"HSG","10:24:37",20.8,-0.2,1300,1908400,"B"
"HSG","10:24:36",20.8,-0.2,700,1907100,"B"
"HSG","10:24:08",20.85,-0.15,1000,1906400,"S"
"HSG","10:24:07",20.8,-0.2,1300,1905400,"B"
"HSG","10:24:02",20.8,-0.2,300,1904100,"B"
"HSG","10:23:57",20.85,-0.15,300,1903800,"S"
"HSG","10:23:56",20.8,-0.2,800,1903500,"B"
"HSG","10:23:46",20.85,-0.15,100,1902700,"S"
"HSG","10:23:40",20.85,-0.15,2800,1902600,"S"
"HSG","10:23:38",20.8,-0.2,1300,1899800,"B"
"HSG","10:23:24",20.8,-0.2,3000,1898500,"B"
"HSG","10:23:15",20.8,-0.2,200,1895500,"B"
"HSG","10:23:13",20.8,-0.2,900,1895300,"B"
"HSG","10:23:07",20.8,-0.2,900,1894400,"B"
"HSG","10:23:06",20.8,-0.2,400,1893500,"B"
"HSG","10:23:04",20.8,-0.2,500,1893100,"B"
"HSG","10:22:53",20.8,-0.2,100,1892600,"B"
"HSG","10:22:51",20.8,-0.2,1000,1892500,"B"
"HSG","10:22:43",20.8,-0.2,400,1891500,"B"
"HSG","10:22:41",20.85,-0.15,10000,1891100,"S"
"HSG","10:22:37",20.8,-0.2,2800,1881100,"B"
"HSG","10:22:32",20.8,-0.2,9300,1878300,"B"
"HSG","10:22:29",20.8,-0.2,800,1869000,"B"
"HSG","10:22:26",20.8,-0.2,200,1868200,"B"
"HSG","10:22:06",20.8,-0.2,1300,1868000,"B"
"HSG","10:21:53",20.85,-0.15,3000,1866700,"S"
"HSG","10:21:47",20.8,-0.2,800,1863700,"B"
"HSG","10:21:38",20.85,-0.15,200,1862900,"S"
"HSG","10:21:37",20.8,-0.2,800,1862700,"B"
"HSG","10:21:36",20.8,-0.2,500,1861900,"B"
"HSG","10:21:22",20.85,-0.15,100,1861400,"S"
"HSG","10:21:18",20.85,-0.15,300,1861300,"S"
"HSG","10:21:10",20.8,-0.2,500,1861000,"B"
"HSG","10:21:06",20.8,-0.2,1300,1860500,"B"
"HSG","10:21:05",20.8,-0.2,800,1859200,"B"
"HSG","10:21:04",20.85,-0.15,100,1858400,"S"
"HSG","10:21:01",20.85,-0.15,500,1858300,"S"
"HSG","10:20:51",20.85,-0.15,800,1857800,"S"
"HSG","10:20:37",20.8,-0.2,1300,1857000,"B"
"HSG","10:20:24",20.8,-0.2,800,1855700,"B"
"HSG","10:20:18",20.8,-0.2,5000,1854900,"B"
"HSG","10:20:06",20.8,-0.2,1300,1849900,"B"
"HSG","10:19:59",20.85,-0.15,1000,1848600,"S"
"HSG","10:19:57",20.8,-0.2,7000,1847600,"B"
"HSG","10:19:42",20.85,-0.15,2000,1840600,"S"
"HSG","10:19:41",20.8,-0.2,800,1838600,"B"
"HSG","10:19:40",20.8,-0.2,500,1837800,"B"
"HSG","10:19:36",20.8,-0.2,1300,1837300,"B"
"HSG","10:19:34",20.85,-0.15,2000,1836000,"S"
"HSG","10:19:13",20.8,-0.2,5000,1834000,"B"
"HSG","10:19:07",20.8,-0.2,1400,1829000,"B"
"HSG","10:19:07",20.8,-0.2,3600,1827600,"B"
"HSG","10:19:06",20.8,-0.2,1300,1824000,"B"
"HSG","10:18:59",20.8,-0.2,700,1822700,"B"
"HSG","10:18:55",20.8,-0.2,200,1822000,"B"
"HSG","10:18:42",20.8,-0.2,2500,1821800,"B"
"HSG","10:18:36",20.8,-0.2,1300,1819300,"B"
"HSG","10:18:33",20.85,-0.15,200,1818000,"S"
"HSG","10:18:28",20.85,-0.15,300,1817800,"S"
"HSG","10:18:22",20.8,-0.2,42700,1817500,"B"
"HSG","10:18:18",20.8,-0.2,900,1774800,"B"
"HSG","10:18:10",20.8,-0.2,100,1773900,"B"
"HSG","10:18:06",20.8,-0.2,1300,1773800,"B"
"HSG","10:17:59",20.8,-0.2,100,1772500,"B"
"HSG","10:17:58",20.85,-0.15,500,1772400,"S"
"HSG","10:17:39",20.85,-0.15,100,1771900,"S"
"HSG","10:17:36",20.8,-0.2,1300,1771800,"B"
"HSG","10:17:35",20.8,-0.2,800,1770500,"B"
"HSG","10:17:27",20.85,-0.15,100,1769700,"S"
"HSG","10:17:25",20.85,-0.15,100,1769600,"S"
"HSG","10:17:20",20.85,-0.15,1000,1769500,"S"
"HSG","10:17:08",20.8,-0.2,10000,1768500,"B"
"HSG","10:17:06",20.8,-0.2,1300,1758500,"B"
"HSG","10:17:03",20.85,-0.15,700,1757200,"S"
"HSG","10:17:01",20.8,-0.2,500,1756500,"B"
"HSG","10:16:58",20.8,-0.2,10000,1756000,"B"
"HSG","10:16:52",20.8,-0.2,700,1746000,"B"
"HSG","10:16:49",20.85,-0.15,4800,1745300,"B"
"HSG","10:16:47",20.85,-0.15,5000,1740500,"B"
"HSG","10:16:45",20.85,-0.15,2000,1735500,"B"
"HSG","10:16:35",20.85,-0.15,1300,1733500,"B"
"HSG","10:16:33",20.85,-0.15,2900,1732200,"B"
"HSG","10:16:33",20.85,-0.15,77100,1729300,"B"
"HSG","10:16:25",20.85,-0.15,5000,1652200,"B"
"HSG","10:16:22",20.85,-0.15,6400,1647200,"B"
"HSG","10:16:21",20.85,-0.15,16600,1640800,"B"
"HSG","10:16:13",20.9,-0.1,1000,1624200,"S"
"HSG","10:16:11",20.85,-0.15,800,1623200,"B"
"HSG","10:16:08",20.85,-0.15,1300,1622400,"B"
"HSG","10:16:00",20.9,-0.1,100,1621100,"S"
"HSG","10:15:58",20.9,-0.1,2500,1621000,"S"
"HSG","10:15:35",20.85,-0.15,1300,1618500,"B"
"HSG","10:15:30",20.85,-0.15,800,1617200,"B"
"HSG","10:15:27",20.9,-0.1,1500,1616400,"S"
"HSG","10:15:14",20.85,-0.15,500,1614900,"B"
"HSG","10:15:05",20.85,-0.15,1300,1614400,"B"
"HSG","10:14:53",20.85,-0.15,3000,1613100,"B"
"HSG","10:14:50",20.9,-0.1,100,1610100,"S"
"HSG","10:14:49",20.85,-0.15,800,1610000,"B"
"HSG","10:14:36",20.9,-0.1,100,1609200,"S"
"HSG","10:14:35",20.85,-0.15,1300,1609100,"B"
"HSG","10:14:24",20.85,-0.15,2000,1607800,"B"
"HSG","10:14:08",20.85,-0.15,800,1605800,"B"
"HSG","10:14:05",20.85,-0.15,1300,1605000,"B"
"HSG","10:13:49",20.9,-0.1,100,1603700,"S"
"HSG","10:13:43",20.9,-0.1,200,1603600,"S"
"HSG","10:13:42",20.9,-0.1,8900,1603400,"B"
"HSG","10:13:40",20.9,-0.1,1000,1594500,"B"
"HSG","10:13:35",20.9,-0.1,1700,1593500,"B"
"HSG","10:13:34",20.9,-0.1,1300,1591800,"B"
"HSG","10:13:31",20.9,-0.1,100,1590500,"B"
"HSG","10:13:26",20.9,-0.1,5800,1590400,"B"
"HSG","10:13:07",20.9,-0.1,5000,1584600,"B"
"HSG","10:13:05",20.9,-0.1,20000,1579600,"B"
"HSG","10:13:04",20.9,-0.1,1300,1559600,"B"
"HSG","10:12:58",20.9,-0.1,20000,1558300,"B"
"HSG","10:12:49",20.9,-0.1,100,1538300,"B"
"HSG","10:12:44",20.9,-0.1,400,1538200,"B"
"HSG","10:12:44",20.9,-0.1,700,1537800,"B"
"HSG","10:12:42",20.9,-0.1,3000,1537100,"B"
"HSG","10:12:35",20.9,-0.1,1300,1534100,"B"
"HSG","10:12:29",20.9,-0.1,700,1532800,"B"
"HSG","10:12:28",20.9,-0.1,100,1532100,"B"
"HSG","10:12:23",20.9,-0.1,500,1532000,"B"
"HSG","10:12:13",20.9,-0.1,5000,1531500,"B"
"HSG","10:12:05",20.9,-0.1,1300,1526500,"B"
"HSG","10:12:03",20.9,-0.1,800,1525200,"B"
"HSG","10:11:35",20.9,-0.1,3500,1524400,"B"
"HSG","10:11:34",20.9,-0.1,1300,1520900,"B"
"HSG","10:11:31",20.9,-0.1,400,1519600,"B"
"HSG","10:11:28",20.9,-0.1,5000,1519200,"B"
"HSG","10:11:25",20.9,-0.1,500,1514200,"B"
"HSG","10:11:24",20.9,-0.1,1500,1513700,"B"
"HSG","10:11:21",20.9,-0.1,800,1512200,"B"
"HSG","10:11:18",20.9,-0.1,200,1511400,"B"
"HSG","10:11:08",20.9,-0.1,4000,1511200,"B"
"HSG","10:11:04",20.9,-0.1,1300,1507200,"B"
"HSG","10:10:40",20.9,-0.1,800,1505900,"B"
"HSG","10:10:38",20.9,-0.1,4000,1505100,"B"
"HSG","10:10:34",20.9,-0.1,1300,1501100,"B"
"HSG","10:10:04",20.9,-0.1,1300,1499800,"B"
"HSG","10:09:57",20.9,-0.1,900,1498500,"B"
"HSG","10:09:43",20.9,-0.1,2000,1497600,"B"
"HSG","10:09:34",20.9,-0.1,1300,1495600,"B"
"HSG","10:09:32",20.9,-0.1,2000,1494300,"B"
"HSG","10:09:28",20.9,-0.1,500,1492300,"B"
"HSG","10:09:25",20.9,-0.1,500,1491800,"B"
"HSG","10:09:22",20.9,-0.1,3000,1491300,"B"
"HSG","10:09:16",20.9,-0.1,200,1488300,"B"
"HSG","10:09:13",20.9,-0.1,800,1488100,"B"
"HSG","10:09:04",20.9,-0.1,1300,1487300,"B"
"HSG","10:09:01",20.9,-0.1,1500,1486000,"B"
"HSG","10:08:50",20.9,-0.1,500,1484500,"B"
"HSG","10:08:43",20.9,-0.1,5000,1484000,"B"
"HSG","10:08:34",20.9,-0.1,1300,1479000,"B"
"HSG","10:08:30",20.9,-0.1,1000,1477700,"B"
"HSG","10:08:15",20.9,-0.1,500,1476700,"B"
"HSG","10:08:07",20.9,-0.1,100,1476200,"B"
"HSG","10:08:04",20.9,-0.1,1300,1476100,"B"
"HSG","10:08:02",20.95,-0.05,200,1474800,"S"
"HSG","10:07:58",20.9,-0.1,1000,1474600,"B"
"HSG","10:07:58",20.95,-0.05,100,1473600,"S"
"HSG","10:07:40",20.9,-0.1,4000,1473500,"B"
"HSG","10:07:38",20.9,-0.1,800,1469500,"B"
"HSG","10:07:38",20.9,-0.1,2000,1468700,"B"
"HSG","10:07:35",20.9,-0.1,900,1466700,"B"
"HSG","10:07:33",20.9,-0.1,1300,1465800,"B"
"HSG","10:07:07",20.9,-0.1,2000,1464500,"B"
"HSG","10:07:05",20.9,-0.1,2000,1462500,"B"
"HSG","10:07:03",20.9,-0.1,1300,1460500,"B"
"HSG","10:07:01",20.9,-0.1,4300,1459200,"B"
"HSG","10:07:01",20.9,-0.1,5700,1454900,"B"
"HSG","10:06:56",20.9,-0.1,800,1449200,"B"
"HSG","10:06:55",20.95,-0.05,1000,1448400,"S"
"HSG","10:06:41",20.9,-0.1,4700,1447400,"B"
"HSG","10:06:33",20.9,-0.1,1300,1442700,"B"
"HSG","10:06:12",20.9,-0.1,800,1441400,"B"
"HSG","10:06:09",20.95,-0.05,500,1440600,"S"
"HSG","10:06:03",20.9,-0.1,1300,1440100,"B"
"HSG","10:06:00",20.9,-0.1,2000,1438800,"B"
"HSG","10:05:54",20.95,-0.05,200,1436800,"S"
"HSG","10:05:53",20.9,-0.1,5000,1436600,"B"
"HSG","10:05:49",20.95,-0.05,1000,1431600,"S"
"HSG","10:05:33",20.9,-0.1,1300,1430600,"B"
"HSG","10:05:27",20.9,-0.1,800,1429300,"B"
"HSG","10:05:03",20.9,-0.1,1300,1428500,"B"
"HSG","10:04:45",20.9,-0.1,800,1427200,"B"
"HSG","10:04:42",20.9,-0.1,200,1426400,"B"
"HSG","10:04:33",20.9,-0.1,1300,1426200,"B"
"HSG","10:04:23",20.9,-0.1,200,1424900,"B"
"HSG","10:04:03",20.9,-0.1,2100,1424700,"B"
"HSG","10:03:33",20.9,-0.1,1300,1422600,"B"
"HSG","10:03:21",20.9,-0.1,800,1421300,"B"
"HSG","10:03:20",20.9,-0.1,100,1420500,"B"
"HSG","10:03:19",20.95,-0.05,1400,1420400,"S"
"HSG","10:03:18",20.95,-0.05,2000,1419000,"S"
"HSG","10:03:03",20.9,-0.1,1000,1417000,"B"
"HSG","10:03:03",20.9,-0.1,1300,1416000,"B"
"HSG","10:03:00",20.95,-0.05,2000,1414700,"S"
"HSG","10:02:39",20.9,-0.1,800,1412700,"B"
"HSG","10:02:33",20.9,-0.1,1300,1411900,"B"
"HSG","10:02:03",20.9,-0.1,1300,1410600,"B"
"HSG","10:01:58",20.9,-0.1,900,1409300,"B"
"HSG","10:01:38",20.95,-0.05,2000,1408400,"S"
"HSG","10:01:33",20.9,-0.1,1300,1406400,"B"
"HSG","10:01:28",20.9,-0.1,100,1405100,"B"
"HSG","10:01:10",20.9,-0.1,800,1405000,"B"
"HSG","10:01:03",20.9,-0.1,1300,1404200,"B"
"HSG","10:00:33",20.9,-0.1,1300,1402900,"B"
"HSG","10:00:32",20.95,-0.05,300,1401600,"S"
"HSG","10:00:28",20.9,-0.1,800,1401300,"B"
"HSG","10:00:20",20.95,-0.05,800,1400500,"S"
"HSG","10:00:16",20.9,-0.1,1200,1399700,"B"
"HSG","10:00:03",20.9,-0.1,7000,1398500,"B"
"HSG","10:00:02",20.9,-0.1,1300,1391500,"B"
"HSG","10:00:00",20.9,-0.1,500,1390200,"B"
"HSG","09:59:58",20.9,-0.1,200,1389700,"B"
"HSG","09:59:46",20.9,-0.1,800,1389500,"B"
"HSG","09:59:36",20.9,-0.1,100,1388700,"B"
"HSG","09:59:35",20.95,-0.05,100,1388600,"S"
"HSG","09:59:34",20.9,-0.1,1000,1388500,"B"
"HSG","09:59:32",20.9,-0.1,1300,1387500,"B"
"HSG","09:59:08",20.9,-0.1,300,1386200,"B"
"HSG","09:59:05",20.9,-0.1,2800,1385900,"B"
"HSG","09:59:02",20.9,-0.1,1300,1383100,"B"
"HSG","09:58:54",20.9,-0.1,500,1381800,"B"
"HSG","09:58:43",20.9,-0.1,2000,1381300,"B"
"HSG","09:58:32",20.9,-0.1,1300,1379300,"B"
"HSG","09:58:21",20.9,-0.1,800,1378000,"B"
"HSG","09:58:02",20.9,-0.1,1300,1377200,"B"
"HSG","09:57:38",20.9,-0.1,1000,1375900,"B"
"HSG","09:57:37",20.9,-0.1,800,1374900,"B"
"HSG","09:57:32",20.9,-0.1,1300,1374100,"B"
