"Stockcode","Package","TradingDate","Price","Vol","TotalVol","TotalVal","Change","IsBuy","PerChange"
"C69",144507,"/Date(1701935100000)/",7200,3200,519671,3670285200,100,false,1.41
"C69",142847,"/Date(1701934127000)/",7100,5200,516471,3647245200,0,false,0
"C69",142605,"/Date(1701933965000)/",7100,2300,511271,3610325200,0,false,0
"C69",142307,"/Date(1701933787000)/",7200,500,508971,3593995200,100,false,1.41
"C69",142257,"/Date(1701933777000)/",7100,3000,508471,3590395200,0,true,0
"C69",142200,"/Date(1701933720000)/",7100,1500,505471,3569095200,0,true,0
"C69",142121,"/Date(1701933681000)/",7100,500,503971,3558445200,0,true,0
"C69",142012,"/Date(1701933612000)/",7100,300,503471,3554895200,0,true,0
"C69",141844,"/Date(1701933524000)/",7100,1000,503171,3552765200,0,true,0
"C69",141705,"/Date(1701933425000)/",7100,5000,502171,3545665200,0,true,0
"C69",141205,"/Date(1701933124000)/",7100,300,497171,3510165200,0,true,0
"C69",141050,"/Date(1701933050000)/",7100,300,496871,3508035200,0,true,0
"C69",140622,"/Date(1701932782000)/",7200,500,496571,3505905200,100,false,1.41
"C69",140456,"/Date(1701932696000)/",7100,2000,496071,3502305200,0,true,0
"C69",140442,"/Date(1701932682000)/",7100,2000,494071,3488105200,0,true,0
"C69",140404,"/Date(1701932644000)/",7100,2700,492071,3473905200,0,false,0
"C69",140357,"/Date(1701932637000)/",7100,2500,489371,3454735200,0,false,0
"C69",140353,"/Date(1701932633000)/",7100,500,486871,3436985200,0,false,0
"C69",140351,"/Date(1701932631000)/",7100,5000,486371,3433435200,0,false,0
"C69",140056,"/Date(1701932456000)/",7100,6200,481371,3397935200,0,false,0
"C69",135831,"/Date(1701932311000)/",7100,200,475171,3353915200,0,false,0
"C69",135820,"/Date(1701932300000)/",7100,2000,474971,3352495200,0,false,0
"C69",135803,"/Date(1701932283000)/",7100,500,472971,3338295200,0,false,0
"C69",135422,"/Date(1701932062000)/",7100,5000,472471,3334745200,0,false,0
"C69",134443,"/Date(1701931482000)/",7100,500,467471,3299245200,0,false,0
"C69",133938,"/Date(1701931178000)/",7000,500,466971,3295695200,-100,true,-1.41
"C69",133803,"/Date(1701931083000)/",7100,300,466471,3292195200,0,false,0
"C69",133412,"/Date(1701930852000)/",7100,1000,466171,3290065200,0,false,0
"C69",133347,"/Date(1701930827000)/",7000,1000,465171,3282965200,-100,false,-1.41
"C69",133304,"/Date(1701930784000)/",7000,1500,464171,3275965200,-100,false,-1.41
"C69",133232,"/Date(1701930752000)/",7000,1500,462671,3265465200,-100,false,-1.41
"C69",132921,"/Date(1701930561000)/",6900,2000,461171,3254965200,-200,true,-2.82
"C69",132855,"/Date(1701930535000)/",6900,2200,459171,3241165200,-200,true,-2.82
"C69",132830,"/Date(1701930510000)/",6900,1200,456971,3225985200,-200,true,-2.82
"C69",132804,"/Date(1701930484000)/",6900,5000,455771,3217705200,-200,true,-2.82
"C69",132719,"/Date(1701930439000)/",6900,3200,450771,3183205200,-200,true,-2.82
"C69",132635,"/Date(1701930395000)/",6900,10800,447571,3161125200,-200,true,-2.82
"C69",132632,"/Date(1701930392000)/",6900,7000,436771,3086605200,-200,true,-2.82
"C69",132607,"/Date(1701930367000)/",6900,3200,429771,3038305200,-200,true,-2.82
"C69",132536,"/Date(1701930336000)/",6900,5000,426571,3016225200,-200,true,-2.82
"C69",132509,"/Date(1701930309000)/",6900,1500,421571,2981725200,-200,true,-2.82
"C69",132435,"/Date(1701930275000)/",6900,2500,420071,2971375200,-200,true,-2.82
"C69",132354,"/Date(1701930234000)/",6900,500,417571,2954125200,-200,true,-2.82
"C69",132321,"/Date(1701930201000)/",6900,800,417071,2950675200,-200,true,-2.82
"C69",132251,"/Date(1701930171000)/",6900,5000,416271,2945155200,-200,true,-2.82
"C69",132209,"/Date(1701930129000)/",6900,4000,411271,2910655200,-200,true,-2.82
"C69",131852,"/Date(1701929932000)/",7000,100,407271,2883055200,-100,false,-1.41
"C69",131827,"/Date(1701929907000)/",7000,200,407171,2882355200,-100,false,-1.41
"C69",131759,"/Date(1701929879000)/",7000,100,406971,2880955200,-100,false,-1.41
"C69",131756,"/Date(1701929876000)/",6900,10000,406871,2880255200,-200,true,-2.82
"C69",131712,"/Date(1701929832000)/",7000,5000,396871,2811255200,-100,false,-1.41
"C69",131704,"/Date(1701929824000)/",7000,3000,391871,2776255200,-100,false,-1.41
"C69",131628,"/Date(1701929788000)/",6900,8000,388871,2755255200,-200,true,-2.82
"C69",131624,"/Date(1701929784000)/",7000,100,380871,2700055200,-100,false,-1.41
"C69",131621,"/Date(1701929781000)/",7000,200,380771,2699355200,-100,false,-1.41
"C69",131529,"/Date(1701929729000)/",6900,10000,380571,2697955200,-200,true,-2.82
"C69",131505,"/Date(1701929705000)/",6900,5000,370571,2628955200,-200,true,-2.82
"C69",131425,"/Date(1701929665000)/",7000,2000,365571,2594455200,-100,false,-1.41
"C69",131306,"/Date(1701929586000)/",7000,200,363571,2580455200,-100,false,-1.41
"C69",131125,"/Date(1701929485000)/",7000,100,363371,2579055200,-100,false,-1.41
"C69",131045,"/Date(1701929445000)/",7000,400,363271,2578355200,-100,false,-1.41
"C69",130443,"/Date(1701929083000)/",6900,1000,362871,2575555200,-200,true,-2.82
"C69",130349,"/Date(1701929029000)/",6900,700,361871,2568655200,-200,true,-2.82
"C69",130243,"/Date(1701928963000)/",6900,1000,361171,2563825200,-200,true,-2.82
"C69",130219,"/Date(1701928939000)/",6900,1000,360171,2556925200,-200,true,-2.82
"C69",130012,"/Date(1701928803000)/",7000,650,359171,2550025200,-100,true,-1.41
"C69",110842,"/Date(1701922121000)/",7000,1000,358521,2545479900,-100,false,-1.41
"C69",110657,"/Date(1701922016000)/",7000,200,357521,2538479900,-100,false,-1.41
"C69",110520,"/Date(1701921919000)/",7000,2000,357321,2537079900,-100,true,-1.41
"C69",110316,"/Date(1701921795000)/",7000,18200,355321,2523079900,-100,true,-1.41
"C69",110229,"/Date(1701921749000)/",7000,12000,337121,2395679900,-100,true,-1.41
"C69",105835,"/Date(1701921515000)/",7100,9600,325121,2311679900,0,true,0
"C69",105310,"/Date(1701921190000)/",7100,100,315521,2243519900,0,true,0
"C69",105302,"/Date(1701921182000)/",7100,1200,315421,2242809900,0,false,0
"C69",104847,"/Date(1701920927000)/",7100,1000,314221,2234289900,0,false,0
"C69",104831,"/Date(1701920911000)/",7100,3100,313221,2227189900,0,true,0
"C69",104224,"/Date(1701920543000)/",7100,200,310121,2205179900,0,false,0
"C69",104114,"/Date(1701920473000)/",7100,1600,309921,2203759900,0,false,0
"C69",103936,"/Date(1701920375000)/",7100,8500,308321,2192399900,0,true,0
"C69",103905,"/Date(1701920345000)/",7100,300,299821,2132049900,0,true,0
"C69",103502,"/Date(1701920102000)/",7100,40000,299521,2129919900,0,true,0
"C69",103206,"/Date(1701919926000)/",7300,58,259521,1844339900,200,false,2.82
"C69",103128,"/Date(1701919888000)/",7300,1,259463,1843922300,200,false,2.82
"C69",103120,"/Date(1701919880000)/",7300,40,259462,1843915200,200,false,2.82
"C69",102942,"/Date(1701919782000)/",7300,100,259422,1843631200,200,false,2.82
"C69",102757,"/Date(1701919677000)/",7300,11000,259322,1842901200,200,false,2.82
"C69",102659,"/Date(1701919619000)/",7300,1,248322,1762601200,200,false,2.82
"C69",102519,"/Date(1701919519000)/",7300,100,248321,1762594100,200,false,2.82
"C69",102423,"/Date(1701919463000)/",7200,100,248221,1761864100,100,true,1.41
"C69",102409,"/Date(1701919449000)/",7200,100,248121,1761144100,100,false,1.41
"C69",102255,"/Date(1701919375000)/",7200,100,248021,1760424100,100,true,1.41
"C69",102110,"/Date(1701919270000)/",7300,100,247921,1759704100,200,false,2.82
"C69",102054,"/Date(1701919254000)/",7200,300,247821,1758974100,100,false,1.41
"C69",102039,"/Date(1701919239000)/",7200,2900,247521,1756814100,100,false,1.41
"C69",102006,"/Date(1701919206000)/",7200,1,244621,1735934100,100,false,1.41
"C69",101903,"/Date(1701919143000)/",7200,500,244620,1735927000,100,false,1.41
"C69",101853,"/Date(1701919133000)/",7200,800,244120,1732327000,100,false,1.41
"C69",101851,"/Date(1701919131000)/",7200,1400,243320,1726567000,100,false,1.41
"C69",101832,"/Date(1701919112000)/",7200,1700,241920,1716487000,100,false,1.41
"C69",101637,"/Date(1701918996000)/",7200,500,240220,1704247000,100,false,1.41
"C69",101547,"/Date(1701918946000)/",7200,1800,239720,1700647000,100,false,1.41
"C69",101351,"/Date(1701918830000)/",7200,1000,237920,1687687000,100,false,1.41
"C69",101315,"/Date(1701918794000)/",7200,2500,236920,1680487000,100,false,1.41
"C69",101214,"/Date(1701918734000)/",7100,200,234420,1662487000,0,true,0
"C69",101102,"/Date(1701918661000)/",7100,250,234220,1661067000,0,true,0
"C69",100958,"/Date(1701918598000)/",7100,3400,233970,1659292000,0,true,0
"C69",100454,"/Date(1701918294000)/",7200,1200,230570,1635152000,100,false,1.41
"C69",100153,"/Date(1701918113000)/",7200,4500,229370,1626512000,100,true,1.41
"C69",95926,"/Date(1701917966000)/",7200,400,224870,1594112000,100,true,1.41
"C69",95908,"/Date(1701917948000)/",7200,500,224470,1591232000,100,true,1.41
"C69",95442,"/Date(1701917682000)/",7200,200,223970,1587632000,100,false,1.41
"C69",95428,"/Date(1701917668000)/",7200,100,223770,1586192000,100,false,1.41
"C69",95409,"/Date(1701917648000)/",7200,1000,223670,1585472000,100,false,1.41
"C69",95314,"/Date(1701917593000)/",7100,100,222670,1578272000,0,true,0
"C69",95309,"/Date(1701917588000)/",7200,2000,222570,1577562000,100,false,1.41
"C69",95100,"/Date(1701917460000)/",7200,2300,220570,1563162000,100,true,1.41
"C69",95057,"/Date(1701917457000)/",7200,5000,218270,1546602000,100,true,1.41
"C69",95052,"/Date(1701917452000)/",7200,3000,213270,1510602000,100,true,1.41
"C69",95048,"/Date(1701917447000)/",7200,200,210270,1489002000,100,true,1.41
"C69",95044,"/Date(1701917444000)/",7200,5000,210070,1487562000,100,true,1.41
"C69",95026,"/Date(1701917426000)/",7200,3900,205070,1451562000,100,true,1.41
"C69",95020,"/Date(1701917419000)/",7200,500,201170,1423482000,100,true,1.41
"C69",95006,"/Date(1701917406000)/",7200,2000,200670,1419882000,100,true,1.41
"C69",94958,"/Date(1701917398000)/",7200,2500,198670,1405482000,100,true,1.41
"C69",94934,"/Date(1701917374000)/",7200,1100,196170,1387482000,100,true,1.41
"C69",94931,"/Date(1701917371000)/",7200,100,195070,1379562000,100,true,1.41
"C69",94917,"/Date(1701917357000)/",7200,3000,194970,1378842000,100,true,1.41
"C69",94902,"/Date(1701917342000)/",7300,100,191970,1357242000,200,true,2.82
"C69",94900,"/Date(1701917340000)/",7300,1000,191870,1356512000,200,true,2.82
"C69",94848,"/Date(1701917328000)/",7300,800,190870,1349212000,200,true,2.82
"C69",94830,"/Date(1701917309000)/",7300,600,190070,1343372000,200,false,2.82
"C69",94825,"/Date(1701917305000)/",7200,600,189470,1338992000,100,true,1.41
"C69",94756,"/Date(1701917276000)/",7200,1500,188870,1334672000,100,true,1.41
"C69",94731,"/Date(1701917251000)/",7300,300,187370,1323872000,200,true,2.82
"C69",94730,"/Date(1701917250000)/",7200,500,187070,1321682000,100,true,1.41
"C69",94726,"/Date(1701917246000)/",7300,500,186570,1318052000,200,true,2.82
"C69",94722,"/Date(1701917242000)/",7300,500,186070,1314402000,200,true,2.82
"C69",94713,"/Date(1701917233000)/",7300,100,185570,1310752000,200,true,2.82
"C69",94709,"/Date(1701917229000)/",7300,1000,185470,1310022000,200,true,2.82
"C69",94652,"/Date(1701917212000)/",7300,200,184470,1302722000,200,true,2.82
"C69",94230,"/Date(1701916950000)/",7300,400,184270,1301262000,200,true,2.82
"C69",94228,"/Date(1701916948000)/",7300,500,183870,1298342000,200,false,2.82
"C69",94225,"/Date(1701916945000)/",7300,7700,183370,1294692000,200,false,2.82
"C69",94218,"/Date(1701916938000)/",7300,50,175670,1238482000,200,false,2.82
"C69",94215,"/Date(1701916935000)/",7300,100,175620,1238122000,200,false,2.82
"C69",94127,"/Date(1701916887000)/",7200,18,175520,1237392000,100,true,1.41
"C69",94106,"/Date(1701916866000)/",7200,1000,175502,1237264200,100,true,1.41
"C69",94059,"/Date(1701916859000)/",7300,100,174502,1230064200,200,false,2.82
"C69",94056,"/Date(1701916856000)/",7200,2,174402,1229334200,100,true,1.41
"C69",94031,"/Date(1701916831000)/",7200,400,174400,1229320000,100,false,1.41
"C69",94030,"/Date(1701916830000)/",7200,10000,174000,1226440000,100,false,1.41
"C69",94022,"/Date(1701916822000)/",7200,500,164000,1154440000,100,false,1.41
"C69",94019,"/Date(1701916819000)/",7200,200,163500,1150840000,100,false,1.41
"C69",94018,"/Date(1701916818000)/",7200,6500,163300,1149400000,100,false,1.41
"C69",94015,"/Date(1701916815000)/",7300,900,156800,1102600000,200,false,2.82
"C69",93959,"/Date(1701916799000)/",7300,5000,155900,1096030000,200,false,2.82
"C69",93957,"/Date(1701916797000)/",7300,2100,150900,1059530000,200,false,2.82
"C69",93947,"/Date(1701916787000)/",7200,500,148800,1044200000,100,true,1.41
"C69",93915,"/Date(1701916755000)/",7200,400,148300,1040600000,100,false,1.41
"C69",93851,"/Date(1701916731000)/",7200,1800,147900,1037720000,100,false,1.41
"C69",93749,"/Date(1701916669000)/",7200,300,146100,1024760000,100,true,1.41
"C69",93738,"/Date(1701916658000)/",7200,1700,145800,1022600000,100,false,1.41
"C69",93708,"/Date(1701916628000)/",7200,8300,144100,1010360000,100,false,1.41
"C69",93353,"/Date(1701916433000)/",7200,2000,135800,950600000,100,true,1.41
"C69",93327,"/Date(1701916406000)/",7200,7300,133800,936200000,100,true,1.41
"C69",93323,"/Date(1701916402000)/",7200,2000,126500,883640000,100,false,1.41
"C69",93316,"/Date(1701916395000)/",7200,5700,124500,869240000,100,false,1.41
"C69",93305,"/Date(1701916384000)/",7200,1000,118800,828200000,100,false,1.41
"C69",93304,"/Date(1701916383000)/",7200,100,117800,821000000,100,false,1.41
"C69",93228,"/Date(1701916347000)/",7200,7500,117700,820280000,100,false,1.41
"C69",93207,"/Date(1701916326000)/",7200,100,110200,766280000,100,false,1.41
"C69",93202,"/Date(1701916321000)/",7200,3300,110100,765560000,100,false,1.41
"C69",93143,"/Date(1701916302000)/",7200,1300,106800,741800000,100,false,1.41
"C69",93116,"/Date(1701916276000)/",7200,300,105500,732440000,100,false,1.41
"C69",93103,"/Date(1701916262000)/",7200,700,105200,730280000,100,false,1.41
"C69",92611,"/Date(1701915971000)/",7100,2100,104500,725240000,0,true,0
"C69",92300,"/Date(1701915780000)/",7100,200,102400,710330000,0,true,0
"C69",92145,"/Date(1701915705000)/",7100,1000,102200,708910000,0,true,0
"C69",91943,"/Date(1701915583000)/",7100,500,101200,701810000,0,false,0
"C69",91932,"/Date(1701915572000)/",7100,3000,100700,698260000,0,false,0
"C69",91908,"/Date(1701915548000)/",7100,2800,97700,676960000,0,false,0
"C69",91510,"/Date(1701915310000)/",6900,2000,94900,657080000,-200,true,-2.82
"C69",91310,"/Date(1701915190000)/",6900,3700,92900,643280000,-200,true,-2.82
"C69",91236,"/Date(1701915156000)/",6900,5200,89200,617750000,-200,true,-2.82
"C69",91219,"/Date(1701915139000)/",6900,9000,84000,581870000,-200,true,-2.82
"C69",91142,"/Date(1701915102000)/",6900,2100,75000,519770000,-200,true,-2.82
"C69",91129,"/Date(1701915089000)/",6900,3500,72900,505280000,-200,true,-2.82
"C69",91101,"/Date(1701915061000)/",6900,6000,69400,481130000,-200,true,-2.82
"C69",91051,"/Date(1701915050000)/",6900,4300,63400,439730000,-200,true,-2.82
"C69",91036,"/Date(1701915035000)/",6900,7000,59100,410060000,-200,true,-2.82
"C69",91023,"/Date(1701915022000)/",6900,700,52100,361760000,-200,true,-2.82
"C69",91010,"/Date(1701915009000)/",6900,5000,51400,356930000,-200,true,-2.82
"C69",90959,"/Date(1701914998000)/",6900,1300,46400,322430000,-200,true,-2.82
"C69",90947,"/Date(1701914986000)/",6900,3100,45100,313460000,-200,true,-2.82
"C69",90816,"/Date(1701914896000)/",6900,8000,42000,292070000,-200,true,-2.82
"C69",90804,"/Date(1701914884000)/",6900,10000,34000,236870000,-200,true,-2.82
"C69",90750,"/Date(1701914870000)/",6900,5000,24000,167770000,-200,true,-2.82
"C69",90740,"/Date(1701914859000)/",6900,9000,19000,133270000,-200,true,-2.82
"C69",90725,"/Date(1701914845000)/",7000,3600,10000,70760000,-100,true,-1.41
"C69",90711,"/Date(1701914831000)/",7100,6000,6400,45440000,0,true,0
"C69",90633,"/Date(1701914793000)/",7100,100,400,2840000,0,true,0
"C69",90257,"/Date(1701914577000)/",7100,100,300,2130000,0,true,0
"C69",90137,"/Date(1701914490000)/",7100,200,200,1420000,0,true,0
