"Stockcode","Package","TradingDate","Price","Vol","TotalVol","TotalVal","Change","IsBuy","PerChange"
"DL1",144503,"/Date(1701935100000)/",4400,8400,1437959,6150496500,200,false,4.76
"DL1",142911,"/Date(1701934151000)/",4400,100,1429559,6113536500,200,false,4.76
"DL1",142906,"/Date(1701934146000)/",4400,100,1429459,6113096500,200,false,4.76
"DL1",142741,"/Date(1701934061000)/",4300,100,1429359,6112656500,100,true,2.38
"DL1",142541,"/Date(1701933941000)/",4300,600,1429259,6112226500,100,true,2.38
"DL1",142149,"/Date(1701933708000)/",4400,50,1428659,6109646500,200,false,4.76
"DL1",142143,"/Date(1701933703000)/",4400,50,1428609,6109431500,200,false,4.76
"DL1",141514,"/Date(1701933314000)/",4400,1,1428559,6109216500,200,false,4.76
"DL1",141350,"/Date(1701933230000)/",4400,100,1428558,6109212200,200,false,4.76
"DL1",141232,"/Date(1701933152000)/",4300,3000,1428458,6108772200,100,true,2.38
"DL1",140822,"/Date(1701932902000)/",4400,100,1425458,6095872200,200,false,4.76
"DL1",140724,"/Date(1701932844000)/",4400,5,1425358,6095432200,200,false,4.76
"DL1",140615,"/Date(1701932775000)/",4400,100,1425353,6095411200,200,false,4.76
"DL1",140258,"/Date(1701932578000)/",4400,50,1425253,6094971200,200,false,4.76
"DL1",140253,"/Date(1701932573000)/",4400,50,1425203,6094761200,200,false,4.76
"DL1",135855,"/Date(1701932334000)/",4400,100,1425153,6094551200,200,false,4.76
"DL1",135829,"/Date(1701932309000)/",4300,5500,1425053,6094111200,100,false,2.38
"DL1",135714,"/Date(1701932233000)/",4300,200,1419553,6070461200,100,false,2.38
"DL1",135711,"/Date(1701932231000)/",4300,2000,1419353,6069601200,100,false,2.38
"DL1",135610,"/Date(1701932170000)/",4300,2000,1417353,6061001200,100,false,2.38
"DL1",135555,"/Date(1701932155000)/",4300,300,1415353,6052401200,100,false,2.38
"DL1",135504,"/Date(1701932104000)/",4300,3000,1415053,6051111200,100,false,2.38
"DL1",135352,"/Date(1701932032000)/",4300,3000,1412053,6038211200,100,true,2.38
"DL1",135225,"/Date(1701931945000)/",4300,7500,1409053,6025311200,100,false,2.38
"DL1",134752,"/Date(1701931672000)/",4300,200,1401553,5993061200,100,true,2.38
"DL1",134745,"/Date(1701931665000)/",4300,20000,1401353,5992201200,100,true,2.38
"DL1",134655,"/Date(1701931615000)/",4300,500,1381353,5906201200,100,true,2.38
"DL1",134522,"/Date(1701931522000)/",4400,100,1380853,5904051200,200,false,4.76
"DL1",134241,"/Date(1701931361000)/",4400,55000,1380753,5903611200,200,false,4.76
"DL1",134222,"/Date(1701931342000)/",4300,10000,1325753,5667091200,100,false,2.38
"DL1",134207,"/Date(1701931327000)/",4300,1400,1315753,5624091200,100,false,2.38
"DL1",134136,"/Date(1701931296000)/",4300,34700,1314353,5618071200,100,false,2.38
"DL1",134102,"/Date(1701931262000)/",4300,100,1279653,5468861200,100,false,2.38
"DL1",133938,"/Date(1701931178000)/",4300,1000,1279553,5468431200,100,false,2.38
"DL1",133137,"/Date(1701930697000)/",4300,100,1278553,5464131200,100,false,2.38
"DL1",131716,"/Date(1701929836000)/",4300,5,1278453,5463701200,100,false,2.38
"DL1",131515,"/Date(1701929715000)/",4300,100,1278448,5463680700,100,false,2.38
"DL1",131510,"/Date(1701929710000)/",4300,300,1278348,5463250700,100,false,2.38
"DL1",131310,"/Date(1701929590000)/",4200,500,1278048,5461960700,0,true,0
"DL1",112740,"/Date(1701923260000)/",4300,6,1277548,5459860700,100,false,2.38
"DL1",112041,"/Date(1701922841000)/",4300,3000,1277542,5459835500,100,false,2.38
"DL1",111853,"/Date(1701922733000)/",4200,10,1274542,5446935500,0,true,0
"DL1",111715,"/Date(1701922635000)/",4200,2000,1274532,5446893500,0,true,0
"DL1",111129,"/Date(1701922289000)/",4300,35,1272532,5438493500,100,false,2.38
"DL1",110920,"/Date(1701922160000)/",4300,100,1272497,5438346500,100,false,2.38
"DL1",110905,"/Date(1701922145000)/",4200,422000,1272397,5437916500,0,true,0
"DL1",110137,"/Date(1701921696000)/",4300,2000,850397,3665516500,100,false,2.38
"DL1",105713,"/Date(1701921433000)/",4300,19,848397,3656916500,100,false,2.38
"DL1",105607,"/Date(1701921367000)/",4300,500,848378,3656836700,100,false,2.38
"DL1",105010,"/Date(1701921010000)/",4300,2000,847878,3654686700,100,false,2.38
"DL1",104615,"/Date(1701920775000)/",4300,300,845878,3646086700,100,false,2.38
"DL1",104027,"/Date(1701920426000)/",4300,3000,845578,3644796700,100,false,2.38
"DL1",103806,"/Date(1701920286000)/",4300,1000,842578,3631896700,100,true,2.38
"DL1",103748,"/Date(1701920268000)/",4300,10000,841578,3627596700,100,true,2.38
"DL1",103615,"/Date(1701920175000)/",4400,100,831578,3584596700,200,false,4.76
"DL1",103531,"/Date(1701920131000)/",4400,100,831478,3584156700,200,false,4.76
"DL1",103446,"/Date(1701920086000)/",4300,700,831378,3583716700,100,true,2.38
"DL1",103419,"/Date(1701920059000)/",4300,1400,830678,3580706700,100,true,2.38
"DL1",103353,"/Date(1701920033000)/",4300,5000,829278,3574686700,100,true,2.38
"DL1",103339,"/Date(1701920019000)/",4300,100,824278,3553186700,100,true,2.38
"DL1",103159,"/Date(1701919919000)/",4400,100,824178,3552756700,200,false,4.76
"DL1",103129,"/Date(1701919889000)/",4300,100,824078,3552316700,100,true,2.38
"DL1",103045,"/Date(1701919845000)/",4400,15500,823978,3551886700,200,false,4.76
"DL1",103001,"/Date(1701919801000)/",4300,3900,808478,3485226700,100,true,2.38
"DL1",102840,"/Date(1701919720000)/",4300,100,804578,3468456700,100,true,2.38
"DL1",102606,"/Date(1701919566000)/",4400,200,804478,3468026700,200,false,4.76
"DL1",102459,"/Date(1701919499000)/",4300,1500,804278,3467146700,100,true,2.38
"DL1",102404,"/Date(1701919444000)/",4300,52,802778,3460696700,100,true,2.38
"DL1",102237,"/Date(1701919357000)/",4300,70000,802726,3460478300,100,true,2.38
"DL1",102221,"/Date(1701919341000)/",4300,3000,732726,3159478300,100,true,2.38
"DL1",102109,"/Date(1701919269000)/",4300,15000,729726,3146578300,100,true,2.38
"DL1",101249,"/Date(1701918769000)/",4300,1000,714726,3082078300,100,true,2.38
"DL1",101244,"/Date(1701918764000)/",4300,500,713726,3077778300,100,false,2.38
"DL1",101239,"/Date(1701918759000)/",4300,1000,713226,3075628300,100,false,2.38
"DL1",101058,"/Date(1701918658000)/",4300,300,712226,3071328300,100,true,2.38
"DL1",101043,"/Date(1701918643000)/",4300,1000,711926,3070038300,100,true,2.38
"DL1",101039,"/Date(1701918639000)/",4300,8300,710926,3065738300,100,false,2.38
"DL1",101004,"/Date(1701918604000)/",4300,2000,702626,3030048300,100,false,2.38
"DL1",101002,"/Date(1701918602000)/",4300,1200,700626,3021448300,100,false,2.38
"DL1",100921,"/Date(1701918561000)/",4300,8800,699426,3016288300,100,true,2.38
"DL1",100919,"/Date(1701918559000)/",4300,14000,690626,2978448300,100,true,2.38
"DL1",100907,"/Date(1701918547000)/",4300,8000,676626,2918248300,100,true,2.38
"DL1",100901,"/Date(1701918541000)/",4300,4800,668626,2883848300,100,true,2.38
"DL1",100845,"/Date(1701918525000)/",4300,20000,663826,2863208300,100,true,2.38
"DL1",100552,"/Date(1701918352000)/",4400,100,643826,2777208300,200,false,4.76
"DL1",100251,"/Date(1701918171000)/",4300,1000,643726,2776768300,100,true,2.38
"DL1",95936,"/Date(1701917975000)/",4400,10000,642726,2772468300,200,false,4.76
"DL1",95929,"/Date(1701917968000)/",4300,3000,632726,2728468300,100,true,2.38
"DL1",95841,"/Date(1701917920000)/",4300,100,629726,2715568300,100,true,2.38
"DL1",95839,"/Date(1701917918000)/",4400,18000,629626,2715138300,200,false,4.76
"DL1",95526,"/Date(1701917726000)/",4400,100,611626,2635938300,200,false,4.76
"DL1",95457,"/Date(1701917697000)/",4300,1000,611526,2635498300,100,true,2.38
"DL1",95356,"/Date(1701917636000)/",4300,500,610526,2631198300,100,true,2.38
"DL1",95324,"/Date(1701917604000)/",4400,100,610026,2629048300,200,false,4.76
"DL1",95308,"/Date(1701917588000)/",4300,10000,609926,2628608300,100,true,2.38
"DL1",95230,"/Date(1701917550000)/",4400,600,599926,2585608300,200,false,4.76
"DL1",95226,"/Date(1701917546000)/",4300,500,599326,2582968300,100,false,2.38
"DL1",95210,"/Date(1701917530000)/",4400,16500,598826,2580818300,200,false,4.76
"DL1",95136,"/Date(1701917496000)/",4300,8700,582326,2509848300,100,true,2.38
"DL1",95122,"/Date(1701917482000)/",4400,100,573626,2472438300,200,false,4.76
"DL1",95102,"/Date(1701917462000)/",4300,5000,573526,2471998300,100,true,2.38
"DL1",95056,"/Date(1701917456000)/",4300,1800,568526,2450498300,100,true,2.38
"DL1",95050,"/Date(1701917450000)/",4400,100,566726,2442758300,200,false,4.76
"DL1",95041,"/Date(1701917441000)/",4300,5000,566626,2442318300,100,true,2.38
"DL1",95019,"/Date(1701917419000)/",4300,2600,561626,2420818300,100,true,2.38
"DL1",95001,"/Date(1701917401000)/",4400,100,559026,2409638300,200,false,4.76
"DL1",94959,"/Date(1701917399000)/",4300,4000,558926,2409198300,100,true,2.38
"DL1",94941,"/Date(1701917381000)/",4300,3100,554926,2391998300,100,true,2.38
"DL1",94915,"/Date(1701917355000)/",4300,1100,551826,2378668300,100,true,2.38
"DL1",94629,"/Date(1701917189000)/",4400,1000,550726,2373938300,200,false,4.76
"DL1",94610,"/Date(1701917170000)/",4400,100,549726,2369538300,200,false,4.76
"DL1",94522,"/Date(1701917122000)/",4400,400,549626,2369098300,200,true,4.76
"DL1",94516,"/Date(1701917116000)/",4400,200,549226,2367338300,200,false,4.76
"DL1",94511,"/Date(1701917111000)/",4400,2000,549026,2366458300,200,false,4.76
"DL1",94430,"/Date(1701917070000)/",4400,71,547026,2357658300,200,false,4.76
"DL1",94424,"/Date(1701917064000)/",4400,4600,546955,2357353000,200,true,4.76
"DL1",94417,"/Date(1701917057000)/",4400,100,542355,2337113000,200,true,4.76
"DL1",94405,"/Date(1701917045000)/",4400,100,542255,2336673000,200,true,4.76
"DL1",94404,"/Date(1701917044000)/",4400,500,542155,2336243000,200,true,4.76
"DL1",94300,"/Date(1701916979000)/",4400,1000,541655,2334043000,200,true,4.76
"DL1",94227,"/Date(1701916946000)/",4400,8100,540655,2329643000,200,false,4.76
"DL1",94208,"/Date(1701916927000)/",4400,5000,532555,2294003000,200,false,4.76
"DL1",94123,"/Date(1701916882000)/",4400,1800,527555,2272003000,200,false,4.76
"DL1",94111,"/Date(1701916870000)/",4400,1000,525755,2264083000,200,false,4.76
"DL1",94108,"/Date(1701916867000)/",4400,100,524755,2259683000,200,false,4.76
"DL1",94046,"/Date(1701916845000)/",4400,200,524655,2259243000,200,true,4.76
"DL1",94045,"/Date(1701916844000)/",4400,100,524455,2258363000,200,true,4.76
"DL1",94034,"/Date(1701916833000)/",4400,100,524355,2257923000,200,true,4.76
"DL1",94015,"/Date(1701916814000)/",4500,100,524255,2257483000,300,false,7.14
"DL1",94010,"/Date(1701916809000)/",4400,75,524155,2257033000,200,true,4.76
"DL1",93951,"/Date(1701916790000)/",4400,500,524080,2256718000,200,true,4.76
"DL1",93924,"/Date(1701916764000)/",4400,500,523580,2254518000,200,true,4.76
"DL1",93922,"/Date(1701916761000)/",4400,1000,523080,2252318000,200,true,4.76
"DL1",93853,"/Date(1701916733000)/",4400,7800,522080,2247918000,200,false,4.76
"DL1",93850,"/Date(1701916730000)/",4400,500,514280,2213598000,200,true,4.76
"DL1",93849,"/Date(1701916729000)/",4400,1800,513780,2211398000,200,true,4.76
"DL1",93838,"/Date(1701916718000)/",4400,200,511980,2203478000,200,false,4.76
"DL1",93836,"/Date(1701916716000)/",4400,77700,511780,2202598000,200,false,4.76
"DL1",93801,"/Date(1701916681000)/",4400,20000,434080,1860718000,200,false,4.76
"DL1",93732,"/Date(1701916652000)/",4400,100,414080,1772718000,200,false,4.76
"DL1",93713,"/Date(1701916633000)/",4300,27300,413980,1772278000,100,false,2.38
"DL1",93708,"/Date(1701916628000)/",4300,300000,386680,1654888000,100,false,2.38
"DL1",93604,"/Date(1701916564000)/",4200,100,86680,364888000,0,true,0
"DL1",93525,"/Date(1701916525000)/",4300,100,86580,364468000,100,false,2.38
"DL1",93515,"/Date(1701916515000)/",4300,2800,86480,364038000,100,false,2.38
"DL1",93117,"/Date(1701916277000)/",4200,100,83680,351998000,0,true,0
"DL1",92512,"/Date(1701915911000)/",4200,1605,83580,351578000,0,true,0
"DL1",92302,"/Date(1701915782000)/",4200,500,81975,344837000,0,true,0
"DL1",92043,"/Date(1701915643000)/",4200,15,81475,342737000,0,true,0
"DL1",91905,"/Date(1701915545000)/",4200,10600,81460,342674000,0,true,0
"DL1",91857,"/Date(1701915537000)/",4300,30,70860,298154000,100,false,2.38
"DL1",91718,"/Date(1701915438000)/",4300,5000,70830,298024000,100,false,2.38
"DL1",91612,"/Date(1701915372000)/",4300,30,65830,276524000,100,false,2.38
"DL1",91134,"/Date(1701915094000)/",4300,300,65800,276390000,100,false,2.38
"DL1",90924,"/Date(1701914964000)/",4200,5200,65500,275100000,0,false,0
"DL1",90905,"/Date(1701914945000)/",4200,10000,60300,253260000,0,false,0
"DL1",90903,"/Date(1701914943000)/",4200,700,50300,211260000,0,false,0
"DL1",90854,"/Date(1701914934000)/",4200,8700,49600,208320000,0,false,0
"DL1",90354,"/Date(1701914634000)/",4200,4500,40900,171780000,0,false,0
"DL1",90256,"/Date(1701914576000)/",4200,13800,36400,152880000,0,false,0
"DL1",90244,"/Date(1701914564000)/",4200,400,22600,94920000,0,false,0
"DL1",90204,"/Date(1701914524000)/",4200,300,22200,93240000,0,false,0
"DL1",90133,"/Date(1701914476000)/",4200,1300,21900,91980000,0,false,0
"DL1",90128,"/Date(1701914457000)/",4200,10000,20600,86520000,0,false,0
"DL1",90046,"/Date(1701914414000)/",4200,6100,10600,44520000,0,false,0
"DL1",90034,"/Date(1701914410000)/",4200,4000,4500,18900000,0,false,0
"DL1",90023,"/Date(1701914406000)/",4200,500,500,2100000,0,false,0
