"Stockcode","Package","TradingDate","Price","Vol","TotalVol","TotalVal","Change","IsBuy","PerChange"
"HTN",144423,"/Date(1701935100000)/",17250,38800,2442300,42214000000,100,true,0.58
"HTN",142901,"/Date(1701934177000)/",17150,100,2403500,41545000000,0,true,0
"HTN",142825,"/Date(1701934142000)/",17100,500,2403400,41543000000,-50,true,-0.29
"HTN",142819,"/Date(1701934133000)/",17100,5400,2402900,41535000000,-50,true,-0.29
"HTN",142819,"/Date(1701934133000)/",17100,100,2397500,41443000000,-50,true,-0.29
"HTN",142819,"/Date(1701934133000)/",17100,300,2397400,41441000000,-50,true,-0.29
"HTN",142819,"/Date(1701934133000)/",17100,3000,2397100,41436000000,-50,true,-0.29
"HTN",142819,"/Date(1701934133000)/",17200,1000,2394100,41384000000,50,true,0.29
"HTN",142816,"/Date(1701934132000)/",17150,500,2393100,41367000000,0,true,0
"HTN",142816,"/Date(1701934132000)/",17150,500,2392600,41359000000,0,true,0
"HTN",142816,"/Date(1701934132000)/",17150,200,2392100,41350000000,0,true,0
"HTN",142816,"/Date(1701934132000)/",17150,2000,2391900,41347000000,0,true,0
"HTN",142816,"/Date(1701934132000)/",17150,2800,2389900,41312000000,0,true,0
"HTN",142816,"/Date(1701934132000)/",17150,100,2387100,41264000000,0,true,0
"HTN",142816,"/Date(1701934132000)/",17150,2800,2387000,41263000000,0,true,0
"HTN",142816,"/Date(1701934132000)/",17200,1000,2384200,41215000000,50,true,0.29
"HTN",142816,"/Date(1701934132000)/",17200,100,2383200,41197000000,50,true,0.29
"HTN",142810,"/Date(1701934124000)/",17250,500,2383100,41196000000,100,false,0.58
"HTN",142757,"/Date(1701934112000)/",17250,500,2382600,41187000000,100,true,0.58
"HTN",142757,"/Date(1701934112000)/",17250,900,2382100,41178000000,100,true,0.58
"HTN",142757,"/Date(1701934112000)/",17250,3000,2381200,41163000000,100,true,0.58
"HTN",142757,"/Date(1701934112000)/",17250,100,2378200,41111000000,100,true,0.58
"HTN",142757,"/Date(1701934112000)/",17250,200,2378100,41109000000,100,true,0.58
"HTN",142757,"/Date(1701934112000)/",17250,200,2377900,41106000000,100,true,0.58
"HTN",142757,"/Date(1701934112000)/",17250,300,2377700,41103000000,100,true,0.58
"HTN",142757,"/Date(1701934112000)/",17250,100,2377400,41097000000,100,true,0.58
"HTN",142754,"/Date(1701934110000)/",17300,500,2377300,41096000000,150,false,0.87
"HTN",142744,"/Date(1701934100000)/",17300,500,2376800,41087000000,150,true,0.87
"HTN",142744,"/Date(1701934100000)/",17300,500,2376300,41078000000,150,true,0.87
"HTN",142741,"/Date(1701934097000)/",17300,500,2375800,41070000000,150,true,0.87
"HTN",142741,"/Date(1701934097000)/",17300,200,2375300,41061000000,150,true,0.87
"HTN",142741,"/Date(1701934097000)/",17350,300,2375100,41058000000,200,true,1.17
"HTN",142731,"/Date(1701934088000)/",17300,300,2374800,41052000000,150,true,0.87
"HTN",142728,"/Date(1701934083000)/",17300,5000,2374500,41047000000,150,true,0.87
"HTN",142715,"/Date(1701934072000)/",17300,1600,2369500,40961000000,150,true,0.87
"HTN",142712,"/Date(1701934067000)/",17300,2400,2367900,40933000000,150,true,0.87
"HTN",142712,"/Date(1701934067000)/",17300,100,2365500,40891000000,150,true,0.87
"HTN",142712,"/Date(1701934067000)/",17300,2500,2365400,40890000000,150,true,0.87
"HTN",142712,"/Date(1701934067000)/",17300,500,2362900,40847000000,150,true,0.87
"HTN",142712,"/Date(1701934067000)/",17300,1200,2362400,40838000000,150,true,0.87
"HTN",142653,"/Date(1701934047000)/",17300,3800,2361200,40817000000,150,true,0.87
"HTN",142653,"/Date(1701934047000)/",17350,2000,2357400,40751000000,200,true,1.17
"HTN",142653,"/Date(1701934047000)/",17350,200,2355400,40717000000,200,true,1.17
"HTN",142650,"/Date(1701934044000)/",17400,700,2355200,40713000000,250,true,1.46
"HTN",142650,"/Date(1701934044000)/",17400,1000,2354500,40701000000,250,true,1.46
"HTN",142650,"/Date(1701934044000)/",17400,2000,2353500,40684000000,250,true,1.46
"HTN",142650,"/Date(1701934044000)/",17400,2000,2351500,40649000000,250,true,1.46
"HTN",142650,"/Date(1701934044000)/",17400,1000,2349500,40614000000,250,true,1.46
"HTN",142650,"/Date(1701934044000)/",17400,1000,2348500,40597000000,250,true,1.46
"HTN",142650,"/Date(1701934044000)/",17400,300,2347500,40579000000,250,true,1.46
"HTN",142650,"/Date(1701934044000)/",17400,2600,2347200,40574000000,250,true,1.46
"HTN",142646,"/Date(1701934042000)/",17400,400,2344600,40529000000,250,true,1.46
"HTN",142646,"/Date(1701934042000)/",17400,600,2344200,40522000000,250,true,1.46
"HTN",142640,"/Date(1701934036000)/",17400,100,2343600,40511000000,250,true,1.46
"HTN",142611,"/Date(1701934007000)/",17400,2000,2343500,40510000000,250,true,1.46
"HTN",142605,"/Date(1701933999000)/",17400,1000,2341500,40475000000,250,true,1.46
"HTN",142555,"/Date(1701933991000)/",17450,300,2340500,40457000000,300,false,1.75
"HTN",142555,"/Date(1701933991000)/",17450,100,2340200,40452000000,300,false,1.75
"HTN",142555,"/Date(1701933991000)/",17450,400,2340100,40450000000,300,false,1.75
"HTN",142555,"/Date(1701933991000)/",17450,700,2339700,40443000000,300,false,1.75
"HTN",142555,"/Date(1701933990000)/",17400,6300,2339000,40431000000,250,true,1.46
"HTN",142517,"/Date(1701933954000)/",17450,300,2332700,40322000000,300,false,1.75
"HTN",142517,"/Date(1701933954000)/",17450,100,2332400,40316000000,300,false,1.75
"HTN",142517,"/Date(1701933954000)/",17450,100,2332300,40315000000,300,false,1.75
"HTN",142507,"/Date(1701933941000)/",17400,1000,2332200,40313000000,250,false,1.46
"HTN",142507,"/Date(1701933941000)/",17400,3000,2331200,40295000000,250,false,1.46
"HTN",142458,"/Date(1701933932000)/",17400,500,2328200,40243000000,250,false,1.46
"HTN",142448,"/Date(1701933924000)/",17400,200,2327700,40235000000,250,false,1.46
"HTN",142432,"/Date(1701933907000)/",17400,700,2327500,40231000000,250,false,1.46
"HTN",142426,"/Date(1701933900000)/",17350,100,2326800,40219000000,200,true,1.17
"HTN",142423,"/Date(1701933897000)/",17400,100,2326700,40217000000,250,false,1.46
"HTN",142423,"/Date(1701933897000)/",17400,100,2326600,40215000000,250,false,1.46
"HTN",142423,"/Date(1701933897000)/",17400,300,2326500,40214000000,250,false,1.46
"HTN",142419,"/Date(1701933893000)/",17400,2700,2326200,40208000000,250,false,1.46
"HTN",142419,"/Date(1701933893000)/",17400,1000,2323500,40162000000,250,false,1.46
"HTN",142419,"/Date(1701933893000)/",17400,6300,2322500,40144000000,250,false,1.46
"HTN",142419,"/Date(1701933893000)/",17400,700,2316200,40034000000,250,false,1.46
"HTN",142419,"/Date(1701933893000)/",17400,300,2315500,40022000000,250,false,1.46
"HTN",142403,"/Date(1701933879000)/",17400,600,2315200,40017000000,250,false,1.46
"HTN",142357,"/Date(1701933871000)/",17400,100,2314600,40007000000,250,false,1.46
"HTN",142319,"/Date(1701933835000)/",17400,500,2314500,40005000000,250,false,1.46
"HTN",142319,"/Date(1701933835000)/",17400,100,2314000,39996000000,250,false,1.46
"HTN",142319,"/Date(1701933835000)/",17350,400,2313900,39994000000,200,false,1.17
"HTN",142319,"/Date(1701933834000)/",17350,2100,2313500,39988000000,200,false,1.17
"HTN",142315,"/Date(1701933830000)/",17350,500,2311400,39951000000,200,false,1.17
"HTN",142309,"/Date(1701933823000)/",17350,7000,2310900,39942000000,200,false,1.17
"HTN",142309,"/Date(1701933823000)/",17350,2000,2303900,39821000000,200,false,1.17
"HTN",142309,"/Date(1701933823000)/",17350,500,2301900,39786000000,200,false,1.17
"HTN",142309,"/Date(1701933823000)/",17350,500,2301400,39778000000,200,false,1.17
"HTN",142231,"/Date(1701933786000)/",17300,100,2300900,39769000000,150,true,0.87
"HTN",142231,"/Date(1701933786000)/",17300,1000,2300800,39767000000,150,true,0.87
"HTN",142231,"/Date(1701933786000)/",17300,500,2299800,39750000000,150,true,0.87
"HTN",142231,"/Date(1701933786000)/",17300,200,2299300,39741000000,150,true,0.87
"HTN",142224,"/Date(1701933780000)/",17300,800,2299100,39738000000,150,false,0.87
"HTN",142224,"/Date(1701933780000)/",17300,500,2298300,39724000000,150,false,0.87
"HTN",142224,"/Date(1701933780000)/",17300,500,2297800,39715000000,150,false,0.87
"HTN",142224,"/Date(1701933780000)/",17300,1000,2297300,39707000000,150,false,0.87
"HTN",142224,"/Date(1701933780000)/",17300,300,2296300,39689000000,150,false,0.87
"HTN",142224,"/Date(1701933780000)/",17300,11900,2296000,39684000000,150,false,0.87
"HTN",142221,"/Date(1701933777000)/",17300,100,2284100,39478000000,150,false,0.87
"HTN",142218,"/Date(1701933774000)/",17300,8000,2284000,39477000000,150,false,0.87
"HTN",142130,"/Date(1701933726000)/",17250,100,2276000,39338000000,100,true,0.58
"HTN",142016,"/Date(1701933651000)/",17250,900,2275900,39336000000,100,true,0.58
"HTN",141957,"/Date(1701933634000)/",17250,500,2275000,39321000000,100,true,0.58
"HTN",141954,"/Date(1701933630000)/",17250,5000,2274500,39312000000,100,true,0.58
"HTN",141941,"/Date(1701933617000)/",17250,500,2269500,39226000000,100,true,0.58
"HTN",141928,"/Date(1701933603000)/",17250,500,2269000,39217000000,100,true,0.58
"HTN",141906,"/Date(1701933582000)/",17250,100,2268500,39209000000,100,true,0.58
"HTN",141853,"/Date(1701933567000)/",17250,300,2268400,39207000000,100,true,0.58
"HTN",141853,"/Date(1701933567000)/",17250,500,2268100,39202000000,100,true,0.58
"HTN",141847,"/Date(1701933560000)/",17250,200,2267600,39193000000,100,true,0.58
"HTN",141837,"/Date(1701933551000)/",17250,500,2267400,39190000000,100,true,0.58
"HTN",141837,"/Date(1701933551000)/",17250,300,2266900,39181000000,100,true,0.58
"HTN",141834,"/Date(1701933549000)/",17250,300,2266600,39176000000,100,false,0.58
"HTN",141827,"/Date(1701933543000)/",17250,200,2266300,39171000000,100,false,0.58
"HTN",141824,"/Date(1701933538000)/",17250,200,2266100,39167000000,100,false,0.58
"HTN",141824,"/Date(1701933538000)/",17250,100,2265900,39164000000,100,false,0.58
"HTN",141824,"/Date(1701933538000)/",17250,2100,2265800,39162000000,100,false,0.58
"HTN",141824,"/Date(1701933538000)/",17250,600,2263700,39126000000,100,false,0.58
"HTN",141805,"/Date(1701933521000)/",17250,4400,2263100,39116000000,100,false,0.58
"HTN",141805,"/Date(1701933521000)/",17250,1200,2258700,39040000000,100,false,0.58
"HTN",141805,"/Date(1701933521000)/",17250,700,2257500,39019000000,100,false,0.58
"HTN",141805,"/Date(1701933521000)/",17250,200,2256800,39007000000,100,false,0.58
"HTN",141805,"/Date(1701933521000)/",17250,1000,2256600,39003000000,100,false,0.58
"HTN",141805,"/Date(1701933521000)/",17250,100,2255600,38986000000,100,false,0.58
"HTN",141805,"/Date(1701933521000)/",17250,400,2255500,38985000000,100,false,0.58
"HTN",141805,"/Date(1701933521000)/",17250,200,2255100,38978000000,100,false,0.58
"HTN",141805,"/Date(1701933519000)/",17250,500,2254900,38974000000,100,false,0.58
"HTN",141739,"/Date(1701933495000)/",17200,100,2254400,38966000000,50,true,0.29
"HTN",141736,"/Date(1701933492000)/",17200,100,2254300,38964000000,50,false,0.29
"HTN",141736,"/Date(1701933492000)/",17200,400,2254200,38962000000,50,false,0.29
"HTN",141730,"/Date(1701933486000)/",17200,100,2253800,38955000000,50,false,0.29
"HTN",141727,"/Date(1701933482000)/",17200,500,2253700,38954000000,50,false,0.29
"HTN",141727,"/Date(1701933481000)/",17200,500,2253200,38945000000,50,false,0.29
"HTN",141723,"/Date(1701933479000)/",17200,500,2252700,38936000000,50,false,0.29
"HTN",141723,"/Date(1701933479000)/",17200,4300,2252200,38928000000,50,false,0.29
"HTN",141723,"/Date(1701933479000)/",17200,100,2247900,38854000000,50,false,0.29
"HTN",141723,"/Date(1701933479000)/",17200,100,2247800,38852000000,50,false,0.29
"HTN",141711,"/Date(1701933466000)/",17200,200,2247700,38850000000,50,false,0.29
"HTN",141701,"/Date(1701933456000)/",17200,4700,2247500,38847000000,50,false,0.29
"HTN",141701,"/Date(1701933456000)/",17200,300,2242800,38766000000,50,false,0.29
"HTN",141544,"/Date(1701933380000)/",17200,100,2242500,38761000000,50,false,0.29
"HTN",141532,"/Date(1701933365000)/",17200,1200,2242400,38759000000,50,false,0.29
"HTN",141412,"/Date(1701933286000)/",17150,1200,2241200,38739000000,0,false,0
"HTN",141405,"/Date(1701933281000)/",17150,5000,2240000,38718000000,0,false,0
"HTN",141405,"/Date(1701933281000)/",17150,600,2235000,38632000000,0,false,0
"HTN",141330,"/Date(1701933246000)/",17150,500,2234400,38622000000,0,true,0
"HTN",141330,"/Date(1701933246000)/",17150,600,2233900,38613000000,0,true,0
"HTN",141311,"/Date(1701933225000)/",17200,300,2233300,38603000000,50,false,0.29
"HTN",141302,"/Date(1701933216000)/",17150,1400,2233000,38598000000,0,true,0
"HTN",141302,"/Date(1701933216000)/",17150,200,2231600,38574000000,0,true,0
"HTN",141302,"/Date(1701933216000)/",17150,3000,2231400,38570000000,0,true,0
"HTN",141302,"/Date(1701933216000)/",17150,5000,2228400,38519000000,0,true,0
"HTN",141302,"/Date(1701933216000)/",17150,300,2223400,38433000000,0,true,0
"HTN",141302,"/Date(1701933216000)/",17150,100,2223100,38428000000,0,true,0
"HTN",141236,"/Date(1701933192000)/",17200,100,2223000,38426000000,50,false,0.29
"HTN",141236,"/Date(1701933192000)/",17200,100,2222900,38425000000,50,false,0.29
"HTN",141155,"/Date(1701933148000)/",17150,400,2222800,38423000000,0,false,0
"HTN",141145,"/Date(1701933140000)/",17150,500,2222400,38416000000,0,true,0
"HTN",141145,"/Date(1701933140000)/",17150,2000,2221900,38407000000,0,true,0
"HTN",141145,"/Date(1701933140000)/",17150,500,2219900,38373000000,0,true,0
"HTN",141145,"/Date(1701933140000)/",17150,1000,2219400,38365000000,0,true,0
"HTN",141145,"/Date(1701933140000)/",17150,200,2218400,38347000000,0,true,0
"HTN",141132,"/Date(1701933126000)/",17200,500,2218200,38344000000,50,false,0.29
"HTN",141132,"/Date(1701933126000)/",17200,2000,2217700,38335000000,50,false,0.29
"HTN",141132,"/Date(1701933126000)/",17200,200,2215700,38301000000,50,false,0.29
"HTN",141132,"/Date(1701933126000)/",17200,200,2215500,38298000000,50,false,0.29
"HTN",141132,"/Date(1701933126000)/",17200,1000,2215300,38294000000,50,false,0.29
"HTN",141113,"/Date(1701933106000)/",17200,400,2214300,38277000000,50,false,0.29
"HTN",141035,"/Date(1701933068000)/",17200,100,2213900,38270000000,50,true,0.29
"HTN",141032,"/Date(1701933067000)/",17200,200,2213800,38268000000,50,false,0.29
"HTN",140956,"/Date(1701933030000)/",17200,700,2213600,38265000000,50,false,0.29
"HTN",140944,"/Date(1701933016000)/",17200,200,2212900,38253000000,50,true,0.29
"HTN",140934,"/Date(1701933008000)/",17200,2000,2212700,38249000000,50,true,0.29
"HTN",140905,"/Date(1701932979000)/",17200,100,2210700,38215000000,50,true,0.29
"HTN",140905,"/Date(1701932979000)/",17200,800,2210600,38213000000,50,true,0.29
"HTN",140830,"/Date(1701932945000)/",17200,1500,2209800,38200000000,50,true,0.29
"HTN",140814,"/Date(1701932929000)/",17200,100,2208300,38174000000,50,true,0.29
"HTN",140755,"/Date(1701932907000)/",17200,1000,2208200,38172000000,50,false,0.29
"HTN",140755,"/Date(1701932907000)/",17200,1000,2207200,38155000000,50,false,0.29
"HTN",140755,"/Date(1701932907000)/",17200,100,2206200,38138000000,50,false,0.29
"HTN",140755,"/Date(1701932907000)/",17200,1300,2206100,38136000000,50,false,0.29
"HTN",140710,"/Date(1701932865000)/",17150,400,2204800,38114000000,0,true,0
"HTN",140710,"/Date(1701932865000)/",17150,500,2204400,38107000000,0,true,0
"HTN",140710,"/Date(1701932865000)/",17150,300,2203900,38098000000,0,true,0
"HTN",140638,"/Date(1701932833000)/",17150,100,2203600,38093000000,0,false,0
"HTN",140619,"/Date(1701932814000)/",17100,500,2203500,38091000000,-50,false,-0.29
"HTN",140609,"/Date(1701932805000)/",17100,1000,2203000,38083000000,-50,true,-0.29
"HTN",140550,"/Date(1701932785000)/",17150,1600,2202000,38066000000,0,false,0
"HTN",140509,"/Date(1701932742000)/",17200,1300,2200400,38038000000,50,true,0.29
"HTN",140502,"/Date(1701932736000)/",17200,3700,2199100,38016000000,50,true,0.29
"HTN",140502,"/Date(1701932736000)/",17200,700,2195400,37952000000,50,true,0.29
"HTN",140502,"/Date(1701932736000)/",17200,600,2194700,37940000000,50,true,0.29
"HTN",140502,"/Date(1701932736000)/",17200,2900,2194100,37930000000,50,true,0.29
"HTN",140459,"/Date(1701932733000)/",17200,1000,2191200,37880000000,50,true,0.29
"HTN",140456,"/Date(1701932730000)/",17200,500,2190200,37863000000,50,true,0.29
"HTN",140450,"/Date(1701932724000)/",17250,300,2189700,37854000000,100,true,0.58
"HTN",140443,"/Date(1701932716000)/",17250,700,2189400,37849000000,100,true,0.58
"HTN",140443,"/Date(1701932716000)/",17250,300,2188700,37837000000,100,true,0.58
"HTN",140424,"/Date(1701932698000)/",17300,100,2188400,37832000000,150,false,0.87
"HTN",140424,"/Date(1701932698000)/",17300,10000,2188300,37830000000,150,false,0.87
"HTN",140424,"/Date(1701932698000)/",17300,1000,2178300,37657000000,150,false,0.87
"HTN",140418,"/Date(1701932690000)/",17300,2000,2177300,37640000000,150,true,0.87
"HTN",140414,"/Date(1701932688000)/",17350,200,2175300,37605000000,200,false,1.17
"HTN",140405,"/Date(1701932678000)/",17350,3800,2175100,37602000000,200,true,1.17
"HTN",140402,"/Date(1701932676000)/",17350,1000,2171300,37536000000,200,true,1.17
"HTN",140358,"/Date(1701932672000)/",17350,200,2170300,37518000000,200,true,1.17
"HTN",140358,"/Date(1701932672000)/",17350,200,2170100,37515000000,200,true,1.17
"HTN",140355,"/Date(1701932670000)/",17400,600,2169900,37511000000,250,false,1.46
"HTN",140355,"/Date(1701932670000)/",17400,200,2169300,37501000000,250,false,1.46
"HTN",140355,"/Date(1701932667000)/",17350,400,2169100,37497000000,200,true,1.17
"HTN",140355,"/Date(1701932667000)/",17350,400,2168700,37491000000,200,true,1.17
"HTN",140355,"/Date(1701932667000)/",17350,600,2168300,37484000000,200,true,1.17
"HTN",140352,"/Date(1701932666000)/",17400,100,2167700,37473000000,250,false,1.46
"HTN",140352,"/Date(1701932666000)/",17400,4900,2167600,37471000000,250,false,1.46
"HTN",140349,"/Date(1701932662000)/",17350,200,2162700,37386000000,200,true,1.17
"HTN",140342,"/Date(1701932656000)/",17350,500,2162500,37383000000,200,true,1.17
"HTN",140330,"/Date(1701932644000)/",17350,100,2162000,37374000000,200,true,1.17
"HTN",140323,"/Date(1701932637000)/",17350,3200,2161900,37372000000,200,false,1.17
"HTN",140323,"/Date(1701932635000)/",17350,100,2158700,37317000000,200,false,1.17
"HTN",140323,"/Date(1701932635000)/",17350,300,2158600,37315000000,200,false,1.17
"HTN",140307,"/Date(1701932622000)/",17350,100,2158300,37310000000,200,false,1.17
"HTN",140304,"/Date(1701932617000)/",17350,600,2158200,37308000000,200,false,1.17
"HTN",140304,"/Date(1701932617000)/",17350,400,2157600,37298000000,200,false,1.17
"HTN",140254,"/Date(1701932609000)/",17350,100,2157200,37291000000,200,true,1.17
"HTN",140251,"/Date(1701932605000)/",17400,1600,2157100,37289000000,250,false,1.46
"HTN",140245,"/Date(1701932598000)/",17400,2500,2155500,37261000000,250,false,1.46
"HTN",140245,"/Date(1701932597000)/",17350,100,2153000,37218000000,200,true,1.17
"HTN",140245,"/Date(1701932597000)/",17350,300,2152900,37216000000,200,true,1.17
"HTN",140239,"/Date(1701932592000)/",17350,1900,2152600,37211000000,200,false,1.17
"HTN",140229,"/Date(1701932583000)/",17350,800,2150700,37178000000,200,true,1.17
"HTN",140226,"/Date(1701932578000)/",17400,500,2149900,37164000000,250,false,1.46
"HTN",140219,"/Date(1701932574000)/",17400,400,2149400,37155000000,250,false,1.46
"HTN",140216,"/Date(1701932568000)/",17400,100,2149000,37148000000,250,false,1.46
"HTN",140216,"/Date(1701932568000)/",17400,400,2148900,37146000000,250,false,1.46
"HTN",140210,"/Date(1701932562000)/",17400,100,2148500,37140000000,250,false,1.46
"HTN",140210,"/Date(1701932562000)/",17400,500,2148400,37138000000,250,false,1.46
"HTN",140210,"/Date(1701932562000)/",17400,100,2147900,37129000000,250,false,1.46
"HTN",140210,"/Date(1701932562000)/",17400,3700,2147800,37127000000,250,false,1.46
"HTN",140157,"/Date(1701932551000)/",17400,800,2144100,37063000000,250,false,1.46
"HTN",140157,"/Date(1701932551000)/",17400,100,2143300,37049000000,250,false,1.46
"HTN",140157,"/Date(1701932551000)/",17400,300,2143200,37047000000,250,false,1.46
"HTN",140157,"/Date(1701932551000)/",17400,600,2142900,37042000000,250,false,1.46
"HTN",140154,"/Date(1701932548000)/",17400,400,2142300,37032000000,250,false,1.46
"HTN",140154,"/Date(1701932548000)/",17400,100,2141900,37025000000,250,false,1.46
"HTN",140154,"/Date(1701932547000)/",17350,100,2141800,37023000000,200,false,1.17
"HTN",140154,"/Date(1701932547000)/",17350,400,2141700,37021000000,200,false,1.17
"HTN",140147,"/Date(1701932542000)/",17350,100,2141300,37014000000,200,false,1.17
"HTN",140147,"/Date(1701932542000)/",17350,1000,2141200,37013000000,200,false,1.17
"HTN",140147,"/Date(1701932542000)/",17350,100,2140200,36995000000,200,false,1.17
"HTN",140147,"/Date(1701932542000)/",17350,100,2140100,36993000000,200,false,1.17
"HTN",140147,"/Date(1701932542000)/",17350,200,2140000,36992000000,200,false,1.17
"HTN",140147,"/Date(1701932542000)/",17350,300,2139800,36988000000,200,false,1.17
"HTN",140147,"/Date(1701932542000)/",17350,500,2139500,36983000000,200,false,1.17
"HTN",140147,"/Date(1701932542000)/",17350,2700,2139000,36974000000,200,false,1.17
"HTN",140128,"/Date(1701932523000)/",17300,500,2136300,36928000000,150,false,0.87
"HTN",140128,"/Date(1701932523000)/",17300,500,2135800,36919000000,150,false,0.87
"HTN",140128,"/Date(1701932523000)/",17300,300,2135300,36910000000,150,false,0.87
"HTN",140128,"/Date(1701932523000)/",17300,800,2135000,36905000000,150,false,0.87
"HTN",140128,"/Date(1701932523000)/",17300,1000,2134200,36891000000,150,false,0.87
"HTN",140128,"/Date(1701932520000)/",17300,3000,2133200,36874000000,150,false,0.87
"HTN",140128,"/Date(1701932520000)/",17300,1000,2130200,36822000000,150,false,0.87
"HTN",140128,"/Date(1701932520000)/",17300,500,2129200,36805000000,150,false,0.87
"HTN",140128,"/Date(1701932520000)/",17300,300,2128700,36796000000,150,false,0.87
"HTN",140128,"/Date(1701932520000)/",17300,100,2128400,36791000000,150,false,0.87
"HTN",140128,"/Date(1701932520000)/",17300,100,2128300,36789000000,150,false,0.87
"HTN",140118,"/Date(1701932513000)/",17250,1700,2128200,36787000000,100,true,0.58
"HTN",140118,"/Date(1701932513000)/",17250,900,2126500,36758000000,100,true,0.58
"HTN",140106,"/Date(1701932500000)/",17250,500,2125600,36743000000,100,true,0.58
"HTN",140106,"/Date(1701932500000)/",17250,600,2125100,36734000000,100,true,0.58
"HTN",140103,"/Date(1701932495000)/",17250,1000,2124500,36724000000,100,false,0.58
"HTN",140024,"/Date(1701932456000)/",17200,900,2123500,36706000000,50,false,0.29
"HTN",140021,"/Date(1701932455000)/",17200,500,2122600,36691000000,50,false,0.29
"HTN",140011,"/Date(1701932446000)/",17200,600,2122100,36682000000,50,false,0.29
"HTN",140011,"/Date(1701932446000)/",17200,500,2121500,36672000000,50,false,0.29
"HTN",140011,"/Date(1701932446000)/",17200,500,2121000,36663000000,50,false,0.29
"HTN",140011,"/Date(1701932446000)/",17200,1000,2120500,36655000000,50,false,0.29
"HTN",140011,"/Date(1701932446000)/",17200,1000,2119500,36638000000,50,false,0.29
"HTN",140011,"/Date(1701932446000)/",17200,400,2118500,36620000000,50,false,0.29
"HTN",135949,"/Date(1701932421000)/",17150,3000,2118100,36613000000,0,true,0
"HTN",135904,"/Date(1701932376000)/",17150,400,2115100,36562000000,0,false,0
"HTN",135757,"/Date(1701932308000)/",17150,100,2114700,36555000000,0,false,0
"HTN",135728,"/Date(1701932282000)/",17150,1000,2114600,36553000000,0,false,0
"HTN",135715,"/Date(1701932267000)/",17150,1000,2113600,36536000000,0,false,0
"HTN",135627,"/Date(1701932221000)/",17150,5000,2112600,36519000000,0,false,0
"HTN",135627,"/Date(1701932220000)/",17100,200,2107600,36433000000,-50,true,-0.29
"HTN",135627,"/Date(1701932220000)/",17100,100,2107400,36430000000,-50,true,-0.29
"HTN",135627,"/Date(1701932220000)/",17100,100,2107300,36428000000,-50,true,-0.29
"HTN",135627,"/Date(1701932220000)/",17100,100,2107200,36427000000,-50,true,-0.29
"HTN",135614,"/Date(1701932207000)/",17150,100,2107100,36425000000,0,false,0
"HTN",135601,"/Date(1701932195000)/",17100,100,2107000,36423000000,-50,false,-0.29
"HTN",135555,"/Date(1701932188000)/",17100,100,2106900,36421000000,-50,false,-0.29
"HTN",135523,"/Date(1701932154000)/",17100,4800,2106800,36420000000,-50,false,-0.29
"HTN",135523,"/Date(1701932154000)/",17100,200,2102000,36338000000,-50,false,-0.29
"HTN",135501,"/Date(1701932132000)/",17050,5800,2101800,36334000000,-100,true,-0.58
"HTN",135441,"/Date(1701932112000)/",17050,2300,2096000,36235000000,-100,true,-0.58
"HTN",135441,"/Date(1701932112000)/",17050,1900,2093700,36196000000,-100,true,-0.58
"HTN",135331,"/Date(1701932043000)/",17000,300,2091800,36164000000,-150,true,-0.87
"HTN",135331,"/Date(1701932043000)/",17000,100,2091500,36159000000,-150,true,-0.87
"HTN",135312,"/Date(1701932024000)/",17000,500,2091400,36157000000,-150,true,-0.87
"HTN",135142,"/Date(1701931934000)/",17050,100,2090900,36148000000,-100,false,-0.58
"HTN",135133,"/Date(1701931926000)/",17000,400,2090800,36147000000,-150,true,-0.87
"HTN",135133,"/Date(1701931926000)/",17000,500,2090400,36140000000,-150,true,-0.87
"HTN",135133,"/Date(1701931926000)/",17000,100,2089900,36131000000,-150,true,-0.87
"HTN",135045,"/Date(1701931878000)/",17000,200,2089800,36130000000,-150,true,-0.87
"HTN",135035,"/Date(1701931868000)/",17000,1400,2089600,36126000000,-150,true,-0.87
"HTN",135032,"/Date(1701931865000)/",17000,5000,2088200,36102000000,-150,true,-0.87
"HTN",135022,"/Date(1701931856000)/",17000,600,2083200,36017000000,-150,true,-0.87
"HTN",135022,"/Date(1701931855000)/",17000,500,2082600,36007000000,-150,true,-0.87
"HTN",135003,"/Date(1701931837000)/",17000,2200,2082100,35999000000,-150,true,-0.87
"HTN",135003,"/Date(1701931837000)/",17000,1000,2079900,35961000000,-150,true,-0.87
"HTN",135003,"/Date(1701931837000)/",17000,200,2078900,35944000000,-150,true,-0.87
"HTN",135003,"/Date(1701931837000)/",17000,100,2078700,35941000000,-150,true,-0.87
"HTN",135003,"/Date(1701931837000)/",17000,1000,2078600,35939000000,-150,true,-0.87
"HTN",135003,"/Date(1701931837000)/",17000,500,2077600,35922000000,-150,true,-0.87
"HTN",134957,"/Date(1701931830000)/",17000,1400,2077100,35914000000,-150,true,-0.87
"HTN",134957,"/Date(1701931830000)/",17000,100,2075700,35890000000,-150,true,-0.87
"HTN",134957,"/Date(1701931830000)/",17000,400,2075600,35888000000,-150,true,-0.87
"HTN",134846,"/Date(1701931757000)/",17050,500,2075200,35881000000,-100,false,-0.58
"HTN",134827,"/Date(1701931740000)/",17050,500,2074700,35873000000,-100,true,-0.58
"HTN",134827,"/Date(1701931740000)/",17050,1500,2074200,35864000000,-100,true,-0.58
"HTN",134811,"/Date(1701931723000)/",17050,500,2072700,35839000000,-100,true,-0.58
"HTN",134726,"/Date(1701931680000)/",17100,500,2072200,35830000000,-50,true,-0.29
"HTN",134726,"/Date(1701931680000)/",17100,500,2071700,35822000000,-50,true,-0.29
"HTN",134726,"/Date(1701931680000)/",17100,100,2071200,35813000000,-50,true,-0.29
"HTN",134720,"/Date(1701931672000)/",17150,9000,2071100,35812000000,0,false,0
"HTN",134720,"/Date(1701931672000)/",17150,7800,2062100,35657000000,0,false,0
"HTN",134717,"/Date(1701931668000)/",17150,2200,2054300,35523000000,0,true,0
"HTN",134717,"/Date(1701931668000)/",17150,300,2052100,35486000000,0,true,0
"HTN",134717,"/Date(1701931668000)/",17150,4300,2051800,35481000000,0,true,0
"HTN",134714,"/Date(1701931664000)/",17150,100,2047500,35407000000,0,true,0
"HTN",134623,"/Date(1701931615000)/",17200,100,2047400,35405000000,50,false,0.29
"HTN",134610,"/Date(1701931603000)/",17200,1000,2047300,35403000000,50,false,0.29
"HTN",134547,"/Date(1701931579000)/",17200,800,2046300,35386000000,50,true,0.29
"HTN",134547,"/Date(1701931579000)/",17200,1700,2045500,35372000000,50,true,0.29
"HTN",134547,"/Date(1701931579000)/",17200,800,2043800,35343000000,50,true,0.29
"HTN",134547,"/Date(1701931579000)/",17200,700,2043000,35329000000,50,true,0.29
"HTN",134547,"/Date(1701931578000)/",17250,5000,2042300,35317000000,100,false,0.58
"HTN",134541,"/Date(1701931574000)/",17200,1000,2037300,35231000000,50,true,0.29
"HTN",134541,"/Date(1701931574000)/",17200,300,2036300,35214000000,50,true,0.29
"HTN",134541,"/Date(1701931574000)/",17200,1500,2036000,35209000000,50,true,0.29
"HTN",134541,"/Date(1701931574000)/",17200,200,2034500,35183000000,50,true,0.29
"HTN",134538,"/Date(1701931570000)/",17200,100,2034300,35179000000,50,true,0.29
"HTN",134538,"/Date(1701931570000)/",17200,100,2034200,35178000000,50,true,0.29
"HTN",134538,"/Date(1701931570000)/",17200,100,2034100,35176000000,50,true,0.29
"HTN",134538,"/Date(1701931568000)/",17200,1000,2034000,35174000000,50,true,0.29
"HTN",134415,"/Date(1701931485000)/",17200,1000,2033000,35157000000,50,true,0.29
"HTN",134337,"/Date(1701931450000)/",17200,900,2032000,35140000000,50,true,0.29
"HTN",134337,"/Date(1701931450000)/",17200,100,2031100,35124000000,50,true,0.29
"HTN",134311,"/Date(1701931422000)/",17200,400,2031000,35123000000,50,true,0.29
"HTN",134311,"/Date(1701931422000)/",17200,300,2030600,35116000000,50,true,0.29
"HTN",134311,"/Date(1701931422000)/",17200,500,2030300,35111000000,50,true,0.29
"HTN",134311,"/Date(1701931422000)/",17200,900,2029800,35102000000,50,true,0.29
"HTN",134311,"/Date(1701931422000)/",17250,2600,2028900,35087000000,100,true,0.58
"HTN",134305,"/Date(1701931416000)/",17250,1000,2026300,35042000000,100,true,0.58
"HTN",134249,"/Date(1701931402000)/",17250,1000,2025300,35025000000,100,true,0.58
"HTN",134246,"/Date(1701931396000)/",17250,500,2024300,35007000000,100,false,0.58
"HTN",134246,"/Date(1701931396000)/",17250,1000,2023800,34999000000,100,false,0.58
"HTN",134246,"/Date(1701931396000)/",17250,100,2022800,34981000000,100,false,0.58
"HTN",134246,"/Date(1701931396000)/",17250,500,2022700,34980000000,100,false,0.58
"HTN",134246,"/Date(1701931396000)/",17250,300,2022200,34971000000,100,false,0.58
"HTN",134242,"/Date(1701931395000)/",17250,1000,2021900,34966000000,100,false,0.58
"HTN",134242,"/Date(1701931395000)/",17250,400,2020900,34949000000,100,false,0.58
"HTN",134242,"/Date(1701931395000)/",17250,200,2020500,34942000000,100,false,0.58
"HTN",134242,"/Date(1701931395000)/",17250,400,2020300,34938000000,100,false,0.58
"HTN",134230,"/Date(1701931382000)/",17200,1000,2019900,34931000000,50,true,0.29
"HTN",134220,"/Date(1701931371000)/",17250,500,2018900,34914000000,100,false,0.58
"HTN",134214,"/Date(1701931365000)/",17200,1000,2018400,34906000000,50,true,0.29
"HTN",134207,"/Date(1701931360000)/",17200,200,2017400,34888000000,50,true,0.29
"HTN",134151,"/Date(1701931343000)/",17200,5000,2017200,34885000000,50,false,0.29
"HTN",134151,"/Date(1701931343000)/",17200,100,2012200,34799000000,50,false,0.29
"HTN",134151,"/Date(1701931343000)/",17200,200,2012100,34797000000,50,false,0.29
"HTN",134151,"/Date(1701931343000)/",17200,3000,2011900,34794000000,50,false,0.29
"HTN",134151,"/Date(1701931343000)/",17200,500,2008900,34742000000,50,false,0.29
"HTN",134151,"/Date(1701931343000)/",17200,100,2008400,34734000000,50,false,0.29
"HTN",134151,"/Date(1701931343000)/",17200,100,2008300,34732000000,50,false,0.29
"HTN",134151,"/Date(1701931343000)/",17200,1400,2008200,34730000000,50,false,0.29
"HTN",134142,"/Date(1701931335000)/",17200,600,2006800,34706000000,50,false,0.29
"HTN",134142,"/Date(1701931335000)/",17200,400,2006200,34696000000,50,false,0.29
"HTN",134135,"/Date(1701931327000)/",17200,100,2005800,34689000000,50,false,0.29
"HTN",134113,"/Date(1701931303000)/",17150,2000,2005700,34687000000,0,true,0
"HTN",134100,"/Date(1701931291000)/",17150,1000,2003700,34653000000,0,true,0
"HTN",134100,"/Date(1701931291000)/",17150,1000,2002700,34636000000,0,true,0
"HTN",134100,"/Date(1701931291000)/",17150,2100,2001700,34618000000,0,true,0
"HTN",134100,"/Date(1701931290000)/",17150,600,1999600,34582000000,0,true,0
"HTN",134100,"/Date(1701931290000)/",17150,100,1999000,34572000000,0,true,0
"HTN",134100,"/Date(1701931290000)/",17150,300,1998900,34570000000,0,true,0
"HTN",134054,"/Date(1701931286000)/",17100,400,1998600,34565000000,-50,true,-0.29
"HTN",134054,"/Date(1701931286000)/",17100,600,1998200,34558000000,-50,true,-0.29
"HTN",134006,"/Date(1701931236000)/",17100,400,1997600,34548000000,-50,true,-0.29
"HTN",133924,"/Date(1701931195000)/",17100,600,1997200,34541000000,-50,false,-0.29
"HTN",133924,"/Date(1701931195000)/",17100,400,1996600,34531000000,-50,false,-0.29
"HTN",133901,"/Date(1701931174000)/",17100,1100,1996200,34524000000,-50,false,-0.29
"HTN",133901,"/Date(1701931174000)/",17100,200,1995100,34505000000,-50,false,-0.29
"HTN",133833,"/Date(1701931144000)/",17100,100,1994900,34502000000,-50,false,-0.29
"HTN",133833,"/Date(1701931144000)/",17100,5000,1994800,34500000000,-50,false,-0.29
"HTN",133833,"/Date(1701931144000)/",17100,4900,1989800,34415000000,-50,false,-0.29
"HTN",133820,"/Date(1701931132000)/",17000,700,1984900,34331000000,-150,true,-0.87
"HTN",133745,"/Date(1701931098000)/",17000,900,1984200,34319000000,-150,true,-0.87
"HTN",133745,"/Date(1701931098000)/",17000,1100,1983300,34304000000,-150,true,-0.87
"HTN",133732,"/Date(1701931082000)/",17000,100,1982200,34285000000,-150,true,-0.87
"HTN",133651,"/Date(1701931043000)/",17000,1000,1982100,34283000000,-150,false,-0.87
"HTN",133651,"/Date(1701931043000)/",17000,2000,1981100,34266000000,-150,false,-0.87
"HTN",133651,"/Date(1701931043000)/",17000,500,1979100,34232000000,-150,false,-0.87
"HTN",133651,"/Date(1701931043000)/",17000,300,1978600,34224000000,-150,false,-0.87
"HTN",133459,"/Date(1701930929000)/",16950,1000,1978300,34219000000,-200,true,-1.17
"HTN",133459,"/Date(1701930929000)/",16950,100,1977300,34202000000,-200,true,-1.17
"HTN",133440,"/Date(1701930911000)/",16950,500,1977200,34200000000,-200,false,-1.17
"HTN",133433,"/Date(1701930904000)/",16950,3000,1976700,34192000000,-200,false,-1.17
"HTN",133411,"/Date(1701930881000)/",16950,1000,1973700,34141000000,-200,false,-1.17
"HTN",133404,"/Date(1701930874000)/",16900,600,1972700,34124000000,-250,true,-1.46
"HTN",133404,"/Date(1701930874000)/",16900,100,1972100,34114000000,-250,true,-1.46
"HTN",133404,"/Date(1701930874000)/",16900,300,1972000,34112000000,-250,true,-1.46
"HTN",133150,"/Date(1701930740000)/",16900,2200,1971700,34107000000,-250,true,-1.46
"HTN",133150,"/Date(1701930740000)/",16900,800,1969500,34070000000,-250,true,-1.46
"HTN",133134,"/Date(1701930725000)/",16900,300,1968700,34056000000,-250,true,-1.46
"HTN",132945,"/Date(1701930614000)/",16900,900,1968400,34051000000,-250,true,-1.46
"HTN",132945,"/Date(1701930614000)/",16900,500,1967500,34036000000,-250,true,-1.46
"HTN",132945,"/Date(1701930614000)/",16900,900,1967000,34028000000,-250,true,-1.46
"HTN",132936,"/Date(1701930605000)/",16900,2100,1966100,34012000000,-250,true,-1.46
"HTN",132936,"/Date(1701930605000)/",16900,400,1964000,33977000000,-250,true,-1.46
"HTN",132936,"/Date(1701930605000)/",16900,1500,1963600,33970000000,-250,true,-1.46
"HTN",132910,"/Date(1701930579000)/",16900,100,1962100,33945000000,-250,true,-1.46
"HTN",132901,"/Date(1701930572000)/",16900,2000,1962000,33943000000,-250,true,-1.46
"HTN",132839,"/Date(1701930550000)/",16900,1400,1960000,33909000000,-250,true,-1.46
"HTN",132839,"/Date(1701930550000)/",16900,700,1958600,33886000000,-250,true,-1.46
"HTN",132829,"/Date(1701930538000)/",16900,200,1957900,33874000000,-250,true,-1.46
"HTN",132813,"/Date(1701930523000)/",16950,100,1957700,33870000000,-200,false,-1.17
"HTN",132751,"/Date(1701930501000)/",16950,5000,1957600,33869000000,-200,false,-1.17
"HTN",132741,"/Date(1701930491000)/",16950,300,1952600,33784000000,-200,true,-1.17
"HTN",132612,"/Date(1701930403000)/",16950,1000,1952300,33779000000,-200,true,-1.17
"HTN",132351,"/Date(1701930261000)/",16900,5000,1951300,33762000000,-250,true,-1.46
"HTN",132310,"/Date(1701930219000)/",16900,7400,1946300,33677000000,-250,true,-1.46
"HTN",132310,"/Date(1701930219000)/",16950,500,1938900,33552000000,-200,true,-1.17
"HTN",132310,"/Date(1701930219000)/",16950,500,1938400,33544000000,-200,true,-1.17
"HTN",132310,"/Date(1701930219000)/",16950,500,1937900,33535000000,-200,true,-1.17
"HTN",132310,"/Date(1701930219000)/",16950,200,1937400,33527000000,-200,true,-1.17
"HTN",132310,"/Date(1701930219000)/",16950,200,1937200,33524000000,-200,true,-1.17
"HTN",132108,"/Date(1701930098000)/",16900,17000,1937000,33520000000,-250,true,-1.46
"HTN",132108,"/Date(1701930098000)/",16900,100,1920000,33233000000,-250,true,-1.46
"HTN",132108,"/Date(1701930098000)/",16900,100,1919900,33231000000,-250,true,-1.46
"HTN",132108,"/Date(1701930098000)/",16900,200,1919800,33230000000,-250,true,-1.46
"HTN",132108,"/Date(1701930098000)/",16900,100,1919600,33226000000,-250,true,-1.46
"HTN",132108,"/Date(1701930098000)/",16900,8100,1919500,33224000000,-250,true,-1.46
"HTN",132108,"/Date(1701930098000)/",16950,300,1911400,33088000000,-200,true,-1.17
"HTN",132108,"/Date(1701930098000)/",16950,4100,1911100,33082000000,-200,true,-1.17
"HTN",132055,"/Date(1701930086000)/",17000,300,1907000,33013000000,-150,false,-0.87
"HTN",132049,"/Date(1701930078000)/",17000,400,1906700,33008000000,-150,false,-0.87
"HTN",132049,"/Date(1701930078000)/",17000,200,1906300,33001000000,-150,false,-0.87
"HTN",132049,"/Date(1701930078000)/",17000,1100,1906100,32998000000,-150,false,-0.87
"HTN",132046,"/Date(1701930073000)/",17000,1000,1905000,32979000000,-150,false,-0.87
"HTN",132001,"/Date(1701930030000)/",17000,1000,1904000,32962000000,-150,false,-0.87
"HTN",131929,"/Date(1701929998000)/",17000,400,1903000,32945000000,-150,false,-0.87
"HTN",131810,"/Date(1701929920000)/",17000,500,1902600,32938000000,-150,false,-0.87
"HTN",131800,"/Date(1701929910000)/",17000,3000,1902100,32930000000,-150,true,-0.87
"HTN",131800,"/Date(1701929910000)/",17000,3000,1899100,32879000000,-150,true,-0.87
"HTN",131754,"/Date(1701929902000)/",17000,100,1896100,32828000000,-150,true,-0.87
"HTN",131744,"/Date(1701929892000)/",17000,200,1896000,32826000000,-150,true,-0.87
"HTN",131744,"/Date(1701929892000)/",17000,200,1895800,32823000000,-150,true,-0.87
"HTN",131718,"/Date(1701929869000)/",17100,200,1895600,32819000000,-50,false,-0.29
"HTN",131718,"/Date(1701929869000)/",17100,200,1895400,32816000000,-50,false,-0.29
"HTN",131718,"/Date(1701929869000)/",17100,100,1895200,32812000000,-50,false,-0.29
"HTN",131718,"/Date(1701929869000)/",17000,1500,1895100,32811000000,-150,false,-0.87
"HTN",131715,"/Date(1701929866000)/",16950,1900,1893600,32785000000,-200,true,-1.17
"HTN",131715,"/Date(1701929866000)/",16950,2800,1891700,32753000000,-200,true,-1.17
"HTN",131712,"/Date(1701929861000)/",17000,2000,1888900,32705000000,-150,true,-0.87
"HTN",131712,"/Date(1701929861000)/",17000,1000,1886900,32671000000,-150,true,-0.87
"HTN",131712,"/Date(1701929861000)/",17000,100,1885900,32654000000,-150,true,-0.87
"HTN",131712,"/Date(1701929861000)/",17000,400,1885800,32653000000,-150,true,-0.87
"HTN",131706,"/Date(1701929854000)/",17100,200,1885400,32646000000,-50,false,-0.29
"HTN",131549,"/Date(1701929779000)/",17100,200,1885200,32643000000,-50,false,-0.29
"HTN",131523,"/Date(1701929751000)/",17100,1700,1885000,32639000000,-50,false,-0.29
"HTN",131458,"/Date(1701929727000)/",17100,1200,1883300,32610000000,-50,false,-0.29
"HTN",131458,"/Date(1701929727000)/",17000,600,1882100,32590000000,-150,true,-0.87
"HTN",131458,"/Date(1701929727000)/",17000,800,1881500,32579000000,-150,true,-0.87
"HTN",131458,"/Date(1701929727000)/",17000,2100,1880700,32566000000,-150,true,-0.87
"HTN",131407,"/Date(1701929677000)/",17000,200,1878600,32530000000,-150,true,-0.87
"HTN",131407,"/Date(1701929677000)/",17000,700,1878400,32527000000,-150,true,-0.87
"HTN",131357,"/Date(1701929667000)/",17050,1000,1877700,32515000000,-100,false,-0.58
"HTN",131319,"/Date(1701929627000)/",17000,300,1876700,32498000000,-150,true,-0.87
"HTN",131319,"/Date(1701929627000)/",17000,700,1876400,32493000000,-150,true,-0.87
"HTN",131150,"/Date(1701929537000)/",17000,600,1875700,32481000000,-150,true,-0.87
"HTN",131150,"/Date(1701929537000)/",17050,100,1875100,32470000000,-100,false,-0.58
"HTN",131150,"/Date(1701929537000)/",17100,300,1875000,32469000000,-50,false,-0.29
"HTN",131140,"/Date(1701929530000)/",17100,100,1874700,32464000000,-50,true,-0.29
"HTN",131140,"/Date(1701929530000)/",17100,400,1874600,32462000000,-50,true,-0.29
"HTN",131033,"/Date(1701929462000)/",17100,600,1874200,32455000000,-50,false,-0.29
"HTN",131030,"/Date(1701929458000)/",17100,100,1873600,32445000000,-50,false,-0.29
"HTN",131023,"/Date(1701929452000)/",17100,400,1873500,32443000000,-50,false,-0.29
"HTN",131023,"/Date(1701929452000)/",17100,1000,1873100,32436000000,-50,false,-0.29
"HTN",131023,"/Date(1701929452000)/",17100,8600,1872100,32419000000,-50,false,-0.29
"HTN",131007,"/Date(1701929437000)/",17050,1000,1863500,32272000000,-100,false,-0.58
"HTN",131007,"/Date(1701929437000)/",17050,400,1862500,32255000000,-100,false,-0.58
"HTN",130948,"/Date(1701929417000)/",17000,400,1862100,32248000000,-150,false,-0.87
"HTN",130948,"/Date(1701929417000)/",17000,2000,1861700,32241000000,-150,false,-0.87
"HTN",130948,"/Date(1701929417000)/",17000,4400,1859700,32207000000,-150,false,-0.87
"HTN",130907,"/Date(1701929375000)/",16950,200,1855300,32133000000,-200,true,-1.17
"HTN",130819,"/Date(1701929326000)/",16950,1000,1855100,32129000000,-200,false,-1.17
"HTN",130819,"/Date(1701929326000)/",16950,2000,1854100,32112000000,-200,false,-1.17
"HTN",130819,"/Date(1701929326000)/",16950,4000,1852100,32078000000,-200,false,-1.17
"HTN",130803,"/Date(1701929311000)/",16950,700,1848100,32011000000,-200,false,-1.17
"HTN",130756,"/Date(1701929304000)/",16950,100,1847400,31999000000,-200,false,-1.17
"HTN",130740,"/Date(1701929289000)/",16950,100,1847300,31997000000,-200,false,-1.17
"HTN",130740,"/Date(1701929288000)/",16950,2000,1847200,31995000000,-200,false,-1.17
"HTN",130731,"/Date(1701929281000)/",16950,1000,1845200,31961000000,-200,false,-1.17
"HTN",130721,"/Date(1701929270000)/",16900,100,1844200,31945000000,-250,true,-1.46
"HTN",130624,"/Date(1701929212000)/",16900,1200,1844100,31943000000,-250,false,-1.46
"HTN",130614,"/Date(1701929202000)/",16900,500,1842900,31923000000,-250,false,-1.46
"HTN",130601,"/Date(1701929190000)/",16900,100,1842400,31914000000,-250,false,-1.46
"HTN",130601,"/Date(1701929190000)/",16900,200,1842300,31912000000,-250,false,-1.46
"HTN",130601,"/Date(1701929189000)/",16950,800,1842100,31909000000,-200,false,-1.17
"HTN",130552,"/Date(1701929179000)/",16900,100,1841300,31895000000,-250,false,-1.46
"HTN",130552,"/Date(1701929179000)/",16900,900,1841200,31894000000,-250,false,-1.46
"HTN",130552,"/Date(1701929179000)/",16900,200,1840300,31879000000,-250,false,-1.46
"HTN",130552,"/Date(1701929179000)/",16900,200,1840100,31875000000,-250,false,-1.46
"HTN",130552,"/Date(1701929179000)/",16900,400,1839900,31872000000,-250,false,-1.46
"HTN",130552,"/Date(1701929179000)/",16900,3000,1839500,31865000000,-250,false,-1.46
"HTN",130533,"/Date(1701929162000)/",16900,1000,1836500,31814000000,-250,false,-1.46
"HTN",130442,"/Date(1701929109000)/",16850,100,1835500,31797000000,-300,true,-1.75
"HTN",130442,"/Date(1701929109000)/",16850,100,1835400,31796000000,-300,true,-1.75
"HTN",130442,"/Date(1701929109000)/",16850,300,1835300,31794000000,-300,true,-1.75
"HTN",130426,"/Date(1701929092000)/",16900,1000,1835000,31789000000,-250,false,-1.46
"HTN",130315,"/Date(1701929024000)/",16850,200,1834000,31772000000,-300,false,-1.75
"HTN",130312,"/Date(1701929020000)/",16850,300,1833800,31769000000,-300,false,-1.75
"HTN",130243,"/Date(1701928991000)/",16850,100,1833500,31764000000,-300,true,-1.75
"HTN",130221,"/Date(1701928968000)/",16850,500,1833400,31762000000,-300,false,-1.75
"HTN",130202,"/Date(1701928949000)/",16800,300,1832900,31754000000,-350,true,-2.04
"HTN",130202,"/Date(1701928949000)/",16800,100,1832600,31749000000,-350,true,-2.04
"HTN",130202,"/Date(1701928949000)/",16800,300,1832500,31747000000,-350,true,-2.04
"HTN",130149,"/Date(1701928937000)/",16850,100,1832200,31742000000,-300,true,-1.75
"HTN",130149,"/Date(1701928937000)/",16850,100,1832100,31740000000,-300,true,-1.75
"HTN",130149,"/Date(1701928937000)/",16850,100,1832000,31738000000,-300,true,-1.75
"HTN",130149,"/Date(1701928937000)/",16850,5000,1831900,31737000000,-300,true,-1.75
"HTN",130149,"/Date(1701928937000)/",16850,1000,1826900,31653000000,-300,true,-1.75
"HTN",130149,"/Date(1701928937000)/",16850,1400,1825900,31636000000,-300,true,-1.75
"HTN",130146,"/Date(1701928933000)/",16850,3300,1824500,31612000000,-300,true,-1.75
"HTN",130146,"/Date(1701928933000)/",16850,100,1821200,31556000000,-300,true,-1.75
"HTN",130101,"/Date(1701928890000)/",16850,200,1821100,31555000000,-300,true,-1.75
"HTN",130101,"/Date(1701928890000)/",16850,200,1820900,31551000000,-300,true,-1.75
"HTN",130023,"/Date(1701928840000)/",16900,400,1820700,31548000000,-250,false,-1.46
"HTN",130010,"/Date(1701928821000)/",16900,500,1820300,31541000000,-250,false,-1.46
"HTN",130004,"/Date(1701928812000)/",16850,200,1819800,31533000000,-300,true,-1.75
"HTN",130001,"/Date(1701928807000)/",16900,100,1819600,31529000000,-250,false,-1.46
"HTN",130001,"/Date(1701928807000)/",16900,500,1819500,31528000000,-250,false,-1.46
"HTN",130001,"/Date(1701928807000)/",16900,300,1819000,31519000000,-250,false,-1.46
"HTN",130001,"/Date(1701928807000)/",16900,100,1818700,31514000000,-250,false,-1.46
"HTN",125954,"/Date(1701928802000)/",16850,1000,1818600,31513000000,-300,true,-1.75
"HTN",125951,"/Date(1701928800000)/",16900,100,1817600,31496000000,-250,false,-1.46
"HTN",125951,"/Date(1701928800000)/",16900,1900,1817500,31494000000,-250,false,-1.46
"HTN",125945,"/Date(1701928800000)/",16850,600,1815600,31462000000,-300,true,-1.75
"HTN",125945,"/Date(1701928800000)/",16850,100,1815000,31452000000,-300,true,-1.75
"HTN",125945,"/Date(1701928800000)/",16850,2000,1814900,31450000000,-300,true,-1.75
"HTN",112908,"/Date(1701923369000)/",16900,200,1812900,31416000000,-250,true,-1.46
"HTN",112908,"/Date(1701923369000)/",16900,3000,1812700,31413000000,-250,true,-1.46
"HTN",112908,"/Date(1701923369000)/",16900,500,1809700,31362000000,-250,true,-1.46
"HTN",112908,"/Date(1701923369000)/",16900,1000,1809200,31354000000,-250,true,-1.46
"HTN",112908,"/Date(1701923369000)/",16900,100,1808200,31337000000,-250,true,-1.46
"HTN",112908,"/Date(1701923369000)/",16900,100,1808100,31335000000,-250,true,-1.46
"HTN",112859,"/Date(1701923358000)/",16900,1900,1808000,31334000000,-250,true,-1.46
"HTN",112859,"/Date(1701923358000)/",16900,600,1806100,31301000000,-250,true,-1.46
"HTN",112859,"/Date(1701923358000)/",16900,300,1805500,31291000000,-250,true,-1.46
"HTN",112859,"/Date(1701923358000)/",16900,100,1805200,31286000000,-250,true,-1.46
"HTN",112808,"/Date(1701923308000)/",16950,1000,1805100,31285000000,-200,false,-1.17
"HTN",112808,"/Date(1701923308000)/",16950,100,1804100,31268000000,-200,false,-1.17
"HTN",112808,"/Date(1701923308000)/",16950,200,1804000,31266000000,-200,false,-1.17
"HTN",112648,"/Date(1701923227000)/",16950,400,1803800,31263000000,-200,true,-1.17
"HTN",112648,"/Date(1701923227000)/",16950,1000,1803400,31256000000,-200,true,-1.17
"HTN",112648,"/Date(1701923227000)/",16950,600,1802400,31239000000,-200,true,-1.17
"HTN",112610,"/Date(1701923190000)/",16950,2000,1801800,31229000000,-200,true,-1.17
"HTN",112531,"/Date(1701923150000)/",16950,1000,1799800,31195000000,-200,true,-1.17
"HTN",112418,"/Date(1701923078000)/",17000,3000,1798800,31178000000,-150,false,-0.87
"HTN",112349,"/Date(1701923049000)/",17000,100,1795800,31127000000,-150,false,-0.87
"HTN",112346,"/Date(1701923046000)/",17000,2500,1795700,31125000000,-150,false,-0.87
"HTN",112317,"/Date(1701923017000)/",17000,5000,1793200,31083000000,-150,false,-0.87
"HTN",112317,"/Date(1701923017000)/",17000,1000,1788200,30998000000,-150,false,-0.87
"HTN",112317,"/Date(1701923017000)/",17000,500,1787200,30981000000,-150,false,-0.87
"HTN",112311,"/Date(1701923011000)/",17000,500,1786700,30972000000,-150,false,-0.87
"HTN",112141,"/Date(1701922920000)/",16950,900,1786200,30964000000,-200,false,-1.17
"HTN",112135,"/Date(1701922915000)/",16950,200,1785300,30948000000,-200,false,-1.17
"HTN",112122,"/Date(1701922900000)/",16950,800,1785100,30945000000,-200,false,-1.17
"HTN",112110,"/Date(1701922889000)/",16950,100,1784300,30931000000,-200,false,-1.17
"HTN",112028,"/Date(1701922848000)/",16900,100,1784200,30930000000,-250,true,-1.46
"HTN",112028,"/Date(1701922848000)/",16900,100,1784100,30928000000,-250,true,-1.46
"HTN",112025,"/Date(1701922845000)/",16900,400,1784000,30926000000,-250,true,-1.46
"HTN",112025,"/Date(1701922845000)/",16900,2200,1783600,30920000000,-250,true,-1.46
"HTN",111956,"/Date(1701922816000)/",16900,2000,1781400,30882000000,-250,true,-1.46
"HTN",111931,"/Date(1701922789000)/",16900,800,1779400,30849000000,-250,true,-1.46
"HTN",111931,"/Date(1701922789000)/",16900,1200,1778600,30835000000,-250,true,-1.46
"HTN",111912,"/Date(1701922771000)/",16900,800,1777400,30815000000,-250,true,-1.46
"HTN",111912,"/Date(1701922771000)/",16900,4000,1776600,30801000000,-250,true,-1.46
"HTN",111912,"/Date(1701922771000)/",16900,200,1772600,30734000000,-250,true,-1.46
"HTN",111859,"/Date(1701922757000)/",16900,300,1772400,30730000000,-250,false,-1.46
"HTN",111856,"/Date(1701922755000)/",16900,800,1772100,30725000000,-250,true,-1.46
"HTN",111856,"/Date(1701922755000)/",16900,3000,1771300,30712000000,-250,true,-1.46
"HTN",111856,"/Date(1701922755000)/",16900,900,1768300,30661000000,-250,true,-1.46
"HTN",111749,"/Date(1701922687000)/",16900,400,1767400,30646000000,-250,true,-1.46
"HTN",111749,"/Date(1701922687000)/",16900,100,1767000,30639000000,-250,true,-1.46
"HTN",111733,"/Date(1701922616000)/",16950,300,1766900,30637000000,-200,false,-1.17
"HTN",111733,"/Date(1701922615000)/",16950,400,1766600,30632000000,-200,false,-1.17
"HTN",111729,"/Date(1701922595000)/",16950,600,1766200,30625000000,-200,true,-1.17
"HTN",111729,"/Date(1701922595000)/",16950,200,1765600,30615000000,-200,true,-1.17
"HTN",111729,"/Date(1701922595000)/",16950,2900,1765400,30612000000,-200,true,-1.17
"HTN",111729,"/Date(1701922595000)/",16950,1000,1762500,30563000000,-200,true,-1.17
"HTN",111729,"/Date(1701922595000)/",16950,2000,1761500,30546000000,-200,true,-1.17
"HTN",111729,"/Date(1701922595000)/",16950,3300,1759500,30512000000,-200,true,-1.17
"HTN",111720,"/Date(1701922549000)/",17000,200,1756200,30456000000,-150,true,-0.87
"HTN",111720,"/Date(1701922549000)/",17000,1600,1756000,30453000000,-150,true,-0.87
"HTN",111713,"/Date(1701922527000)/",17000,500,1754400,30425000000,-150,true,-0.87
"HTN",111648,"/Date(1701922430000)/",17000,7900,1753900,30417000000,-150,true,-0.87
"HTN",111648,"/Date(1701922425000)/",17000,500,1746000,30283000000,-150,true,-0.87
"HTN",111645,"/Date(1701922417000)/",17000,100,1745500,30274000000,-150,false,-0.87
"HTN",111645,"/Date(1701922417000)/",17000,900,1745400,30272000000,-150,false,-0.87
"HTN",111645,"/Date(1701922412000)/",17000,1000,1744500,30257000000,-150,false,-0.87
"HTN",111645,"/Date(1701922408000)/",17000,400,1743500,30240000000,-150,false,-0.87
"HTN",111641,"/Date(1701922404000)/",17000,2000,1743100,30233000000,-150,false,-0.87
"HTN",111638,"/Date(1701922385000)/",17000,700,1741100,30199000000,-150,false,-0.87
"HTN",111632,"/Date(1701922371000)/",17000,800,1740400,30187000000,-150,false,-0.87
"HTN",111632,"/Date(1701922370000)/",17000,1000,1739600,30174000000,-150,false,-0.87
"HTN",111632,"/Date(1701922369000)/",17000,1000,1738600,30157000000,-150,false,-0.87
"HTN",111632,"/Date(1701922365000)/",17000,100,1737600,30140000000,-150,false,-0.87
"HTN",111625,"/Date(1701922346000)/",17000,100,1737500,30138000000,-150,false,-0.87
"HTN",111622,"/Date(1701922341000)/",16950,500,1737400,30136000000,-200,true,-1.17
"HTN",111619,"/Date(1701922330000)/",16950,1100,1736900,30128000000,-200,true,-1.17
"HTN",111619,"/Date(1701922330000)/",17000,200,1735800,30109000000,-150,false,-0.87
"HTN",111619,"/Date(1701922330000)/",17000,600,1735600,30106000000,-150,false,-0.87
"HTN",111619,"/Date(1701922326000)/",17000,400,1735000,30096000000,-150,false,-0.87
"HTN",111619,"/Date(1701922324000)/",17000,1000,1734600,30089000000,-150,false,-0.87
"HTN",111616,"/Date(1701922314000)/",17000,600,1733600,30072000000,-150,false,-0.87
"HTN",111616,"/Date(1701922314000)/",17000,400,1733000,30062000000,-150,false,-0.87
"HTN",111613,"/Date(1701922305000)/",17000,1000,1732600,30055000000,-150,false,-0.87
"HTN",111613,"/Date(1701922305000)/",17000,100,1731600,30038000000,-150,false,-0.87
"HTN",111613,"/Date(1701922302000)/",17000,500,1731500,30036000000,-150,false,-0.87
"HTN",111609,"/Date(1701922297000)/",17000,1000,1731000,30028000000,-150,false,-0.87
"HTN",111609,"/Date(1701922293000)/",17000,100,1730000,30011000000,-150,false,-0.87
"HTN",111609,"/Date(1701922290000)/",17000,1000,1729900,30009000000,-150,false,-0.87
"HTN",111606,"/Date(1701922288000)/",17000,900,1728900,29992000000,-150,false,-0.87
"HTN",111606,"/Date(1701922288000)/",17000,200,1728000,29977000000,-150,false,-0.87
"HTN",111606,"/Date(1701922288000)/",17000,1000,1727800,29973000000,-150,false,-0.87
"HTN",111606,"/Date(1701922288000)/",17000,500,1726800,29956000000,-150,false,-0.87
"HTN",111606,"/Date(1701922288000)/",17000,1000,1726300,29948000000,-150,false,-0.87
"HTN",111606,"/Date(1701922288000)/",17000,500,1725300,29931000000,-150,false,-0.87
"HTN",111606,"/Date(1701922288000)/",17000,400,1724800,29922000000,-150,false,-0.87
"HTN",111606,"/Date(1701922288000)/",17000,5900,1724400,29915000000,-150,false,-0.87
"HTN",111606,"/Date(1701922286000)/",17000,1000,1718500,29815000000,-150,false,-0.87
"HTN",111606,"/Date(1701922282000)/",17000,1000,1717500,29798000000,-150,false,-0.87
"HTN",111600,"/Date(1701922269000)/",16950,100,1716500,29781000000,-200,true,-1.17
"HTN",111600,"/Date(1701922267000)/",16950,1000,1716400,29779000000,-200,true,-1.17
"HTN",111600,"/Date(1701922265000)/",16950,900,1715400,29763000000,-200,true,-1.17
"HTN",111600,"/Date(1701922265000)/",16950,100,1714500,29747000000,-200,true,-1.17
"HTN",111553,"/Date(1701922250000)/",16950,100,1714400,29746000000,-200,false,-1.17
"HTN",111553,"/Date(1701922250000)/",16950,300,1714300,29744000000,-200,false,-1.17
"HTN",111550,"/Date(1701922242000)/",16950,1000,1714000,29739000000,-200,false,-1.17
"HTN",111550,"/Date(1701922242000)/",16950,2000,1713000,29722000000,-200,false,-1.17
"HTN",111547,"/Date(1701922229000)/",16900,100,1711000,29688000000,-250,true,-1.46
"HTN",111547,"/Date(1701922228000)/",16900,3000,1710900,29686000000,-250,true,-1.46
"HTN",111547,"/Date(1701922228000)/",16900,4300,1707900,29636000000,-250,true,-1.46
"HTN",111547,"/Date(1701922228000)/",16900,5000,1703600,29563000000,-250,true,-1.46
"HTN",111547,"/Date(1701922228000)/",16900,4000,1698600,29478000000,-250,true,-1.46
"HTN",111547,"/Date(1701922228000)/",16900,1000,1694600,29411000000,-250,true,-1.46
"HTN",111534,"/Date(1701922201000)/",16850,800,1693600,29394000000,-300,true,-1.75
"HTN",111534,"/Date(1701922201000)/",16850,500,1692800,29380000000,-300,true,-1.75
"HTN",111534,"/Date(1701922201000)/",16850,3700,1692300,29372000000,-300,true,-1.75
"HTN",110910,"/Date(1701922168000)/",16850,500,1688600,29310000000,-300,true,-1.75
"HTN",110907,"/Date(1701922165000)/",16850,400,1688100,29301000000,-300,false,-1.75
"HTN",110907,"/Date(1701922165000)/",16850,400,1687700,29294000000,-300,false,-1.75
"HTN",110844,"/Date(1701922142000)/",16850,100,1687300,29288000000,-300,false,-1.75
"HTN",110831,"/Date(1701922129000)/",16800,100,1687200,29286000000,-350,false,-2.04
"HTN",110828,"/Date(1701922126000)/",16800,400,1687100,29284000000,-350,false,-2.04
"HTN",110828,"/Date(1701922126000)/",16800,200,1686700,29278000000,-350,false,-2.04
"HTN",110828,"/Date(1701922126000)/",16800,400,1686500,29274000000,-350,false,-2.04
"HTN",110825,"/Date(1701922122000)/",16800,100,1686100,29268000000,-350,false,-2.04
"HTN",110815,"/Date(1701922112000)/",16750,300,1686000,29266000000,-400,true,-2.33
"HTN",110815,"/Date(1701922112000)/",16750,1300,1685700,29261000000,-400,true,-2.33
"HTN",110809,"/Date(1701922108000)/",16750,100,1684400,29239000000,-400,false,-2.33
"HTN",110806,"/Date(1701922104000)/",16750,300,1684300,29237000000,-400,false,-2.33
"HTN",110806,"/Date(1701922103000)/",16750,200,1684000,29232000000,-400,false,-2.33
"HTN",110803,"/Date(1701922101000)/",16750,100,1683800,29229000000,-400,false,-2.33
"HTN",110803,"/Date(1701922099000)/",16750,400,1683700,29227000000,-400,false,-2.33
"HTN",110800,"/Date(1701922098000)/",16750,500,1683300,29221000000,-400,true,-2.33
"HTN",110800,"/Date(1701922098000)/",16750,100,1682800,29212000000,-400,true,-2.33
"HTN",110800,"/Date(1701922098000)/",16750,500,1682700,29211000000,-400,true,-2.33
"HTN",110756,"/Date(1701922094000)/",16800,1800,1682200,29202000000,-350,false,-2.04
"HTN",110756,"/Date(1701922094000)/",16800,200,1680400,29172000000,-350,false,-2.04
"HTN",110740,"/Date(1701922076000)/",16800,100,1680200,29169000000,-350,false,-2.04
"HTN",110734,"/Date(1701922072000)/",16800,200,1680100,29167000000,-350,false,-2.04
"HTN",110734,"/Date(1701922072000)/",16800,1300,1679900,29164000000,-350,false,-2.04
"HTN",110734,"/Date(1701922070000)/",16750,100,1678600,29142000000,-400,false,-2.33
"HTN",110728,"/Date(1701922063000)/",16750,400,1678500,29140000000,-400,false,-2.33
"HTN",110718,"/Date(1701922054000)/",16750,1000,1678100,29133000000,-400,false,-2.33
"HTN",110708,"/Date(1701922045000)/",16750,2000,1677100,29117000000,-400,true,-2.33
"HTN",110708,"/Date(1701922045000)/",16750,500,1675100,29083000000,-400,true,-2.33
"HTN",110708,"/Date(1701922045000)/",16750,100,1674600,29075000000,-400,true,-2.33
"HTN",110702,"/Date(1701922040000)/",16750,300,1674500,29073000000,-400,true,-2.33
"HTN",110652,"/Date(1701922026000)/",16750,1000,1674200,29068000000,-400,true,-2.33
"HTN",110643,"/Date(1701922020000)/",16800,300,1673200,29051000000,-350,false,-2.04
"HTN",110640,"/Date(1701922016000)/",16800,1000,1672900,29046000000,-350,false,-2.04
"HTN",110627,"/Date(1701922004000)/",16800,100,1671900,29029000000,-350,true,-2.04
"HTN",110627,"/Date(1701922004000)/",16800,100,1671800,29028000000,-350,true,-2.04
"HTN",110627,"/Date(1701922004000)/",16800,200,1671700,29026000000,-350,true,-2.04
"HTN",110627,"/Date(1701922004000)/",16800,2100,1671500,29023000000,-350,true,-2.04
"HTN",110627,"/Date(1701922004000)/",16800,200,1669400,28987000000,-350,true,-2.04
"HTN",110627,"/Date(1701922004000)/",16800,200,1669200,28984000000,-350,true,-2.04
"HTN",110627,"/Date(1701922004000)/",16800,300,1669000,28981000000,-350,true,-2.04
"HTN",110624,"/Date(1701922000000)/",16800,300,1668700,28976000000,-350,true,-2.04
"HTN",110614,"/Date(1701921991000)/",16800,1900,1668400,28971000000,-350,true,-2.04
"HTN",110614,"/Date(1701921991000)/",16800,1000,1666500,28939000000,-350,true,-2.04
"HTN",110614,"/Date(1701921991000)/",16800,800,1665500,28922000000,-350,true,-2.04
"HTN",110611,"/Date(1701921990000)/",16800,200,1664700,28908000000,-350,true,-2.04
"HTN",110611,"/Date(1701921990000)/",16800,200,1664500,28905000000,-350,true,-2.04
"HTN",110611,"/Date(1701921990000)/",16850,500,1664300,28902000000,-300,true,-1.75
"HTN",110611,"/Date(1701921990000)/",16850,100,1663800,28893000000,-300,true,-1.75
"HTN",110611,"/Date(1701921990000)/",16850,100,1663700,28892000000,-300,true,-1.75
"HTN",110611,"/Date(1701921990000)/",16850,1000,1663600,28890000000,-300,true,-1.75
"HTN",110611,"/Date(1701921990000)/",16850,900,1662600,28873000000,-300,true,-1.75
"HTN",110608,"/Date(1701921984000)/",16850,100,1661700,28858000000,-300,true,-1.75
"HTN",110608,"/Date(1701921984000)/",16850,200,1661600,28856000000,-300,true,-1.75
"HTN",110608,"/Date(1701921984000)/",16900,1200,1661400,28853000000,-250,true,-1.46
"HTN",110555,"/Date(1701921972000)/",16900,1700,1660200,28833000000,-250,true,-1.46
"HTN",110552,"/Date(1701921969000)/",16900,2500,1658500,28804000000,-250,true,-1.46
"HTN",110542,"/Date(1701921960000)/",16900,4600,1656000,28762000000,-250,true,-1.46
"HTN",110542,"/Date(1701921960000)/",16900,1000,1651400,28684000000,-250,true,-1.46
"HTN",110542,"/Date(1701921960000)/",16900,1000,1650400,28667000000,-250,true,-1.46
"HTN",110542,"/Date(1701921960000)/",16900,3000,1649400,28650000000,-250,true,-1.46
"HTN",110542,"/Date(1701921960000)/",16900,2900,1646400,28599000000,-250,true,-1.46
"HTN",110539,"/Date(1701921957000)/",16900,1000,1643500,28550000000,-250,true,-1.46
"HTN",110539,"/Date(1701921956000)/",16900,700,1642500,28533000000,-250,true,-1.46
"HTN",110536,"/Date(1701921953000)/",16900,12100,1641800,28522000000,-250,true,-1.46
"HTN",110523,"/Date(1701921941000)/",16900,1000,1629700,28317000000,-250,true,-1.46
"HTN",110523,"/Date(1701921939000)/",16900,9000,1628700,28300000000,-250,true,-1.46
"HTN",110520,"/Date(1701921937000)/",16900,10000,1619700,28148000000,-250,true,-1.46
"HTN",110517,"/Date(1701921934000)/",16900,1500,1609700,27979000000,-250,true,-1.46
"HTN",110510,"/Date(1701921929000)/",16900,100,1608200,27954000000,-250,true,-1.46
"HTN",110458,"/Date(1701921914000)/",16950,200,1608100,27952000000,-200,true,-1.17
"HTN",110458,"/Date(1701921914000)/",16950,4700,1607900,27949000000,-200,true,-1.17
"HTN",110454,"/Date(1701921912000)/",16950,1000,1603200,27869000000,-200,true,-1.17
"HTN",110442,"/Date(1701921899000)/",16950,4300,1602200,27852000000,-200,false,-1.17
"HTN",110432,"/Date(1701921888000)/",16950,1000,1597900,27779000000,-200,false,-1.17
"HTN",110426,"/Date(1701921883000)/",16950,3000,1596900,27762000000,-200,false,-1.17
"HTN",110416,"/Date(1701921873000)/",16950,500,1593900,27711000000,-200,false,-1.17
"HTN",110410,"/Date(1701921868000)/",16950,200,1593400,27703000000,-200,false,-1.17
"HTN",110403,"/Date(1701921860000)/",16950,1000,1593200,27700000000,-200,false,-1.17
"HTN",110325,"/Date(1701921820000)/",16900,2000,1592200,27683000000,-250,true,-1.46
"HTN",110315,"/Date(1701921811000)/",17000,100,1590200,27649000000,-150,false,-0.87
"HTN",110315,"/Date(1701921811000)/",17000,100,1590100,27647000000,-150,false,-0.87
"HTN",110312,"/Date(1701921809000)/",16900,1600,1590000,27645000000,-250,true,-1.46
"HTN",110312,"/Date(1701921808000)/",16900,2000,1588400,27618000000,-250,true,-1.46
"HTN",110309,"/Date(1701921806000)/",16900,400,1586400,27585000000,-250,true,-1.46
"HTN",110309,"/Date(1701921805000)/",16950,500,1586000,27578000000,-200,false,-1.17
"HTN",110303,"/Date(1701921800000)/",16950,600,1585500,27569000000,-200,false,-1.17
"HTN",110303,"/Date(1701921800000)/",16950,500,1584900,27559000000,-200,false,-1.17
"HTN",110303,"/Date(1701921800000)/",16950,100,1584400,27551000000,-200,false,-1.17
"HTN",110303,"/Date(1701921800000)/",16950,1300,1584300,27549000000,-200,false,-1.17
"HTN",110303,"/Date(1701921800000)/",16900,500,1583000,27527000000,-250,true,-1.46
"HTN",110303,"/Date(1701921799000)/",16900,5200,1582500,27519000000,-250,true,-1.46
"HTN",110303,"/Date(1701921799000)/",16900,1500,1577300,27431000000,-250,true,-1.46
"HTN",110303,"/Date(1701921799000)/",16900,5000,1575800,27405000000,-250,true,-1.46
"HTN",110303,"/Date(1701921799000)/",16900,1500,1570800,27321000000,-250,true,-1.46
"HTN",110303,"/Date(1701921799000)/",16900,200,1569300,27295000000,-250,true,-1.46
"HTN",110303,"/Date(1701921799000)/",16900,4000,1569100,27292000000,-250,true,-1.46
"HTN",110303,"/Date(1701921799000)/",16900,400,1565100,27224000000,-250,true,-1.46
"HTN",110303,"/Date(1701921799000)/",16900,100,1564700,27218000000,-250,true,-1.46
"HTN",110303,"/Date(1701921799000)/",16900,100,1564600,27216000000,-250,true,-1.46
"HTN",110250,"/Date(1701921787000)/",16950,4000,1564500,27214000000,-200,true,-1.17
"HTN",110250,"/Date(1701921787000)/",16950,200,1560500,27147000000,-200,true,-1.17
"HTN",110250,"/Date(1701921787000)/",16950,500,1560300,27143000000,-200,true,-1.17
"HTN",110231,"/Date(1701921769000)/",16950,300,1559800,27135000000,-200,true,-1.17
"HTN",110231,"/Date(1701921769000)/",16950,100,1559500,27130000000,-200,true,-1.17
"HTN",110231,"/Date(1701921769000)/",17000,100,1559400,27128000000,-150,true,-0.87
"HTN",110231,"/Date(1701921769000)/",17000,1000,1559300,27126000000,-150,true,-0.87
"HTN",110231,"/Date(1701921769000)/",17000,500,1558300,27109000000,-150,true,-0.87
"HTN",110231,"/Date(1701921767000)/",17000,500,1557800,27101000000,-150,true,-0.87
"HTN",110231,"/Date(1701921767000)/",17000,200,1557300,27092000000,-150,true,-0.87
"HTN",110231,"/Date(1701921767000)/",17000,1000,1557100,27089000000,-150,true,-0.87
"HTN",110231,"/Date(1701921767000)/",17000,100,1556100,27072000000,-150,true,-0.87
"HTN",110231,"/Date(1701921767000)/",17000,200,1556000,27070000000,-150,true,-0.87
"HTN",110231,"/Date(1701921767000)/",17000,400,1555800,27067000000,-150,true,-0.87
"HTN",110231,"/Date(1701921767000)/",17000,2000,1555400,27060000000,-150,true,-0.87
"HTN",110221,"/Date(1701921756000)/",17000,600,1553400,27026000000,-150,true,-0.87
"HTN",110221,"/Date(1701921756000)/",17000,500,1552800,27016000000,-150,true,-0.87
"HTN",110218,"/Date(1701921756000)/",17000,2000,1552300,27007000000,-150,true,-0.87
"HTN",110218,"/Date(1701921756000)/",17000,100,1550300,26973000000,-150,true,-0.87
"HTN",110218,"/Date(1701921756000)/",17000,200,1550200,26971000000,-150,true,-0.87
"HTN",110218,"/Date(1701921756000)/",17000,5000,1550000,26968000000,-150,true,-0.87
"HTN",110218,"/Date(1701921756000)/",17000,2000,1545000,26883000000,-150,true,-0.87
"HTN",110218,"/Date(1701921756000)/",17000,1100,1543000,26849000000,-150,true,-0.87
"HTN",110218,"/Date(1701921756000)/",17000,500,1541900,26830000000,-150,true,-0.87
"HTN",110218,"/Date(1701921756000)/",17000,200,1541400,26822000000,-150,true,-0.87
"HTN",110218,"/Date(1701921756000)/",17000,3800,1541200,26818000000,-150,true,-0.87
"HTN",110155,"/Date(1701921733000)/",17000,1200,1537400,26754000000,-150,true,-0.87
"HTN",110155,"/Date(1701921733000)/",17000,100,1536200,26733000000,-150,true,-0.87
"HTN",110155,"/Date(1701921733000)/",17000,100,1536100,26732000000,-150,true,-0.87
"HTN",110155,"/Date(1701921733000)/",17000,600,1536000,26730000000,-150,true,-0.87
"HTN",110136,"/Date(1701921712000)/",17050,400,1535400,26720000000,-100,false,-0.58
"HTN",110136,"/Date(1701921712000)/",17050,200,1535000,26713000000,-100,false,-0.58
"HTN",110130,"/Date(1701921708000)/",17000,300,1534800,26710000000,-150,true,-0.87
"HTN",110130,"/Date(1701921707000)/",17000,100,1534500,26705000000,-150,true,-0.87
"HTN",110130,"/Date(1701921707000)/",17000,500,1534400,26703000000,-150,true,-0.87
"HTN",110130,"/Date(1701921707000)/",17000,6400,1533900,26694000000,-150,true,-0.87
"HTN",110127,"/Date(1701921704000)/",17000,2600,1527500,26586000000,-150,true,-0.87
"HTN",110127,"/Date(1701921704000)/",17000,200,1524900,26541000000,-150,true,-0.87
"HTN",110127,"/Date(1701921704000)/",17000,1000,1524700,26538000000,-150,true,-0.87
"HTN",110127,"/Date(1701921704000)/",17000,100,1523700,26521000000,-150,true,-0.87
"HTN",110127,"/Date(1701921704000)/",17000,1000,1523600,26519000000,-150,true,-0.87
"HTN",110127,"/Date(1701921704000)/",17000,500,1522600,26502000000,-150,true,-0.87
"HTN",110127,"/Date(1701921704000)/",17000,500,1522100,26494000000,-150,true,-0.87
"HTN",110127,"/Date(1701921704000)/",17000,2000,1521600,26485000000,-150,true,-0.87
"HTN",110127,"/Date(1701921704000)/",17000,100,1519600,26451000000,-150,true,-0.87
"HTN",110127,"/Date(1701921704000)/",17000,300,1519500,26450000000,-150,true,-0.87
"HTN",110127,"/Date(1701921704000)/",17000,500,1519200,26444000000,-150,true,-0.87
"HTN",110127,"/Date(1701921703000)/",17000,1000,1518700,26436000000,-150,true,-0.87
"HTN",110120,"/Date(1701921696000)/",17000,500,1517700,26419000000,-150,true,-0.87
"HTN",110120,"/Date(1701921696000)/",17000,3000,1517200,26410000000,-150,true,-0.87
"HTN",110120,"/Date(1701921696000)/",17000,1000,1514200,26359000000,-150,true,-0.87
"HTN",110120,"/Date(1701921696000)/",17000,100,1513200,26342000000,-150,true,-0.87
"HTN",110120,"/Date(1701921696000)/",17000,100,1513100,26341000000,-150,true,-0.87
"HTN",110120,"/Date(1701921696000)/",17050,700,1513000,26339000000,-100,false,-0.58
"HTN",110120,"/Date(1701921696000)/",17050,500,1512300,26327000000,-100,false,-0.58
"HTN",110120,"/Date(1701921696000)/",17050,4100,1511800,26319000000,-100,false,-0.58
"HTN",110111,"/Date(1701921686000)/",17050,200,1507700,26249000000,-100,true,-0.58
"HTN",110108,"/Date(1701921683000)/",17050,700,1507500,26245000000,-100,true,-0.58
"HTN",110108,"/Date(1701921683000)/",17050,200,1506800,26233000000,-100,true,-0.58
"HTN",110108,"/Date(1701921683000)/",17050,300,1506600,26230000000,-100,true,-0.58
"HTN",110108,"/Date(1701921683000)/",17050,100,1506300,26225000000,-100,true,-0.58
"HTN",110108,"/Date(1701921683000)/",17050,500,1506200,26223000000,-100,true,-0.58
"HTN",110108,"/Date(1701921683000)/",17050,100,1505700,26215000000,-100,true,-0.58
"HTN",110108,"/Date(1701921683000)/",17050,2100,1505600,26213000000,-100,true,-0.58
"HTN",110108,"/Date(1701921683000)/",17050,500,1503500,26177000000,-100,true,-0.58
"HTN",110108,"/Date(1701921683000)/",17050,100,1503000,26169000000,-100,true,-0.58
"HTN",110108,"/Date(1701921683000)/",17050,100,1502900,26167000000,-100,true,-0.58
"HTN",110108,"/Date(1701921683000)/",17050,1300,1502800,26165000000,-100,true,-0.58
"HTN",110058,"/Date(1701921676000)/",17050,1000,1501500,26143000000,-100,true,-0.58
"HTN",110055,"/Date(1701921673000)/",17050,200,1500500,26126000000,-100,true,-0.58
"HTN",110055,"/Date(1701921670000)/",17050,500,1500300,26123000000,-100,true,-0.58
"HTN",110052,"/Date(1701921667000)/",17100,200,1499800,26114000000,-50,false,-0.29
"HTN",110039,"/Date(1701921653000)/",17100,400,1499600,26111000000,-50,false,-0.29
"HTN",110039,"/Date(1701921653000)/",17100,100,1499200,26104000000,-50,false,-0.29
"HTN",110016,"/Date(1701921632000)/",17100,500,1499100,26102000000,-50,false,-0.29
"HTN",110016,"/Date(1701921632000)/",17100,100,1498600,26093000000,-50,false,-0.29
"HTN",110016,"/Date(1701921632000)/",17100,300,1498500,26092000000,-50,false,-0.29
"HTN",110010,"/Date(1701921628000)/",17100,200,1498200,26087000000,-50,true,-0.29
"HTN",110010,"/Date(1701921628000)/",17100,2000,1498000,26083000000,-50,true,-0.29
"HTN",110010,"/Date(1701921628000)/",17100,1000,1496000,26049000000,-50,true,-0.29
"HTN",110010,"/Date(1701921628000)/",17100,1000,1495000,26032000000,-50,true,-0.29
"HTN",110010,"/Date(1701921628000)/",17100,300,1494000,26015000000,-50,true,-0.29
"HTN",110010,"/Date(1701921628000)/",17100,10000,1493700,26010000000,-50,true,-0.29
"HTN",110010,"/Date(1701921628000)/",17100,1000,1483700,25839000000,-50,true,-0.29
"HTN",110010,"/Date(1701921628000)/",17100,4500,1482700,25822000000,-50,true,-0.29
"HTN",110007,"/Date(1701921625000)/",17100,500,1478200,25745000000,-50,true,-0.29
"HTN",110007,"/Date(1701921625000)/",17100,400,1477700,25736000000,-50,true,-0.29
"HTN",105948,"/Date(1701921606000)/",17100,300,1477300,25729000000,-50,true,-0.29
"HTN",105935,"/Date(1701921593000)/",17100,200,1477000,25724000000,-50,true,-0.29
"HTN",105935,"/Date(1701921592000)/",17100,100,1476800,25721000000,-50,true,-0.29
"HTN",105935,"/Date(1701921592000)/",17100,6300,1476700,25719000000,-50,true,-0.29
"HTN",105935,"/Date(1701921591000)/",17100,1000,1470400,25611000000,-50,true,-0.29
"HTN",105925,"/Date(1701921581000)/",17100,2700,1469400,25594000000,-50,true,-0.29
"HTN",105925,"/Date(1701921581000)/",17100,4300,1466700,25548000000,-50,true,-0.29
"HTN",105903,"/Date(1701921561000)/",17150,9600,1462400,25474000000,0,false,0
"HTN",105903,"/Date(1701921561000)/",17150,400,1452800,25310000000,0,false,0
"HTN",105841,"/Date(1701921538000)/",17150,1000,1452400,25303000000,0,true,0
"HTN",105841,"/Date(1701921538000)/",17150,100,1451400,25286000000,0,true,0
"HTN",105841,"/Date(1701921538000)/",17150,2000,1451300,25284000000,0,true,0
"HTN",105841,"/Date(1701921538000)/",17150,1000,1449300,25250000000,0,true,0
"HTN",105841,"/Date(1701921538000)/",17150,500,1448300,25233000000,0,true,0
"HTN",105718,"/Date(1701921454000)/",17200,500,1447800,25224000000,50,true,0.29
"HTN",105718,"/Date(1701921454000)/",17200,2000,1447300,25215000000,50,true,0.29
"HTN",105718,"/Date(1701921454000)/",17200,200,1445300,25181000000,50,true,0.29
"HTN",105711,"/Date(1701921449000)/",17200,1000,1445100,25178000000,50,true,0.29
"HTN",105711,"/Date(1701921447000)/",17200,1600,1444100,25160000000,50,true,0.29
"HTN",105702,"/Date(1701921438000)/",17200,1000,1442500,25133000000,50,true,0.29
"HTN",105627,"/Date(1701921404000)/",17250,100,1441500,25116000000,100,false,0.58
"HTN",105627,"/Date(1701921404000)/",17250,500,1441400,25114000000,100,false,0.58
"HTN",105617,"/Date(1701921394000)/",17200,300,1440900,25105000000,50,true,0.29
"HTN",105611,"/Date(1701921386000)/",17200,3000,1440600,25100000000,50,true,0.29
"HTN",105549,"/Date(1701921366000)/",17200,1500,1437600,25049000000,50,true,0.29
"HTN",105545,"/Date(1701921361000)/",17200,6400,1436100,25023000000,50,true,0.29
"HTN",105545,"/Date(1701921361000)/",17200,3600,1429700,24913000000,50,true,0.29
"HTN",105529,"/Date(1701921347000)/",17200,1400,1426100,24851000000,50,true,0.29
"HTN",105529,"/Date(1701921347000)/",17200,100,1424700,24827000000,50,true,0.29
"HTN",105448,"/Date(1701921305000)/",17250,100,1424600,24825000000,100,false,0.58
"HTN",105442,"/Date(1701921299000)/",17250,400,1424500,24823000000,100,true,0.58
"HTN",105442,"/Date(1701921299000)/",17250,2100,1424100,24816000000,100,true,0.58
"HTN",105438,"/Date(1701921296000)/",17250,500,1422000,24780000000,100,true,0.58
"HTN",105426,"/Date(1701921283000)/",17250,300,1421500,24772000000,100,true,0.58
"HTN",105407,"/Date(1701921262000)/",17250,1000,1421200,24766000000,100,true,0.58
"HTN",105331,"/Date(1701921228000)/",17250,100,1420200,24749000000,100,true,0.58
"HTN",105331,"/Date(1701921227000)/",17250,200,1420100,24747000000,100,true,0.58
"HTN",105325,"/Date(1701921220000)/",17250,2000,1419900,24744000000,100,true,0.58
"HTN",105309,"/Date(1701921205000)/",17250,2000,1417900,24709000000,100,false,0.58
"HTN",105309,"/Date(1701921205000)/",17250,10000,1415900,24675000000,100,false,0.58
"HTN",105309,"/Date(1701921205000)/",17250,1800,1405900,24502000000,100,false,0.58
"HTN",105250,"/Date(1701921186000)/",17200,100,1404100,24471000000,50,true,0.29
"HTN",105250,"/Date(1701921186000)/",17200,400,1404000,24470000000,50,true,0.29
"HTN",105237,"/Date(1701921174000)/",17200,500,1403600,24463000000,50,true,0.29
"HTN",105221,"/Date(1701921157000)/",17200,100,1403100,24454000000,50,true,0.29
"HTN",105218,"/Date(1701921153000)/",17200,1000,1403000,24452000000,50,true,0.29
"HTN",105218,"/Date(1701921153000)/",17200,6600,1402000,24435000000,50,true,0.29
"HTN",105108,"/Date(1701921083000)/",17200,1200,1395400,24322000000,50,true,0.29
"HTN",105014,"/Date(1701921030000)/",17250,200,1394200,24301000000,100,false,0.58
"HTN",105011,"/Date(1701921026000)/",17250,800,1394000,24298000000,100,true,0.58
"HTN",105011,"/Date(1701921026000)/",17250,1600,1393200,24284000000,100,true,0.58
"HTN",104952,"/Date(1701921008000)/",17250,400,1391600,24256000000,100,true,0.58
"HTN",104952,"/Date(1701921008000)/",17250,500,1391200,24249000000,100,true,0.58
"HTN",104952,"/Date(1701921008000)/",17250,1000,1390700,24241000000,100,true,0.58
"HTN",104952,"/Date(1701921008000)/",17250,1100,1389700,24223000000,100,true,0.58
"HTN",104835,"/Date(1701920932000)/",17250,2900,1388600,24204000000,100,true,0.58
"HTN",104810,"/Date(1701920905000)/",17250,1000,1385700,24154000000,100,false,0.58
"HTN",104747,"/Date(1701920884000)/",17200,1000,1384700,24137000000,50,true,0.29
"HTN",104731,"/Date(1701920867000)/",17200,1000,1383700,24120000000,50,true,0.29
"HTN",104725,"/Date(1701920859000)/",17300,1000,1382700,24103000000,150,false,0.87
"HTN",104725,"/Date(1701920859000)/",17300,200,1381700,24086000000,150,false,0.87
"HTN",104725,"/Date(1701920859000)/",17300,1800,1381500,24082000000,150,false,0.87
"HTN",104643,"/Date(1701920820000)/",17200,200,1379700,24051000000,50,true,0.29
"HTN",104643,"/Date(1701920820000)/",17200,4800,1379500,24047000000,50,true,0.29
"HTN",104634,"/Date(1701920809000)/",17200,2900,1374700,23965000000,50,true,0.29
"HTN",104634,"/Date(1701920809000)/",17200,600,1371800,23915000000,50,true,0.29
"HTN",104634,"/Date(1701920809000)/",17200,400,1371200,23905000000,50,true,0.29
"HTN",104608,"/Date(1701920784000)/",17300,100,1370800,23898000000,150,true,0.87
"HTN",104608,"/Date(1701920784000)/",17300,100,1370700,23896000000,150,true,0.87
"HTN",104549,"/Date(1701920764000)/",17300,1900,1370600,23894000000,150,true,0.87
"HTN",104549,"/Date(1701920764000)/",17300,100,1368700,23862000000,150,true,0.87
"HTN",104520,"/Date(1701920736000)/",17350,1500,1368600,23860000000,200,false,1.17
"HTN",104455,"/Date(1701920711000)/",17300,5000,1367100,23834000000,150,true,0.87
"HTN",104442,"/Date(1701920696000)/",17250,400,1362100,23747000000,100,false,0.58
"HTN",104432,"/Date(1701920687000)/",17250,1000,1361700,23740000000,100,false,0.58
"HTN",104426,"/Date(1701920681000)/",17250,100,1360700,23723000000,100,false,0.58
"HTN",104423,"/Date(1701920677000)/",17250,1500,1360600,23721000000,100,false,0.58
"HTN",104407,"/Date(1701920663000)/",17350,200,1359100,23696000000,200,false,1.17
"HTN",104404,"/Date(1701920659000)/",17350,500,1358900,23692000000,200,false,1.17
"HTN",104404,"/Date(1701920659000)/",17350,600,1358400,23683000000,200,false,1.17
"HTN",104404,"/Date(1701920659000)/",17350,3000,1357800,23673000000,200,false,1.17
"HTN",104404,"/Date(1701920659000)/",17350,100,1354800,23621000000,200,false,1.17
"HTN",104404,"/Date(1701920659000)/",17300,1000,1354700,23619000000,150,false,0.87
"HTN",104404,"/Date(1701920659000)/",17250,100,1353700,23602000000,100,false,0.58
"HTN",104404,"/Date(1701920659000)/",17250,700,1353600,23600000000,100,false,0.58
"HTN",104400,"/Date(1701920656000)/",17200,100,1352900,23588000000,50,false,0.29
"HTN",104400,"/Date(1701920656000)/",17200,100,1352800,23586000000,50,false,0.29
"HTN",104400,"/Date(1701920656000)/",17200,1400,1352700,23585000000,50,false,0.29
"HTN",104400,"/Date(1701920654000)/",17200,1000,1351300,23561000000,50,false,0.29
"HTN",104357,"/Date(1701920652000)/",17200,500,1350300,23543000000,50,false,0.29
"HTN",104354,"/Date(1701920651000)/",17200,3700,1349800,23535000000,50,false,0.29
"HTN",104354,"/Date(1701920651000)/",17200,5000,1346100,23471000000,50,false,0.29
"HTN",104351,"/Date(1701920645000)/",17200,200,1341100,23385000000,50,false,0.29
"HTN",104335,"/Date(1701920631000)/",17200,2000,1340900,23382000000,50,false,0.29
"HTN",104325,"/Date(1701920620000)/",17200,100,1338900,23347000000,50,false,0.29
"HTN",104306,"/Date(1701920600000)/",17150,200,1338800,23346000000,0,true,0
"HTN",104300,"/Date(1701920595000)/",17150,300,1338600,23342000000,0,true,0
"HTN",104247,"/Date(1701920583000)/",17150,1000,1338300,23337000000,0,true,0
"HTN",104238,"/Date(1701920573000)/",17150,1000,1337300,23320000000,0,true,0
"HTN",104238,"/Date(1701920573000)/",17150,1900,1336300,23303000000,0,true,0
"HTN",104234,"/Date(1701920569000)/",17150,100,1334400,23270000000,0,false,0
"HTN",104234,"/Date(1701920569000)/",17150,900,1334300,23268000000,0,false,0
"HTN",104228,"/Date(1701920563000)/",17150,100,1333400,23253000000,0,false,0
"HTN",104209,"/Date(1701920545000)/",17100,1000,1333300,23251000000,-50,true,-0.29
"HTN",104209,"/Date(1701920543000)/",17150,100,1332300,23234000000,0,false,0
"HTN",104202,"/Date(1701920536000)/",17100,4700,1332200,23232000000,-50,true,-0.29
"HTN",104202,"/Date(1701920536000)/",17100,100,1327500,23152000000,-50,true,-0.29
"HTN",104159,"/Date(1701920536000)/",17100,400,1327400,23150000000,-50,true,-0.29
"HTN",104159,"/Date(1701920536000)/",17100,600,1327000,23143000000,-50,true,-0.29
"HTN",104159,"/Date(1701920534000)/",17100,400,1326400,23133000000,-50,true,-0.29
"HTN",104140,"/Date(1701920515000)/",17100,100,1326000,23126000000,-50,true,-0.29
"HTN",104134,"/Date(1701920509000)/",17100,100,1325900,23125000000,-50,true,-0.29
"HTN",104130,"/Date(1701920507000)/",17050,100,1325800,23123000000,-100,true,-0.58
"HTN",104127,"/Date(1701920503000)/",17100,300,1325700,23121000000,-50,false,-0.29
"HTN",104127,"/Date(1701920503000)/",17100,700,1325400,23116000000,-50,false,-0.29
"HTN",104127,"/Date(1701920502000)/",17100,100,1324700,23104000000,-50,false,-0.29
"HTN",104127,"/Date(1701920502000)/",17100,400,1324600,23102000000,-50,false,-0.29
"HTN",104114,"/Date(1701920490000)/",17100,600,1324200,23096000000,-50,false,-0.29
"HTN",104114,"/Date(1701920490000)/",17100,400,1323600,23085000000,-50,false,-0.29
"HTN",104102,"/Date(1701920475000)/",17100,500,1323200,23079000000,-50,false,-0.29
"HTN",104046,"/Date(1701920460000)/",17100,500,1322700,23070000000,-50,false,-0.29
"HTN",104046,"/Date(1701920460000)/",17100,200,1322200,23061000000,-50,false,-0.29
"HTN",104046,"/Date(1701920460000)/",17100,100,1322000,23058000000,-50,false,-0.29
"HTN",104046,"/Date(1701920460000)/",17100,200,1321900,23056000000,-50,false,-0.29
"HTN",104030,"/Date(1701920445000)/",17100,300,1321700,23053000000,-50,false,-0.29
"HTN",104030,"/Date(1701920444000)/",17100,1000,1321400,23048000000,-50,false,-0.29
"HTN",104001,"/Date(1701920417000)/",17100,1800,1320400,23031000000,-50,false,-0.29
"HTN",103958,"/Date(1701920413000)/",17100,1700,1318600,23000000000,-50,true,-0.29
"HTN",103958,"/Date(1701920411000)/",17100,1000,1316900,22971000000,-50,true,-0.29
"HTN",103952,"/Date(1701920408000)/",17100,1000,1315900,22954000000,-50,true,-0.29
"HTN",103945,"/Date(1701920400000)/",17100,1300,1314900,22937000000,-50,true,-0.29
"HTN",103945,"/Date(1701920400000)/",17100,700,1313600,22914000000,-50,true,-0.29
"HTN",103945,"/Date(1701920400000)/",17100,300,1312900,22902000000,-50,true,-0.29
"HTN",103945,"/Date(1701920400000)/",17100,4700,1312600,22897000000,-50,true,-0.29
"HTN",103919,"/Date(1701920373000)/",17100,3000,1307900,22817000000,-50,true,-0.29
"HTN",103913,"/Date(1701920367000)/",17100,1000,1304900,22766000000,-50,true,-0.29
"HTN",103847,"/Date(1701920344000)/",17050,400,1303900,22748000000,-100,true,-0.58
"HTN",103847,"/Date(1701920344000)/",17050,300,1303500,22742000000,-100,true,-0.58
"HTN",103847,"/Date(1701920344000)/",17050,100,1303200,22737000000,-100,true,-0.58
"HTN",103847,"/Date(1701920344000)/",17100,100,1303100,22735000000,-50,true,-0.29
"HTN",103847,"/Date(1701920344000)/",17100,100,1303000,22733000000,-50,true,-0.29
"HTN",103847,"/Date(1701920344000)/",17100,3000,1302900,22731000000,-50,true,-0.29
"HTN",103847,"/Date(1701920344000)/",17100,100,1299900,22680000000,-50,true,-0.29
"HTN",103847,"/Date(1701920344000)/",17100,1000,1299800,22678000000,-50,true,-0.29
"HTN",103847,"/Date(1701920344000)/",17100,2000,1298800,22661000000,-50,true,-0.29
"HTN",103847,"/Date(1701920344000)/",17100,700,1296800,22627000000,-50,true,-0.29
"HTN",103847,"/Date(1701920344000)/",17100,200,1296100,22615000000,-50,true,-0.29
"HTN",103847,"/Date(1701920344000)/",17100,100,1295900,22612000000,-50,true,-0.29
"HTN",103847,"/Date(1701920344000)/",17100,100,1295800,22610000000,-50,true,-0.29
"HTN",103847,"/Date(1701920344000)/",17100,10000,1295700,22608000000,-50,true,-0.29
"HTN",103847,"/Date(1701920344000)/",17100,100,1285700,22437000000,-50,true,-0.29
"HTN",103847,"/Date(1701920344000)/",17100,5000,1285600,22436000000,-50,true,-0.29
"HTN",103847,"/Date(1701920344000)/",17100,200,1280600,22350000000,-50,true,-0.29
"HTN",103847,"/Date(1701920344000)/",17100,1600,1280400,22347000000,-50,true,-0.29
"HTN",103847,"/Date(1701920344000)/",17100,500,1278800,22319000000,-50,true,-0.29
"HTN",103847,"/Date(1701920344000)/",17100,200,1278300,22311000000,-50,true,-0.29
"HTN",103847,"/Date(1701920344000)/",17100,1000,1278100,22307000000,-50,true,-0.29
"HTN",103847,"/Date(1701920344000)/",17100,200,1277100,22290000000,-50,true,-0.29
"HTN",103847,"/Date(1701920344000)/",17100,100,1276900,22287000000,-50,true,-0.29
"HTN",103847,"/Date(1701920344000)/",17100,2800,1276800,22285000000,-50,true,-0.29
"HTN",103847,"/Date(1701920344000)/",17100,100,1274000,22237000000,-50,true,-0.29
"HTN",103844,"/Date(1701920339000)/",17150,100,1273900,22236000000,0,false,0
"HTN",103835,"/Date(1701920328000)/",17150,1000,1273800,22234000000,0,true,0
"HTN",103835,"/Date(1701920328000)/",17150,8700,1272800,22217000000,0,true,0
"HTN",103835,"/Date(1701920328000)/",17150,100,1264100,22067000000,0,true,0
"HTN",103816,"/Date(1701920311000)/",17150,400,1264000,22066000000,0,true,0
"HTN",103816,"/Date(1701920311000)/",17150,600,1263600,22059000000,0,true,0
"HTN",103806,"/Date(1701920301000)/",17150,200,1263000,22049000000,0,true,0
"HTN",103806,"/Date(1701920301000)/",17150,100,1262800,22045000000,0,true,0
"HTN",103806,"/Date(1701920301000)/",17150,700,1262700,22043000000,0,true,0
"HTN",103744,"/Date(1701920277000)/",17150,200,1262000,22031000000,0,true,0
"HTN",103737,"/Date(1701920271000)/",17150,300,1261800,22028000000,0,true,0
"HTN",103737,"/Date(1701920271000)/",17200,1000,1261500,22023000000,50,false,0.29
"HTN",103724,"/Date(1701920258000)/",17150,5000,1260500,22006000000,0,true,0
"HTN",103718,"/Date(1701920252000)/",17150,5100,1255500,21920000000,0,true,0
"HTN",103655,"/Date(1701920229000)/",17150,8700,1250400,21832000000,0,true,0
"HTN",103655,"/Date(1701920229000)/",17150,100,1241700,21683000000,0,true,0
"HTN",103655,"/Date(1701920229000)/",17150,1200,1241600,21682000000,0,true,0
"HTN",103652,"/Date(1701920227000)/",17200,200,1240400,21661000000,50,false,0.29
"HTN",103652,"/Date(1701920227000)/",17200,300,1240200,21658000000,50,false,0.29
"HTN",103639,"/Date(1701920213000)/",17200,700,1239900,21652000000,50,false,0.29
"HTN",103639,"/Date(1701920213000)/",17200,300,1239200,21640000000,50,false,0.29
"HTN",103623,"/Date(1701920199000)/",17200,400,1238900,21635000000,50,true,0.29
"HTN",103623,"/Date(1701920199000)/",17200,100,1238500,21628000000,50,true,0.29
"HTN",103623,"/Date(1701920199000)/",17200,1000,1238400,21627000000,50,true,0.29
"HTN",103623,"/Date(1701920199000)/",17200,500,1237400,21609000000,50,true,0.29
"HTN",103623,"/Date(1701920199000)/",17200,600,1236900,21601000000,50,true,0.29
"HTN",103623,"/Date(1701920199000)/",17200,700,1236300,21590000000,50,true,0.29
"HTN",103623,"/Date(1701920199000)/",17200,1000,1235600,21578000000,50,true,0.29
"HTN",103623,"/Date(1701920199000)/",17200,3000,1234600,21561000000,50,true,0.29
"HTN",103623,"/Date(1701920199000)/",17200,1000,1231600,21510000000,50,true,0.29
"HTN",103623,"/Date(1701920199000)/",17200,2200,1230600,21492000000,50,true,0.29
"HTN",103623,"/Date(1701920199000)/",17200,1000,1228400,21455000000,50,true,0.29
"HTN",103623,"/Date(1701920199000)/",17200,300,1227400,21437000000,50,true,0.29
"HTN",103623,"/Date(1701920199000)/",17200,2900,1227100,21432000000,50,true,0.29
"HTN",103623,"/Date(1701920199000)/",17200,2000,1224200,21382000000,50,true,0.29
"HTN",103623,"/Date(1701920199000)/",17200,1000,1222200,21348000000,50,true,0.29
"HTN",103617,"/Date(1701920190000)/",17250,1500,1221200,21331000000,100,false,0.58
"HTN",103617,"/Date(1701920190000)/",17250,2400,1219700,21305000000,100,false,0.58
"HTN",103617,"/Date(1701920190000)/",17250,200,1217300,21263000000,100,false,0.58
"HTN",103617,"/Date(1701920190000)/",17250,500,1217100,21260000000,100,false,0.58
"HTN",103611,"/Date(1701920185000)/",17250,500,1216600,21251000000,100,true,0.58
"HTN",103611,"/Date(1701920185000)/",17250,200,1216100,21243000000,100,true,0.58
"HTN",103611,"/Date(1701920185000)/",17250,2000,1215900,21239000000,100,true,0.58
"HTN",103611,"/Date(1701920185000)/",17250,5000,1213900,21205000000,100,true,0.58
"HTN",103611,"/Date(1701920185000)/",17250,4900,1208900,21119000000,100,true,0.58
"HTN",103555,"/Date(1701920167000)/",17300,100,1204000,21034000000,150,false,0.87
"HTN",103510,"/Date(1701920125000)/",17300,1000,1203900,21032000000,150,false,0.87
"HTN",103444,"/Date(1701920099000)/",17300,100,1202900,21015000000,150,false,0.87
"HTN",103444,"/Date(1701920099000)/",17300,1000,1202800,21013000000,150,false,0.87
"HTN",103438,"/Date(1701920092000)/",17300,500,1201800,20996000000,150,true,0.87
"HTN",103419,"/Date(1701920074000)/",17250,100,1201300,20987000000,100,true,0.58
"HTN",103347,"/Date(1701920040000)/",17350,1500,1201200,20986000000,200,false,1.17
"HTN",103347,"/Date(1701920040000)/",17350,100,1199700,20960000000,200,false,1.17
"HTN",103347,"/Date(1701920040000)/",17350,2700,1199600,20958000000,200,false,1.17
"HTN",103347,"/Date(1701920040000)/",17350,200,1196900,20911000000,200,false,1.17
"HTN",103347,"/Date(1701920040000)/",17350,200,1196700,20907000000,200,false,1.17
"HTN",103347,"/Date(1701920040000)/",17300,3000,1196500,20904000000,150,false,0.87
"HTN",103347,"/Date(1701920040000)/",17300,2300,1193500,20852000000,150,false,0.87
"HTN",103247,"/Date(1701919981000)/",17300,1700,1191200,20812000000,150,true,0.87
"HTN",103247,"/Date(1701919981000)/",17300,100,1189500,20783000000,150,true,0.87
"HTN",103247,"/Date(1701919981000)/",17300,1700,1189400,20781000000,150,true,0.87
"HTN",103215,"/Date(1701919949000)/",17300,400,1187700,20752000000,150,true,0.87
"HTN",103146,"/Date(1701919922000)/",17300,500,1187300,20745000000,150,true,0.87
"HTN",103136,"/Date(1701919910000)/",17300,3300,1186800,20736000000,150,true,0.87
"HTN",103136,"/Date(1701919910000)/",17300,6700,1183500,20679000000,150,true,0.87
"HTN",103121,"/Date(1701919893000)/",17300,2000,1176800,20563000000,150,true,0.87
"HTN",103114,"/Date(1701919890000)/",17350,1400,1174800,20529000000,200,false,1.17
"HTN",102816,"/Date(1701919710000)/",17350,400,1173400,20504000000,200,false,1.17
"HTN",102816,"/Date(1701919709000)/",17350,100,1173000,20497000000,200,false,1.17
"HTN",102740,"/Date(1701919676000)/",17350,100,1172900,20496000000,200,true,1.17
"HTN",102728,"/Date(1701919662000)/",17350,400,1172800,20494000000,200,true,1.17
"HTN",102705,"/Date(1701919639000)/",17400,1100,1172400,20487000000,250,false,1.46
"HTN",102705,"/Date(1701919639000)/",17400,500,1171300,20468000000,250,false,1.46
"HTN",102705,"/Date(1701919639000)/",17400,700,1170800,20459000000,250,false,1.46
"HTN",102705,"/Date(1701919639000)/",17400,500,1170100,20447000000,250,false,1.46
"HTN",102705,"/Date(1701919639000)/",17400,2000,1169600,20438000000,250,false,1.46
"HTN",102705,"/Date(1701919639000)/",17400,100,1167600,20403000000,250,false,1.46
"HTN",102705,"/Date(1701919639000)/",17400,400,1167500,20402000000,250,false,1.46
"HTN",102705,"/Date(1701919639000)/",17400,500,1167100,20395000000,250,false,1.46
"HTN",102705,"/Date(1701919639000)/",17400,500,1166600,20386000000,250,false,1.46
"HTN",102705,"/Date(1701919639000)/",17400,500,1166100,20377000000,250,false,1.46
"HTN",102705,"/Date(1701919639000)/",17400,100,1165600,20369000000,250,false,1.46
"HTN",102705,"/Date(1701919639000)/",17400,5000,1165500,20367000000,250,false,1.46
"HTN",102705,"/Date(1701919639000)/",17400,400,1160500,20280000000,250,false,1.46
"HTN",102705,"/Date(1701919639000)/",17350,1000,1160100,20273000000,200,false,1.17
"HTN",102705,"/Date(1701919639000)/",17350,1000,1159100,20256000000,200,false,1.17
"HTN",102705,"/Date(1701919639000)/",17350,100,1158100,20238000000,200,false,1.17
"HTN",102705,"/Date(1701919639000)/",17350,1600,1158000,20237000000,200,false,1.17
"HTN",102649,"/Date(1701919623000)/",17350,300,1156400,20209000000,200,false,1.17
"HTN",102602,"/Date(1701919574000)/",17350,100,1156100,20204000000,200,true,1.17
"HTN",102602,"/Date(1701919571000)/",17350,1400,1156000,20202000000,200,true,1.17
"HTN",102555,"/Date(1701919568000)/",17350,200,1154600,20178000000,200,true,1.17
"HTN",102555,"/Date(1701919568000)/",17350,100,1154400,20174000000,200,true,1.17
"HTN",102555,"/Date(1701919568000)/",17350,100,1154300,20172000000,200,true,1.17
"HTN",102451,"/Date(1701919506000)/",17350,300,1154200,20171000000,200,false,1.17
"HTN",102451,"/Date(1701919506000)/",17350,300,1153900,20165000000,200,false,1.17
"HTN",102410,"/Date(1701919463000)/",17350,200,1153600,20160000000,200,false,1.17
"HTN",102410,"/Date(1701919463000)/",17350,4800,1153400,20157000000,200,false,1.17
"HTN",102338,"/Date(1701919432000)/",17350,600,1148600,20073000000,200,false,1.17
"HTN",102338,"/Date(1701919432000)/",17350,300,1148000,20063000000,200,false,1.17
"HTN",102335,"/Date(1701919430000)/",17350,200,1147700,20058000000,200,false,1.17
"HTN",102335,"/Date(1701919430000)/",17350,400,1147500,20054000000,200,false,1.17
"HTN",102329,"/Date(1701919422000)/",17300,300,1147100,20047000000,150,true,0.87
"HTN",102329,"/Date(1701919422000)/",17300,100,1146800,20042000000,150,true,0.87
"HTN",102215,"/Date(1701919349000)/",17300,100,1146700,20040000000,150,true,0.87
"HTN",102215,"/Date(1701919349000)/",17300,400,1146600,20039000000,150,true,0.87
"HTN",102209,"/Date(1701919341000)/",17300,2600,1146200,20032000000,150,true,0.87
"HTN",102209,"/Date(1701919341000)/",17300,500,1143600,19987000000,150,true,0.87
"HTN",102209,"/Date(1701919341000)/",17300,1000,1143100,19978000000,150,true,0.87
"HTN",102209,"/Date(1701919341000)/",17300,100,1142100,19961000000,150,true,0.87
"HTN",102209,"/Date(1701919341000)/",17300,800,1142000,19959000000,150,true,0.87
"HTN",102202,"/Date(1701919336000)/",17350,500,1141200,19945000000,200,false,1.17
"HTN",102046,"/Date(1701919259000)/",17300,200,1140700,19937000000,150,true,0.87
"HTN",102046,"/Date(1701919259000)/",17300,800,1140500,19933000000,150,true,0.87
"HTN",101942,"/Date(1701919195000)/",17300,200,1139700,19919000000,150,true,0.87
"HTN",101910,"/Date(1701919164000)/",17300,1000,1139500,19916000000,150,true,0.87
"HTN",101810,"/Date(1701919102000)/",17350,500,1138500,19899000000,200,true,1.17
"HTN",101810,"/Date(1701919102000)/",17350,1000,1138000,19890000000,200,true,1.17
"HTN",101810,"/Date(1701919102000)/",17350,800,1137000,19873000000,200,true,1.17
"HTN",101703,"/Date(1701919037000)/",17400,16000,1136200,19859000000,250,false,1.46
"HTN",101700,"/Date(1701919033000)/",17400,200,1120200,19580000000,250,false,1.46
"HTN",101634,"/Date(1701919007000)/",17400,100,1120000,19577000000,250,false,1.46
"HTN",101622,"/Date(1701918993000)/",17400,2000,1119900,19575000000,250,false,1.46
"HTN",101556,"/Date(1701918968000)/",17400,600,1117900,19540000000,250,false,1.46
"HTN",101556,"/Date(1701918968000)/",17400,100,1117300,19530000000,250,false,1.46
"HTN",101556,"/Date(1701918968000)/",17400,300,1117200,19528000000,250,false,1.46
"HTN",101556,"/Date(1701918968000)/",17400,200,1116900,19523000000,250,false,1.46
"HTN",101556,"/Date(1701918968000)/",17400,300,1116700,19519000000,250,false,1.46
"HTN",101550,"/Date(1701918962000)/",17350,100,1116400,19514000000,200,true,1.17
"HTN",101543,"/Date(1701918956000)/",17350,1100,1116300,19512000000,200,true,1.17
"HTN",101543,"/Date(1701918956000)/",17350,2000,1115200,19493000000,200,true,1.17
"HTN",101543,"/Date(1701918956000)/",17350,400,1113200,19459000000,200,true,1.17
"HTN",101528,"/Date(1701918941000)/",17350,1000,1112800,19452000000,200,false,1.17
"HTN",101528,"/Date(1701918941000)/",17350,200,1111800,19434000000,200,false,1.17
"HTN",101515,"/Date(1701918929000)/",17350,800,1111600,19431000000,200,false,1.17
"HTN",101515,"/Date(1701918929000)/",17350,300,1110800,19417000000,200,false,1.17
"HTN",101515,"/Date(1701918929000)/",17350,1100,1110500,19412000000,200,false,1.17
"HTN",101433,"/Date(1701918885000)/",17350,200,1109400,19393000000,200,false,1.17
"HTN",101424,"/Date(1701918876000)/",17200,500,1109200,19389000000,50,true,0.29
"HTN",101424,"/Date(1701918876000)/",17200,100,1108700,19381000000,50,true,0.29
"HTN",101424,"/Date(1701918876000)/",17200,300,1108600,19379000000,50,true,0.29
"HTN",101424,"/Date(1701918876000)/",17250,1000,1108300,19374000000,100,true,0.58
"HTN",101424,"/Date(1701918876000)/",17300,300,1107300,19357000000,150,true,0.87
"HTN",101424,"/Date(1701918876000)/",17300,300,1107000,19351000000,150,true,0.87
"HTN",101421,"/Date(1701918874000)/",17350,1000,1106700,19346000000,200,false,1.17
"HTN",101418,"/Date(1701918871000)/",17350,300,1105700,19329000000,200,false,1.17
"HTN",101411,"/Date(1701918862000)/",17350,1200,1105400,19324000000,200,false,1.17
"HTN",101405,"/Date(1701918858000)/",17350,1200,1104200,19303000000,200,false,1.17
"HTN",101405,"/Date(1701918858000)/",17350,1000,1103000,19282000000,200,false,1.17
"HTN",101355,"/Date(1701918848000)/",17350,1000,1102000,19265000000,200,false,1.17
"HTN",101355,"/Date(1701918847000)/",17350,500,1101000,19247000000,200,false,1.17
"HTN",101339,"/Date(1701918831000)/",17350,2500,1100500,19239000000,200,false,1.17
"HTN",101339,"/Date(1701918831000)/",17350,200,1098000,19195000000,200,false,1.17
"HTN",101339,"/Date(1701918831000)/",17350,100,1097800,19192000000,200,false,1.17
"HTN",101339,"/Date(1701918831000)/",17350,100,1097700,19190000000,200,false,1.17
"HTN",101339,"/Date(1701918831000)/",17350,7100,1097600,19188000000,200,false,1.17
"HTN",101327,"/Date(1701918820000)/",17350,900,1090500,19065000000,200,false,1.17
"HTN",101327,"/Date(1701918819000)/",17300,200,1089600,19049000000,150,true,0.87
"HTN",101327,"/Date(1701918819000)/",17300,300,1089400,19046000000,150,true,0.87
"HTN",101255,"/Date(1701918786000)/",17350,2000,1089100,19041000000,200,false,1.17
"HTN",101151,"/Date(1701918723000)/",17350,100,1087100,19006000000,200,false,1.17
"HTN",101145,"/Date(1701918718000)/",17200,100,1087000,19004000000,50,true,0.29
"HTN",101145,"/Date(1701918718000)/",17250,200,1086900,19003000000,100,true,0.58
"HTN",101135,"/Date(1701918708000)/",17250,800,1086700,18999000000,100,false,0.58
"HTN",101129,"/Date(1701918702000)/",17250,100,1085900,18985000000,100,false,0.58
"HTN",101126,"/Date(1701918697000)/",17250,5000,1085800,18984000000,100,true,0.58
"HTN",101126,"/Date(1701918697000)/",17250,200,1080800,18897000000,100,true,0.58
"HTN",101126,"/Date(1701918697000)/",17250,3000,1080600,18894000000,100,true,0.58
"HTN",101126,"/Date(1701918697000)/",17250,1200,1077600,18842000000,100,true,0.58
"HTN",101126,"/Date(1701918697000)/",17250,2700,1076400,18822000000,100,true,0.58
"HTN",101126,"/Date(1701918697000)/",17300,2800,1073700,18775000000,150,true,0.87
"HTN",101126,"/Date(1701918697000)/",17350,4200,1070900,18727000000,200,true,1.17
"HTN",101113,"/Date(1701918687000)/",17350,500,1066700,18654000000,200,false,1.17
"HTN",101113,"/Date(1701918687000)/",17350,2400,1066200,18645000000,200,false,1.17
"HTN",101113,"/Date(1701918687000)/",17350,200,1063800,18603000000,200,false,1.17
"HTN",101113,"/Date(1701918687000)/",17350,700,1063600,18600000000,200,false,1.17
"HTN",101110,"/Date(1701918681000)/",17300,100,1062900,18588000000,150,false,0.87
"HTN",101110,"/Date(1701918681000)/",17300,100,1062800,18586000000,150,false,0.87
"HTN",101051,"/Date(1701918662000)/",17250,300,1062700,18584000000,100,false,0.58
"HTN",101041,"/Date(1701918654000)/",17250,2400,1062400,18579000000,100,false,0.58
"HTN",101035,"/Date(1701918648000)/",17250,300,1060000,18538000000,100,false,0.58
"HTN",101035,"/Date(1701918648000)/",17250,100,1059700,18533000000,100,false,0.58
"HTN",101035,"/Date(1701918647000)/",17250,300,1059600,18531000000,100,false,0.58
"HTN",101035,"/Date(1701918647000)/",17250,200,1059300,18526000000,100,false,0.58
"HTN",101028,"/Date(1701918640000)/",17250,1000,1059100,18522000000,100,false,0.58
"HTN",101003,"/Date(1701918614000)/",17250,2000,1058100,18505000000,100,false,0.58
"HTN",100953,"/Date(1701918607000)/",17200,100,1056100,18470000000,50,true,0.29
"HTN",100953,"/Date(1701918607000)/",17200,300,1056000,18469000000,50,true,0.29
"HTN",100953,"/Date(1701918607000)/",17200,3300,1055700,18464000000,50,true,0.29
"HTN",100931,"/Date(1701918584000)/",17250,200,1052400,18407000000,100,false,0.58
"HTN",100925,"/Date(1701918578000)/",17200,500,1052200,18403000000,50,true,0.29
"HTN",100915,"/Date(1701918566000)/",17200,100,1051700,18395000000,50,true,0.29
"HTN",100915,"/Date(1701918563000)/",17250,1000,1051600,18393000000,100,false,0.58
"HTN",100856,"/Date(1701918543000)/",17200,700,1050600,18376000000,50,true,0.29
"HTN",100856,"/Date(1701918542000)/",17250,300,1049900,18364000000,100,false,0.58
"HTN",100814,"/Date(1701918507000)/",17250,200,1049600,18359000000,100,false,0.58
"HTN",100808,"/Date(1701918502000)/",17250,100,1049400,18355000000,100,false,0.58
"HTN",100808,"/Date(1701918502000)/",17250,100,1049300,18353000000,100,false,0.58
"HTN",100717,"/Date(1701918450000)/",17250,200,1049200,18352000000,100,false,0.58
"HTN",100714,"/Date(1701918445000)/",17250,100,1049000,18348000000,100,false,0.58
"HTN",100658,"/Date(1701918429000)/",17250,100,1048900,18346000000,100,false,0.58
"HTN",100652,"/Date(1701918423000)/",17200,500,1048800,18345000000,50,false,0.29
"HTN",100652,"/Date(1701918423000)/",17200,3000,1048300,18336000000,50,false,0.29
"HTN",100652,"/Date(1701918423000)/",17200,200,1045300,18285000000,50,false,0.29
"HTN",100652,"/Date(1701918423000)/",17200,1000,1045100,18281000000,50,false,0.29
