"Stockcode","Package","TradingDate","Price","Vol","TotalVol","TotalVal","Change","IsBuy","PerChange"
"OCB",144429,"/Date(1701935101000)/",14100,104700,4749200,66838000000,100,false,0.71
"OCB",142920,"/Date(1701934197000)/",14150,200,4644500,65362000000,150,false,1.07
"OCB",142920,"/Date(1701934197000)/",14150,100,4644300,65359000000,150,false,1.07
"OCB",142920,"/Date(1701934197000)/",14150,500,4644200,65357000000,150,false,1.07
"OCB",142920,"/Date(1701934197000)/",14150,1200,4643700,65350000000,150,false,1.07
"OCB",142920,"/Date(1701934197000)/",14150,100,4642500,65333000000,150,false,1.07
"OCB",142913,"/Date(1701934191000)/",14150,100,4642400,65332000000,150,false,1.07
"OCB",142913,"/Date(1701934189000)/",14150,200,4642300,65331000000,150,false,1.07
"OCB",142910,"/Date(1701934186000)/",14150,1800,4642100,65328000000,150,false,1.07
"OCB",142910,"/Date(1701934186000)/",14150,1500,4640300,65302000000,150,false,1.07
"OCB",142901,"/Date(1701934177000)/",14150,1000,4638800,65281000000,150,false,1.07
"OCB",142901,"/Date(1701934175000)/",14150,2000,4637800,65267000000,150,false,1.07
"OCB",142854,"/Date(1701934171000)/",14150,500,4635800,65239000000,150,false,1.07
"OCB",142845,"/Date(1701934159000)/",14150,100,4635300,65232000000,150,false,1.07
"OCB",142838,"/Date(1701934154000)/",14150,900,4635200,65230000000,150,false,1.07
"OCB",142838,"/Date(1701934154000)/",14150,500,4634300,65217000000,150,false,1.07
"OCB",142838,"/Date(1701934154000)/",14150,500,4633800,65210000000,150,false,1.07
"OCB",142838,"/Date(1701934154000)/",14150,100,4633300,65203000000,150,false,1.07
"OCB",142838,"/Date(1701934154000)/",14150,2000,4633200,65202000000,150,false,1.07
"OCB",142838,"/Date(1701934154000)/",14150,100,4631200,65174000000,150,false,1.07
"OCB",142838,"/Date(1701934154000)/",14150,800,4631100,65172000000,150,false,1.07
"OCB",142838,"/Date(1701934154000)/",14150,100,4630300,65161000000,150,false,1.07
"OCB",142838,"/Date(1701934154000)/",14150,100,4630200,65159000000,150,false,1.07
"OCB",142838,"/Date(1701934154000)/",14150,500,4630100,65158000000,150,false,1.07
"OCB",142838,"/Date(1701934154000)/",14150,500,4629600,65151000000,150,false,1.07
"OCB",142838,"/Date(1701934154000)/",14150,500,4629100,65144000000,150,false,1.07
"OCB",142838,"/Date(1701934154000)/",14150,2900,4628600,65137000000,150,false,1.07
"OCB",142838,"/Date(1701934153000)/",14150,300,4625700,65096000000,150,false,1.07
"OCB",142829,"/Date(1701934145000)/",14150,4000,4625400,65091000000,150,false,1.07
"OCB",142813,"/Date(1701934128000)/",14150,600,4621400,65035000000,150,false,1.07
"OCB",142813,"/Date(1701934128000)/",14150,500,4620800,65026000000,150,false,1.07
"OCB",142813,"/Date(1701934128000)/",14100,6000,4620300,65019000000,100,true,0.71
"OCB",142813,"/Date(1701934128000)/",14100,1000,4614300,64935000000,100,true,0.71
"OCB",142813,"/Date(1701934128000)/",14100,2000,4613300,64921000000,100,true,0.71
"OCB",142813,"/Date(1701934128000)/",14100,5000,4611300,64892000000,100,true,0.71
"OCB",142813,"/Date(1701934128000)/",14100,3000,4606300,64822000000,100,true,0.71
"OCB",142813,"/Date(1701934128000)/",14100,2000,4603300,64780000000,100,true,0.71
"OCB",142813,"/Date(1701934128000)/",14100,300,4601300,64751000000,100,true,0.71
"OCB",142813,"/Date(1701934128000)/",14100,200,4601000,64747000000,100,true,0.71
"OCB",142813,"/Date(1701934128000)/",14100,300,4600800,64744000000,100,true,0.71
"OCB",142813,"/Date(1701934128000)/",14100,1000,4600500,64740000000,100,true,0.71
"OCB",142813,"/Date(1701934128000)/",14100,10000,4599500,64726000000,100,true,0.71
"OCB",142813,"/Date(1701934128000)/",14100,300,4589500,64585000000,100,true,0.71
"OCB",142813,"/Date(1701934128000)/",14100,100,4589200,64581000000,100,true,0.71
"OCB",142813,"/Date(1701934128000)/",14100,5000,4589100,64579000000,100,true,0.71
"OCB",142813,"/Date(1701934128000)/",14100,300,4584100,64509000000,100,true,0.71
"OCB",142813,"/Date(1701934128000)/",14100,10000,4583800,64505000000,100,true,0.71
"OCB",142813,"/Date(1701934128000)/",14100,3500,4573800,64364000000,100,true,0.71
"OCB",142810,"/Date(1701934124000)/",14150,100,4570300,64314000000,150,false,1.07
"OCB",142803,"/Date(1701934119000)/",14150,11600,4570200,64313000000,150,false,1.07
"OCB",142803,"/Date(1701934119000)/",14150,30000,4558600,64149000000,150,false,1.07
"OCB",142803,"/Date(1701934119000)/",14150,200,4528600,63724000000,150,false,1.07
"OCB",142803,"/Date(1701934119000)/",14150,5000,4528400,63721000000,150,false,1.07
"OCB",142803,"/Date(1701934119000)/",14150,200,4523400,63651000000,150,false,1.07
"OCB",142803,"/Date(1701934119000)/",14150,10000,4523200,63648000000,150,false,1.07
"OCB",142803,"/Date(1701934119000)/",14150,100,4513200,63506000000,150,false,1.07
"OCB",142803,"/Date(1701934119000)/",14150,1000,4513100,63505000000,150,false,1.07
"OCB",142803,"/Date(1701934119000)/",14150,3000,4512100,63491000000,150,false,1.07
"OCB",142803,"/Date(1701934119000)/",14150,500,4509100,63448000000,150,false,1.07
"OCB",142803,"/Date(1701934119000)/",14150,500,4508600,63441000000,150,false,1.07
"OCB",142803,"/Date(1701934119000)/",14150,500,4508100,63434000000,150,false,1.07
"OCB",142803,"/Date(1701934119000)/",14150,1000,4507600,63427000000,150,false,1.07
"OCB",142803,"/Date(1701934119000)/",14150,100,4506600,63413000000,150,false,1.07
"OCB",142803,"/Date(1701934119000)/",14150,1000,4506500,63412000000,150,false,1.07
"OCB",142803,"/Date(1701934119000)/",14150,5000,4505500,63397000000,150,false,1.07
"OCB",142803,"/Date(1701934119000)/",14150,25000,4500500,63327000000,150,false,1.07
"OCB",142803,"/Date(1701934119000)/",14150,300,4475500,62973000000,150,false,1.07
"OCB",142803,"/Date(1701934119000)/",14150,100,4475200,62969000000,150,false,1.07
"OCB",142803,"/Date(1701934119000)/",14150,400,4475100,62967000000,150,false,1.07
"OCB",142803,"/Date(1701934119000)/",14150,400,4474700,62962000000,150,false,1.07
"OCB",142803,"/Date(1701934119000)/",14150,1000,4474300,62956000000,150,false,1.07
"OCB",142803,"/Date(1701934119000)/",14150,10000,4473300,62942000000,150,false,1.07
"OCB",142803,"/Date(1701934119000)/",14150,100,4463300,62800000000,150,false,1.07
"OCB",142803,"/Date(1701934119000)/",14150,5000,4463200,62799000000,150,false,1.07
"OCB",142803,"/Date(1701934119000)/",14150,400,4458200,62728000000,150,false,1.07
"OCB",142803,"/Date(1701934119000)/",14150,2700,4457800,62722000000,150,false,1.07
"OCB",142803,"/Date(1701934119000)/",14150,10000,4455100,62684000000,150,false,1.07
"OCB",142803,"/Date(1701934119000)/",14150,2700,4445100,62543000000,150,false,1.07
"OCB",142803,"/Date(1701934119000)/",14150,2700,4442400,62505000000,150,false,1.07
"OCB",142803,"/Date(1701934119000)/",14150,2000,4439700,62466000000,150,false,1.07
"OCB",142803,"/Date(1701934119000)/",14150,300,4437700,62438000000,150,false,1.07
"OCB",142803,"/Date(1701934119000)/",14150,1000,4437400,62434000000,150,false,1.07
"OCB",142803,"/Date(1701934119000)/",14150,100,4436400,62420000000,150,false,1.07
"OCB",142803,"/Date(1701934119000)/",14150,10000,4436300,62418000000,150,false,1.07
"OCB",142803,"/Date(1701934119000)/",14150,300,4426300,62277000000,150,false,1.07
"OCB",142803,"/Date(1701934119000)/",14150,200,4426000,62272000000,150,false,1.07
"OCB",142803,"/Date(1701934119000)/",14150,100,4425800,62270000000,150,false,1.07
"OCB",142803,"/Date(1701934119000)/",14150,100,4425700,62268000000,150,false,1.07
"OCB",142803,"/Date(1701934119000)/",14150,20000,4425600,62267000000,150,false,1.07
"OCB",142803,"/Date(1701934119000)/",14150,300,4405600,61984000000,150,false,1.07
"OCB",142803,"/Date(1701934119000)/",14150,3500,4405300,61980000000,150,false,1.07
"OCB",142803,"/Date(1701934119000)/",14150,1000,4401800,61930000000,150,false,1.07
"OCB",142803,"/Date(1701934119000)/",14150,1000,4400800,61916000000,150,false,1.07
"OCB",142803,"/Date(1701934119000)/",14150,2000,4399800,61902000000,150,false,1.07
"OCB",142803,"/Date(1701934119000)/",14150,500,4397800,61873000000,150,false,1.07
"OCB",142803,"/Date(1701934119000)/",14150,300,4397300,61866000000,150,false,1.07
"OCB",142803,"/Date(1701934119000)/",14150,100,4397000,61862000000,150,false,1.07
"OCB",142803,"/Date(1701934119000)/",14150,500,4396900,61861000000,150,false,1.07
"OCB",142803,"/Date(1701934119000)/",14150,500,4396400,61854000000,150,false,1.07
"OCB",142803,"/Date(1701934119000)/",14150,500,4395900,61847000000,150,false,1.07
"OCB",142803,"/Date(1701934119000)/",14150,10000,4395400,61839000000,150,false,1.07
"OCB",142803,"/Date(1701934119000)/",14150,300,4385400,61698000000,150,false,1.07
"OCB",142803,"/Date(1701934119000)/",14150,14900,4385100,61694000000,150,false,1.07
"OCB",142741,"/Date(1701934097000)/",14150,20000,4370200,61483000000,150,false,1.07
"OCB",142737,"/Date(1701934093000)/",14150,1500,4350200,61200000000,150,false,1.07
"OCB",142725,"/Date(1701934079000)/",14150,200,4348700,61179000000,150,false,1.07
"OCB",142722,"/Date(1701934078000)/",14150,100,4348500,61176000000,150,false,1.07
"OCB",142722,"/Date(1701934077000)/",14100,100,4348400,61174000000,100,true,0.71
"OCB",142718,"/Date(1701934074000)/",14150,2000,4348300,61173000000,150,false,1.07
"OCB",142715,"/Date(1701934070000)/",14150,1000,4346300,61145000000,150,false,1.07
"OCB",142712,"/Date(1701934069000)/",14150,500,4345300,61131000000,150,false,1.07
"OCB",142702,"/Date(1701934058000)/",14150,1000,4344800,61123000000,150,false,1.07
"OCB",142643,"/Date(1701934038000)/",14150,1000,4343800,61109000000,150,false,1.07
"OCB",142640,"/Date(1701934037000)/",14150,2000,4342800,61095000000,150,false,1.07
"OCB",142634,"/Date(1701934030000)/",14150,1300,4340800,61067000000,150,false,1.07
"OCB",142634,"/Date(1701934030000)/",14150,1700,4339500,61048000000,150,false,1.07
"OCB",142627,"/Date(1701934024000)/",14150,1000,4337800,61024000000,150,false,1.07
"OCB",142624,"/Date(1701934019000)/",14150,300,4336800,61010000000,150,false,1.07
"OCB",142621,"/Date(1701934015000)/",14100,2300,4336500,61006000000,100,true,0.71
"OCB",142608,"/Date(1701934005000)/",14100,2500,4334200,60974000000,100,true,0.71
"OCB",142558,"/Date(1701933995000)/",14100,1600,4331700,60938000000,100,true,0.71
"OCB",142558,"/Date(1701933995000)/",14100,3800,4330100,60916000000,100,true,0.71
"OCB",142546,"/Date(1701933981000)/",14100,5400,4326300,60862000000,100,true,0.71
"OCB",142536,"/Date(1701933970000)/",14100,800,4320900,60786000000,100,true,0.71
"OCB",142526,"/Date(1701933961000)/",14100,200,4320100,60775000000,100,true,0.71
"OCB",142523,"/Date(1701933959000)/",14150,300,4319900,60772000000,150,false,1.07
"OCB",142520,"/Date(1701933957000)/",14150,200,4319600,60768000000,150,false,1.07
"OCB",142517,"/Date(1701933952000)/",14150,200,4319400,60765000000,150,false,1.07
"OCB",142514,"/Date(1701933951000)/",14150,1000,4319200,60762000000,150,false,1.07
"OCB",142514,"/Date(1701933949000)/",14150,5000,4318200,60748000000,150,false,1.07
"OCB",142511,"/Date(1701933947000)/",14150,300,4313200,60677000000,150,false,1.07
"OCB",142511,"/Date(1701933947000)/",14150,1000,4312900,60673000000,150,false,1.07
"OCB",142501,"/Date(1701933937000)/",14150,200,4311900,60659000000,150,false,1.07
"OCB",142458,"/Date(1701933934000)/",14150,2000,4311700,60656000000,150,false,1.07
"OCB",142455,"/Date(1701933931000)/",14150,2000,4309700,60628000000,150,false,1.07
"OCB",142429,"/Date(1701933906000)/",14150,4000,4307700,60599000000,150,false,1.07
"OCB",142426,"/Date(1701933902000)/",14150,2400,4303700,60543000000,150,false,1.07
"OCB",142423,"/Date(1701933899000)/",14150,1900,4301300,60509000000,150,false,1.07
"OCB",142423,"/Date(1701933899000)/",14150,1000,4299400,60482000000,150,false,1.07
"OCB",142423,"/Date(1701933899000)/",14150,3500,4298400,60468000000,150,false,1.07
"OCB",142423,"/Date(1701933899000)/",14150,500,4294900,60418000000,150,false,1.07
"OCB",142423,"/Date(1701933899000)/",14150,100,4294400,60411000000,150,false,1.07
"OCB",142407,"/Date(1701933883000)/",14150,2500,4294300,60410000000,150,false,1.07
"OCB",142407,"/Date(1701933881000)/",14150,1000,4291800,60374000000,150,false,1.07
"OCB",142351,"/Date(1701933865000)/",14150,6400,4290800,60360000000,150,false,1.07
"OCB",142351,"/Date(1701933865000)/",14150,3600,4284400,60270000000,150,false,1.07
"OCB",142315,"/Date(1701933832000)/",14100,100,4280800,60219000000,100,true,0.71
"OCB",142215,"/Date(1701933769000)/",14100,100,4280700,60217000000,100,true,0.71
"OCB",142208,"/Date(1701933763000)/",14100,100,4280600,60216000000,100,true,0.71
"OCB",142149,"/Date(1701933746000)/",14150,700,4280500,60214000000,150,false,1.07
"OCB",142130,"/Date(1701933723000)/",14100,4500,4279800,60205000000,100,false,0.71
"OCB",142117,"/Date(1701933713000)/",14100,500,4275300,60141000000,100,false,0.71
"OCB",142117,"/Date(1701933712000)/",14100,100,4274800,60134000000,100,false,0.71
"OCB",142107,"/Date(1701933704000)/",14050,200,4274700,60133000000,50,true,0.36
"OCB",142101,"/Date(1701933694000)/",14100,900,4274500,60130000000,100,false,0.71
"OCB",142101,"/Date(1701933694000)/",14100,100,4273600,60117000000,100,false,0.71
"OCB",142101,"/Date(1701933694000)/",14100,1000,4273500,60116000000,100,false,0.71
"OCB",142039,"/Date(1701933674000)/",14100,200,4272500,60102000000,100,false,0.71
"OCB",141951,"/Date(1701933625000)/",14100,5000,4272300,60099000000,100,false,0.71
"OCB",141947,"/Date(1701933622000)/",14100,4200,4267300,60028000000,100,false,0.71
"OCB",141922,"/Date(1701933597000)/",14100,2000,4263100,59969000000,100,false,0.71
"OCB",141922,"/Date(1701933597000)/",14100,5000,4261100,59941000000,100,false,0.71
"OCB",141922,"/Date(1701933597000)/",14100,2000,4256100,59870000000,100,false,0.71
"OCB",141922,"/Date(1701933597000)/",14100,600,4254100,59842000000,100,false,0.71
"OCB",141915,"/Date(1701933591000)/",14100,12400,4253500,59834000000,100,true,0.71
"OCB",141915,"/Date(1701933591000)/",14100,5000,4241100,59659000000,100,true,0.71
"OCB",141915,"/Date(1701933591000)/",14100,2600,4236100,59588000000,100,true,0.71
"OCB",141859,"/Date(1701933575000)/",14100,200,4233500,59552000000,100,true,0.71
"OCB",141831,"/Date(1701933544000)/",14150,1100,4233300,59549000000,150,false,1.07
"OCB",141831,"/Date(1701933544000)/",14150,300,4232200,59533000000,150,false,1.07
"OCB",141831,"/Date(1701933544000)/",14150,2500,4231900,59529000000,150,false,1.07
"OCB",141733,"/Date(1701933487000)/",14150,1000,4229400,59494000000,150,false,1.07
"OCB",141733,"/Date(1701933487000)/",14100,500,4228400,59480000000,100,false,0.71
"OCB",141733,"/Date(1701933487000)/",14100,900,4227900,59473000000,100,false,0.71
"OCB",141651,"/Date(1701933447000)/",14050,100,4227000,59460000000,50,true,0.36
"OCB",141648,"/Date(1701933444000)/",14100,400,4226900,59458000000,100,true,0.71
"OCB",141648,"/Date(1701933444000)/",14100,3000,4226500,59453000000,100,true,0.71
"OCB",141648,"/Date(1701933444000)/",14100,9700,4223500,59411000000,100,true,0.71
"OCB",141635,"/Date(1701933430000)/",14100,300,4213800,59274000000,100,true,0.71
"OCB",141635,"/Date(1701933430000)/",14100,100,4213500,59270000000,100,true,0.71
"OCB",141635,"/Date(1701933430000)/",14100,700,4213400,59268000000,100,true,0.71
"OCB",141635,"/Date(1701933430000)/",14100,500,4212700,59258000000,100,true,0.71
"OCB",141635,"/Date(1701933430000)/",14100,1400,4212200,59251000000,100,true,0.71
"OCB",141629,"/Date(1701933424000)/",14100,2000,4210800,59231000000,100,true,0.71
"OCB",141619,"/Date(1701933415000)/",14100,1600,4208800,59203000000,100,true,0.71
"OCB",141619,"/Date(1701933415000)/",14100,400,4207200,59181000000,100,true,0.71
"OCB",141619,"/Date(1701933413000)/",14100,1000,4206800,59175000000,100,true,0.71
"OCB",141616,"/Date(1701933411000)/",14100,600,4205800,59161000000,100,true,0.71
"OCB",141616,"/Date(1701933411000)/",14100,2600,4205200,59152000000,100,true,0.71
"OCB",141604,"/Date(1701933400000)/",14100,25000,4202600,59116000000,100,true,0.71
"OCB",141604,"/Date(1701933397000)/",14100,400,4177600,58763000000,100,true,0.71
"OCB",141544,"/Date(1701933377000)/",14100,400,4177200,58758000000,100,true,0.71
"OCB",141538,"/Date(1701933371000)/",14100,5000,4176800,58752000000,100,true,0.71
"OCB",141535,"/Date(1701933370000)/",14100,100,4171800,58682000000,100,true,0.71
"OCB",141532,"/Date(1701933367000)/",14100,10000,4171700,58680000000,100,true,0.71
"OCB",141532,"/Date(1701933367000)/",14100,2700,4161700,58539000000,100,true,0.71
"OCB",141447,"/Date(1701933322000)/",14100,3800,4159000,58501000000,100,true,0.71
"OCB",141447,"/Date(1701933322000)/",14100,2000,4155200,58447000000,100,true,0.71
"OCB",141447,"/Date(1701933322000)/",14100,200,4153200,58419000000,100,true,0.71
"OCB",141447,"/Date(1701933322000)/",14100,3000,4153000,58416000000,100,true,0.71
"OCB",141447,"/Date(1701933321000)/",14150,300,4150000,58374000000,150,false,1.07
"OCB",141444,"/Date(1701933318000)/",14100,200,4149700,58370000000,100,true,0.71
"OCB",141428,"/Date(1701933302000)/",14100,800,4149500,58367000000,100,true,0.71
"OCB",141428,"/Date(1701933302000)/",14100,100,4148700,58356000000,100,true,0.71
"OCB",141428,"/Date(1701933302000)/",14100,1000,4148600,58354000000,100,true,0.71
"OCB",141428,"/Date(1701933302000)/",14100,800,4147600,58340000000,100,true,0.71
"OCB",141415,"/Date(1701933291000)/",14100,400,4146800,58329000000,100,true,0.71
"OCB",141412,"/Date(1701933285000)/",14100,2000,4146400,58323000000,100,true,0.71
"OCB",141405,"/Date(1701933281000)/",14100,400,4144400,58295000000,100,true,0.71
"OCB",141346,"/Date(1701933262000)/",14100,400,4144000,58290000000,100,true,0.71
"OCB",141346,"/Date(1701933262000)/",14100,2300,4143600,58284000000,100,true,0.71
"OCB",141340,"/Date(1701933255000)/",14100,700,4141300,58251000000,100,true,0.71
"OCB",141340,"/Date(1701933255000)/",14100,300,4140600,58242000000,100,true,0.71
"OCB",141324,"/Date(1701933237000)/",14100,600,4140300,58237000000,100,true,0.71
"OCB",141324,"/Date(1701933237000)/",14100,100,4139700,58229000000,100,true,0.71
"OCB",141324,"/Date(1701933237000)/",14100,1300,4139600,58228000000,100,true,0.71
"OCB",141321,"/Date(1701933234000)/",14100,2700,4138300,58209000000,100,true,0.71
"OCB",141308,"/Date(1701933222000)/",14100,100,4135600,58171000000,100,true,0.71
"OCB",141305,"/Date(1701933219000)/",14100,100,4135500,58170000000,100,true,0.71
"OCB",141249,"/Date(1701933205000)/",14100,27900,4135400,58168000000,100,true,0.71
"OCB",141242,"/Date(1701933196000)/",14100,100,4107500,57775000000,100,true,0.71
"OCB",141236,"/Date(1701933190000)/",14100,200,4107400,57774000000,100,true,0.71
"OCB",141158,"/Date(1701933153000)/",14150,5000,4107200,57771000000,150,false,1.07
"OCB",141113,"/Date(1701933106000)/",14100,500,4102200,57700000000,100,true,0.71
"OCB",141051,"/Date(1701933086000)/",14100,200,4101700,57693000000,100,true,0.71
"OCB",141041,"/Date(1701933077000)/",14100,500,4101500,57690000000,100,true,0.71
"OCB",141038,"/Date(1701933072000)/",14150,200,4101000,57683000000,150,false,1.07
"OCB",141035,"/Date(1701933069000)/",14150,3700,4100800,57680000000,150,false,1.07
"OCB",141025,"/Date(1701933061000)/",14100,200,4097100,57628000000,100,true,0.71
"OCB",141022,"/Date(1701933057000)/",14100,400,4096900,57625000000,100,true,0.71
"OCB",141012,"/Date(1701933046000)/",14150,500,4096500,57619000000,150,false,1.07
"OCB",141006,"/Date(1701933040000)/",14150,500,4096000,57612000000,150,false,1.07
"OCB",141003,"/Date(1701933036000)/",14100,15800,4095500,57605000000,100,true,0.71
"OCB",141003,"/Date(1701933036000)/",14100,14200,4079700,57382000000,100,true,0.71
"OCB",141000,"/Date(1701933035000)/",14150,500,4065500,57182000000,150,false,1.07
"OCB",140956,"/Date(1701933032000)/",14150,500,4065000,57175000000,150,false,1.07
"OCB",140956,"/Date(1701933029000)/",14100,900,4064500,57168000000,100,true,0.71
"OCB",140950,"/Date(1701933025000)/",14150,500,4063600,57155000000,150,false,1.07
"OCB",140934,"/Date(1701933008000)/",14100,14900,4063100,57148000000,100,true,0.71
"OCB",140934,"/Date(1701933008000)/",14100,8000,4048200,56938000000,100,true,0.71
"OCB",140934,"/Date(1701933008000)/",14100,2000,4040200,56825000000,100,true,0.71
"OCB",140934,"/Date(1701933008000)/",14100,100,4038200,56797000000,100,true,0.71
"OCB",140928,"/Date(1701933003000)/",14150,200,4038100,56796000000,150,false,1.07
"OCB",140902,"/Date(1701932978000)/",14150,500,4037900,56793000000,150,false,1.07
"OCB",140856,"/Date(1701932971000)/",14150,500,4037400,56786000000,150,false,1.07
"OCB",140853,"/Date(1701932966000)/",14150,500,4036900,56779000000,150,false,1.07
"OCB",140849,"/Date(1701932962000)/",14150,500,4036400,56772000000,150,false,1.07
"OCB",140849,"/Date(1701932962000)/",14150,500,4035900,56765000000,150,false,1.07
"OCB",140846,"/Date(1701932959000)/",14100,100,4035400,56758000000,100,true,0.71
"OCB",140843,"/Date(1701932957000)/",14150,500,4035300,56756000000,150,false,1.07
"OCB",140833,"/Date(1701932947000)/",14150,200,4034800,56749000000,150,false,1.07
"OCB",140817,"/Date(1701932932000)/",14100,200,4034600,56746000000,100,true,0.71
"OCB",140808,"/Date(1701932923000)/",14150,500,4034400,56743000000,150,false,1.07
"OCB",140805,"/Date(1701932919000)/",14150,900,4033900,56736000000,150,false,1.07
"OCB",140805,"/Date(1701932919000)/",14150,100,4033000,56724000000,150,false,1.07
"OCB",140801,"/Date(1701932917000)/",14150,500,4032900,56722000000,150,false,1.07
"OCB",140801,"/Date(1701932912000)/",14150,400,4032400,56715000000,150,false,1.07
"OCB",140801,"/Date(1701932912000)/",14150,100,4032000,56710000000,150,false,1.07
"OCB",140801,"/Date(1701932910000)/",14100,2000,4031900,56708000000,100,true,0.71
"OCB",140801,"/Date(1701932909000)/",14150,500,4029900,56680000000,150,false,1.07
"OCB",140752,"/Date(1701932904000)/",14150,2400,4029400,56673000000,150,false,1.07
"OCB",140749,"/Date(1701932904000)/",14150,500,4027000,56639000000,150,false,1.07
"OCB",140749,"/Date(1701932902000)/",14150,500,4026500,56632000000,150,false,1.07
"OCB",140749,"/Date(1701932902000)/",14100,100,4026000,56625000000,100,true,0.71
"OCB",140739,"/Date(1701932894000)/",14150,200,4025900,56623000000,150,false,1.07
"OCB",140720,"/Date(1701932875000)/",14100,100,4025700,56620000000,100,true,0.71
"OCB",140713,"/Date(1701932868000)/",14150,500,4025600,56619000000,150,false,1.07
"OCB",140707,"/Date(1701932861000)/",14150,500,4025100,56612000000,150,false,1.07
"OCB",140701,"/Date(1701932855000)/",14150,200,4024600,56605000000,150,false,1.07
"OCB",140701,"/Date(1701932855000)/",14150,300,4024400,56602000000,150,false,1.07
"OCB",140654,"/Date(1701932849000)/",14150,500,4024100,56598000000,150,false,1.07
"OCB",140651,"/Date(1701932844000)/",14150,500,4023600,56591000000,150,false,1.07
"OCB",140648,"/Date(1701932842000)/",14100,3000,4023100,56584000000,100,true,0.71
"OCB",140645,"/Date(1701932839000)/",14100,500,4020100,56541000000,100,true,0.71
"OCB",140629,"/Date(1701932822000)/",14150,200,4019600,56534000000,150,false,1.07
"OCB",140625,"/Date(1701932818000)/",14100,100,4019400,56531000000,100,true,0.71
"OCB",140613,"/Date(1701932808000)/",14100,500,4019300,56530000000,100,true,0.71
"OCB",140609,"/Date(1701932805000)/",14100,10000,4018800,56523000000,100,true,0.71
"OCB",140609,"/Date(1701932804000)/",14100,200,4008800,56382000000,100,true,0.71
"OCB",140609,"/Date(1701932802000)/",14100,10600,4008600,56379000000,100,true,0.71
"OCB",140609,"/Date(1701932802000)/",14100,1000,3998000,56230000000,100,true,0.71
"OCB",140609,"/Date(1701932802000)/",14100,100,3997000,56216000000,100,true,0.71
"OCB",140609,"/Date(1701932802000)/",14100,300,3996900,56214000000,100,true,0.71
"OCB",140609,"/Date(1701932802000)/",14100,2000,3996600,56210000000,100,true,0.71
"OCB",140606,"/Date(1701932798000)/",14150,400,3994600,56182000000,150,false,1.07
"OCB",140600,"/Date(1701932793000)/",14150,500,3994200,56176000000,150,false,1.07
"OCB",140554,"/Date(1701932787000)/",14150,500,3993700,56169000000,150,false,1.07
"OCB",140547,"/Date(1701932782000)/",14150,500,3993200,56162000000,150,false,1.07
"OCB",140544,"/Date(1701932779000)/",14150,500,3992700,56155000000,150,false,1.07
"OCB",140541,"/Date(1701932773000)/",14150,500,3992200,56148000000,150,false,1.07
"OCB",140525,"/Date(1701932757000)/",14150,200,3991700,56141000000,150,false,1.07
"OCB",140459,"/Date(1701932734000)/",14150,500,3991500,56138000000,150,false,1.07
"OCB",140459,"/Date(1701932733000)/",14150,500,3991000,56131000000,150,false,1.07
"OCB",140450,"/Date(1701932723000)/",14150,2400,3990500,56124000000,150,false,1.07
"OCB",140450,"/Date(1701932723000)/",14100,12200,3988100,56090000000,100,true,0.71
"OCB",140450,"/Date(1701932723000)/",14100,17800,3975900,55918000000,100,true,0.71
"OCB",140437,"/Date(1701932709000)/",14150,500,3958100,55667000000,150,false,1.07
"OCB",140427,"/Date(1701932702000)/",14150,5000,3957600,55660000000,150,false,1.07
"OCB",140424,"/Date(1701932698000)/",14150,500,3952600,55589000000,150,false,1.07
"OCB",140418,"/Date(1701932690000)/",14150,500,3952100,55582000000,150,false,1.07
"OCB",140411,"/Date(1701932683000)/",14150,500,3951600,55575000000,150,false,1.07
"OCB",140408,"/Date(1701932683000)/",14100,400,3951100,55568000000,100,true,0.71
"OCB",140402,"/Date(1701932675000)/",14100,100,3950700,55562000000,100,true,0.71
"OCB",140402,"/Date(1701932675000)/",14100,100,3950600,55561000000,100,true,0.71
"OCB",140358,"/Date(1701932673000)/",14100,400,3950500,55559000000,100,true,0.71
"OCB",140358,"/Date(1701932672000)/",14150,500,3950100,55554000000,150,false,1.07
"OCB",140352,"/Date(1701932665000)/",14100,2700,3949600,55547000000,100,true,0.71
"OCB",140342,"/Date(1701932656000)/",14100,2700,3946900,55509000000,100,true,0.71
"OCB",140333,"/Date(1701932645000)/",14100,1000,3944200,55470000000,100,true,0.71
"OCB",140310,"/Date(1701932624000)/",14100,100,3943200,55456000000,100,true,0.71
"OCB",140245,"/Date(1701932600000)/",14100,2000,3943100,55455000000,100,true,0.71
"OCB",140239,"/Date(1701932591000)/",14100,3000,3941100,55427000000,100,true,0.71
"OCB",140226,"/Date(1701932578000)/",14100,200,3938100,55384000000,100,true,0.71
"OCB",140213,"/Date(1701932567000)/",14150,4500,3937900,55382000000,150,false,1.07
"OCB",140213,"/Date(1701932567000)/",14150,500,3933400,55318000000,150,false,1.07
"OCB",140207,"/Date(1701932559000)/",14100,200,3932900,55311000000,100,true,0.71
"OCB",140154,"/Date(1701932547000)/",14100,200,3932700,55308000000,100,true,0.71
"OCB",140125,"/Date(1701932518000)/",14100,1800,3932500,55305000000,100,false,0.71
"OCB",140125,"/Date(1701932518000)/",14100,100,3930700,55280000000,100,false,0.71
"OCB",140125,"/Date(1701932518000)/",14100,500,3930600,55278000000,100,false,0.71
"OCB",140125,"/Date(1701932518000)/",14100,1700,3930100,55271000000,100,false,0.71
"OCB",140122,"/Date(1701932514000)/",14100,5000,3928400,55247000000,100,false,0.71
"OCB",140115,"/Date(1701932508000)/",14100,1200,3923400,55177000000,100,false,0.71
"OCB",140115,"/Date(1701932508000)/",14100,500,3922200,55160000000,100,false,0.71
"OCB",140059,"/Date(1701932492000)/",14100,800,3921700,55153000000,100,false,0.71
"OCB",140059,"/Date(1701932492000)/",14100,500,3920900,55142000000,100,false,0.71
"OCB",140043,"/Date(1701932476000)/",14100,300,3920400,55135000000,100,false,0.71
"OCB",140043,"/Date(1701932476000)/",14100,400,3920100,55130000000,100,false,0.71
"OCB",140043,"/Date(1701932476000)/",14100,300,3919700,55125000000,100,false,0.71
"OCB",140037,"/Date(1701932469000)/",14100,2000,3919400,55121000000,100,false,0.71
"OCB",140037,"/Date(1701932469000)/",14100,5000,3917400,55092000000,100,false,0.71
"OCB",140037,"/Date(1701932469000)/",14100,5000,3912400,55022000000,100,false,0.71
"OCB",140037,"/Date(1701932469000)/",14100,8000,3907400,54951000000,100,false,0.71
"OCB",140027,"/Date(1701932460000)/",14100,3500,3899400,54839000000,100,false,0.71
"OCB",140001,"/Date(1701932435000)/",14100,500,3895900,54789000000,100,false,0.71
"OCB",135946,"/Date(1701932418000)/",14050,200,3895400,54782000000,50,true,0.36
"OCB",135942,"/Date(1701932414000)/",14050,3800,3895200,54779000000,50,true,0.36
"OCB",135942,"/Date(1701932414000)/",14050,1200,3891400,54726000000,50,true,0.36
"OCB",135933,"/Date(1701932406000)/",14100,5000,3890200,54709000000,100,false,0.71
"OCB",135907,"/Date(1701932380000)/",14050,3000,3885200,54639000000,50,true,0.36
"OCB",135734,"/Date(1701932289000)/",14050,200,3882200,54596000000,50,true,0.36
"OCB",135705,"/Date(1701932260000)/",14050,300,3882000,54594000000,50,true,0.36
"OCB",135656,"/Date(1701932249000)/",14100,5000,3881700,54589000000,100,false,0.71
"OCB",135653,"/Date(1701932246000)/",14100,100,3876700,54519000000,100,false,0.71
"OCB",135640,"/Date(1701932233000)/",14100,2000,3876600,54518000000,100,false,0.71
"OCB",135637,"/Date(1701932230000)/",14100,1400,3874600,54489000000,100,false,0.71
"OCB",135611,"/Date(1701932204000)/",14100,1000,3873200,54470000000,100,false,0.71
"OCB",135601,"/Date(1701932194000)/",14100,1000,3872200,54455000000,100,false,0.71
"OCB",135555,"/Date(1701932188000)/",14100,2500,3871200,54441000000,100,false,0.71
"OCB",135555,"/Date(1701932188000)/",14100,300,3868700,54406000000,100,false,0.71
"OCB",135555,"/Date(1701932188000)/",14100,2400,3868400,54402000000,100,false,0.71
"OCB",135555,"/Date(1701932188000)/",14100,50000,3866000,54368000000,100,false,0.71
"OCB",135555,"/Date(1701932188000)/",14100,3600,3816000,53663000000,100,false,0.71
"OCB",135555,"/Date(1701932188000)/",14100,400,3812400,53612000000,100,false,0.71
"OCB",135555,"/Date(1701932188000)/",14100,100,3812000,53607000000,100,false,0.71
"OCB",135555,"/Date(1701932188000)/",14100,500,3811900,53605000000,100,false,0.71
"OCB",135555,"/Date(1701932188000)/",14100,10000,3811400,53598000000,100,false,0.71
"OCB",135555,"/Date(1701932188000)/",14100,10000,3801400,53457000000,100,false,0.71
"OCB",135555,"/Date(1701932188000)/",14100,200,3791400,53316000000,100,false,0.71
"OCB",135555,"/Date(1701932188000)/",14100,100,3791200,53313000000,100,false,0.71
"OCB",135555,"/Date(1701932188000)/",14100,1000,3791100,53312000000,100,false,0.71
"OCB",135555,"/Date(1701932188000)/",14100,2000,3790100,53298000000,100,false,0.71
"OCB",135555,"/Date(1701932188000)/",14100,16900,3788100,53270000000,100,false,0.71
"OCB",135529,"/Date(1701932161000)/",14050,200,3771200,53031000000,50,true,0.36
"OCB",135504,"/Date(1701932136000)/",14050,100,3771000,53029000000,50,true,0.36
"OCB",135501,"/Date(1701932133000)/",14050,200,3770900,53027000000,50,true,0.36
"OCB",135451,"/Date(1701932125000)/",14050,100,3770700,53024000000,50,true,0.36
"OCB",135445,"/Date(1701932118000)/",14100,200,3770600,53023000000,100,false,0.71
"OCB",135356,"/Date(1701932070000)/",14050,500,3770400,53020000000,50,true,0.36
"OCB",135331,"/Date(1701932044000)/",14050,100,3769900,53013000000,50,true,0.36
"OCB",135318,"/Date(1701932032000)/",14050,200,3769800,53012000000,50,true,0.36
"OCB",135315,"/Date(1701932026000)/",14050,1000,3769600,53009000000,50,true,0.36
"OCB",135312,"/Date(1701932024000)/",14050,600,3768600,52995000000,50,true,0.36
"OCB",135308,"/Date(1701932020000)/",14050,1000,3768000,52986000000,50,true,0.36
"OCB",135252,"/Date(1701932006000)/",14050,100,3767000,52972000000,50,true,0.36
"OCB",135240,"/Date(1701931993000)/",14050,1000,3766900,52971000000,50,true,0.36
"OCB",135227,"/Date(1701931981000)/",14050,200,3765900,52957000000,50,true,0.36
"OCB",135227,"/Date(1701931981000)/",14050,300,3765700,52954000000,50,true,0.36
"OCB",135227,"/Date(1701931981000)/",14050,100,3765400,52950000000,50,true,0.36
"OCB",135227,"/Date(1701931981000)/",14050,200,3765300,52948000000,50,true,0.36
"OCB",135217,"/Date(1701931971000)/",14050,100,3765100,52946000000,50,true,0.36
"OCB",135205,"/Date(1701931956000)/",14050,1600,3765000,52944000000,50,true,0.36
"OCB",135205,"/Date(1701931956000)/",14050,4000,3763400,52922000000,50,true,0.36
"OCB",135205,"/Date(1701931956000)/",14050,2000,3759400,52866000000,50,true,0.36
"OCB",135205,"/Date(1701931956000)/",14050,44400,3757400,52837000000,50,true,0.36
"OCB",135158,"/Date(1701931950000)/",14100,2900,3713000,52214000000,100,false,0.71
"OCB",135158,"/Date(1701931950000)/",14100,500,3710100,52173000000,100,false,0.71
"OCB",135158,"/Date(1701931950000)/",14100,200,3709600,52166000000,100,false,0.71
"OCB",135158,"/Date(1701931950000)/",14100,1000,3709400,52163000000,100,false,0.71
"OCB",135158,"/Date(1701931950000)/",14100,200,3708400,52149000000,100,false,0.71
"OCB",135158,"/Date(1701931950000)/",14100,200,3708200,52146000000,100,false,0.71
"OCB",135145,"/Date(1701931939000)/",14050,5600,3708000,52143000000,50,true,0.36
"OCB",135145,"/Date(1701931939000)/",14050,500,3702400,52064000000,50,true,0.36
"OCB",135145,"/Date(1701931939000)/",14050,5000,3701900,52057000000,50,true,0.36
"OCB",135145,"/Date(1701931939000)/",14050,3900,3696900,51987000000,50,true,0.36
"OCB",135145,"/Date(1701931939000)/",14050,5000,3693000,51932000000,50,true,0.36
"OCB",135110,"/Date(1701931904000)/",14050,100,3688000,51862000000,50,true,0.36
"OCB",135038,"/Date(1701931870000)/",14050,4900,3687900,51861000000,50,true,0.36
"OCB",135038,"/Date(1701931870000)/",14050,100,3683000,51792000000,50,true,0.36
"OCB",135019,"/Date(1701931852000)/",14050,100,3682900,51790000000,50,true,0.36
"OCB",135009,"/Date(1701931843000)/",14050,500,3682800,51789000000,50,true,0.36
"OCB",135009,"/Date(1701931843000)/",14050,4000,3682300,51782000000,50,true,0.36
"OCB",135009,"/Date(1701931843000)/",14050,500,3678300,51726000000,50,true,0.36
"OCB",134941,"/Date(1701931811000)/",14100,500,3677800,51719000000,100,false,0.71
"OCB",134941,"/Date(1701931811000)/",14100,1000,3677300,51712000000,100,false,0.71
"OCB",134941,"/Date(1701931811000)/",14100,2000,3676300,51698000000,100,false,0.71
"OCB",134941,"/Date(1701931811000)/",14100,1000,3674300,51669000000,100,false,0.71
"OCB",134941,"/Date(1701931811000)/",14100,1700,3673300,51655000000,100,false,0.71
"OCB",134941,"/Date(1701931811000)/",14100,1000,3671600,51631000000,100,false,0.71
"OCB",134941,"/Date(1701931811000)/",14100,300,3670600,51617000000,100,false,0.71
"OCB",134941,"/Date(1701931811000)/",14100,500,3670300,51613000000,100,false,0.71
"OCB",134931,"/Date(1701931802000)/",14100,100,3669800,51606000000,100,false,0.71
"OCB",134931,"/Date(1701931802000)/",14100,200,3669700,51605000000,100,false,0.71
"OCB",134925,"/Date(1701931795000)/",14050,3500,3669500,51602000000,50,true,0.36
"OCB",134925,"/Date(1701931795000)/",14050,500,3666000,51553000000,50,true,0.36
"OCB",134925,"/Date(1701931795000)/",14050,100,3665500,51546000000,50,true,0.36
"OCB",134925,"/Date(1701931795000)/",14050,2000,3665400,51544000000,50,true,0.36
"OCB",134925,"/Date(1701931795000)/",14050,700,3663400,51516000000,50,true,0.36
"OCB",134925,"/Date(1701931795000)/",14050,300,3662700,51506000000,50,true,0.36
"OCB",134925,"/Date(1701931795000)/",14050,2900,3662400,51502000000,50,true,0.36
"OCB",134902,"/Date(1701931775000)/",14050,200,3659500,51461000000,50,true,0.36
"OCB",134840,"/Date(1701931751000)/",14050,1900,3659300,51458000000,50,true,0.36
"OCB",134840,"/Date(1701931751000)/",14050,100,3657400,51432000000,50,true,0.36
"OCB",134654,"/Date(1701931647000)/",14050,200,3657300,51430000000,50,true,0.36
"OCB",134635,"/Date(1701931626000)/",14100,1000,3657100,51428000000,100,false,0.71
"OCB",134607,"/Date(1701931600000)/",14100,500,3656100,51413000000,100,false,0.71
"OCB",134557,"/Date(1701931589000)/",14100,100,3655600,51406000000,100,false,0.71
"OCB",134551,"/Date(1701931584000)/",14100,500,3655500,51405000000,100,false,0.71
"OCB",134544,"/Date(1701931576000)/",14100,100,3655000,51398000000,100,false,0.71
"OCB",134535,"/Date(1701931566000)/",14100,500,3654900,51397000000,100,false,0.71
"OCB",134519,"/Date(1701931551000)/",14050,500,3654400,51390000000,50,true,0.36
"OCB",134447,"/Date(1701931518000)/",14050,200,3653900,51382000000,50,true,0.36
"OCB",134421,"/Date(1701931491000)/",14100,100,3653700,51380000000,100,false,0.71
"OCB",134418,"/Date(1701931490000)/",14100,100,3653600,51378000000,100,false,0.71
"OCB",134418,"/Date(1701931490000)/",14100,9900,3653500,51377000000,100,false,0.71
"OCB",134356,"/Date(1701931468000)/",14100,100,3643600,51237000000,100,false,0.71
"OCB",134330,"/Date(1701931443000)/",14100,100,3643500,51236000000,100,false,0.71
"OCB",134330,"/Date(1701931441000)/",14100,1000,3643400,51234000000,100,false,0.71
"OCB",134318,"/Date(1701931430000)/",14100,3900,3642400,51220000000,100,false,0.71
"OCB",134318,"/Date(1701931430000)/",14100,200,3638500,51165000000,100,false,0.71
"OCB",134318,"/Date(1701931430000)/",14100,5000,3638300,51163000000,100,false,0.71
"OCB",134318,"/Date(1701931430000)/",14100,100,3633300,51092000000,100,false,0.71
"OCB",134318,"/Date(1701931430000)/",14100,800,3633200,51091000000,100,false,0.71
"OCB",134223,"/Date(1701931374000)/",14100,100,3632400,51079000000,100,false,0.71
"OCB",134110,"/Date(1701931301000)/",14100,2000,3632300,51078000000,100,false,0.71
"OCB",133947,"/Date(1701931217000)/",14100,1600,3630300,51050000000,100,false,0.71
"OCB",133947,"/Date(1701931217000)/",14100,300,3628700,51027000000,100,false,0.71
"OCB",133947,"/Date(1701931217000)/",14100,100,3628400,51023000000,100,false,0.71
"OCB",133947,"/Date(1701931217000)/",14100,200,3628300,51022000000,100,false,0.71
"OCB",133947,"/Date(1701931217000)/",14100,400,3628100,51019000000,100,false,0.71
"OCB",133947,"/Date(1701931217000)/",14100,500,3627700,51013000000,100,false,0.71
"OCB",133947,"/Date(1701931217000)/",14100,1000,3627200,51006000000,100,false,0.71
"OCB",133947,"/Date(1701931217000)/",14100,3100,3626200,50992000000,100,false,0.71
"OCB",133915,"/Date(1701931185000)/",14100,1900,3623100,50948000000,100,false,0.71
"OCB",133915,"/Date(1701931185000)/",14100,100,3621200,50921000000,100,false,0.71
"OCB",133836,"/Date(1701931147000)/",14050,100,3621100,50920000000,50,true,0.36
"OCB",133820,"/Date(1701931130000)/",14100,400,3621000,50919000000,100,false,0.71
"OCB",133820,"/Date(1701931130000)/",14100,100,3620600,50913000000,100,false,0.71
"OCB",133820,"/Date(1701931130000)/",14100,100,3620500,50912000000,100,false,0.71
"OCB",133820,"/Date(1701931130000)/",14100,10000,3620400,50910000000,100,false,0.71
"OCB",133820,"/Date(1701931130000)/",14100,1000,3610400,50769000000,100,false,0.71
"OCB",133820,"/Date(1701931130000)/",14100,2200,3609400,50755000000,100,false,0.71
"OCB",133820,"/Date(1701931130000)/",14100,10000,3607200,50724000000,100,false,0.71
"OCB",133820,"/Date(1701931130000)/",14100,100,3597200,50583000000,100,false,0.71
"OCB",133820,"/Date(1701931130000)/",14100,500,3597100,50582000000,100,false,0.71
"OCB",133820,"/Date(1701931130000)/",14100,2000,3596600,50575000000,100,false,0.71
"OCB",133820,"/Date(1701931130000)/",14100,100,3594600,50546000000,100,false,0.71
"OCB",133820,"/Date(1701931130000)/",14100,200,3594500,50545000000,100,false,0.71
"OCB",133820,"/Date(1701931130000)/",14100,100,3594300,50542000000,100,false,0.71
"OCB",133820,"/Date(1701931130000)/",14100,20000,3594200,50541000000,100,false,0.71
"OCB",133820,"/Date(1701931130000)/",14100,3000,3574200,50259000000,100,false,0.71
"OCB",133820,"/Date(1701931130000)/",14100,34200,3571200,50216000000,100,false,0.71
"OCB",133635,"/Date(1701931027000)/",14050,100,3537000,49734000000,50,true,0.36
"OCB",133631,"/Date(1701931021000)/",14050,100,3536900,49733000000,50,true,0.36
"OCB",133631,"/Date(1701931021000)/",14050,100,3536800,49731000000,50,true,0.36
"OCB",133631,"/Date(1701931021000)/",14050,600,3536700,49730000000,50,true,0.36
"OCB",133518,"/Date(1701930949000)/",14050,500,3536100,49722000000,50,false,0.36
"OCB",133515,"/Date(1701930946000)/",14050,500,3535600,49715000000,50,false,0.36
"OCB",133505,"/Date(1701930935000)/",14050,400,3535100,49708000000,50,true,0.36
"OCB",133456,"/Date(1701930926000)/",14050,200,3534700,49702000000,50,true,0.36
"OCB",133404,"/Date(1701930876000)/",14050,200,3534500,49699000000,50,false,0.36
"OCB",133404,"/Date(1701930876000)/",14050,100,3534300,49696000000,50,false,0.36
"OCB",133404,"/Date(1701930876000)/",14050,1000,3534200,49695000000,50,false,0.36
"OCB",133404,"/Date(1701930876000)/",14050,100,3533200,49681000000,50,false,0.36
"OCB",133326,"/Date(1701930837000)/",14050,300,3533100,49679000000,50,false,0.36
"OCB",133326,"/Date(1701930836000)/",14050,2000,3532800,49675000000,50,false,0.36
"OCB",133320,"/Date(1701930832000)/",14050,1600,3530800,49647000000,50,false,0.36
"OCB",133320,"/Date(1701930832000)/",14050,300,3529200,49625000000,50,false,0.36
"OCB",133320,"/Date(1701930832000)/",14050,3000,3528900,49620000000,50,false,0.36
"OCB",133320,"/Date(1701930832000)/",14050,200,3525900,49578000000,50,false,0.36
"OCB",133320,"/Date(1701930832000)/",14050,500,3525700,49575000000,50,false,0.36
"OCB",133320,"/Date(1701930832000)/",14050,5000,3525200,49568000000,50,false,0.36
"OCB",133320,"/Date(1701930832000)/",14050,300,3520200,49498000000,50,false,0.36
"OCB",133320,"/Date(1701930832000)/",14050,1000,3519900,49494000000,50,false,0.36
"OCB",133320,"/Date(1701930832000)/",14050,5000,3518900,49480000000,50,false,0.36
"OCB",133320,"/Date(1701930832000)/",14050,300,3513900,49410000000,50,false,0.36
"OCB",133320,"/Date(1701930832000)/",14050,32400,3513600,49405000000,50,false,0.36
"OCB",133320,"/Date(1701930832000)/",14050,400,3481200,48950000000,50,false,0.36
"OCB",133310,"/Date(1701930822000)/",14050,300,3480800,48945000000,50,false,0.36
"OCB",133238,"/Date(1701930789000)/",14050,300,3480500,48940000000,50,false,0.36
"OCB",133238,"/Date(1701930789000)/",14050,2000,3480200,48936000000,50,false,0.36
"OCB",133238,"/Date(1701930789000)/",14050,2000,3478200,48908000000,50,false,0.36
"OCB",133238,"/Date(1701930789000)/",14050,100,3476200,48880000000,50,false,0.36
"OCB",133238,"/Date(1701930789000)/",14050,2800,3476100,48879000000,50,false,0.36
"OCB",133203,"/Date(1701930755000)/",14050,2000,3473300,48839000000,50,false,0.36
"OCB",133203,"/Date(1701930752000)/",14050,500,3471300,48811000000,50,false,0.36
"OCB",133128,"/Date(1701930719000)/",14050,300,3470800,48804000000,50,false,0.36
"OCB",133052,"/Date(1701930684000)/",14050,1100,3470500,48800000000,50,false,0.36
"OCB",133040,"/Date(1701930671000)/",14050,5000,3469400,48784000000,50,false,0.36
"OCB",133027,"/Date(1701930659000)/",14050,2400,3464400,48714000000,50,false,0.36
"OCB",133014,"/Date(1701930644000)/",14050,2400,3462000,48680000000,50,false,0.36
"OCB",133005,"/Date(1701930636000)/",14000,2000,3459600,48647000000,0,true,0
"OCB",132942,"/Date(1701930613000)/",14000,400,3457600,48619000000,0,true,0
"OCB",132930,"/Date(1701930601000)/",14050,100,3457200,48613000000,50,false,0.36
"OCB",132910,"/Date(1701930582000)/",14000,7000,3457100,48612000000,0,true,0
"OCB",132842,"/Date(1701930551000)/",14000,9400,3450100,48514000000,0,true,0
"OCB",132842,"/Date(1701930551000)/",14000,100,3440700,48382000000,0,true,0
"OCB",132832,"/Date(1701930541000)/",14000,3000,3440600,48381000000,0,true,0
"OCB",132829,"/Date(1701930538000)/",14000,7000,3437600,48339000000,0,true,0
"OCB",132826,"/Date(1701930537000)/",14000,20000,3430600,48241000000,0,true,0
"OCB",132810,"/Date(1701930519000)/",14000,100,3410600,47961000000,0,true,0
"OCB",132803,"/Date(1701930515000)/",14000,4000,3410500,47959000000,0,true,0
"OCB",132647,"/Date(1701930438000)/",14000,100,3406500,47903000000,0,true,0
"OCB",132559,"/Date(1701930388000)/",14000,100,3406400,47902000000,0,true,0
"OCB",132546,"/Date(1701930375000)/",14000,3000,3406300,47901000000,0,true,0
"OCB",132521,"/Date(1701930351000)/",14000,1000,3403300,47859000000,0,true,0
"OCB",132514,"/Date(1701930343000)/",14000,100,3402300,47845000000,0,true,0
"OCB",132511,"/Date(1701930340000)/",14000,500,3402200,47843000000,0,true,0
"OCB",132452,"/Date(1701930324000)/",14000,300,3401700,47836000000,0,true,0
"OCB",132407,"/Date(1701930276000)/",14000,2000,3401400,47832000000,0,true,0
"OCB",132248,"/Date(1701930196000)/",14050,3000,3399400,47804000000,50,false,0.36
"OCB",132238,"/Date(1701930189000)/",14050,2400,3396400,47762000000,50,false,0.36
"OCB",132229,"/Date(1701930179000)/",14050,1100,3394000,47728000000,50,false,0.36
"OCB",132209,"/Date(1701930157000)/",14050,800,3392900,47713000000,50,false,0.36
"OCB",132143,"/Date(1701930132000)/",14050,2400,3392100,47701000000,50,false,0.36
"OCB",132118,"/Date(1701930108000)/",14050,2000,3389700,47668000000,50,false,0.36
"OCB",132105,"/Date(1701930094000)/",14050,100,3387700,47640000000,50,false,0.36
"OCB",132105,"/Date(1701930094000)/",14050,100,3387600,47638000000,50,false,0.36
"OCB",132105,"/Date(1701930094000)/",14050,100,3387500,47637000000,50,false,0.36
"OCB",132049,"/Date(1701930077000)/",14050,400,3387400,47635000000,50,false,0.36
"OCB",132049,"/Date(1701930077000)/",14050,2000,3387000,47630000000,50,false,0.36
"OCB",132039,"/Date(1701930068000)/",14050,200,3385000,47602000000,50,false,0.36
"OCB",131926,"/Date(1701929996000)/",14050,900,3384800,47599000000,50,false,0.36
"OCB",131917,"/Date(1701929986000)/",14050,2400,3383900,47586000000,50,true,0.36
"OCB",131917,"/Date(1701929985000)/",14050,1500,3381500,47552000000,50,true,0.36
"OCB",131917,"/Date(1701929985000)/",14050,200,3380000,47531000000,50,true,0.36
"OCB",131917,"/Date(1701929985000)/",14050,400,3379800,47529000000,50,true,0.36
"OCB",131917,"/Date(1701929985000)/",14050,10000,3379400,47523000000,50,true,0.36
"OCB",131917,"/Date(1701929985000)/",14050,200,3369400,47382000000,50,true,0.36
"OCB",131917,"/Date(1701929985000)/",14050,800,3369200,47380000000,50,true,0.36
"OCB",131917,"/Date(1701929985000)/",14050,1400,3368400,47368000000,50,true,0.36
"OCB",131731,"/Date(1701929882000)/",14050,300,3367000,47349000000,50,true,0.36
"OCB",131731,"/Date(1701929880000)/",14100,1000,3366700,47345000000,100,false,0.71
"OCB",131630,"/Date(1701929821000)/",14050,300,3365700,47330000000,50,true,0.36
"OCB",131536,"/Date(1701929766000)/",14050,1000,3365400,47326000000,50,true,0.36
"OCB",131527,"/Date(1701929755000)/",14050,1000,3364400,47312000000,50,true,0.36
"OCB",131514,"/Date(1701929742000)/",14050,2000,3363400,47298000000,50,false,0.36
"OCB",131511,"/Date(1701929739000)/",14050,1000,3361400,47270000000,50,true,0.36
"OCB",131511,"/Date(1701929739000)/",14050,1000,3360400,47256000000,50,true,0.36
"OCB",131511,"/Date(1701929739000)/",14050,100,3359400,47242000000,50,true,0.36
"OCB",131511,"/Date(1701929739000)/",14050,100,3359300,47240000000,50,true,0.36
"OCB",131508,"/Date(1701929738000)/",14050,5000,3359200,47239000000,50,false,0.36
"OCB",131501,"/Date(1701929729000)/",14050,500,3354200,47169000000,50,false,0.36
"OCB",131439,"/Date(1701929707000)/",14050,4500,3353700,47162000000,50,false,0.36
"OCB",131439,"/Date(1701929707000)/",14050,2000,3349200,47099000000,50,false,0.36
"OCB",131439,"/Date(1701929707000)/",14050,100,3347200,47070000000,50,false,0.36
"OCB",131439,"/Date(1701929707000)/",14050,10000,3347100,47069000000,50,false,0.36
"OCB",131439,"/Date(1701929707000)/",14050,4500,3337100,46929000000,50,false,0.36
"OCB",131439,"/Date(1701929707000)/",14050,100,3332600,46865000000,50,false,0.36
"OCB",131439,"/Date(1701929707000)/",14050,1000,3332500,46864000000,50,false,0.36
"OCB",131439,"/Date(1701929707000)/",14050,3000,3331500,46850000000,50,false,0.36
"OCB",131439,"/Date(1701929707000)/",14050,23000,3328500,46808000000,50,false,0.36
"OCB",131439,"/Date(1701929707000)/",14050,1800,3305500,46485000000,50,false,0.36
"OCB",131439,"/Date(1701929707000)/",14050,2400,3303700,46459000000,50,false,0.36
"OCB",131429,"/Date(1701929698000)/",14050,800,3301300,46426000000,50,false,0.36
"OCB",131429,"/Date(1701929698000)/",14050,100,3300500,46414000000,50,false,0.36
"OCB",131429,"/Date(1701929698000)/",14050,500,3300400,46413000000,50,false,0.36
"OCB",131429,"/Date(1701929698000)/",14050,500,3299900,46406000000,50,false,0.36
"OCB",131429,"/Date(1701929698000)/",14050,1100,3299400,46399000000,50,false,0.36
"OCB",131404,"/Date(1701929673000)/",14000,100,3298300,46383000000,0,true,0
"OCB",131400,"/Date(1701929670000)/",14050,3400,3298200,46382000000,50,false,0.36
"OCB",131400,"/Date(1701929670000)/",14050,5000,3294800,46334000000,50,false,0.36
"OCB",131400,"/Date(1701929670000)/",14050,1600,3289800,46264000000,50,false,0.36
"OCB",131357,"/Date(1701929667000)/",14000,10000,3288200,46242000000,0,true,0
"OCB",131348,"/Date(1701929657000)/",14050,200,3278200,46102000000,50,false,0.36
"OCB",131313,"/Date(1701929621000)/",14050,4200,3278000,46099000000,50,false,0.36
"OCB",131313,"/Date(1701929621000)/",14050,300,3273800,46040000000,50,false,0.36
"OCB",131313,"/Date(1701929621000)/",14050,400,3273500,46035000000,50,false,0.36
"OCB",131313,"/Date(1701929621000)/",14050,100,3273100,46030000000,50,false,0.36
"OCB",131140,"/Date(1701929528000)/",14050,200,3273000,46028000000,50,false,0.36
"OCB",131134,"/Date(1701929522000)/",14050,200,3272800,46026000000,50,false,0.36
"OCB",131134,"/Date(1701929522000)/",14050,400,3272600,46023000000,50,false,0.36
"OCB",131134,"/Date(1701929522000)/",14050,500,3272200,46017000000,50,false,0.36
"OCB",131134,"/Date(1701929522000)/",14050,900,3271700,46010000000,50,false,0.36
"OCB",131111,"/Date(1701929499000)/",14050,100,3270800,45998000000,50,false,0.36
"OCB",130851,"/Date(1701929360000)/",14050,500,3270700,45996000000,50,false,0.36
"OCB",130851,"/Date(1701929360000)/",14050,100,3270200,45989000000,50,false,0.36
"OCB",130847,"/Date(1701929357000)/",14050,300,3270100,45988000000,50,false,0.36
"OCB",130835,"/Date(1701929344000)/",14050,1800,3269800,45984000000,50,false,0.36
"OCB",130819,"/Date(1701929328000)/",14050,500,3268000,45958000000,50,false,0.36
"OCB",130819,"/Date(1701929328000)/",14050,500,3267500,45951000000,50,false,0.36
"OCB",130816,"/Date(1701929324000)/",14050,4500,3267000,45944000000,50,false,0.36
"OCB",130816,"/Date(1701929324000)/",14050,200,3262500,45881000000,50,false,0.36
"OCB",130816,"/Date(1701929324000)/",14050,300,3262300,45878000000,50,false,0.36
"OCB",130624,"/Date(1701929213000)/",14000,900,3262000,45874000000,0,false,0
"OCB",130624,"/Date(1701929213000)/",14000,5000,3261100,45861000000,0,false,0
"OCB",130624,"/Date(1701929213000)/",14000,20000,3256100,45791000000,0,false,0
"OCB",130624,"/Date(1701929213000)/",14000,300,3236100,45511000000,0,false,0
"OCB",130624,"/Date(1701929213000)/",14000,1400,3235800,45507000000,0,false,0
"OCB",130611,"/Date(1701929201000)/",14000,900,3234400,45488000000,0,false,0
"OCB",130539,"/Date(1701929167000)/",14000,200,3233500,45475000000,0,false,0
"OCB",130520,"/Date(1701929147000)/",14000,500,3233300,45472000000,0,false,0
"OCB",130454,"/Date(1701929123000)/",14000,500,3232800,45465000000,0,false,0
"OCB",130413,"/Date(1701929080000)/",14000,1900,3232300,45458000000,0,false,0
"OCB",130413,"/Date(1701929080000)/",14000,1500,3230400,45432000000,0,false,0
"OCB",130413,"/Date(1701929080000)/",14000,1600,3228900,45411000000,0,false,0
"OCB",130309,"/Date(1701929017000)/",14000,1400,3227300,45388000000,0,false,0
"OCB",130309,"/Date(1701929017000)/",14000,1500,3225900,45369000000,0,false,0
"OCB",130309,"/Date(1701929017000)/",14000,1000,3224400,45348000000,0,false,0
"OCB",130309,"/Date(1701929017000)/",14000,4300,3223400,45334000000,0,false,0
"OCB",130309,"/Date(1701929017000)/",14000,3000,3219100,45273000000,0,false,0
"OCB",130309,"/Date(1701929017000)/",14000,100,3216100,45231000000,0,false,0
"OCB",130309,"/Date(1701929017000)/",14000,1000,3216000,45230000000,0,false,0
"OCB",130309,"/Date(1701929017000)/",14000,500,3215000,45216000000,0,false,0
"OCB",130309,"/Date(1701929017000)/",14000,300,3214500,45209000000,0,false,0
"OCB",130309,"/Date(1701929017000)/",14000,1000,3214200,45205000000,0,false,0
"OCB",130309,"/Date(1701929017000)/",14000,300,3213200,45191000000,0,false,0
"OCB",130309,"/Date(1701929017000)/",14000,1200,3212900,45187000000,0,false,0
"OCB",130309,"/Date(1701929017000)/",14000,1500,3211700,45170000000,0,false,0
"OCB",130309,"/Date(1701929017000)/",14000,1000,3210200,45149000000,0,false,0
"OCB",130309,"/Date(1701929017000)/",14000,200,3209200,45135000000,0,false,0
"OCB",130309,"/Date(1701929017000)/",14000,500,3209000,45132000000,0,false,0
"OCB",130309,"/Date(1701929017000)/",14000,200,3208500,45125000000,0,false,0
"OCB",130309,"/Date(1701929017000)/",14000,1000,3208300,45122000000,0,false,0
"OCB",130243,"/Date(1701928991000)/",13950,1000,3207300,45108000000,-50,true,-0.36
"OCB",130240,"/Date(1701928989000)/",13950,3700,3206300,45094000000,-50,true,-0.36
"OCB",130240,"/Date(1701928989000)/",13950,200,3202600,45043000000,-50,true,-0.36
"OCB",130240,"/Date(1701928989000)/",13950,500,3202400,45040000000,-50,true,-0.36
"OCB",130240,"/Date(1701928989000)/",13950,500,3201900,45033000000,-50,true,-0.36
"OCB",130240,"/Date(1701928989000)/",13950,100,3201400,45026000000,-50,true,-0.36
"OCB",130234,"/Date(1701928980000)/",13950,100,3201300,45024000000,-50,true,-0.36
"OCB",130234,"/Date(1701928980000)/",13950,27400,3201200,45023000000,-50,true,-0.36
"OCB",130231,"/Date(1701928977000)/",13950,5000,3173800,44641000000,-50,true,-0.36
"OCB",130224,"/Date(1701928972000)/",13950,100,3168800,44571000000,-50,true,-0.36
"OCB",130212,"/Date(1701928959000)/",13950,1200,3168700,44570000000,-50,true,-0.36
"OCB",130114,"/Date(1701928903000)/",14000,100,3167500,44553000000,0,false,0
"OCB",130111,"/Date(1701928897000)/",13950,7200,3167400,44552000000,-50,true,-0.36
"OCB",130101,"/Date(1701928890000)/",13950,3000,3160200,44451000000,-50,true,-0.36
"OCB",130023,"/Date(1701928841000)/",13950,300,3157200,44409000000,-50,true,-0.36
"OCB",130020,"/Date(1701928834000)/",13950,1000,3156900,44405000000,-50,true,-0.36
"OCB",130017,"/Date(1701928831000)/",14000,100,3155900,44391000000,0,false,0
"OCB",130013,"/Date(1701928826000)/",14000,1000,3155800,44390000000,0,false,0
"OCB",130013,"/Date(1701928826000)/",14000,100,3154800,44376000000,0,false,0
"OCB",130013,"/Date(1701928824000)/",14000,500,3154700,44374000000,0,false,0
"OCB",130013,"/Date(1701928824000)/",14000,1000,3154200,44367000000,0,false,0
"OCB",130010,"/Date(1701928820000)/",13950,200,3153200,44353000000,-50,true,-0.36
"OCB",130010,"/Date(1701928820000)/",14000,3200,3153000,44350000000,0,false,0
"OCB",130010,"/Date(1701928820000)/",14000,1000,3149800,44306000000,0,false,0
"OCB",130007,"/Date(1701928816000)/",14000,2500,3148800,44292000000,0,false,0
"OCB",130007,"/Date(1701928816000)/",14000,100,3146300,44257000000,0,false,0
"OCB",130007,"/Date(1701928816000)/",14000,1200,3146200,44255000000,0,false,0
"OCB",130004,"/Date(1701928812000)/",14000,1000,3145000,44238000000,0,false,0
"OCB",130004,"/Date(1701928810000)/",13950,1000,3144000,44224000000,-50,true,-0.36
"OCB",130004,"/Date(1701928809000)/",13950,3600,3143000,44211000000,-50,true,-0.36
"OCB",130004,"/Date(1701928809000)/",13950,1000,3139400,44160000000,-50,true,-0.36
"OCB",130004,"/Date(1701928809000)/",13950,400,3138400,44146000000,-50,true,-0.36
"OCB",125954,"/Date(1701928802000)/",14000,2800,3138000,44141000000,0,false,0
"OCB",125954,"/Date(1701928802000)/",14000,200,3135200,44102000000,0,false,0
"OCB",125948,"/Date(1701928800000)/",14000,200,3135000,44099000000,0,false,0
"OCB",125945,"/Date(1701928800000)/",13950,100,3134800,44096000000,-50,true,-0.36
"OCB",125945,"/Date(1701928800000)/",13950,400,3134700,44095000000,-50,true,-0.36
"OCB",112934,"/Date(1701923393000)/",14000,2000,3134300,44089000000,0,false,0
"OCB",112934,"/Date(1701923393000)/",14000,1300,3132300,44061000000,0,false,0
"OCB",112934,"/Date(1701923393000)/",14000,100,3131000,44043000000,0,false,0
"OCB",112934,"/Date(1701923393000)/",14000,500,3130900,44041000000,0,false,0
"OCB",112934,"/Date(1701923393000)/",14000,1000,3130400,44034000000,0,false,0
"OCB",112934,"/Date(1701923393000)/",14000,1000,3129400,44020000000,0,false,0
"OCB",112934,"/Date(1701923393000)/",14000,10000,3128400,44006000000,0,false,0
"OCB",112934,"/Date(1701923393000)/",14000,1700,3118400,43866000000,0,false,0
"OCB",112934,"/Date(1701923393000)/",14000,100,3116700,43843000000,0,false,0
"OCB",112934,"/Date(1701923393000)/",14000,1000,3116600,43841000000,0,false,0
"OCB",112934,"/Date(1701923393000)/",14000,2300,3115600,43827000000,0,false,0
"OCB",112934,"/Date(1701923393000)/",14000,5000,3113300,43795000000,0,false,0
"OCB",112934,"/Date(1701923393000)/",14000,13600,3108300,43725000000,0,false,0
"OCB",112921,"/Date(1701923379000)/",14000,5000,3094700,43535000000,0,true,0
"OCB",112856,"/Date(1701923355000)/",14050,700,3089700,43465000000,50,false,0.36
"OCB",112849,"/Date(1701923349000)/",14050,2400,3089000,43455000000,50,false,0.36
"OCB",112801,"/Date(1701923300000)/",14000,100,3086600,43421000000,0,true,0
"OCB",112758,"/Date(1701923298000)/",14000,500,3086500,43420000000,0,true,0
"OCB",112742,"/Date(1701923282000)/",14000,800,3086000,43413000000,0,true,0
"OCB",112739,"/Date(1701923280000)/",14000,1400,3085200,43401000000,0,true,0
"OCB",112739,"/Date(1701923280000)/",14000,800,3083800,43382000000,0,true,0
"OCB",112739,"/Date(1701923278000)/",14000,5000,3083000,43371000000,0,true,0
"OCB",112720,"/Date(1701923259000)/",14000,400,3078000,43301000000,0,true,0
"OCB",112720,"/Date(1701923258000)/",14000,500,3077600,43295000000,0,true,0
"OCB",112714,"/Date(1701923250000)/",14000,1400,3077100,43288000000,0,true,0
"OCB",112629,"/Date(1701923208000)/",14000,500,3075700,43268000000,0,true,0
"OCB",112613,"/Date(1701923193000)/",14050,2400,3075200,43261000000,50,false,0.36
"OCB",112554,"/Date(1701923172000)/",14000,2000,3072800,43228000000,0,true,0
"OCB",112434,"/Date(1701923092000)/",14000,300,3070800,43200000000,0,true,0
"OCB",112434,"/Date(1701923092000)/",14000,200,3070500,43196000000,0,true,0
"OCB",112434,"/Date(1701923092000)/",14000,4000,3070300,43193000000,0,true,0
"OCB",112434,"/Date(1701923092000)/",14000,3000,3066300,43137000000,0,true,0
"OCB",112434,"/Date(1701923092000)/",14000,1000,3063300,43095000000,0,true,0
"OCB",112434,"/Date(1701923092000)/",14000,500,3062300,43081000000,0,true,0
"OCB",112434,"/Date(1701923092000)/",14000,1000,3061800,43074000000,0,true,0
"OCB",112434,"/Date(1701923092000)/",14000,200,3060800,43060000000,0,true,0
"OCB",112434,"/Date(1701923092000)/",14000,15000,3060600,43057000000,0,true,0
"OCB",112434,"/Date(1701923092000)/",14000,200,3045600,42847000000,0,true,0
"OCB",112434,"/Date(1701923092000)/",14000,300,3045400,42844000000,0,true,0
"OCB",112434,"/Date(1701923092000)/",14000,20000,3045100,42840000000,0,true,0
"OCB",112434,"/Date(1701923092000)/",14000,4300,3025100,42560000000,0,true,0
"OCB",112421,"/Date(1701923080000)/",14000,700,3020800,42500000000,0,true,0
"OCB",112421,"/Date(1701923080000)/",14000,1000,3020100,42490000000,0,true,0
"OCB",112421,"/Date(1701923080000)/",14000,100,3019100,42476000000,0,true,0
"OCB",112421,"/Date(1701923080000)/",14000,5000,3019000,42475000000,0,true,0
"OCB",112421,"/Date(1701923080000)/",14000,600,3014000,42405000000,0,true,0
"OCB",112421,"/Date(1701923080000)/",14000,1000,3013400,42396000000,0,true,0
"OCB",112421,"/Date(1701923080000)/",14000,1100,3012400,42382000000,0,true,0
"OCB",112415,"/Date(1701923074000)/",14000,500,3011300,42367000000,0,true,0
"OCB",112412,"/Date(1701923071000)/",14000,1000,3010800,42360000000,0,true,0
"OCB",112405,"/Date(1701923063000)/",14050,5000,3009800,42346000000,50,false,0.36
"OCB",112340,"/Date(1701923038000)/",14000,200,3004800,42275000000,0,true,0
"OCB",112314,"/Date(1701923015000)/",14000,100,3004600,42273000000,0,true,0
"OCB",112242,"/Date(1701922982000)/",14000,1000,3004500,42271000000,0,true,0
"OCB",112233,"/Date(1701922970000)/",14050,200,3003500,42257000000,50,false,0.36
"OCB",112229,"/Date(1701922969000)/",14000,1000,3003300,42254000000,0,true,0
"OCB",112135,"/Date(1701922913000)/",14050,300,3002300,42240000000,50,false,0.36
"OCB",112129,"/Date(1701922907000)/",14000,15100,3002000,42236000000,0,true,0
"OCB",112129,"/Date(1701922907000)/",14000,4900,2986900,42025000000,0,true,0
"OCB",111833,"/Date(1701922732000)/",14050,100,2982000,41956000000,50,false,0.36
"OCB",111745,"/Date(1701922674000)/",14050,300,2981900,41955000000,50,false,0.36
"OCB",111739,"/Date(1701922639000)/",14000,5100,2981600,41951000000,0,true,0
"OCB",111739,"/Date(1701922639000)/",14000,4900,2976500,41879000000,0,true,0
"OCB",111729,"/Date(1701922597000)/",14000,3900,2971600,41811000000,0,true,0
"OCB",111729,"/Date(1701922597000)/",14000,200,2967700,41756000000,0,true,0
"OCB",111729,"/Date(1701922597000)/",14000,1300,2967500,41753000000,0,true,0
"OCB",111717,"/Date(1701922548000)/",14000,200,2966200,41735000000,0,true,0
"OCB",111717,"/Date(1701922539000)/",14000,5000,2966000,41732000000,0,true,0
"OCB",111717,"/Date(1701922539000)/",14000,200,2961000,41662000000,0,true,0
"OCB",111710,"/Date(1701922526000)/",14000,100,2960800,41659000000,0,false,0
"OCB",111710,"/Date(1701922526000)/",14000,8900,2960700,41658000000,0,false,0
"OCB",111710,"/Date(1701922522000)/",14000,600,2951800,41533000000,0,false,0
"OCB",111707,"/Date(1701922511000)/",14000,100000,2951200,41525000000,0,false,0
"OCB",111707,"/Date(1701922505000)/",14000,4700,2851200,40125000000,0,false,0
"OCB",111704,"/Date(1701922495000)/",14000,100,2846500,40059000000,0,false,0
"OCB",111704,"/Date(1701922486000)/",14000,10000,2846400,40058000000,0,false,0
"OCB",111657,"/Date(1701922469000)/",14000,50000,2836400,39918000000,0,false,0
"OCB",111657,"/Date(1701922461000)/",14000,40000,2786400,39218000000,0,false,0
"OCB",111657,"/Date(1701922459000)/",14000,1500,2746400,38658000000,0,false,0
"OCB",111657,"/Date(1701922459000)/",14000,400,2744900,38637000000,0,false,0
"OCB",111657,"/Date(1701922459000)/",14000,100,2744500,38631000000,0,false,0
"OCB",111657,"/Date(1701922459000)/",14000,1600,2744400,38630000000,0,false,0
"OCB",111657,"/Date(1701922459000)/",14000,1000,2742800,38607000000,0,false,0
"OCB",111657,"/Date(1701922459000)/",14000,1000,2741800,38593000000,0,false,0
"OCB",111657,"/Date(1701922459000)/",14000,200,2740800,38579000000,0,false,0
"OCB",111657,"/Date(1701922459000)/",14000,100,2740600,38577000000,0,false,0
"OCB",111657,"/Date(1701922459000)/",14000,200,2740500,38575000000,0,false,0
"OCB",111657,"/Date(1701922459000)/",14000,400,2740300,38572000000,0,false,0
"OCB",111657,"/Date(1701922459000)/",14000,500,2739900,38567000000,0,false,0
"OCB",111657,"/Date(1701922459000)/",14000,1500,2739400,38560000000,0,false,0
"OCB",111657,"/Date(1701922459000)/",14000,5600,2737900,38539000000,0,false,0
"OCB",111657,"/Date(1701922459000)/",14000,500,2732300,38460000000,0,false,0
"OCB",111657,"/Date(1701922456000)/",14050,500,2731800,38453000000,50,false,0.36
"OCB",111651,"/Date(1701922437000)/",14000,500,2731300,38446000000,0,true,0
"OCB",111635,"/Date(1701922375000)/",14000,2000,2730800,38439000000,0,true,0
"OCB",111629,"/Date(1701922353000)/",14050,1000,2728800,38411000000,50,false,0.36
"OCB",111629,"/Date(1701922353000)/",14000,400,2727800,38397000000,0,true,0
"OCB",111629,"/Date(1701922351000)/",14000,2500,2727400,38392000000,0,true,0
"OCB",111625,"/Date(1701922344000)/",14000,1000,2724900,38357000000,0,true,0
"OCB",111625,"/Date(1701922343000)/",14000,1000,2723900,38343000000,0,true,0
"OCB",111622,"/Date(1701922340000)/",14000,100,2722900,38329000000,0,false,0
"OCB",111622,"/Date(1701922340000)/",14000,200,2722800,38327000000,0,false,0
"OCB",111622,"/Date(1701922340000)/",14000,1800,2722600,38325000000,0,false,0
"OCB",111622,"/Date(1701922333000)/",14000,200,2720800,38299000000,0,false,0
"OCB",111622,"/Date(1701922333000)/",14000,300,2720600,38297000000,0,false,0
"OCB",111622,"/Date(1701922333000)/",14000,100,2720300,38292000000,0,false,0
"OCB",111622,"/Date(1701922333000)/",14000,900,2720200,38291000000,0,false,0
"OCB",111622,"/Date(1701922332000)/",14000,1000,2719300,38278000000,0,false,0
"OCB",111619,"/Date(1701922326000)/",14000,3100,2718300,38264000000,0,false,0
"OCB",111619,"/Date(1701922326000)/",14000,4000,2715200,38221000000,0,false,0
"OCB",111619,"/Date(1701922326000)/",14000,100,2711200,38165000000,0,false,0
"OCB",111619,"/Date(1701922326000)/",14000,800,2711100,38164000000,0,false,0
"OCB",111616,"/Date(1701922311000)/",14000,200,2710300,38152000000,0,false,0
"OCB",111616,"/Date(1701922311000)/",14000,200,2710100,38150000000,0,false,0
"OCB",111616,"/Date(1701922310000)/",14000,7800,2709900,38147000000,0,false,0
"OCB",111616,"/Date(1701922310000)/",14000,2200,2702100,38038000000,0,false,0
"OCB",111613,"/Date(1701922308000)/",14000,800,2699900,38007000000,0,false,0
"OCB",111613,"/Date(1701922308000)/",14000,100,2699100,37996000000,0,false,0
"OCB",111613,"/Date(1701922308000)/",14000,500,2699000,37994000000,0,false,0
"OCB",111613,"/Date(1701922308000)/",14000,2800,2698500,37987000000,0,false,0
"OCB",111609,"/Date(1701922299000)/",14000,200,2695700,37948000000,0,false,0
"OCB",111609,"/Date(1701922298000)/",14000,2000,2695500,37945000000,0,false,0
"OCB",111609,"/Date(1701922298000)/",13950,100,2693500,37917000000,-50,true,-0.36
"OCB",111603,"/Date(1701922273000)/",14000,3000,2693400,37916000000,0,false,0
"OCB",111600,"/Date(1701922263000)/",13950,9500,2690400,37874000000,-50,true,-0.36
"OCB",111600,"/Date(1701922263000)/",13950,2000,2680900,37741000000,-50,true,-0.36
"OCB",111600,"/Date(1701922263000)/",13950,1000,2678900,37713000000,-50,true,-0.36
"OCB",111600,"/Date(1701922263000)/",13950,4500,2677900,37699000000,-50,true,-0.36
"OCB",111600,"/Date(1701922263000)/",14000,500,2673400,37637000000,0,false,0
"OCB",111553,"/Date(1701922252000)/",14000,5000,2672900,37630000000,0,false,0
"OCB",111544,"/Date(1701922225000)/",14000,4000,2667900,37560000000,0,false,0
"OCB",111541,"/Date(1701922219000)/",14000,200,2663900,37504000000,0,false,0
"OCB",111534,"/Date(1701922202000)/",13950,300,2663700,37501000000,-50,true,-0.36
"OCB",110938,"/Date(1701922196000)/",13950,1500,2663400,37497000000,-50,true,-0.36
"OCB",110938,"/Date(1701922196000)/",13950,13000,2661900,37476000000,-50,true,-0.36
"OCB",110932,"/Date(1701922188000)/",13950,20000,2648900,37294000000,-50,true,-0.36
"OCB",110926,"/Date(1701922183000)/",13950,17000,2628900,37015000000,-50,true,-0.36
"OCB",110926,"/Date(1701922183000)/",13950,3000,2611900,36778000000,-50,true,-0.36
"OCB",110926,"/Date(1701922183000)/",13950,2000,2608900,36736000000,-50,true,-0.36
"OCB",110926,"/Date(1701922183000)/",13950,500,2606900,36708000000,-50,true,-0.36
"OCB",110919,"/Date(1701922178000)/",13950,300,2606400,36701000000,-50,true,-0.36
"OCB",110910,"/Date(1701922167000)/",13950,400,2606100,36697000000,-50,true,-0.36
"OCB",110907,"/Date(1701922163000)/",13950,300,2605700,36692000000,-50,true,-0.36
"OCB",110907,"/Date(1701922163000)/",13950,600,2605400,36688000000,-50,true,-0.36
"OCB",110907,"/Date(1701922163000)/",13950,100,2604800,36679000000,-50,true,-0.36
"OCB",110850,"/Date(1701922148000)/",13950,400,2604700,36678000000,-50,true,-0.36
"OCB",110850,"/Date(1701922148000)/",13950,10000,2604300,36672000000,-50,true,-0.36
"OCB",110850,"/Date(1701922148000)/",13950,12000,2594300,36533000000,-50,true,-0.36
"OCB",110800,"/Date(1701922098000)/",14000,1000,2582300,36365000000,0,false,0
"OCB",110721,"/Date(1701922058000)/",14000,4500,2581300,36351000000,0,false,0
"OCB",110721,"/Date(1701922058000)/",14000,700,2576800,36288000000,0,false,0
"OCB",110721,"/Date(1701922058000)/",14000,2000,2576100,36279000000,0,false,0
"OCB",110643,"/Date(1701922021000)/",13950,14500,2574100,36251000000,-50,true,-0.36
"OCB",110643,"/Date(1701922021000)/",14000,7200,2559600,36048000000,0,false,0
"OCB",110640,"/Date(1701922018000)/",13950,800,2552400,35947000000,-50,true,-0.36
"OCB",110636,"/Date(1701922015000)/",13950,1000,2551600,35936000000,-50,true,-0.36
"OCB",110633,"/Date(1701922010000)/",13950,20000,2550600,35922000000,-50,true,-0.36
"OCB",110614,"/Date(1701921991000)/",13950,200,2530600,35643000000,-50,true,-0.36
"OCB",110605,"/Date(1701921981000)/",13950,100,2530400,35641000000,-50,true,-0.36
"OCB",110549,"/Date(1701921967000)/",13950,1400,2530300,35639000000,-50,true,-0.36
"OCB",110549,"/Date(1701921967000)/",13950,100,2528900,35620000000,-50,true,-0.36
"OCB",110549,"/Date(1701921967000)/",13950,500,2528800,35618000000,-50,true,-0.36
"OCB",110510,"/Date(1701921927000)/",14000,20800,2528300,35611000000,0,true,0
"OCB",110507,"/Date(1701921926000)/",14000,6100,2507500,35320000000,0,true,0
"OCB",110507,"/Date(1701921925000)/",14000,2500,2501400,35235000000,0,true,0
"OCB",110507,"/Date(1701921924000)/",14000,10000,2498900,35200000000,0,true,0
"OCB",110501,"/Date(1701921918000)/",14000,1000,2488900,35060000000,0,true,0
"OCB",110501,"/Date(1701921917000)/",14000,2000,2487900,35046000000,0,true,0
"OCB",110451,"/Date(1701921908000)/",14000,200,2485900,35018000000,0,true,0
"OCB",110442,"/Date(1701921900000)/",14000,5000,2485700,35015000000,0,true,0
"OCB",110438,"/Date(1701921897000)/",14000,1300,2480700,34945000000,0,true,0
"OCB",110426,"/Date(1701921881000)/",14000,1100,2479400,34927000000,0,true,0
"OCB",110426,"/Date(1701921881000)/",14000,8900,2478300,34911000000,0,true,0
"OCB",110338,"/Date(1701921836000)/",14050,300,2469400,34787000000,50,false,0.36
"OCB",110338,"/Date(1701921833000)/",14000,1000,2469100,34782000000,0,true,0
"OCB",110328,"/Date(1701921825000)/",14000,100,2468100,34768000000,0,true,0
"OCB",110328,"/Date(1701921825000)/",14000,500,2468000,34767000000,0,true,0
"OCB",110328,"/Date(1701921825000)/",14000,500,2467500,34760000000,0,true,0
"OCB",110328,"/Date(1701921825000)/",14000,3900,2467000,34753000000,0,true,0
"OCB",110325,"/Date(1701921823000)/",14000,400,2463100,34698000000,0,true,0
"OCB",110325,"/Date(1701921823000)/",14000,500,2462700,34693000000,0,true,0
"OCB",110325,"/Date(1701921823000)/",14000,4100,2462200,34686000000,0,true,0
"OCB",110315,"/Date(1701921812000)/",14000,100,2458100,34628000000,0,true,0
"OCB",110312,"/Date(1701921808000)/",14000,800,2458000,34627000000,0,true,0
"OCB",110312,"/Date(1701921808000)/",14000,200,2457200,34616000000,0,true,0
"OCB",110309,"/Date(1701921805000)/",14000,100,2457000,34613000000,0,true,0
"OCB",110259,"/Date(1701921796000)/",14000,200,2456900,34612000000,0,true,0
"OCB",110259,"/Date(1701921796000)/",14000,500,2456700,34609000000,0,true,0
"OCB",110259,"/Date(1701921796000)/",14000,1500,2456200,34602000000,0,true,0
"OCB",110227,"/Date(1701921764000)/",14000,500,2454700,34581000000,0,true,0
"OCB",110211,"/Date(1701921747000)/",14000,10000,2454200,34574000000,0,true,0
"OCB",110208,"/Date(1701921744000)/",14000,500,2444200,34434000000,0,true,0
"OCB",110130,"/Date(1701921708000)/",14000,2500,2443700,34427000000,0,true,0
"OCB",110130,"/Date(1701921708000)/",14000,7500,2441200,34392000000,0,true,0
"OCB",110127,"/Date(1701921705000)/",14000,100,2433700,34287000000,0,true,0
"OCB",110120,"/Date(1701921697000)/",14000,2000,2433600,34285000000,0,true,0
"OCB",110120,"/Date(1701921697000)/",14000,2000,2431600,34257000000,0,true,0
"OCB",110114,"/Date(1701921691000)/",14000,1000,2429600,34229000000,0,true,0
"OCB",110101,"/Date(1701921679000)/",14000,2000,2428600,34215000000,0,true,0
"OCB",110036,"/Date(1701921653000)/",14050,100,2426600,34187000000,50,false,0.36
"OCB",110026,"/Date(1701921643000)/",14050,1700,2426500,34186000000,50,false,0.36
"OCB",110026,"/Date(1701921643000)/",14050,5000,2424800,34162000000,50,false,0.36
"OCB",110026,"/Date(1701921643000)/",14050,3300,2419800,34092000000,50,false,0.36
"OCB",110026,"/Date(1701921643000)/",14000,200,2416500,34046000000,0,true,0
"OCB",110023,"/Date(1701921640000)/",14000,20000,2416300,34043000000,0,true,0
"OCB",110013,"/Date(1701921631000)/",14000,10000,2396300,33763000000,0,true,0
"OCB",110010,"/Date(1701921626000)/",14000,400,2386300,33623000000,0,true,0
"OCB",105948,"/Date(1701921604000)/",14000,2000,2385900,33617000000,0,true,0
"OCB",105938,"/Date(1701921596000)/",14000,1000,2383900,33589000000,0,true,0
"OCB",105932,"/Date(1701921590000)/",14000,1800,2382900,33575000000,0,true,0
"OCB",105932,"/Date(1701921590000)/",14000,3000,2381100,33550000000,0,true,0
"OCB",105932,"/Date(1701921590000)/",14000,100,2378100,33508000000,0,true,0
"OCB",105932,"/Date(1701921590000)/",14000,30800,2378000,33507000000,0,true,0
"OCB",105916,"/Date(1701921573000)/",14050,100,2347200,33075000000,50,true,0.36
"OCB",105916,"/Date(1701921573000)/",14050,200,2347100,33074000000,50,true,0.36
"OCB",105916,"/Date(1701921573000)/",14050,300,2346900,33071000000,50,true,0.36
"OCB",105916,"/Date(1701921573000)/",14050,1000,2346600,33067000000,50,true,0.36
"OCB",105916,"/Date(1701921573000)/",14050,100,2345600,33053000000,50,true,0.36
"OCB",105910,"/Date(1701921566000)/",14050,100,2345500,33051000000,50,true,0.36
"OCB",105910,"/Date(1701921566000)/",14050,300,2345400,33050000000,50,true,0.36
"OCB",105910,"/Date(1701921566000)/",14050,1600,2345100,33046000000,50,true,0.36
"OCB",105906,"/Date(1701921562000)/",14050,100,2343500,33023000000,50,true,0.36
"OCB",105906,"/Date(1701921562000)/",14050,2000,2343400,33022000000,50,true,0.36
"OCB",105906,"/Date(1701921562000)/",14050,500,2341400,32994000000,50,true,0.36
"OCB",105906,"/Date(1701921562000)/",14050,6400,2340900,32987000000,50,true,0.36
"OCB",105850,"/Date(1701921547000)/",14050,1000,2334500,32897000000,50,true,0.36
"OCB",105841,"/Date(1701921539000)/",14050,1000,2333500,32883000000,50,true,0.36
"OCB",105822,"/Date(1701921519000)/",14050,7000,2332500,32869000000,50,true,0.36
"OCB",105806,"/Date(1701921503000)/",14050,5000,2325500,32770000000,50,true,0.36
"OCB",105806,"/Date(1701921501000)/",14050,600,2320500,32700000000,50,true,0.36
"OCB",105759,"/Date(1701921496000)/",14050,5000,2319900,32692000000,50,true,0.36
"OCB",105759,"/Date(1701921496000)/",14050,24000,2314900,32621000000,50,true,0.36
"OCB",105759,"/Date(1701921496000)/",14050,500,2290900,32284000000,50,true,0.36
"OCB",105759,"/Date(1701921496000)/",14050,100,2290400,32277000000,50,true,0.36
"OCB",105759,"/Date(1701921496000)/",14050,35400,2290300,32276000000,50,true,0.36
"OCB",105743,"/Date(1701921479000)/",14050,1000,2254900,31778000000,50,true,0.36
"OCB",105705,"/Date(1701921443000)/",14050,1600,2253900,31764000000,50,true,0.36
"OCB",105652,"/Date(1701921428000)/",14050,4000,2252300,31742000000,50,true,0.36
"OCB",105555,"/Date(1701921371000)/",14100,100,2248300,31686000000,100,false,0.71
"OCB",105357,"/Date(1701921252000)/",14050,5000,2248200,31684000000,50,true,0.36
"OCB",105331,"/Date(1701921228000)/",14050,1000,2243200,31614000000,50,true,0.36
"OCB",105312,"/Date(1701921209000)/",14100,1000,2242200,31600000000,100,false,0.71
"OCB",105309,"/Date(1701921204000)/",14050,1000,2241200,31586000000,50,true,0.36
"OCB",105017,"/Date(1701921034000)/",14100,13700,2240200,31572000000,100,false,0.71
"OCB",105017,"/Date(1701921034000)/",14100,500,2226500,31379000000,100,false,0.71
"OCB",105017,"/Date(1701921034000)/",14100,100,2226000,31372000000,100,false,0.71
"OCB",105017,"/Date(1701921034000)/",14100,300,2225900,31370000000,100,false,0.71
"OCB",105017,"/Date(1701921034000)/",14100,600,2225600,31366000000,100,false,0.71
"OCB",105017,"/Date(1701921034000)/",14100,200,2225000,31358000000,100,false,0.71
"OCB",105017,"/Date(1701921034000)/",14100,200,2224800,31355000000,100,false,0.71
"OCB",105017,"/Date(1701921034000)/",14100,500,2224600,31352000000,100,false,0.71
"OCB",105017,"/Date(1701921034000)/",14100,500,2224100,31345000000,100,false,0.71
"OCB",105017,"/Date(1701921034000)/",14100,200,2223600,31338000000,100,false,0.71
"OCB",105017,"/Date(1701921034000)/",14100,3200,2223400,31335000000,100,false,0.71
"OCB",104822,"/Date(1701920919000)/",14100,5000,2220200,31290000000,100,false,0.71
"OCB",104712,"/Date(1701920849000)/",14100,4000,2215200,31219000000,100,false,0.71
"OCB",104640,"/Date(1701920816000)/",14100,500,2211200,31163000000,100,false,0.71
"OCB",104637,"/Date(1701920812000)/",14050,500,2210700,31156000000,50,true,0.36
"OCB",104631,"/Date(1701920807000)/",14100,2300,2210200,31149000000,100,false,0.71
"OCB",104631,"/Date(1701920807000)/",14100,100,2207900,31117000000,100,false,0.71
"OCB",104631,"/Date(1701920807000)/",14100,500,2207800,31115000000,100,false,0.71
"OCB",104631,"/Date(1701920807000)/",14100,400,2207300,31108000000,100,false,0.71
"OCB",104631,"/Date(1701920807000)/",14100,100,2206900,31102000000,100,false,0.71
"OCB",104631,"/Date(1701920807000)/",14100,500,2206800,31101000000,100,false,0.71
"OCB",104631,"/Date(1701920807000)/",14100,100,2206300,31094000000,100,false,0.71
"OCB",104631,"/Date(1701920807000)/",14100,100,2206200,31093000000,100,false,0.71
"OCB",104631,"/Date(1701920807000)/",14100,200,2206100,31091000000,100,false,0.71
"OCB",104631,"/Date(1701920807000)/",14100,1600,2205900,31088000000,100,false,0.71
"OCB",104631,"/Date(1701920807000)/",14100,2000,2204300,31066000000,100,false,0.71
"OCB",104631,"/Date(1701920807000)/",14100,1000,2202300,31038000000,100,false,0.71
"OCB",104631,"/Date(1701920807000)/",14100,500,2201300,31023000000,100,false,0.71
"OCB",104631,"/Date(1701920807000)/",14100,1000,2200800,31016000000,100,false,0.71
"OCB",104631,"/Date(1701920807000)/",14100,1000,2199800,31002000000,100,false,0.71
"OCB",104631,"/Date(1701920807000)/",14100,5000,2198800,30988000000,100,false,0.71
"OCB",104631,"/Date(1701920807000)/",14100,3400,2193800,30918000000,100,false,0.71
"OCB",104631,"/Date(1701920807000)/",14100,100,2190400,30870000000,100,false,0.71
"OCB",104631,"/Date(1701920807000)/",14100,100,2190300,30868000000,100,false,0.71
"OCB",104624,"/Date(1701920800000)/",14100,900,2190200,30867000000,100,false,0.71
"OCB",104624,"/Date(1701920800000)/",14100,1000,2189300,30854000000,100,false,0.71
"OCB",104624,"/Date(1701920800000)/",14100,3100,2188300,30840000000,100,false,0.71
"OCB",104611,"/Date(1701920785000)/",14100,1600,2185200,30796000000,100,false,0.71
"OCB",104605,"/Date(1701920780000)/",14100,300,2183600,30774000000,100,false,0.71
"OCB",104605,"/Date(1701920780000)/",14100,200,2183300,30770000000,100,false,0.71
"OCB",104546,"/Date(1701920761000)/",14100,12700,2183100,30767000000,100,false,0.71
"OCB",104546,"/Date(1701920761000)/",14100,5000,2170400,30588000000,100,false,0.71
"OCB",104546,"/Date(1701920761000)/",14100,3200,2165400,30517000000,100,false,0.71
"OCB",104546,"/Date(1701920761000)/",14100,1000,2162200,30472000000,100,false,0.71
"OCB",104546,"/Date(1701920761000)/",14100,150000,2161200,30458000000,100,false,0.71
"OCB",104546,"/Date(1701920761000)/",14100,200,2011200,28343000000,100,false,0.71
"OCB",104546,"/Date(1701920761000)/",14100,500,2011000,28340000000,100,false,0.71
"OCB",104546,"/Date(1701920761000)/",14100,5600,2010500,28333000000,100,false,0.71
"OCB",104546,"/Date(1701920761000)/",14100,1000,2004900,28254000000,100,false,0.71
"OCB",104546,"/Date(1701920761000)/",14100,20000,2003900,28240000000,100,false,0.71
"OCB",104546,"/Date(1701920761000)/",14100,800,1983900,27958000000,100,false,0.71
"OCB",104517,"/Date(1701920733000)/",14050,100,1983100,27947000000,50,true,0.36
"OCB",104435,"/Date(1701920692000)/",14050,400,1983000,27945000000,50,false,0.36
"OCB",104416,"/Date(1701920672000)/",14000,600,1982600,27940000000,0,true,0
"OCB",104357,"/Date(1701920653000)/",14000,100,1982000,27931000000,0,true,0
"OCB",104306,"/Date(1701920603000)/",14000,6900,1981900,27930000000,0,true,0
"OCB",104306,"/Date(1701920603000)/",14000,11600,1975000,27833000000,0,true,0
"OCB",104306,"/Date(1701920603000)/",14000,2000,1963400,27671000000,0,true,0
"OCB",104306,"/Date(1701920603000)/",14000,900,1961400,27643000000,0,true,0
"OCB",104306,"/Date(1701920603000)/",14000,20000,1960500,27630000000,0,true,0
"OCB",104306,"/Date(1701920603000)/",14000,100,1940500,27350000000,0,true,0
"OCB",104306,"/Date(1701920603000)/",14000,400,1940400,27349000000,0,true,0
"OCB",104306,"/Date(1701920603000)/",14000,900,1940000,27343000000,0,true,0
"OCB",104306,"/Date(1701920603000)/",14050,1000,1939100,27331000000,50,true,0.36
"OCB",104306,"/Date(1701920603000)/",14050,5000,1938100,27317000000,50,true,0.36
"OCB",104306,"/Date(1701920603000)/",14050,3100,1933100,27246000000,50,true,0.36
"OCB",104244,"/Date(1701920580000)/",14100,1200,1930000,27203000000,100,false,0.71
"OCB",104244,"/Date(1701920580000)/",14100,100,1928800,27186000000,100,false,0.71
"OCB",104244,"/Date(1701920580000)/",14100,200,1928700,27185000000,100,false,0.71
"OCB",104244,"/Date(1701920580000)/",14100,900,1928500,27182000000,100,false,0.71
"OCB",104228,"/Date(1701920564000)/",14100,2400,1927600,27169000000,100,false,0.71
"OCB",104215,"/Date(1701920552000)/",14100,2400,1925200,27135000000,100,false,0.71
"OCB",104153,"/Date(1701920530000)/",14100,2400,1922800,27101000000,100,false,0.71
"OCB",104150,"/Date(1701920524000)/",14050,1100,1920400,27068000000,50,false,0.36
"OCB",104137,"/Date(1701920511000)/",14050,2400,1919300,27052000000,50,false,0.36
"OCB",104130,"/Date(1701920507000)/",14050,500,1916900,27018000000,50,false,0.36
"OCB",104130,"/Date(1701920507000)/",14050,1900,1916400,27011000000,50,false,0.36
"OCB",104118,"/Date(1701920492000)/",14000,800,1914500,26985000000,0,true,0
"OCB",104118,"/Date(1701920492000)/",14000,10000,1913700,26973000000,0,true,0
"OCB",104118,"/Date(1701920492000)/",14000,38300,1903700,26833000000,0,true,0
"OCB",104114,"/Date(1701920490000)/",14000,2400,1865400,26297000000,0,false,0
"OCB",104108,"/Date(1701920482000)/",14000,2400,1863000,26264000000,0,false,0
"OCB",104052,"/Date(1701920466000)/",14000,2000,1860600,26230000000,0,false,0
"OCB",104052,"/Date(1701920466000)/",14000,3000,1858600,26202000000,0,false,0
"OCB",104052,"/Date(1701920466000)/",14000,2000,1855600,26160000000,0,false,0
"OCB",104052,"/Date(1701920466000)/",14000,500,1853600,26132000000,0,false,0
"OCB",104052,"/Date(1701920466000)/",14000,500,1853100,26125000000,0,false,0
"OCB",104052,"/Date(1701920466000)/",14000,500,1852600,26118000000,0,false,0
"OCB",104052,"/Date(1701920466000)/",14000,600,1852100,26111000000,0,false,0
"OCB",104052,"/Date(1701920466000)/",14000,100,1851500,26103000000,0,false,0
"OCB",104052,"/Date(1701920466000)/",14000,700,1851400,26101000000,0,false,0
"OCB",104052,"/Date(1701920466000)/",14000,500,1850700,26091000000,0,false,0
"OCB",104052,"/Date(1701920466000)/",14000,100,1850200,26084000000,0,false,0
"OCB",104052,"/Date(1701920466000)/",14000,500,1850100,26083000000,0,false,0
"OCB",104052,"/Date(1701920466000)/",14000,1000,1849600,26076000000,0,false,0
"OCB",104052,"/Date(1701920466000)/",14000,1000,1848600,26062000000,0,false,0
"OCB",104052,"/Date(1701920466000)/",14000,40000,1847600,26048000000,0,false,0
"OCB",104052,"/Date(1701920466000)/",14000,800,1807600,25488000000,0,false,0
"OCB",104052,"/Date(1701920466000)/",14000,900,1806800,25477000000,0,false,0
"OCB",104052,"/Date(1701920466000)/",14000,1500,1805900,25464000000,0,false,0
"OCB",104052,"/Date(1701920466000)/",14000,100,1804400,25443000000,0,false,0
"OCB",104052,"/Date(1701920466000)/",14000,2000,1804300,25442000000,0,false,0
"OCB",104052,"/Date(1701920466000)/",14000,5000,1802300,25414000000,0,false,0
"OCB",104052,"/Date(1701920466000)/",14000,1000,1797300,25344000000,0,false,0
"OCB",104052,"/Date(1701920466000)/",14000,1000,1796300,25330000000,0,false,0
"OCB",104052,"/Date(1701920466000)/",14000,100,1795300,25316000000,0,false,0
"OCB",104052,"/Date(1701920466000)/",14000,700,1795200,25314000000,0,false,0
"OCB",104052,"/Date(1701920466000)/",14000,5000,1794500,25305000000,0,false,0
"OCB",104052,"/Date(1701920466000)/",14000,100,1789500,25235000000,0,false,0
"OCB",104052,"/Date(1701920466000)/",14000,100,1789400,25233000000,0,false,0
"OCB",104052,"/Date(1701920466000)/",14000,500,1789300,25232000000,0,false,0
"OCB",104052,"/Date(1701920466000)/",14000,1500,1788800,25225000000,0,false,0
"OCB",104052,"/Date(1701920466000)/",14000,100,1787300,25204000000,0,false,0
"OCB",104052,"/Date(1701920466000)/",14000,100,1787200,25202000000,0,false,0
"OCB",104052,"/Date(1701920466000)/",14000,15000,1787100,25201000000,0,false,0
"OCB",104052,"/Date(1701920466000)/",14000,1000,1772100,24991000000,0,false,0
"OCB",104052,"/Date(1701920466000)/",14000,1000,1771100,24977000000,0,false,0
"OCB",104052,"/Date(1701920466000)/",14000,200,1770100,24963000000,0,false,0
"OCB",104052,"/Date(1701920466000)/",14000,10000,1769900,24960000000,0,false,0
"OCB",104052,"/Date(1701920466000)/",14000,400,1759900,24820000000,0,false,0
"OCB",104052,"/Date(1701920466000)/",14000,500,1759500,24815000000,0,false,0
"OCB",104052,"/Date(1701920466000)/",14000,2000,1759000,24808000000,0,false,0
"OCB",104052,"/Date(1701920466000)/",14000,100,1757000,24780000000,0,false,0
"OCB",104052,"/Date(1701920466000)/",14000,1000,1756900,24778000000,0,false,0
"OCB",104052,"/Date(1701920466000)/",14000,1000,1755900,24764000000,0,false,0
"OCB",104052,"/Date(1701920466000)/",14000,1200,1754900,24750000000,0,false,0
"OCB",104049,"/Date(1701920464000)/",14050,1100,1753700,24733000000,50,false,0.36
"OCB",104049,"/Date(1701920464000)/",14050,1300,1752600,24718000000,50,false,0.36
"OCB",104043,"/Date(1701920458000)/",14050,2400,1751300,24700000000,50,false,0.36
"OCB",104039,"/Date(1701920456000)/",14000,800,1748900,24666000000,0,true,0
"OCB",104039,"/Date(1701920456000)/",14000,200,1748100,24655000000,0,true,0
"OCB",104039,"/Date(1701920455000)/",14000,1000,1747900,24652000000,0,true,0
"OCB",104027,"/Date(1701920440000)/",14000,100,1746900,24638000000,0,true,0
"OCB",104027,"/Date(1701920440000)/",14000,300,1746800,24637000000,0,true,0
"OCB",104023,"/Date(1701920440000)/",14050,2400,1746500,24632000000,50,false,0.36
"OCB",104023,"/Date(1701920439000)/",14000,700,1744100,24599000000,0,true,0
"OCB",104023,"/Date(1701920439000)/",14000,1500,1743400,24589000000,0,true,0
"OCB",104023,"/Date(1701920439000)/",14000,2800,1741900,24568000000,0,true,0
"OCB",104020,"/Date(1701920435000)/",14000,17200,1739100,24529000000,0,true,0
"OCB",104020,"/Date(1701920435000)/",14000,1000,1721900,24288000000,0,true,0
"OCB",104020,"/Date(1701920435000)/",14000,100,1720900,24274000000,0,true,0
"OCB",104020,"/Date(1701920435000)/",14000,1000,1720800,24273000000,0,true,0
"OCB",104020,"/Date(1701920435000)/",14000,200,1719800,24259000000,0,true,0
"OCB",104020,"/Date(1701920435000)/",14000,500,1719600,24256000000,0,true,0
"OCB",104007,"/Date(1701920423000)/",14000,500,1719100,24249000000,0,true,0
"OCB",103958,"/Date(1701920412000)/",14000,1000,1718600,24242000000,0,true,0
"OCB",103958,"/Date(1701920412000)/",14000,2000,1717600,24228000000,0,true,0
"OCB",103952,"/Date(1701920406000)/",14050,1500,1715600,24200000000,50,false,0.36
"OCB",103945,"/Date(1701920399000)/",14050,2400,1714100,24179000000,50,false,0.36
"OCB",103857,"/Date(1701920353000)/",14100,900,1711700,24145000000,100,false,0.71
"OCB",103857,"/Date(1701920353000)/",14050,1000,1710800,24132000000,50,false,0.36
"OCB",103857,"/Date(1701920353000)/",14050,500,1709800,24118000000,50,false,0.36
"OCB",103844,"/Date(1701920337000)/",14100,1900,1709300,24111000000,100,false,0.71
"OCB",103844,"/Date(1701920337000)/",14050,500,1707400,24084000000,50,false,0.36
"OCB",103838,"/Date(1701920332000)/",14050,500,1706900,24077000000,50,true,0.36
"OCB",103819,"/Date(1701920315000)/",14050,1000,1706400,24070000000,50,true,0.36
"OCB",103816,"/Date(1701920311000)/",14050,500,1705400,24056000000,50,true,0.36
"OCB",103816,"/Date(1701920310000)/",14050,100,1704900,24049000000,50,true,0.36
"OCB",103812,"/Date(1701920306000)/",14100,2400,1704800,24048000000,100,false,0.71
"OCB",103800,"/Date(1701920296000)/",14050,100,1702400,24014000000,50,true,0.36
"OCB",103747,"/Date(1701920282000)/",14100,2400,1702300,24013000000,100,false,0.71
"OCB",103747,"/Date(1701920281000)/",14050,100,1699900,23979000000,50,true,0.36
"OCB",103744,"/Date(1701920277000)/",14050,4000,1699800,23977000000,50,true,0.36
"OCB",103740,"/Date(1701920276000)/",14050,1200,1695800,23921000000,50,true,0.36
"OCB",103734,"/Date(1701920268000)/",14050,4500,1694600,23904000000,50,true,0.36
"OCB",103734,"/Date(1701920268000)/",14050,1000,1690100,23841000000,50,true,0.36
"OCB",103734,"/Date(1701920268000)/",14050,400,1689100,23827000000,50,true,0.36
"OCB",103734,"/Date(1701920268000)/",14050,100,1688700,23821000000,50,true,0.36
"OCB",103724,"/Date(1701920258000)/",14050,400,1688600,23820000000,50,true,0.36
"OCB",103724,"/Date(1701920258000)/",14050,600,1688200,23814000000,50,true,0.36
"OCB",103721,"/Date(1701920256000)/",14050,400,1687600,23806000000,50,true,0.36
"OCB",103721,"/Date(1701920256000)/",14050,100,1687200,23800000000,50,true,0.36
"OCB",103721,"/Date(1701920256000)/",14050,1000,1687100,23799000000,50,true,0.36
"OCB",103721,"/Date(1701920256000)/",14050,500,1686100,23785000000,50,true,0.36
"OCB",103721,"/Date(1701920256000)/",14050,500,1685600,23778000000,50,true,0.36
"OCB",103721,"/Date(1701920256000)/",14050,1000,1685100,23771000000,50,true,0.36
"OCB",103721,"/Date(1701920255000)/",14050,1000,1684100,23757000000,50,true,0.36
"OCB",103721,"/Date(1701920255000)/",14050,100,1683100,23743000000,50,true,0.36
"OCB",103721,"/Date(1701920255000)/",14050,100,1683000,23741000000,50,true,0.36
"OCB",103721,"/Date(1701920255000)/",14050,1000,1682900,23740000000,50,true,0.36
"OCB",103721,"/Date(1701920255000)/",14050,100,1681900,23726000000,50,true,0.36
"OCB",103721,"/Date(1701920255000)/",14050,2700,1681800,23724000000,50,true,0.36
"OCB",103718,"/Date(1701920252000)/",14050,2300,1679100,23687000000,50,true,0.36
"OCB",103718,"/Date(1701920252000)/",14050,500,1676800,23654000000,50,true,0.36
"OCB",103718,"/Date(1701920252000)/",14050,2000,1676300,23647000000,50,true,0.36
"OCB",103718,"/Date(1701920252000)/",14050,200,1674300,23619000000,50,true,0.36
"OCB",103655,"/Date(1701920229000)/",14050,100,1674100,23616000000,50,true,0.36
"OCB",103655,"/Date(1701920229000)/",14050,400,1674000,23615000000,50,true,0.36
"OCB",103652,"/Date(1701920225000)/",14050,600,1673600,23609000000,50,true,0.36
"OCB",103652,"/Date(1701920225000)/",14050,400,1673000,23601000000,50,true,0.36
"OCB",103620,"/Date(1701920194000)/",14050,2500,1672600,23595000000,50,true,0.36
"OCB",103545,"/Date(1701920160000)/",14050,7100,1670100,23560000000,50,true,0.36
"OCB",103545,"/Date(1701920160000)/",14050,1000,1663000,23460000000,50,true,0.36
"OCB",103545,"/Date(1701920160000)/",14050,2000,1662000,23446000000,50,true,0.36
"OCB",103545,"/Date(1701920160000)/",14050,300,1660000,23418000000,50,true,0.36
"OCB",103545,"/Date(1701920160000)/",14050,200,1659700,23414000000,50,true,0.36
"OCB",103545,"/Date(1701920160000)/",14050,9400,1659500,23411000000,50,true,0.36
"OCB",103539,"/Date(1701920152000)/",14100,4300,1650100,23279000000,100,false,0.71
"OCB",103539,"/Date(1701920152000)/",14100,2700,1645800,23218000000,100,false,0.71
"OCB",103523,"/Date(1701920136000)/",14100,1000,1643100,23180000000,100,false,0.71
"OCB",103504,"/Date(1701920118000)/",14050,100,1642100,23166000000,50,true,0.36
"OCB",103500,"/Date(1701920116000)/",14100,100,1642000,23165000000,100,false,0.71
"OCB",103422,"/Date(1701920077000)/",14050,40000,1641900,23163000000,50,true,0.36
"OCB",103328,"/Date(1701920022000)/",14050,500,1601900,22601000000,50,true,0.36
"OCB",103256,"/Date(1701919992000)/",14050,200,1601400,22594000000,50,true,0.36
"OCB",103247,"/Date(1701919980000)/",14050,100,1601200,22592000000,50,true,0.36
"OCB",103215,"/Date(1701919949000)/",14050,1500,1601100,22590000000,50,true,0.36
"OCB",103140,"/Date(1701919915000)/",14050,200,1599600,22569000000,50,true,0.36
"OCB",103140,"/Date(1701919915000)/",14050,100,1599400,22566000000,50,true,0.36
"OCB",103140,"/Date(1701919915000)/",14050,100,1599300,22565000000,50,true,0.36
"OCB",103140,"/Date(1701919915000)/",14050,3600,1599200,22564000000,50,true,0.36
"OCB",103101,"/Date(1701919877000)/",14050,200,1595600,22513000000,50,true,0.36
"OCB",102903,"/Date(1701919757000)/",14050,100,1595400,22510000000,50,true,0.36
"OCB",102806,"/Date(1701919700000)/",14050,100,1595300,22509000000,50,true,0.36
"OCB",102721,"/Date(1701919655000)/",14050,3600,1595200,22507000000,50,true,0.36
"OCB",102712,"/Date(1701919645000)/",14100,2000,1591600,22457000000,100,false,0.71
"OCB",102637,"/Date(1701919610000)/",14100,200,1589600,22429000000,100,false,0.71
"OCB",102617,"/Date(1701919590000)/",14050,1500,1589400,22426000000,50,true,0.36
"OCB",102602,"/Date(1701919572000)/",14050,500,1587900,22405000000,50,true,0.36
"OCB",102602,"/Date(1701919572000)/",14100,1000,1587400,22398000000,100,false,0.71
"OCB",102552,"/Date(1701919565000)/",14100,1000,1586400,22384000000,100,false,0.71
"OCB",102546,"/Date(1701919558000)/",14100,2000,1585400,22369000000,100,false,0.71
"OCB",102546,"/Date(1701919558000)/",14100,2800,1583400,22341000000,100,false,0.71
"OCB",102523,"/Date(1701919537000)/",14100,100,1580600,22302000000,100,false,0.71
"OCB",102413,"/Date(1701919468000)/",14100,1000,1580500,22300000000,100,false,0.71
"OCB",102413,"/Date(1701919466000)/",14100,4800,1579500,22286000000,100,false,0.71
"OCB",102407,"/Date(1701919459000)/",14100,1300,1574700,22219000000,100,false,0.71
"OCB",102407,"/Date(1701919459000)/",14100,3500,1573400,22200000000,100,false,0.71
"OCB",102345,"/Date(1701919438000)/",14100,1500,1569900,22151000000,100,false,0.71
"OCB",102345,"/Date(1701919438000)/",14100,500,1568400,22130000000,100,false,0.71
"OCB",102345,"/Date(1701919438000)/",14100,2800,1567900,22123000000,100,false,0.71
"OCB",102319,"/Date(1701919413000)/",14050,100,1565100,22083000000,50,true,0.36
"OCB",102309,"/Date(1701919402000)/",14100,300,1565000,22082000000,100,false,0.71
"OCB",102250,"/Date(1701919385000)/",14100,4800,1564700,22078000000,100,false,0.71
"OCB",102250,"/Date(1701919384000)/",14100,600,1559900,22010000000,100,false,0.71
"OCB",102250,"/Date(1701919384000)/",14100,1400,1559300,22001000000,100,false,0.71
"OCB",102244,"/Date(1701919378000)/",14100,3600,1557900,21982000000,100,false,0.71
"OCB",102244,"/Date(1701919378000)/",14100,1000,1554300,21931000000,100,false,0.71
"OCB",102244,"/Date(1701919378000)/",14100,200,1553300,21917000000,100,false,0.71
"OCB",102231,"/Date(1701919363000)/",14100,4800,1553100,21914000000,100,false,0.71
"OCB",102222,"/Date(1701919354000)/",14050,300,1548300,21846000000,50,true,0.36
"OCB",102212,"/Date(1701919344000)/",14050,60000,1548000,21842000000,50,false,0.36
"OCB",102202,"/Date(1701919336000)/",14050,500,1488000,20999000000,50,true,0.36
"OCB",102134,"/Date(1701919308000)/",14050,100,1487500,20992000000,50,true,0.36
"OCB",102124,"/Date(1701919297000)/",14050,100,1487400,20991000000,50,true,0.36
"OCB",102124,"/Date(1701919297000)/",14050,200,1487300,20989000000,50,true,0.36
"OCB",102124,"/Date(1701919297000)/",14050,1000,1487100,20986000000,50,true,0.36
"OCB",102049,"/Date(1701919261000)/",14050,29000,1486100,20972000000,50,true,0.36
"OCB",102049,"/Date(1701919261000)/",14050,100,1457100,20565000000,50,true,0.36
"OCB",102049,"/Date(1701919261000)/",14050,1500,1457000,20564000000,50,true,0.36
"OCB",102049,"/Date(1701919261000)/",14050,800,1455500,20542000000,50,true,0.36
"OCB",102049,"/Date(1701919261000)/",14050,5000,1454700,20531000000,50,true,0.36
"OCB",102049,"/Date(1701919261000)/",14050,10000,1449700,20461000000,50,true,0.36
"OCB",102049,"/Date(1701919261000)/",14050,1000,1439700,20320000000,50,true,0.36
"OCB",102049,"/Date(1701919261000)/",14050,1000,1438700,20306000000,50,true,0.36
"OCB",102049,"/Date(1701919261000)/",14050,2800,1437700,20292000000,50,true,0.36
"OCB",102049,"/Date(1701919261000)/",14050,500,1434900,20253000000,50,true,0.36
"OCB",102049,"/Date(1701919261000)/",14050,10000,1434400,20246000000,50,true,0.36
"OCB",102049,"/Date(1701919261000)/",14050,200,1424400,20106000000,50,true,0.36
"OCB",102049,"/Date(1701919261000)/",14050,1000,1424200,20103000000,50,true,0.36
"OCB",102049,"/Date(1701919261000)/",14050,500,1423200,20089000000,50,true,0.36
"OCB",102049,"/Date(1701919261000)/",14050,100,1422700,20082000000,50,true,0.36
"OCB",102049,"/Date(1701919261000)/",14050,2400,1422600,20080000000,50,true,0.36
"OCB",102049,"/Date(1701919261000)/",14100,1000,1420200,20047000000,100,true,0.71
"OCB",102049,"/Date(1701919261000)/",14100,1000,1419200,20032000000,100,true,0.71
"OCB",102049,"/Date(1701919261000)/",14100,2100,1418200,20018000000,100,true,0.71
"OCB",102027,"/Date(1701919240000)/",14100,2500,1416100,19989000000,100,true,0.71
"OCB",101952,"/Date(1701919204000)/",14100,2500,1413600,19953000000,100,true,0.71
"OCB",101949,"/Date(1701919200000)/",14100,3000,1411100,19918000000,100,false,0.71
"OCB",101949,"/Date(1701919200000)/",14100,2700,1408100,19876000000,100,false,0.71
"OCB",101949,"/Date(1701919200000)/",14100,1500,1405400,19838000000,100,false,0.71
"OCB",101949,"/Date(1701919200000)/",14100,2700,1403900,19817000000,100,false,0.71
"OCB",101949,"/Date(1701919200000)/",14100,3000,1401200,19779000000,100,false,0.71
"OCB",101858,"/Date(1701919151000)/",14100,100,1398200,19736000000,100,false,0.71
"OCB",101845,"/Date(1701919137000)/",14100,6900,1398100,19735000000,100,false,0.71
"OCB",101845,"/Date(1701919137000)/",14100,2700,1391200,19638000000,100,false,0.71
"OCB",101845,"/Date(1701919137000)/",14100,300,1388500,19600000000,100,false,0.71
"OCB",101845,"/Date(1701919137000)/",14100,100,1388200,19595000000,100,false,0.71
"OCB",101826,"/Date(1701919120000)/",14100,900,1388100,19594000000,100,false,0.71
"OCB",101826,"/Date(1701919120000)/",14100,300,1387200,19581000000,100,false,0.71
"OCB",101826,"/Date(1701919120000)/",14100,3200,1386900,19577000000,100,false,0.71
"OCB",101826,"/Date(1701919120000)/",14100,100,1383700,19532000000,100,false,0.71
"OCB",101826,"/Date(1701919120000)/",14100,100,1383600,19530000000,100,false,0.71
"OCB",101826,"/Date(1701919120000)/",14100,3000,1383500,19529000000,100,false,0.71
"OCB",101826,"/Date(1701919120000)/",14100,200,1380500,19487000000,100,false,0.71
"OCB",101826,"/Date(1701919120000)/",14100,5200,1380300,19484000000,100,false,0.71
"OCB",101823,"/Date(1701919114000)/",14050,20000,1375100,19411000000,50,true,0.36
"OCB",101816,"/Date(1701919110000)/",14050,6000,1355100,19130000000,50,true,0.36
"OCB",101729,"/Date(1701919061000)/",14050,1000,1349100,19045000000,50,true,0.36
"OCB",101719,"/Date(1701919053000)/",14100,1000,1348100,19031000000,100,false,0.71
"OCB",101706,"/Date(1701919039000)/",14100,300,1347100,19017000000,100,false,0.71
"OCB",101700,"/Date(1701919032000)/",14100,3500,1346800,19013000000,100,false,0.71
"OCB",101700,"/Date(1701919032000)/",14100,2000,1343300,18964000000,100,false,0.71
"OCB",101700,"/Date(1701919032000)/",14100,3000,1341300,18935000000,100,false,0.71
"OCB",101700,"/Date(1701919032000)/",14100,500,1338300,18893000000,100,false,0.71
"OCB",101700,"/Date(1701919032000)/",14100,11000,1337800,18886000000,100,false,0.71
"OCB",101644,"/Date(1701919018000)/",14100,800,1326800,18731000000,100,false,0.71
"OCB",101618,"/Date(1701918992000)/",14050,100,1326000,18720000000,50,true,0.36
"OCB",101618,"/Date(1701918990000)/",14050,1000,1325900,18718000000,50,true,0.36
"OCB",101609,"/Date(1701918982000)/",14050,500,1324900,18704000000,50,true,0.36
"OCB",101606,"/Date(1701918978000)/",14050,1000,1324400,18697000000,50,true,0.36
"OCB",101603,"/Date(1701918975000)/",14050,10000,1323400,18683000000,50,true,0.36
"OCB",101537,"/Date(1701918949000)/",14050,8000,1313400,18543000000,50,true,0.36
"OCB",101537,"/Date(1701918949000)/",14050,700,1305400,18430000000,50,true,0.36
"OCB",101537,"/Date(1701918949000)/",14050,100,1304700,18420000000,50,true,0.36
"OCB",101537,"/Date(1701918949000)/",14050,1200,1304600,18419000000,50,true,0.36
"OCB",101502,"/Date(1701918914000)/",14050,100,1303400,18402000000,50,true,0.36
"OCB",101502,"/Date(1701918914000)/",14050,100,1303300,18401000000,50,true,0.36
"OCB",101502,"/Date(1701918914000)/",14050,300,1303200,18399000000,50,true,0.36
"OCB",101502,"/Date(1701918914000)/",14050,1200,1302900,18395000000,50,true,0.36
"OCB",101502,"/Date(1701918914000)/",14050,1500,1301700,18378000000,50,true,0.36
"OCB",101502,"/Date(1701918914000)/",14050,500,1300200,18357000000,50,true,0.36
"OCB",101502,"/Date(1701918914000)/",14050,300,1299700,18350000000,50,true,0.36
"OCB",101502,"/Date(1701918914000)/",14050,1000,1299400,18346000000,50,true,0.36
"OCB",101459,"/Date(1701918913000)/",14050,1000,1298400,18332000000,50,true,0.36
"OCB",101427,"/Date(1701918879000)/",14050,3000,1297400,18318000000,50,true,0.36
"OCB",101418,"/Date(1701918871000)/",14050,500,1294400,18276000000,50,true,0.36
"OCB",101359,"/Date(1701918852000)/",14050,500,1293900,18269000000,50,true,0.36
"OCB",101359,"/Date(1701918852000)/",14050,900,1293400,18262000000,50,true,0.36
"OCB",101359,"/Date(1701918851000)/",14100,8200,1292500,18249000000,100,false,0.71
"OCB",101359,"/Date(1701918851000)/",14100,1000,1284300,18133000000,100,false,0.71
"OCB",101359,"/Date(1701918851000)/",14100,800,1283300,18119000000,100,false,0.71
"OCB",101352,"/Date(1701918845000)/",14050,1000,1282500,18108000000,50,true,0.36
"OCB",101349,"/Date(1701918842000)/",14050,100,1281500,18094000000,50,true,0.36
