"Stockcode","Package","TradingDate","Price","Vol","TotalVol","TotalVal","Change","IsBuy","PerChange"
"VIG",144514,"/Date(1701935101000)/",8000,3000,1101115,8649658700,-100,false,-1.23
"VIG",142926,"/Date(1701934166000)/",7900,200,1098115,8625658700,-200,true,-2.47
"VIG",142918,"/Date(1701934158000)/",7900,500,1097915,8624078700,-200,true,-2.47
"VIG",142906,"/Date(1701934146000)/",7900,200,1097415,8620128700,-200,true,-2.47
"VIG",142901,"/Date(1701934141000)/",7900,800,1097215,8618548700,-200,true,-2.47
"VIG",142843,"/Date(1701934123000)/",7900,2600,1096415,8612228700,-200,true,-2.47
"VIG",142816,"/Date(1701934096000)/",7900,300,1093815,8591688700,-200,true,-2.47
"VIG",142656,"/Date(1701934016000)/",8000,100,1093515,8589318700,-100,false,-1.23
"VIG",142633,"/Date(1701933993000)/",7900,300,1093415,8588518700,-200,true,-2.47
"VIG",142514,"/Date(1701933914000)/",8000,1533,1093115,8586148700,-100,false,-1.23
"VIG",142504,"/Date(1701933904000)/",8000,100,1091582,8573861600,-100,false,-1.23
"VIG",142441,"/Date(1701933881000)/",7900,28100,1091482,8573061600,-200,false,-2.47
"VIG",142435,"/Date(1701933875000)/",7900,900,1063382,8351071600,-200,false,-2.47
"VIG",142431,"/Date(1701933871000)/",7900,1000,1062482,8343961600,-200,false,-2.47
"VIG",142429,"/Date(1701933869000)/",7900,900,1061482,8336061600,-200,false,-2.47
"VIG",142422,"/Date(1701933862000)/",7900,2600,1060582,8328951600,-200,false,-2.47
"VIG",142411,"/Date(1701933851000)/",7900,100,1057982,8308411600,-200,false,-2.47
"VIG",142409,"/Date(1701933849000)/",7900,1000,1057882,8307621600,-200,false,-2.47
"VIG",142403,"/Date(1701933843000)/",7900,200,1056882,8299721600,-200,false,-2.47
"VIG",142400,"/Date(1701933840000)/",7900,100,1056682,8298141600,-200,false,-2.47
"VIG",142339,"/Date(1701933819000)/",7900,100,1056582,8297351600,-200,false,-2.47
"VIG",142325,"/Date(1701933805000)/",7900,900,1056482,8296561600,-200,false,-2.47
"VIG",142231,"/Date(1701933751000)/",7900,500,1055582,8289451600,-200,false,-2.47
"VIG",142104,"/Date(1701933664000)/",7900,100,1055082,8285501600,-200,false,-2.47
"VIG",141544,"/Date(1701933344000)/",7900,500,1054982,8284711600,-200,false,-2.47
"VIG",140848,"/Date(1701932928000)/",7900,100,1054482,8280761600,-200,false,-2.47
"VIG",140542,"/Date(1701932741000)/",7900,5000,1054382,8279971600,-200,false,-2.47
"VIG",140528,"/Date(1701932727000)/",7900,200,1049382,8240471600,-200,false,-2.47
"VIG",140358,"/Date(1701932637000)/",7900,200,1049182,8238891600,-200,false,-2.47
"VIG",140325,"/Date(1701932604000)/",7900,400,1048982,8237311600,-200,false,-2.47
"VIG",135537,"/Date(1701932137000)/",7800,5500,1048582,8234151600,-300,true,-3.7
"VIG",135513,"/Date(1701932113000)/",7800,6500,1043082,8191251600,-300,true,-3.7
"VIG",135147,"/Date(1701931907000)/",7800,27,1036582,8140551600,-300,true,-3.7
"VIG",135102,"/Date(1701931862000)/",7800,1300,1036555,8140316700,-300,true,-3.7
"VIG",135055,"/Date(1701931855000)/",7800,100,1035255,8130176700,-300,true,-3.7
"VIG",135022,"/Date(1701931822000)/",7800,2000,1035155,8129396700,-300,true,-3.7
"VIG",134929,"/Date(1701931769000)/",7800,500,1033155,8113796700,-300,true,-3.7
"VIG",134904,"/Date(1701931744000)/",7800,2600,1032655,8109896700,-300,true,-3.7
"VIG",134647,"/Date(1701931607000)/",7800,400,1030055,8089616700,-300,true,-3.7
"VIG",134318,"/Date(1701931398000)/",7800,300,1029655,8086496700,-300,true,-3.7
"VIG",134256,"/Date(1701931376000)/",7800,300,1029355,8084156700,-300,true,-3.7
"VIG",134240,"/Date(1701931360000)/",7800,700,1029055,8081816700,-300,false,-3.7
"VIG",134209,"/Date(1701931329000)/",7800,300,1028355,8076356700,-300,false,-3.7
"VIG",134207,"/Date(1701931327000)/",7800,2000,1028055,8074016700,-300,false,-3.7
"VIG",134151,"/Date(1701931311000)/",7800,1000,1026055,8058416700,-300,false,-3.7
"VIG",134140,"/Date(1701931300000)/",7800,1000,1025055,8050616700,-300,false,-3.7
"VIG",134133,"/Date(1701931293000)/",7800,300,1024055,8042816700,-300,false,-3.7
"VIG",134126,"/Date(1701931286000)/",7800,3000,1023755,8040476700,-300,false,-3.7
"VIG",134118,"/Date(1701931278000)/",7800,900,1020755,8017076700,-300,false,-3.7
"VIG",134112,"/Date(1701931272000)/",7800,10000,1019855,8010056700,-300,false,-3.7
"VIG",134054,"/Date(1701931254000)/",7800,400,1009855,7932056700,-300,false,-3.7
"VIG",133742,"/Date(1701931062000)/",7700,10000,1009455,7928936700,-400,true,-4.94
"VIG",133731,"/Date(1701931051000)/",7800,600,999455,7851936700,-300,false,-3.7
"VIG",133627,"/Date(1701930987000)/",7700,10000,998855,7847256700,-400,true,-4.94
"VIG",132654,"/Date(1701930414000)/",7800,100,988855,7770256700,-300,false,-3.7
"VIG",132359,"/Date(1701930240000)/",7700,4000,988755,7769476700,-400,true,-4.94
"VIG",132137,"/Date(1701930097000)/",7700,200,984755,7738676700,-400,true,-4.94
"VIG",132058,"/Date(1701930058000)/",7700,1500,984555,7737136700,-400,true,-4.94
"VIG",131606,"/Date(1701929766000)/",7800,100,983055,7725586700,-300,false,-3.7
"VIG",131535,"/Date(1701929735000)/",7800,100,982955,7724806700,-300,false,-3.7
"VIG",131132,"/Date(1701929492000)/",7800,500,982855,7724026700,-300,false,-3.7
"VIG",131125,"/Date(1701929485000)/",7800,100,982355,7720126700,-300,false,-3.7
"VIG",131117,"/Date(1701929477000)/",7800,2200,982255,7719346700,-300,false,-3.7
"VIG",131046,"/Date(1701929446000)/",7800,5000,980055,7702186700,-300,false,-3.7
"VIG",131033,"/Date(1701929433000)/",7800,5000,975055,7663186700,-300,false,-3.7
"VIG",131014,"/Date(1701929414000)/",7800,500,970055,7624186700,-300,false,-3.7
"VIG",130756,"/Date(1701929276000)/",7700,200,969555,7620286700,-400,false,-4.94
"VIG",130755,"/Date(1701929275000)/",7700,1000,969355,7618746700,-400,false,-4.94
"VIG",130751,"/Date(1701929271000)/",7700,100,968355,7611046700,-400,false,-4.94
"VIG",130743,"/Date(1701929263000)/",7700,100,968255,7610276700,-400,false,-4.94
"VIG",130736,"/Date(1701929256000)/",7700,500,968155,7609506700,-400,false,-4.94
"VIG",130725,"/Date(1701929245000)/",7700,1000,967655,7605656700,-400,false,-4.94
"VIG",130718,"/Date(1701929238000)/",7700,500,966655,7597956700,-400,false,-4.94
"VIG",130706,"/Date(1701929226000)/",7700,1000,966155,7594106700,-400,false,-4.94
"VIG",130705,"/Date(1701929225000)/",7700,1000,965155,7586406700,-400,false,-4.94
"VIG",130643,"/Date(1701929203000)/",7700,300,964155,7578706700,-400,false,-4.94
"VIG",130636,"/Date(1701929196000)/",7700,1000,963855,7576396700,-400,false,-4.94
"VIG",130519,"/Date(1701929119000)/",7700,500,962855,7568696700,-400,false,-4.94
"VIG",130510,"/Date(1701929110000)/",7700,500,962355,7564846700,-400,false,-4.94
"VIG",130453,"/Date(1701929093000)/",7700,300,961855,7560996700,-400,false,-4.94
"VIG",130432,"/Date(1701929072000)/",7700,200,961555,7558686700,-400,false,-4.94
"VIG",130424,"/Date(1701929064000)/",7700,2400,961355,7557146700,-400,false,-4.94
"VIG",130352,"/Date(1701929032000)/",7700,600,958955,7538666700,-400,false,-4.94
"VIG",130208,"/Date(1701928928000)/",7700,11700,958355,7534046700,-400,true,-4.94
"VIG",130157,"/Date(1701928917000)/",7700,500,946655,7443956700,-400,true,-4.94
"VIG",130144,"/Date(1701928904000)/",7700,100,946155,7440106700,-400,true,-4.94
"VIG",130036,"/Date(1701928810000)/",7700,2000,946055,7439336700,-400,true,-4.94
"VIG",130028,"/Date(1701928806000)/",7700,4500,944055,7423936700,-400,false,-4.94
"VIG",130024,"/Date(1701928805000)/",7700,3100,939555,7389286700,-400,false,-4.94
"VIG",112818,"/Date(1701923297000)/",7700,100,936455,7365416700,-400,false,-4.94
"VIG",112814,"/Date(1701923294000)/",7700,1200,936355,7364646700,-400,true,-4.94
"VIG",112812,"/Date(1701923292000)/",7700,5000,935155,7355406700,-400,true,-4.94
"VIG",112650,"/Date(1701923209000)/",7700,22,930155,7316906700,-400,true,-4.94
"VIG",112017,"/Date(1701922817000)/",7700,300,930133,7316730700,-400,false,-4.94
"VIG",111939,"/Date(1701922779000)/",7700,4700,929833,7314420700,-400,true,-4.94
"VIG",111852,"/Date(1701922732000)/",7700,5000,925133,7278230700,-400,true,-4.94
"VIG",111712,"/Date(1701922632000)/",7700,24500,920133,7239730700,-400,true,-4.94
"VIG",111700,"/Date(1701922620000)/",7800,500,895633,7051080700,-300,false,-3.7
"VIG",111606,"/Date(1701922566000)/",7800,100,895133,7047180700,-300,false,-3.7
"VIG",111559,"/Date(1701922559000)/",7800,100,895033,7046400700,-300,false,-3.7
"VIG",111525,"/Date(1701922525000)/",7800,100,894933,7045620700,-300,false,-3.7
"VIG",111414,"/Date(1701922454000)/",7800,700,894833,7044840700,-300,false,-3.7
"VIG",111409,"/Date(1701922449000)/",7800,500,894133,7039380700,-300,false,-3.7
"VIG",111327,"/Date(1701922407000)/",7800,5200,893633,7035480700,-300,false,-3.7
"VIG",111314,"/Date(1701922394000)/",7800,1200,888433,6994920700,-300,false,-3.7
"VIG",111301,"/Date(1701922381000)/",7800,200,887233,6985560700,-300,false,-3.7
"VIG",111254,"/Date(1701922374000)/",7800,2600,887033,6984000700,-300,false,-3.7
"VIG",111055,"/Date(1701922255000)/",7700,26000,884433,6963720700,-400,false,-4.94
"VIG",111052,"/Date(1701922252000)/",7700,300,858433,6763520700,-400,false,-4.94
"VIG",111051,"/Date(1701922251000)/",7700,10000,858133,6761210700,-400,false,-4.94
"VIG",111049,"/Date(1701922249000)/",7700,1000,848133,6684210700,-400,false,-4.94
"VIG",111020,"/Date(1701922220000)/",7700,100,847133,6676510700,-400,false,-4.94
"VIG",110926,"/Date(1701922166000)/",7700,6,847033,6675740700,-400,false,-4.94
"VIG",110909,"/Date(1701922149000)/",7700,3900,847027,6675691500,-400,false,-4.94
"VIG",110857,"/Date(1701922137000)/",7700,400,843127,6645661500,-400,false,-4.94
"VIG",110720,"/Date(1701922040000)/",7600,700,842727,6642581500,-500,false,-6.17
"VIG",110654,"/Date(1701922014000)/",7600,3900,842027,6637261500,-500,false,-6.17
"VIG",110647,"/Date(1701922007000)/",7600,1100,838127,6607621500,-500,false,-6.17
"VIG",110620,"/Date(1701921980000)/",7600,500,837027,6599261500,-500,false,-6.17
"VIG",110606,"/Date(1701921966000)/",7600,4000,836527,6595461500,-500,false,-6.17
"VIG",110545,"/Date(1701921945000)/",7600,3000,832527,6565061500,-500,false,-6.17
"VIG",110539,"/Date(1701921939000)/",7600,200,829527,6542261500,-500,false,-6.17
"VIG",110533,"/Date(1701921933000)/",7600,800,829327,6540741500,-500,false,-6.17
"VIG",110531,"/Date(1701921931000)/",7600,1000,828527,6534661500,-500,false,-6.17
"VIG",110530,"/Date(1701921930000)/",7600,1000,827527,6527061500,-500,false,-6.17
"VIG",110528,"/Date(1701921928000)/",7600,400,826527,6519461500,-500,false,-6.17
"VIG",110519,"/Date(1701921919000)/",7600,500,826127,6516421500,-500,false,-6.17
"VIG",110515,"/Date(1701921915000)/",7600,200,825627,6512621500,-500,false,-6.17
"VIG",110505,"/Date(1701921905000)/",7600,3000,825427,6511101500,-500,false,-6.17
"VIG",110504,"/Date(1701921904000)/",7600,600,822427,6488301500,-500,true,-6.17
"VIG",110502,"/Date(1701921902000)/",7600,4000,821827,6483741500,-500,true,-6.17
"VIG",110451,"/Date(1701921891000)/",7600,500,817827,6453341500,-500,true,-6.17
"VIG",110444,"/Date(1701921884000)/",7600,200,817327,6449541500,-500,false,-6.17
"VIG",110440,"/Date(1701921880000)/",7600,1000,817127,6448021500,-500,false,-6.17
"VIG",110424,"/Date(1701921864000)/",7600,200,816127,6440421500,-500,false,-6.17
"VIG",110358,"/Date(1701921838000)/",7600,600,815927,6438901500,-500,true,-6.17
"VIG",110305,"/Date(1701921785000)/",7600,800,815327,6434341500,-500,true,-6.17
"VIG",110301,"/Date(1701921781000)/",7600,3600,814527,6428261500,-500,true,-6.17
"VIG",110231,"/Date(1701921751000)/",7600,50000,810927,6400901500,-500,true,-6.17
"VIG",110131,"/Date(1701921691000)/",7700,2000,760927,6020901500,-400,false,-4.94
"VIG",110126,"/Date(1701921686000)/",7700,2500,758927,6005501500,-400,false,-4.94
"VIG",110115,"/Date(1701921675000)/",7700,10000,756427,5986251500,-400,false,-4.94
"VIG",110041,"/Date(1701921641000)/",7700,100,746427,5909251500,-400,false,-4.94
"VIG",105956,"/Date(1701921596000)/",7700,10000,746327,5908481500,-400,false,-4.94
"VIG",105928,"/Date(1701921568000)/",7700,1000,736327,5831481500,-400,false,-4.94
"VIG",105913,"/Date(1701921552000)/",7700,500,735327,5823781500,-400,false,-4.94
"VIG",105911,"/Date(1701921550000)/",7700,500,734827,5819931500,-400,false,-4.94
"VIG",105839,"/Date(1701921518000)/",7700,70300,734327,5816081500,-400,true,-4.94
"VIG",105836,"/Date(1701921515000)/",7700,2000,664027,5274771500,-400,true,-4.94
"VIG",105709,"/Date(1701921428000)/",7800,2600,662027,5259371500,-300,false,-3.7
"VIG",105654,"/Date(1701921413000)/",7800,800,659427,5239091500,-300,false,-3.7
"VIG",105411,"/Date(1701921250000)/",7800,100,658627,5232851500,-300,false,-3.7
"VIG",105355,"/Date(1701921234000)/",7800,1000,658527,5232071500,-300,false,-3.7
"VIG",105329,"/Date(1701921208000)/",7800,11900,657527,5224271500,-300,false,-3.7
"VIG",105250,"/Date(1701921169000)/",7800,2000,645627,5131451500,-300,true,-3.7
"VIG",105235,"/Date(1701921154000)/",7800,10000,643627,5115851500,-300,true,-3.7
"VIG",105219,"/Date(1701921138000)/",7800,1600,633627,5037851500,-300,true,-3.7
"VIG",105215,"/Date(1701921134000)/",7800,1000,632027,5025371500,-300,true,-3.7
"VIG",105208,"/Date(1701921127000)/",7800,15000,631027,5017571500,-300,true,-3.7
"VIG",105206,"/Date(1701921125000)/",7800,2000,616027,4900571500,-300,true,-3.7
"VIG",105203,"/Date(1701921122000)/",7800,100,614027,4884971500,-300,true,-3.7
"VIG",105148,"/Date(1701921107000)/",7800,15000,613927,4884191500,-300,true,-3.7
"VIG",105138,"/Date(1701921097000)/",7800,21800,598927,4767191500,-300,true,-3.7
"VIG",105129,"/Date(1701921088000)/",7800,40000,577127,4597151500,-300,true,-3.7
"VIG",105004,"/Date(1701921003000)/",7900,100,537127,4285151500,-200,false,-2.47
"VIG",104839,"/Date(1701920919000)/",7900,100,537027,4284361500,-200,false,-2.47
"VIG",104708,"/Date(1701920828000)/",7900,600,536927,4283571500,-200,false,-2.47
"VIG",104707,"/Date(1701920827000)/",7900,12700,536327,4278831500,-200,false,-2.47
"VIG",104536,"/Date(1701920735000)/",7900,200,523627,4178501500,-200,false,-2.47
"VIG",104505,"/Date(1701920705000)/",7900,122,523427,4176921500,-200,true,-2.47
"VIG",104258,"/Date(1701920578000)/",7900,2700,523305,4175951100,-200,false,-2.47
"VIG",104222,"/Date(1701920542000)/",7900,5000,520605,4154621100,-200,false,-2.47
"VIG",104213,"/Date(1701920533000)/",7800,12800,515605,4115121100,-300,true,-3.7
"VIG",104200,"/Date(1701920520000)/",7800,100,502805,4015281100,-300,true,-3.7
"VIG",104117,"/Date(1701920477000)/",7800,100,502705,4014501100,-300,true,-3.7
"VIG",104053,"/Date(1701920453000)/",7800,4100,502605,4013721100,-300,true,-3.7
"VIG",104025,"/Date(1701920425000)/",7800,800,498505,3981741100,-300,true,-3.7
"VIG",104010,"/Date(1701920410000)/",7800,200,497705,3975501100,-300,true,-3.7
"VIG",103726,"/Date(1701920246000)/",7900,10000,497505,3973941100,-200,false,-2.47
"VIG",103517,"/Date(1701920117000)/",7900,4400,487505,3894941100,-200,false,-2.47
"VIG",103516,"/Date(1701920116000)/",7900,5000,483105,3860181100,-200,true,-2.47
"VIG",103508,"/Date(1701920108000)/",7900,2000,478105,3820681100,-200,true,-2.47
"VIG",103459,"/Date(1701920099000)/",7900,2000,476105,3804881100,-200,true,-2.47
"VIG",103429,"/Date(1701920069000)/",7900,21000,474105,3789081100,-200,true,-2.47
"VIG",102958,"/Date(1701919798000)/",7900,1200,453105,3623181100,-200,true,-2.47
"VIG",102633,"/Date(1701919593000)/",7900,200,451905,3613701100,-200,true,-2.47
"VIG",102154,"/Date(1701919314000)/",7900,100,451705,3612121100,-200,true,-2.47
"VIG",102117,"/Date(1701919277000)/",7900,2000,451605,3611331100,-200,true,-2.47
"VIG",102012,"/Date(1701919212000)/",7900,100,449605,3595531100,-200,true,-2.47
"VIG",102007,"/Date(1701919207000)/",7900,2000,449505,3594741100,-200,true,-2.47
"VIG",101947,"/Date(1701919187000)/",7900,500,447505,3578941100,-200,true,-2.47
"VIG",101527,"/Date(1701918926000)/",7900,1200,447005,3574991100,-200,true,-2.47
"VIG",101516,"/Date(1701918915000)/",7900,1300,445805,3565511100,-200,true,-2.47
"VIG",101006,"/Date(1701918605000)/",7900,200,444505,3555241100,-200,false,-2.47
"VIG",100953,"/Date(1701918592000)/",7900,13000,444305,3553661100,-200,false,-2.47
"VIG",100942,"/Date(1701918581000)/",7900,2000,431305,3450961100,-200,false,-2.47
"VIG",100849,"/Date(1701918528000)/",7900,1000,429305,3435161100,-200,false,-2.47
"VIG",100820,"/Date(1701918499000)/",7900,100,428305,3427261100,-200,false,-2.47
"VIG",100816,"/Date(1701918495000)/",7900,100,428205,3426471100,-200,false,-2.47
"VIG",100738,"/Date(1701918458000)/",7900,100,428105,3425681100,-200,false,-2.47
"VIG",100635,"/Date(1701918394000)/",7900,2000,428005,3424891100,-200,false,-2.47
"VIG",100605,"/Date(1701918365000)/",7900,500,426005,3409091100,-200,false,-2.47
"VIG",100529,"/Date(1701918329000)/",7900,10000,425505,3405141100,-200,false,-2.47
"VIG",100445,"/Date(1701918285000)/",7900,10000,415505,3326141100,-200,true,-2.47
"VIG",100441,"/Date(1701918281000)/",7900,10000,405505,3247141100,-200,true,-2.47
"VIG",100432,"/Date(1701918272000)/",7900,200,395505,3168141100,-200,true,-2.47
"VIG",100405,"/Date(1701918245000)/",7900,5000,395305,3166561100,-200,true,-2.47
"VIG",100347,"/Date(1701918227000)/",7900,1200,390305,3127061100,-200,true,-2.47
"VIG",100326,"/Date(1701918206000)/",7900,11000,389105,3117581100,-200,true,-2.47
"VIG",100315,"/Date(1701918195000)/",7900,2000,378105,3030681100,-200,true,-2.47
"VIG",100250,"/Date(1701918170000)/",7900,11000,376105,3014881100,-200,true,-2.47
"VIG",100245,"/Date(1701918165000)/",7900,100,365105,2927981100,-200,true,-2.47
"VIG",100238,"/Date(1701918158000)/",7900,800,365005,2927191100,-200,true,-2.47
"VIG",95750,"/Date(1701917870000)/",8000,100,364205,2920871100,-100,false,-1.23
"VIG",95742,"/Date(1701917862000)/",7900,1600,364105,2920071100,-200,true,-2.47
"VIG",95732,"/Date(1701917852000)/",8000,400,362505,2907431100,-100,false,-1.23
"VIG",95652,"/Date(1701917812000)/",8000,100,362105,2904231100,-100,false,-1.23
"VIG",95633,"/Date(1701917793000)/",8000,1800,362005,2903431100,-100,false,-1.23
"VIG",95604,"/Date(1701917764000)/",8000,1000,360205,2889031100,-100,false,-1.23
"VIG",95603,"/Date(1701917763000)/",8000,1000,359205,2881031100,-100,false,-1.23
"VIG",95601,"/Date(1701917761000)/",8000,100,358205,2873031100,-100,false,-1.23
"VIG",95600,"/Date(1701917760000)/",8000,1000,358105,2872231100,-100,false,-1.23
"VIG",95528,"/Date(1701917728000)/",8000,200,357105,2864231100,-100,false,-1.23
"VIG",95515,"/Date(1701917715000)/",8000,200,356905,2862631100,-100,false,-1.23
"VIG",95512,"/Date(1701917712000)/",8000,1000,356705,2861031100,-100,false,-1.23
"VIG",95451,"/Date(1701917691000)/",8000,1000,355705,2853031100,-100,false,-1.23
"VIG",95450,"/Date(1701917690000)/",8000,100,354705,2845031100,-100,false,-1.23
"VIG",95442,"/Date(1701917682000)/",8000,5000,354605,2844231100,-100,false,-1.23
"VIG",95436,"/Date(1701917676000)/",8000,3000,349605,2804231100,-100,false,-1.23
"VIG",95432,"/Date(1701917672000)/",8000,2500,346605,2780231100,-100,false,-1.23
"VIG",95413,"/Date(1701917653000)/",8000,2000,344105,2760231100,-100,false,-1.23
"VIG",95334,"/Date(1701917614000)/",8000,10500,342105,2744231100,-100,false,-1.23
"VIG",95331,"/Date(1701917611000)/",7900,10000,331605,2660231100,-200,true,-2.47
"VIG",95301,"/Date(1701917581000)/",7900,1200,321605,2581231100,-200,true,-2.47
"VIG",95253,"/Date(1701917573000)/",7900,25000,320405,2571751100,-200,true,-2.47
"VIG",95244,"/Date(1701917564000)/",7900,3300,295405,2374251100,-200,true,-2.47
"VIG",95219,"/Date(1701917539000)/",7900,6200,292105,2348181100,-200,true,-2.47
"VIG",95211,"/Date(1701917531000)/",7900,300,285905,2299201100,-200,true,-2.47
"VIG",95210,"/Date(1701917530000)/",7900,5000,285605,2296831100,-200,true,-2.47
"VIG",95050,"/Date(1701917450000)/",7900,6700,280605,2257331100,-200,true,-2.47
"VIG",95018,"/Date(1701917418000)/",7900,7900,273905,2204401100,-200,true,-2.47
"VIG",95000,"/Date(1701917400000)/",8000,2600,266005,2141991100,-100,false,-1.23
"VIG",94949,"/Date(1701917389000)/",7900,2600,263405,2121191100,-200,true,-2.47
"VIG",94938,"/Date(1701917378000)/",8000,6500,260805,2100651100,-100,true,-1.23
"VIG",94933,"/Date(1701917373000)/",8000,20000,254305,2048651100,-100,true,-1.23
"VIG",94931,"/Date(1701917371000)/",8000,8000,234305,1888651100,-100,true,-1.23
"VIG",94918,"/Date(1701917358000)/",8000,3000,226305,1824651100,-100,true,-1.23
"VIG",94917,"/Date(1701917357000)/",8000,1000,223305,1800651100,-100,true,-1.23
"VIG",94910,"/Date(1701917350000)/",8000,10000,222305,1792651100,-100,true,-1.23
"VIG",94859,"/Date(1701917339000)/",8000,8000,212305,1712651100,-100,true,-1.23
"VIG",94753,"/Date(1701917273000)/",8000,10000,204305,1648651100,-100,true,-1.23
"VIG",94742,"/Date(1701917262000)/",8000,10000,194305,1568651100,-100,true,-1.23
"VIG",94717,"/Date(1701917237000)/",8000,100,184305,1488651100,-100,true,-1.23
"VIG",94712,"/Date(1701917232000)/",8000,16000,184205,1487851100,-100,true,-1.23
"VIG",94655,"/Date(1701917215000)/",8000,7800,168205,1359851100,-100,true,-1.23
"VIG",94621,"/Date(1701917181000)/",8000,2100,160405,1297451100,-100,true,-1.23
"VIG",94542,"/Date(1701917141000)/",8000,15000,158305,1280651100,-100,true,-1.23
"VIG",94253,"/Date(1701916972000)/",8000,1000,143305,1160651100,-100,true,-1.23
"VIG",94250,"/Date(1701916969000)/",8100,2000,142305,1152651100,0,false,0
"VIG",93802,"/Date(1701916682000)/",8000,200,140305,1136451100,-100,true,-1.23
"VIG",93642,"/Date(1701916602000)/",8100,1000,140105,1134851100,0,false,0
"VIG",93606,"/Date(1701916566000)/",8100,5300,139105,1126751100,0,true,0
"VIG",93550,"/Date(1701916550000)/",8100,4000,133805,1083821100,0,true,0
"VIG",93419,"/Date(1701916459000)/",8100,8500,129805,1051421100,0,true,0
"VIG",93336,"/Date(1701916416000)/",8100,22,121305,982571100,0,true,0
"VIG",93331,"/Date(1701916411000)/",8100,2000,121283,982392200,0,true,0
"VIG",93254,"/Date(1701916374000)/",8100,400,119283,966192200,0,true,0
"VIG",92848,"/Date(1701916128000)/",8100,30000,118883,962952200,0,true,0
"VIG",92842,"/Date(1701916122000)/",8100,2500,88883,719952200,0,true,0
"VIG",92629,"/Date(1701915989000)/",8100,2100,86383,699702200,0,true,0
"VIG",92536,"/Date(1701915936000)/",8100,24000,84283,682692200,0,false,0
"VIG",92451,"/Date(1701915891000)/",8100,600,60283,488292200,0,false,0
"VIG",92239,"/Date(1701915759000)/",8100,83,59683,483432200,0,false,0
"VIG",92227,"/Date(1701915747000)/",8100,400,59600,482760000,0,false,0
"VIG",92217,"/Date(1701915737000)/",8100,200,59200,479520000,0,false,0
"VIG",92126,"/Date(1701915686000)/",8100,200,59000,477900000,0,false,0
"VIG",92047,"/Date(1701915647000)/",8100,200,58800,476280000,0,false,0
"VIG",92025,"/Date(1701915625000)/",8100,6000,58600,474660000,0,false,0
"VIG",91930,"/Date(1701915570000)/",8100,5000,52600,426060000,0,false,0
"VIG",91904,"/Date(1701915544000)/",8100,2900,47600,385560000,0,true,0
"VIG",91854,"/Date(1701915534000)/",8100,9000,44700,362070000,0,true,0
"VIG",91843,"/Date(1701915523000)/",8100,8000,35700,289170000,0,true,0
"VIG",91835,"/Date(1701915515000)/",8100,8000,27700,224370000,0,true,0
"VIG",91656,"/Date(1701915416000)/",8100,5300,19700,159570000,0,true,0
"VIG",91142,"/Date(1701915101000)/",8100,6400,14400,116640000,0,true,0
"VIG",90308,"/Date(1701914588000)/",8100,200,8000,64800000,0,false,0
"VIG",90235,"/Date(1701914555000)/",8100,100,7800,63180000,0,false,0
"VIG",90213,"/Date(1701914533000)/",8100,2000,7700,62370000,0,false,0
"VIG",90202,"/Date(1701914522000)/",8100,600,5700,46170000,0,false,0
"VIG",90150,"/Date(1701914510000)/",8100,500,5100,41310000,0,false,0
"VIG",90052,"/Date(1701914416000)/",8100,900,4600,37260000,0,false,0
"VIG",90028,"/Date(1701914407000)/",8100,2700,3700,29970000,0,false,0
"VIG",90020,"/Date(1701914405000)/",8100,1000,1000,8100000,0,false,0
