"price","change","match_qtty","side","time","total_vol"
5800,100,34000,"bu","09:00:14",34000
5800,100,2000,"sd","09:08:43",36000
5800,100,9000,"sd","09:18:11",45000
5800,100,11000,"bu","09:20:10",56000
5700,0,10000,"sd","09:27:14",66000
5700,0,40000,"bu","09:29:00",106000
5700,0,30000,"sd","09:30:00",136000
5700,0,45000,"sd","09:30:12",181000
5700,0,10000,"sd","09:30:24",191000
5700,0,25000,"bu","09:31:12",216000
5700,0,100000,"sd","09:33:55",316000
5700,0,2000,"sd","09:35:05",318000
5700,0,31000,"bu","09:36:47",349000
5700,0,40000,"sd","09:37:43",389000
5800,100,2000,"bu","09:39:48",391000
5800,100,2000,"sd","09:42:44",393000
5800,100,1000,"bu","09:49:43",394000
5800,100,5000,"sd","09:51:24",399000
5800,100,50000,"sd","09:51:38",449000
5800,100,5000,"bu","09:51:52",454000
5800,100,100000,"sd","09:52:24",554000
5800,100,15000,"bu","09:52:31",569000
5800,100,50000,"sd","09:53:52",619000
5800,100,6000,"sd","09:53:55",625000
5800,100,26000,"sd","09:54:02",651000
5800,100,50000,"sd","09:54:28",701000
5800,100,3000,"bu","09:54:49",704000
5800,100,50000,"bu","09:54:55",754000
5800,100,5000,"sd","09:55:01",759000
5800,100,26000,"sd","09:55:18",785000
5800,100,10000,"bu","09:55:41",795000
5800,100,50000,"sd","09:56:11",845000
5800,100,11000,"sd","09:56:41",856000
5800,100,4000,"bu","09:57:11",860000
5800,100,13000,"bu","09:57:14",873000
5800,100,5000,"bu","09:57:18",878000
5800,100,40000,"bu","09:57:25",918000
5800,100,25000,"sd","09:58:15",943000
5800,100,20000,"sd","09:58:35",963000
5800,100,1000,"sd","10:00:04",964000
5800,100,9000,"sd","10:00:12",973000
5800,100,3000,"sd","10:00:18",976000
5900,200,24000,"sd","10:01:48",1000000
5800,100,42000,"bu","10:01:58",1042000
5800,100,10000,"bu","10:02:00",1052000
5800,100,4000,"sd","10:03:18",1056000
5800,100,2000,"bu","10:03:23",1058000
5800,100,10000,"bu","10:04:14",1068000
5800,100,50000,"sd","10:04:49",1118000
5800,100,10000,"sd","10:05:26",1128000
5800,100,50000,"sd","10:05:46",1178000
5800,100,7000,"sd","10:06:10",1185000
5800,100,1000,"bu","10:06:25",1186000
5800,100,3000,"sd","10:06:34",1189000
5800,100,1000,"sd","10:07:21",1190000
5800,100,1000,"sd","10:07:28",1191000
5800,100,10000,"bu","10:09:40",1201000
5800,100,1000,"bu","10:09:54",1202000
5800,100,3000,"sd","10:11:06",1205000
5800,100,8000,"bu","10:11:50",1213000
5800,100,203000,"bu","10:14:37",1416000
5800,100,1000,"bu","10:14:59",1417000
5800,100,5000,"sd","10:15:39",1422000
5800,100,18000,"bu","10:16:36",1440000
5800,100,20000,"sd","10:17:38",1460000
5800,100,40000,"bu","10:18:58",1500000
5800,100,2000,"bu","10:21:11",1502000
5800,100,7000,"sd","10:21:44",1509000
5800,100,10000,"bu","10:22:06",1519000
5800,100,2000,"sd","10:22:37",1521000
5800,100,5000,"sd","10:22:54",1526000
5800,100,7000,"bu","10:22:55",1533000
5800,100,3000,"bu","10:23:04",1536000
5800,100,20000,"bu","10:23:16",1556000
5800,100,3000,"sd","10:23:17",1559000
5800,100,5000,"sd","10:24:11",1564000
5800,100,10000,"sd","10:24:36",1574000
5800,100,10000,"sd","10:25:02",1584000
5800,100,35000,"sd","10:26:46",1619000
5800,100,45000,"bu","10:27:01",1664000
5800,100,1000,"sd","10:29:00",1665000
5800,100,4000,"bu","10:30:43",1669000
5800,100,3000,"sd","10:33:46",1672000
5800,100,2000,"bu","10:35:17",1674000
5800,100,1000,"bu","10:35:44",1675000
5800,100,10000,"bu","10:36:23",1685000
5800,100,1000,"bu","10:43:05",1686000
5800,100,5000,"bu","10:43:40",1691000
5800,100,10000,"sd","10:44:14",1701000
5800,100,10000,"bu","10:45:36",1711000
5800,100,11000,"sd","10:46:17",1722000
5800,100,5000,"sd","10:47:30",1727000
5800,100,20000,"bu","10:48:28",1747000
5800,100,1000,"sd","10:48:59",1748000
5700,0,10000,"bu","10:51:47",1758000
5700,0,6000,"bu","11:02:33",1764000
5700,0,5000,"sd","11:04:32",1769000
5700,0,1000,"bu","13:04:02",1770000
5700,0,7000,"bu","13:06:20",1777000
5700,0,3000,"sd","13:10:33",1780000
5700,0,5000,"bu","13:17:12",1785000
5700,0,14000,"bu","13:24:47",1799000
5700,0,20000,"sd","13:27:04",1819000
5700,0,2000,"sd","13:30:27",1821000
5800,100,3000,"bu","13:30:42",1824000
5800,100,30000,"bu","13:34:19",1854000
5800,100,10000,"bu","13:35:05",1864000
5800,100,18000,"sd","13:35:24",1882000
5700,0,500000,"sd","13:36:14",2382000
5800,100,1000,"sd","13:45:38",2383000
5800,100,1000,"bu","13:46:33",2384000
5800,100,5000,"sd","13:47:07",2389000
5800,100,10000,"bu","13:48:24",2399000
5800,100,1000,"sd","13:49:37",2400000
5800,100,5000,"bu","13:50:22",2405000
5800,100,1000,"bu","13:50:59",2406000
5700,0,1000,"sd","13:55:56",2407000
5800,100,1000,"sd","13:56:17",2408000
5800,100,13000,"sd","13:56:56",2421000
5700,0,2000,"bu","13:57:28",2423000
5800,100,1000,"bu","13:57:58",2424000
5800,100,55000,"bu","13:58:10",2479000
5800,100,1000,"sd","14:01:25",2480000
5800,100,60000,"sd","14:01:52",2540000
5800,100,1000,"sd","14:04:48",2541000
5700,0,254000,"sd","14:15:07",2795000
5700,0,1000,"sd","14:15:31",2796000
5700,0,1000,"sd","14:16:10",2797000
5700,0,1000,"bu","14:16:41",2798000
5800,100,100000,"sd","14:18:27",2898000
5700,0,810000,"bu","14:18:29",3708000
5700,0,10000,"sd","14:18:47",3718000
5700,0,10000,"sd","14:19:00",3728000
5700,0,2000,"sd","14:19:05",3730000
5700,0,22000,"bu","14:19:09",3752000
5700,0,9000,"bu","14:20:37",3761000
5700,0,1000,"bu","14:20:43",3762000
5700,0,10000,"sd","14:24:22",3772000
5700,0,276000,"sd","14:27:49",4048000
5700,0,1000,"sd","14:28:08",4049000
5700,0,1000,"bu","14:28:24",4050000
5700,0,1000,"sd","14:28:44",4051000
5700,0,2000,"sd","14:29:34",4053000
5700,0,4000,"sd","14:29:57",4057000
5700,0,20000,"bu","14:30:11",4077000
5700,0,7000,"bu","14:31:45",4084000
5700,0,3000,"bu","14:32:20",4087000
5700,0,20000,"sd","14:32:29",4107000
5700,0,1000,"sd","14:33:02",4108000
5700,0,160000,"sd","14:34:17",4268000
5700,0,20000,"bu","14:35:32",4288000
5700,0,30000,"bu","14:35:46",4318000
5700,0,30000,"bu","14:36:44",4348000
5700,0,100000,"bu","14:38:00",4448000
5700,0,3000,"sd","14:41:09",4451000
5700,0,15000,"bu","14:47:21",4466000
5700,0,9000,"bu","14:47:24",4475000
5700,0,1000,"sd","14:47:48",4476000
5700,0,10000,"bu","14:52:53",4486000
5700,0,3000,"sd","14:53:21",4489000
5700,0,2000,"sd","14:54:28",4491000
5700,0,5000,"bu","14:58:05",4496000
5700,0,50000,"bu","14:59:20",4546000
5700,0,20000,"sd","14:59:42",4566000
5700,0,5000,"bu","14:59:47",4571000
