"price","change","match_qtty","side","time","total_vol"
18050,0,55300,"sd","09:15:04",55300
18050,0,900,"sd","09:15:18",56200
18050,0,300,"bu","09:15:19",56500
18050,0,5000,"bu","09:15:33",61500
18050,0,100,"sd","09:16:10",61600
18050,0,2200,"sd","09:16:53",63800
18050,0,14400,"bu","09:16:54",78200
18050,0,2400,"bu","09:16:58",80600
18050,0,1200,"bu","09:17:03",82800
18050,0,500,"bu","09:17:04",83300
18050,0,2200,"sd","09:17:08",85500
18050,0,300,"bu","09:17:13",85800
18050,0,500,"bu","09:17:16",86300
18050,0,2200,"sd","09:17:17",88500
18050,0,100,"bu","09:17:25",88600
18050,0,2200,"bu","09:17:27",90800
18050,0,2200,"sd","09:17:34",93000
18050,0,100,"sd","09:17:46",93100
18050,0,2200,"sd","09:17:53",95300
18050,0,100,"sd","09:17:54",95400
18050,0,2200,"sd","09:17:57",97600
18100,50,5000,"bu","09:18:11",102600
18050,0,1000,"sd","09:18:12",103600
18100,50,2000,"bu","09:18:15",105600
18100,50,6000,"bu","09:18:31",111600
18100,50,3000,"bu","09:18:40",114600
18100,50,600,"bu","09:18:53",115200
18100,50,1000,"bu","09:18:54",116200
18100,50,1800,"bu","09:19:11",118000
18100,50,4700,"bu","09:19:12",122700
18100,50,500,"sd","09:22:14",123200
18050,0,2000,"bu","09:22:42",125200
18100,50,100,"sd","09:23:42",125300
18050,0,2100,"bu","09:24:47",127400
18050,0,500,"sd","09:24:55",127900
18050,0,9100,"bu","09:24:56",137000
18050,0,12900,"sd","09:25:10",149900
18050,0,18200,"bu","09:25:14",168100
18050,0,9100,"sd","09:25:29",177200
18050,0,10100,"bu","09:25:30",187300
18050,0,9100,"sd","09:25:31",196400
18050,0,31200,"sd","09:25:36",227600
18050,0,1500,"bu","09:25:37",234700
18050,0,8000,"sd","09:25:38",242700
18050,0,10000,"bu","09:25:39",252700
18050,0,1000,"sd","09:25:41",253700
18050,0,4000,"bu","09:25:43",257700
18050,0,14100,"bu","09:25:44",271800
18050,0,5000,"bu","09:25:49",276800
18050,0,300,"bu","09:26:34",277100
18050,0,100,"sd","09:27:12",277200
18000,-50,800,"bu","09:27:47",278000
18050,0,2000,"sd","09:27:49",280000
18050,0,100,"sd","09:28:09",280100
18050,0,1100,"sd","09:28:41",281200
18050,0,300,"bu","09:28:54",281500
18050,0,1000,"sd","09:28:55",282500
18000,-50,5000,"sd","09:28:57",287500
18000,-50,9100,"bu","09:29:08",296600
18000,-50,9100,"sd","09:29:09",305700
18000,-50,9100,"sd","09:29:15",314800
18000,-50,16700,"sd","09:29:16",331500
18000,-50,1600,"sd","09:29:31",334000
18050,0,100,"sd","09:29:38",334100
18050,0,500,"sd","09:29:52",334600
18000,-50,1000,"bu","09:29:53",335600
18050,0,2000,"sd","09:30:21",337600
18000,-50,800,"sd","09:31:15",338400
18050,0,2000,"bu","09:31:23",340400
18000,-50,100,"bu","09:31:32",340500
18000,-50,300,"sd","09:31:46",340800
18050,0,200,"sd","09:31:49",341000
18050,0,100,"sd","09:31:58",341100
18050,0,10000,"sd","09:31:59",351100
18000,-50,1900,"bu","09:32:04",353000
18050,0,500,"sd","09:32:11",353500
18000,-50,5000,"bu","09:32:19",358500
18050,0,100,"sd","09:32:29",358600
18050,0,10000,"sd","09:33:01",368600
18000,-50,700,"sd","09:33:02",369300
18000,-50,200,"bu","09:33:29",369500
18000,-50,400,"sd","09:33:35",369900
18050,0,7000,"sd","09:33:36",376900
18000,-50,100,"bu","09:33:37",377000
18000,-50,300,"bu","09:33:41",377300
18000,-50,100,"bu","09:33:50",377400
18000,-50,5000,"sd","09:34:13",382400
18000,-50,200,"sd","09:34:38",382600
18050,0,3200,"sd","09:34:50",385800
18050,0,2000,"sd","09:35:11",387800
18050,0,100,"bu","09:35:35",387900
18000,-50,2500,"sd","09:36:00",390400
18000,-50,100,"bu","09:36:53",390500
18050,0,10100,"sd","09:37:21",400600
18000,-50,100,"bu","09:37:36",400700
18050,0,1000,"bu","09:37:54",401700
18050,0,46300,"bu","09:38:19",448000
18050,0,2500,"bu","09:38:23",450500
18050,0,10000,"sd","09:38:45",460500
18000,-50,17500,"bu","09:38:47",478000
18000,-50,1600,"sd","09:39:37",479600
18050,0,100,"sd","09:39:39",479700
18050,0,1100,"bu","09:40:06",480800
18050,0,1000,"bu","09:40:20",481800
18050,0,5000,"bu","09:40:27",486800
18050,0,1000,"sd","09:40:32",487800
18050,0,100,"bu","09:40:45",487900
18050,0,1000,"bu","09:40:46",488900
18050,0,800,"bu","09:41:25",489700
18000,-50,14400,"sd","09:41:55",504100
18050,0,100,"bu","09:42:04",504200
18050,0,300,"sd","09:42:06",504500
18050,0,600,"bu","09:42:19",505100
18050,0,100,"bu","09:42:32",505200
18050,0,1000,"bu","09:42:33",506200
18050,0,1700,"bu","09:42:44",507900
18050,0,100,"bu","09:42:51",508000
18000,-50,1800,"sd","09:43:26",509800
18000,-50,4200,"bu","09:44:33",514000
18050,0,100,"sd","09:44:50",514100
18000,-50,1400,"bu","09:45:15",515500
18050,0,2000,"sd","09:45:18",517500
18050,0,10000,"bu","09:46:15",527500
18050,0,100,"sd","09:46:29",527600
18050,0,400,"sd","09:46:44",528000
18050,0,700,"bu","09:48:46",528700
18050,0,50000,"bu","09:49:15",578700
18050,0,1000,"bu","09:49:20",579700
18050,0,100,"bu","09:49:43",579800
18050,0,300,"sd","09:49:45",580100
18000,-50,5300,"sd","09:49:54",585400
18000,-50,2100,"bu","09:49:54",587500
18050,0,5000,"bu","09:49:56",592500
18050,0,10000,"bu","09:50:09",602500
18000,-50,14400,"bu","09:50:17",616900
18050,0,100,"bu","09:50:20",617000
18000,-50,700,"bu","09:50:21",617700
18050,0,3000,"sd","09:50:23",620700
18050,0,1500,"sd","09:50:32",622200
18050,0,9200,"sd","09:51:09",631400
18050,0,400,"bu","09:51:12",631800
18050,0,500,"bu","09:51:29",632300
18050,0,17500,"bu","09:51:41",649800
18000,-50,13600,"bu","09:51:41",648300
18000,-50,2300,"sd","09:51:42",650600
18050,0,100,"bu","09:52:05",650700
18000,-50,500,"sd","09:52:36",651200
18050,0,1000,"bu","09:52:40",652200
18050,0,100,"bu","09:53:09",652300
18050,0,200,"sd","09:53:10",652500
18050,0,7000,"sd","09:53:32",659500
18050,0,2000,"bu","09:54:03",661500
18100,50,24400,"bu","09:54:10",685900
18100,50,10000,"bu","09:54:24",695900
18050,0,500,"bu","09:54:32",696400
18050,0,300,"bu","09:54:33",696700
18100,50,14800,"sd","09:54:44",711500
18100,50,5200,"bu","09:54:45",716700
18050,0,1000,"sd","09:54:52",717700
18100,50,10300,"sd","09:55:31",728000
18100,50,10000,"sd","09:55:40",738000
18050,0,1000,"sd","09:55:42",739000
18100,50,10000,"bu","09:55:47",749000
18050,0,500,"sd","09:55:52",749500
18050,0,1000,"bu","09:56:07",750500
18050,0,200,"bu","09:57:01",750700
18050,0,300,"bu","09:57:03",751000
18050,0,1000,"bu","09:57:22",752000
18050,0,100,"sd","09:57:36",752100
18050,0,14400,"bu","09:57:47",766500
18050,0,24000,"bu","09:57:51",790500
18050,0,10200,"sd","09:57:52",800700
18000,-50,1700,"sd","09:58:01",802400
18050,0,100,"sd","09:58:03",802500
18050,0,1000,"sd","09:58:09",803500
18000,-50,1100,"bu","09:58:12",804600
18050,0,3900,"bu","09:58:17",808500
18000,-50,200,"bu","09:58:22",808700
18050,0,500,"sd","09:58:27",809200
18050,0,400,"bu","09:58:58",809600
18050,0,100,"bu","09:59:16",809700
18100,50,47000,"bu","09:59:21",856700
18100,50,2300,"bu","09:59:22",859000
18100,50,100,"sd","09:59:32",859100
18150,100,5100,"sd","10:00:19",864200
18100,50,200,"sd","10:00:22",864400
18150,100,5600,"bu","10:00:23",870000
18100,50,200,"sd","10:00:32",875200
18100,50,1000,"sd","10:00:34",876200
18100,50,300,"bu","10:00:42",876500
18100,50,1000,"bu","10:00:46",877500
18100,50,1100,"sd","10:01:18",878600
18100,50,500,"sd","10:01:31",879100
18100,50,5000,"sd","10:01:31",884100
18100,50,200,"sd","10:01:32",884300
18100,50,100,"bu","10:01:45",884400
18100,50,3000,"sd","10:01:52",887400
18100,50,2000,"sd","10:01:53",889400
18100,50,200,"sd","10:02:02",889600
18100,50,300,"bu","10:02:08",889900
18100,50,34300,"sd","10:02:15",924200
18050,0,1700,"bu","10:02:22",925900
18100,50,100,"bu","10:03:00",926000
18050,0,300,"bu","10:04:10",926300
18050,0,1000,"bu","10:04:31",927300
18050,0,9100,"sd","10:05:23",936400
18050,0,18800,"bu","10:05:30",955200
18050,0,9100,"sd","10:05:31",964300
18050,0,1800,"sd","10:05:31",966100
18050,0,14400,"bu","10:05:35",980500
18050,0,2200,"sd","10:05:37",982700
18050,0,7400,"sd","10:05:39",990100
18000,-50,1200,"sd","10:05:42",991300
18000,-50,9100,"sd","10:05:47",1000400
18000,-50,500,"sd","10:05:52",1000900
18000,-50,9100,"bu","10:06:09",1010000
18050,0,3400,"bu","10:06:17",1013400
18000,-50,100,"bu","10:06:22",1013500
18050,0,200,"sd","10:06:35",1013700
18050,0,100,"sd","10:06:45",1013800
18050,0,200,"bu","10:06:49",1014000
18050,0,600,"sd","10:07:17",1014600
18100,50,500,"bu","10:07:30",1015100
18050,0,800,"bu","10:08:15",1016100
18050,0,3200,"bu","10:08:22",1019300
18050,0,1100,"bu","10:08:57",1020400
18050,0,1000,"bu","10:09:29",1021400
18050,0,5000,"bu","10:09:35",1026400
18050,0,200,"bu","10:09:42",1026600
18050,0,1000,"bu","10:09:43",1027600
18050,0,3900,"bu","10:09:44",1031500
18050,0,5000,"bu","10:09:51",1036500
18050,0,500,"sd","10:09:52",1037000
18050,0,900,"sd","10:10:04",1037900
18050,0,2000,"sd","10:10:28",1039900
18000,-50,100,"sd","10:10:32",1040000
18050,0,5100,"bu","10:10:44",1045100
18000,-50,200,"bu","10:10:52",1045300
18000,-50,9600,"bu","10:11:02",1054900
18000,-50,9100,"bu","10:11:09",1064000
18000,-50,1100,"sd","10:11:11",1065100
18000,-50,500,"bu","10:11:12",1065600
18000,-50,8700,"bu","10:11:23",1074300
18050,0,800,"sd","10:12:42",1075100
18050,0,100,"bu","10:13:05",1075200
18050,0,10100,"bu","10:13:46",1085300
18000,-50,500,"bu","10:13:52",1085800
18000,-50,1000,"bu","10:14:39",1086800
18000,-50,1000,"bu","10:14:45",1087800
18050,0,100,"bu","10:14:50",1087900
18000,-50,200,"bu","10:14:51",1088100
18000,-50,1500,"bu","10:15:03",1089600
18000,-50,6000,"bu","10:15:19",1095600
18000,-50,300,"bu","10:15:22",1095900
18000,-50,1500,"bu","10:15:52",1097400
18050,0,5000,"sd","10:16:19",1102400
18000,-50,200,"bu","10:16:22",1102600
18050,0,100,"sd","10:17:02",1102700
18050,0,3200,"bu","10:17:58",1105900
18000,-50,100,"bu","10:18:02",1106000
18000,-50,1100,"sd","10:18:23",1107100
18050,0,200,"sd","10:18:31",1107300
18000,-50,500,"bu","10:19:18",1107800
18050,0,100,"bu","10:19:23",1107900
18050,0,14600,"bu","10:20:54",1122500
18000,-50,700,"bu","10:21:02",1123200
18050,0,5500,"sd","10:21:03",1128700
18000,-50,6000,"bu","10:21:12",1134700
18050,0,3000,"sd","10:21:14",1137700
18000,-50,1000,"sd","10:21:18",1138700
18000,-50,200,"sd","10:21:22",1138900
18000,-50,300,"bu","10:21:45",1139200
18000,-50,50000,"sd","10:22:30",1189200
18000,-50,2500,"sd","10:22:32",1191700
18000,-50,100,"bu","10:22:42",1191800
18000,-50,10500,"sd","10:22:52",1202300
18000,-50,300,"sd","10:23:07",1202600
18000,-50,600,"sd","10:24:18",1203200
18050,0,200,"sd","10:24:20",1203400
18050,0,100,"sd","10:25:12",1203500
18050,0,500,"sd","10:25:57",1204000
18050,0,600,"bu","10:26:09",1204600
18050,0,2000,"sd","10:27:05",1206600
18000,-50,100,"bu","10:27:12",1206700
18000,-50,400,"sd","10:28:03",1207100
18000,-50,1800,"sd","10:29:07",1208900
18000,-50,100,"sd","10:29:10",1209000
18000,-50,9600,"sd","10:29:40",1218600
18000,-50,400,"bu","10:29:42",1219000
18050,0,100,"bu","10:30:02",1219100
18000,-50,200,"bu","10:30:33",1219300
18000,-50,300,"bu","10:30:53",1219600
18000,-50,1100,"bu","10:31:25",1220700
18050,0,200,"sd","10:31:59",1220900
18050,0,800,"bu","10:32:35",1221700
18050,0,2900,"bu","10:33:03",1224600
18050,0,80000,"sd","10:33:09",1304600
18050,0,100,"sd","10:33:15",1304700
18050,0,34400,"sd","10:33:37",1339100
18050,0,7200,"sd","10:34:08",1346300
18050,0,2500,"bu","10:34:22",1348800
18050,0,1900,"bu","10:34:23",1350700
18050,0,4100,"bu","10:35:13",1354800
18050,0,1000,"bu","10:35:14",1355800
18050,0,17800,"bu","10:35:51",1373600
18050,0,2000,"bu","10:36:18",1375600
18050,0,100,"bu","10:36:27",1375700
18050,0,1100,"sd","10:37:28",1376800
18050,0,100,"bu","10:37:51",1376900
18050,0,1500,"bu","10:38:05",1378400
18050,0,1000,"bu","10:38:35",1379400
18050,0,4600,"bu","10:38:40",1384000
18050,0,100,"bu","10:38:45",1384100
18050,0,4000,"sd","10:38:50",1388100
18050,0,2200,"bu","10:38:51",1390300
18050,0,6900,"sd","10:38:59",1397200
18050,0,2000,"bu","10:39:30",1399200
18050,0,10000,"sd","10:39:39",1409200
18050,0,6900,"sd","10:39:59",1416100
18050,0,2000,"bu","10:41:57",1418100
18050,0,200,"bu","10:42:04",1418300
18050,0,500,"sd","10:42:14",1418800
18050,0,1000,"bu","10:42:18",1419800
18100,50,100,"bu","10:43:14",1419900
18050,0,1400,"bu","10:44:28",1421300
18100,50,100,"sd","10:44:29",1421400
18050,0,900,"bu","10:45:34",1422300
18100,50,100,"bu","10:46:16",1422400
18050,0,23000,"sd","10:48:48",1445400
18050,0,20000,"sd","10:48:58",1465400
18100,50,1200,"sd","10:50:48",1466600
18050,0,15000,"bu","10:51:42",1481600
18050,0,1000,"bu","10:51:52",1482600
18050,0,1700,"sd","10:51:59",1484300
18050,0,100,"bu","10:52:10",1484400
18050,0,14400,"bu","10:52:37",1498800
18050,0,30000,"sd","10:52:43",1528800
18050,0,26000,"bu","10:52:48",1554800
18050,0,1000,"sd","10:52:52",1555800
18050,0,100,"bu","10:52:59",1555900
18050,0,6000,"bu","10:53:00",1561900
18050,0,1000,"bu","10:53:01",1562900
18050,0,1500,"sd","10:53:19",1564400
18050,0,18500,"sd","10:53:26",1582900
18050,0,100,"bu","10:53:27",1583000
18050,0,2100,"sd","10:54:15",1585100
18000,-50,100,"bu","10:54:18",1585200
18000,-50,500,"bu","10:54:44",1585700
18000,-50,100,"bu","10:55:03",1585800
18000,-50,600,"bu","10:55:34",1586400
18000,-50,1600,"sd","10:55:41",1588000
18000,-50,3000,"bu","10:56:01",1591000
18050,0,100,"sd","10:56:18",1591100
18050,0,50000,"bu","10:57:56",1641100
18050,0,500,"bu","10:58:30",1641600
18000,-50,15000,"sd","10:59:00",1656600
18000,-50,300,"sd","10:59:39",1656900
18000,-50,1100,"bu","10:59:57",1658000
18000,-50,9100,"bu","11:00:12",1667100
18000,-50,5700,"sd","11:00:15",1672800
18000,-50,9100,"sd","11:00:26",1681900
18050,0,18500,"sd","11:01:08",1700400
18050,0,5500,"sd","11:02:09",1705900
18000,-50,300,"sd","11:02:18",1706200
18000,-50,200,"sd","11:02:30",1706400
18000,-50,9100,"sd","11:02:32",1715500
18000,-50,14100,"sd","11:03:05",1729600
18000,-50,17000,"sd","11:03:16",1746600
18000,-50,1000,"sd","11:03:21",1747600
18000,-50,1100,"sd","11:03:29",1748700
18000,-50,5000,"sd","11:03:45",1753700
18000,-50,20000,"sd","11:03:46",1773700
18000,-50,2000,"bu","11:03:58",1775700
18000,-50,1000,"bu","11:04:01",1776700
18000,-50,40000,"sd","11:04:24",1816700
18050,0,100,"sd","11:04:25",1816800
18000,-50,10000,"sd","11:04:26",1826800
18000,-50,300,"sd","11:04:28",1827100
18000,-50,10000,"bu","11:04:40",1837100
18000,-50,30600,"bu","11:04:42",1867700
18000,-50,6900,"bu","11:04:45",1874600
18000,-50,26000,"sd","11:04:47",1900600
18000,-50,6900,"sd","11:04:48",1907500
18000,-50,5500,"sd","11:04:49",1913000
18050,0,1400,"bu","11:04:51",1914400
18000,-50,10000,"bu","11:04:53",1924400
18000,-50,20000,"bu","11:05:01",1944400
18000,-50,200,"bu","11:05:15",1944600
18050,0,1100,"sd","11:05:21",1945700
18000,-50,3000,"sd","11:05:23",1948700
18000,-50,52700,"bu","11:05:42",2001400
18000,-50,5000,"sd","11:06:16",2006400
18000,-50,78000,"bu","11:06:44",2084400
18000,-50,2000,"sd","11:07:02",2086400
18000,-50,4000,"bu","11:07:14",2090400
18000,-50,2000,"bu","11:07:26",2092400
18050,0,400,"sd","11:08:37",2092800
18050,0,5000,"sd","11:08:49",2097800
18050,0,3000,"sd","11:08:54",2100800
18050,0,5000,"sd","11:09:06",2105800
18050,0,800,"bu","11:09:09",2106600
18050,0,65200,"sd","11:09:26",2171800
18050,0,2000,"bu","11:09:55",2173800
18050,0,1000,"bu","11:10:03",2174800
18050,0,6300,"bu","11:10:08",2181100
18050,0,2000,"bu","11:10:22",2183100
18050,0,14000,"bu","11:10:29",2197100
18050,0,100,"bu","11:10:30",2197200
18050,0,1000,"sd","11:10:35",2198200
18050,0,5000,"sd","11:10:44",2203200
18050,0,1000,"bu","11:10:48",2204200
18050,0,1100,"bu","11:10:53",2205300
18050,0,5000,"sd","11:11:07",2210300
18050,0,200,"bu","11:11:29",2210500
18050,0,5400,"bu","11:11:30",2215900
18050,0,500,"bu","11:11:35",2216400
18050,0,10000,"bu","11:11:55",2226400
18050,0,30000,"bu","11:12:40",2256400
18050,0,1000,"sd","11:12:44",2257400
18050,0,300,"sd","11:12:52",2257700
18050,0,4000,"sd","11:13:40",2261700
18050,0,5000,"sd","11:14:03",2266700
18050,0,3200,"sd","11:15:06",2269900
18050,0,1000,"bu","11:15:56",2270900
18050,0,9000,"sd","11:16:19",2279900
18050,0,1200,"bu","11:16:32",2281100
18050,0,500,"sd","11:16:41",2281600
18050,0,1000,"bu","11:16:59",2282600
18050,0,10000,"sd","11:17:07",2292600
18050,0,5000,"sd","11:17:29",2297600
18050,0,2000,"bu","11:17:36",2299600
18050,0,1000,"sd","11:17:39",2300600
18050,0,1200,"bu","11:17:49",2301800
18050,0,500,"bu","11:17:54",2302300
18050,0,1000,"bu","11:18:03",2303300
18050,0,2100,"sd","11:18:08",2305400
18050,0,100,"sd","11:18:29",2305500
18050,0,700,"bu","11:19:55",2306200
18050,0,200,"bu","11:20:04",2306400
18000,-50,500,"sd","11:20:35",2306900
18050,0,500,"sd","11:22:42",2307400
18050,0,10000,"bu","11:23:47",2317400
18050,0,5200,"bu","11:25:30",2322600
18050,0,1000,"bu","11:25:49",2323600
18050,0,200,"bu","11:26:07",2323800
18050,0,6000,"sd","11:26:15",2329800
18050,0,1000,"sd","11:26:30",2330800
18050,0,24500,"bu","11:26:36",2355300
18050,0,100,"sd","11:26:37",2355400
18050,0,1000,"bu","11:26:47",2356400
18050,0,15000,"bu","11:26:53",2371400
18000,-50,4000,"sd","11:27:04",2375400
18050,0,6200,"bu","11:27:11",2381600
18050,0,3800,"bu","11:27:39",2385400
18000,-50,1100,"sd","11:27:43",2386500
18050,0,100,"sd","11:28:20",2386600
18000,-50,1500,"bu","11:28:59",2388100
18050,0,58800,"sd","11:29:32",2446900
18050,0,4000,"sd","11:29:46",2450900
18050,0,900,"sd","11:29:50",2451800
18050,0,100,"bu","11:29:51",2451900
18050,0,5000,"bu","11:29:55",2456900
18050,0,1200,"bu","13:00:13",2458100
18050,0,2400,"sd","13:00:14",2460500
18050,0,1000,"bu","13:00:15",2461500
18050,0,6100,"sd","13:00:22",2467600
18000,-50,400,"bu","13:00:22",2468000
18000,-50,100,"sd","13:00:27",2468100
18100,50,8000,"sd","13:00:29",2476100
18050,0,7200,"sd","13:00:30",2483300
18050,0,200,"sd","13:00:33",2483500
18050,0,800,"sd","13:00:35",2484300
18050,0,300,"sd","13:00:37",2484600
18050,0,1000,"bu","13:00:40",2485600
18050,0,5200,"bu","13:00:42",2490800
18050,0,100,"bu","13:00:47",2490900
18100,50,11000,"sd","13:00:49",2501900
18050,0,100,"bu","13:01:00",2502000
18100,50,7100,"bu","13:01:14",2509100
18050,0,1800,"sd","13:01:18",2510900
18050,0,100,"bu","13:01:24",2511000
18050,0,1800,"sd","13:02:06",2512800
18050,0,1800,"sd","13:02:34",2514600
18050,0,1800,"sd","13:03:00",2516400
18050,0,2100,"bu","13:03:21",2518500
18050,0,1700,"bu","13:03:27",2520200
18050,0,100,"bu","13:03:34",2520300
18050,0,1000,"sd","13:03:46",2521300
18050,0,5000,"bu","13:03:50",2526300
18050,0,800,"sd","13:03:55",2527100
18050,0,1000,"sd","13:04:04",2528100
18050,0,800,"bu","13:04:09",2528900
18050,0,900,"sd","13:04:11",2529800
18050,0,1300,"bu","13:04:14",2531100
18050,0,1700,"sd","13:04:22",2532800
18050,0,1800,"sd","13:04:49",2534600
18050,0,600,"sd","13:04:51",2535200
18050,0,1700,"bu","13:05:16",2536900
18050,0,500,"bu","13:05:40",2537400
18050,0,1700,"bu","13:05:42",2539100
18050,0,1800,"sd","13:06:10",2540900
18050,0,2300,"bu","13:06:40",2543200
18050,0,1800,"sd","13:07:04",2545000
18050,0,2200,"sd","13:07:49",2547200
18050,0,1700,"bu","13:07:58",2548900
18050,0,10000,"bu","13:08:19",2558900
18050,0,1700,"bu","13:08:28",2560600
18050,0,2700,"bu","13:09:01",2563300
18050,0,1700,"bu","13:09:19",2565000
18050,0,100,"bu","13:09:23",2565100
18000,-50,10500,"sd","13:09:33",2575600
18050,0,2300,"sd","13:09:46",2577900
18050,0,1700,"bu","13:10:13",2579600
18050,0,100,"sd","13:10:17",2579700
18050,0,300,"sd","13:10:24",2580000
18050,0,65500,"bu","13:10:30",2645500
18100,50,1800,"sd","13:10:40",2647300
18050,0,200,"bu","13:10:41",2647500
18100,50,700,"bu","13:10:49",2648200
18050,0,100,"bu","13:10:55",2648300
18100,50,1700,"bu","13:11:07",2650000
18100,50,1800,"sd","13:11:34",2651800
18100,50,100,"bu","13:11:42",2651900
18100,50,1800,"bu","13:12:01",2653700
18100,50,1700,"sd","13:12:28",2655400
18100,50,200,"bu","13:12:35",2655600
18100,50,600,"bu","13:12:36",2656200
18050,0,1500,"bu","13:12:47",2657700
18100,50,1800,"sd","13:12:55",2659500
18100,50,100,"sd","13:13:10",2659600
18100,50,1800,"sd","13:13:23",2661400
18050,0,20000,"sd","13:13:41",2681400
18100,50,8700,"bu","13:13:49",2690100
18050,0,30000,"sd","13:13:59",2720100
18050,0,500,"bu","13:14:00",2720600
18050,0,12900,"bu","13:14:13",2733500
18050,0,3300,"bu","13:14:46",2736800
18000,-50,1000,"bu","13:15:04",2737800
18050,0,1700,"bu","13:15:13",2739500
18050,0,1800,"bu","13:15:40",2741300
18050,0,500,"sd","13:15:43",2741800
18050,0,1800,"bu","13:16:07",2743600
18000,-50,100,"sd","13:16:24",2743700
18050,0,3000,"sd","13:16:25",2746700
18050,0,1700,"bu","13:16:34",2748400
18050,0,3500,"sd","13:17:29",2751900
18000,-50,100,"bu","13:17:37",2752000
18050,0,1700,"bu","13:17:56",2753700
18050,0,1000,"sd","13:17:59",2754700
18050,0,25000,"sd","13:18:03",2779700
18050,0,33000,"sd","13:18:10",2812700
18050,0,5900,"bu","13:18:19",2818600
18050,0,2500,"sd","13:18:23",2821100
18050,0,2500,"bu","13:18:25",2823600
18050,0,2400,"bu","13:18:29",2826000
18050,0,5000,"bu","13:18:34",2831000
18050,0,20200,"bu","13:18:39",2851200
18050,0,1300,"sd","13:18:43",2852500
18100,50,1700,"bu","13:18:50",2854200
18100,50,14400,"sd","13:19:02",2868600
18100,50,1600,"sd","13:19:16",2870200
18050,0,5000,"bu","13:19:26",2875200
18050,0,40100,"sd","13:19:31",2915300
18050,0,1000,"bu","13:19:40",2916300
18050,0,200,"sd","13:19:46",2916500
18050,0,2600,"sd","13:20:14",2919100
18000,-50,100,"bu","13:20:31",2919200
18050,0,1800,"sd","13:20:41",2921000
18050,0,400,"sd","13:21:05",2921400
18050,0,1600,"sd","13:21:08",2923000
18050,0,200,"sd","13:21:26",2923200
18050,0,1800,"sd","13:21:35",2925000
18000,-50,300,"bu","13:21:46",2925300
18000,-50,18200,"sd","13:21:59",2943500
18050,0,1700,"sd","13:22:03",2945200
18050,0,1800,"sd","13:22:30",2947000
18050,0,9900,"sd","13:22:31",2956900
18050,0,3700,"bu","13:22:40",2960600
18050,0,1700,"bu","13:22:56",2962300
18050,0,500,"sd","13:23:05",2962800
18050,0,2000,"bu","13:23:15",2964800
18100,50,14000,"bu","13:23:18",2978800
18050,0,6300,"sd","13:23:20",2985100
18050,0,1800,"bu","13:23:23",2986900
18100,50,11000,"sd","13:23:24",2997900
18050,0,3000,"sd","13:23:27",3000900
18050,0,1000,"sd","13:23:32",3001900
18050,0,2200,"sd","13:23:36",3004100
18050,0,10200,"sd","13:23:39",3014300
18050,0,14400,"sd","13:23:43",3028700
18050,0,2000,"sd","13:23:44",3030700
18050,0,200,"bu","13:23:47",3030900
18050,0,1700,"sd","13:23:50",3032600
18050,0,1000,"bu","13:24:10",3033600
18050,0,1700,"sd","13:24:18",3035300
18050,0,100,"sd","13:24:20",3035400
18050,0,8500,"bu","13:24:43",3043900
18100,50,4000,"sd","13:24:46",3047900
18050,0,1000,"bu","13:24:59",3048900
18050,0,2300,"sd","13:25:03",3051200
18050,0,600,"sd","13:25:06",3051800
18050,0,1700,"bu","13:25:12",3053500
18050,0,2100,"bu","13:25:13",3055600
18050,0,700,"sd","13:25:19",3056300
18050,0,35400,"bu","13:25:38",3091700
18050,0,1800,"sd","13:25:45",3093500
18000,-50,141300,"bu","13:26:03",3234800
18050,0,1700,"sd","13:26:37",3236500
18000,-50,2800,"sd","13:27:22",3239300
18050,0,18700,"bu","13:27:28",3258000
18050,0,1600,"bu","13:27:31",3259600
18050,0,200,"sd","13:27:41",3259800
18050,0,1700,"bu","13:27:58",3261500
18000,-50,100,"bu","13:28:04",3261600
18000,-50,3100,"bu","13:28:13",3264700
18000,-50,200,"bu","13:28:20",3264900
18050,0,1600,"bu","13:28:24",3266500
18000,-50,600,"sd","13:28:28",3267100
18050,0,1000,"bu","13:28:38",3268100
18050,0,2700,"bu","13:28:52",3270800
18050,0,3300,"sd","13:29:46",3274100
18050,0,1700,"sd","13:30:13",3275800
18050,0,1600,"bu","13:30:40",3277400
18050,0,100,"sd","13:30:44",3277500
18050,0,500,"bu","13:30:46",3278000
18050,0,100,"bu","13:30:57",3278100
18050,0,1700,"bu","13:31:08",3279800
18050,0,1600,"sd","13:31:34",3281400
18050,0,11600,"sd","13:32:04",3293000
18050,0,1600,"bu","13:32:27",3294600
18050,0,100,"sd","13:32:39",3294700
18050,0,1600,"sd","13:32:55",3296300
18050,0,1700,"bu","13:33:22",3298000
18000,-50,500,"sd","13:33:40",3298500
18050,0,1700,"sd","13:33:49",3300200
18050,0,100,"bu","13:33:55",3300300
18050,0,300,"sd","13:34:00",3300600
18000,-50,500,"sd","13:34:01",3301100
18050,0,1700,"bu","13:34:17",3302800
18050,0,1600,"sd","13:34:43",3304400
18050,0,100,"bu","13:34:45",3304500
18000,-50,5000,"sd","13:34:51",3309500
18050,0,3600,"bu","13:35:12",3313100
18050,0,1000,"sd","13:35:35",3314100
18050,0,1600,"sd","13:35:38",3315700
18050,0,1600,"bu","13:36:04",3317300
18050,0,200,"sd","13:36:31",3317500
18050,0,1600,"bu","13:36:32",3319100
18000,-50,8000,"bu","13:36:40",3327100
18050,0,30000,"sd","13:36:54",3357100
18050,0,1600,"sd","13:36:58",3358700
18000,-50,10000,"bu","13:37:11",3368700
18000,-50,9100,"sd","13:37:16",3377800
18000,-50,100,"bu","13:37:24",3377900
18050,0,1600,"bu","13:37:25",3379500
18050,0,500,"bu","13:37:37",3380000
18050,0,1600,"sd","13:37:53",3381600
18000,-50,13200,"bu","13:39:12",3394800
18050,0,1700,"sd","13:39:14",3396500
18050,0,600,"sd","13:39:32",3397100
18050,0,1700,"bu","13:39:42",3398800
18050,0,1600,"sd","13:40:07",3400400
18050,0,3300,"sd","13:41:02",3403700
18050,0,300,"sd","13:41:15",3404000
18050,0,9000,"sd","13:41:24",3413000
18050,0,7300,"bu","13:41:29",3420300
18050,0,7300,"sd","13:41:42",3427600
18050,0,2200,"bu","13:41:45",3429800
18050,0,11000,"sd","13:41:46",3440800
18050,0,2200,"bu","13:41:54",3443000
18050,0,3800,"bu","13:41:57",3446800
18050,0,2200,"sd","13:42:02",3449000
18000,-50,10700,"sd","13:42:12",3459700
18050,0,1600,"sd","13:42:23",3461300
18000,-50,500,"sd","13:42:31",3461800
18050,0,1500,"bu","13:42:50",3463300
18050,0,2200,"bu","13:43:14",3465500
18000,-50,100,"sd","13:43:18",3465600
18050,0,3900,"sd","13:43:19",3469500
18050,0,15400,"sd","13:43:22",3484900
18050,0,56200,"bu","13:43:25",3541100
18050,0,2000,"sd","13:43:27",3543100
18050,0,9100,"sd","13:43:32",3552200
18050,0,2200,"bu","13:43:33",3554400
18050,0,1000,"sd","13:43:34",3555400
18050,0,16600,"bu","13:43:36",3572000
18050,0,4000,"sd","13:43:37",3576000
18050,0,200,"sd","13:43:45",3576200
18050,0,1600,"bu","13:43:49",3577800
18050,0,6000,"bu","13:44:01",3583800
18050,0,1600,"bu","13:44:10",3585400
18050,0,3100,"sd","13:44:37",3588500
18050,0,200,"bu","13:44:43",3588700
18050,0,11000,"bu","13:44:49",3599700
18050,0,300,"bu","13:44:51",3600000
18050,0,1000,"bu","13:44:56",3601000
18050,0,1600,"sd","13:45:06",3602600
18000,-50,2000,"sd","13:45:07",3604600
18050,0,1000,"sd","13:45:13",3605600
18050,0,3000,"sd","13:45:18",3608600
18050,0,1500,"sd","13:45:29",3610100
18050,0,500,"sd","13:45:30",3610600
18050,0,1600,"sd","13:45:31",3612200
18050,0,100,"sd","13:45:34",3612300
18050,0,500,"sd","13:45:41",3612800
18050,0,400,"sd","13:45:49",3613200
18050,0,4000,"sd","13:45:50",3617200
18050,0,10000,"sd","13:45:54",3627200
18050,0,1500,"sd","13:45:59",3628700
18050,0,600,"sd","13:46:02",3629300
18050,0,1000,"sd","13:46:20",3630300
18050,0,2000,"bu","13:46:21",3632300
18050,0,3700,"sd","13:46:36",3636000
18050,0,1000,"sd","13:46:40",3637000
18050,0,3000,"sd","13:46:41",3640000
18050,0,1500,"sd","13:46:53",3641500
18050,0,500,"bu","13:46:55",3642000
18050,0,1000,"bu","13:46:56",3643000
18050,0,1500,"sd","13:46:58",3644500
18050,0,3000,"sd","13:47:07",3647500
18050,0,1000,"sd","13:47:09",3648500
18050,0,500,"bu","13:47:10",3649000
18050,0,1500,"sd","13:47:20",3650500
18050,0,5500,"sd","13:47:22",3656000
18050,0,50000,"bu","13:47:23",3706000
18050,0,10000,"bu","13:47:24",3716000
18050,0,1000,"bu","13:47:26",3717000
18050,0,20500,"sd","13:47:29",3737500
18100,50,1600,"bu","13:47:47",3739100
18100,50,1500,"bu","13:48:14",3740600
18100,50,3000,"bu","13:48:20",3743600
18100,50,1500,"sd","13:48:41",3745100
18050,0,1000,"sd","13:48:45",3746100
18050,0,100,"bu","13:48:50",3746200
18050,0,5000,"bu","13:49:05",3751200
18100,50,1500,"sd","13:49:08",3752700
18050,0,12200,"bu","13:49:44",3764900
18050,0,10300,"sd","13:49:54",3775200
18100,50,1500,"sd","13:50:03",3776700
18100,50,300,"bu","13:50:09",3777000
18100,50,1500,"sd","13:50:29",3778500
18050,0,200,"sd","13:50:40",3778700
18050,0,9100,"sd","13:50:54",3787800
18100,50,1500,"sd","13:50:59",3789300
18100,50,1600,"bu","13:51:23",3790900
18050,0,10000,"bu","13:51:28",3800900
18050,0,9100,"sd","13:51:32",3810000
18050,0,2900,"bu","13:51:39",3812900
18050,0,400,"bu","13:52:01",3813300
18050,0,500,"bu","13:52:17",3813800
18050,0,1600,"sd","13:52:22",3815400
18050,0,500,"bu","13:52:40",3815900
18050,0,1500,"sd","13:52:49",3817400
18050,0,1000,"sd","13:53:12",3818400
18050,0,1600,"bu","13:53:17",3820000
18050,0,1500,"bu","13:53:44",3821500
18050,0,14400,"bu","13:54:06",3835900
18050,0,1500,"sd","13:54:10",3837400
18050,0,9000,"sd","13:54:12",3846400
18050,0,6000,"sd","13:54:18",3852400
18050,0,1500,"sd","13:54:38",3853900
18050,0,7500,"sd","13:54:39",3861400
18050,0,1000,"sd","13:55:01",3862400
18100,50,1500,"sd","13:55:05",3863900
18100,50,1500,"bu","13:55:32",3865400
18100,50,11600,"sd","13:55:58",3877000
18100,50,1500,"bu","13:56:26",3878500
18100,50,9000,"bu","13:56:43",3887500
18050,0,3000,"sd","13:56:50",3890500
18100,50,1500,"sd","13:56:53",3892000
18100,50,1000,"sd","13:57:15",3893000
18100,50,1500,"bu","13:57:20",3894500
18100,50,200,"sd","13:57:31",3894700
18100,50,1500,"sd","13:57:47",3896200
18100,50,100,"sd","13:57:53",3896300
18050,0,500,"sd","13:58:12",3896800
18100,50,1500,"sd","13:58:14",3898300
18100,50,1600,"bu","13:58:43",3899900
18100,50,100,"sd","13:59:00",3900000
18100,50,1400,"bu","13:59:08",3901400
18050,0,1500,"sd","13:59:35",3902900
18100,50,1400,"bu","14:00:02",3904300
18100,50,100,"bu","14:00:06",3904400
18100,50,1500,"sd","14:00:29",3905900
18050,0,4500,"sd","14:01:22",3910400
18100,50,1400,"bu","14:01:23",3911800
18050,0,100,"bu","14:01:30",3911900
18100,50,1500,"bu","14:01:49",3913400
18100,50,100,"bu","14:02:06",3913500
18100,50,1500,"sd","14:02:18",3915000
18100,50,100,"bu","14:02:30",3915100
18100,50,1400,"sd","14:02:44",3916500
18100,50,1000,"bu","14:02:46",3917500
18100,50,100,"bu","14:03:08",3917600
18100,50,1500,"sd","14:03:11",3919100
18100,50,1400,"bu","14:03:39",3920500
18100,50,1500,"bu","14:04:05",3922000
18050,0,2000,"sd","14:04:24",3924000
18100,50,1400,"sd","14:04:33",3925400
18050,0,45300,"bu","14:04:48",3970700
18050,0,1100,"bu","14:05:20",3971800
18050,0,1500,"bu","14:05:32",3973300
18050,0,100,"sd","14:05:46",3973400
18050,0,1400,"bu","14:06:00",3974800
18000,-50,200,"bu","14:06:01",3975000
18000,-50,9100,"sd","14:06:04",3984100
18000,-50,9100,"bu","14:06:09",3993200
18050,0,1400,"sd","14:06:25",3994600
18050,0,20000,"sd","14:06:32",4014600
18050,0,30000,"bu","14:06:43",4044600
18050,0,1500,"sd","14:06:52",4046100
18000,-50,6900,"sd","14:06:54",4053000
18050,0,200,"bu","14:07:04",4053200
18050,0,1400,"sd","14:07:21",4054600
18000,-50,100,"bu","14:07:27",4054700
18050,0,1500,"bu","14:07:48",4056200
18050,0,300,"bu","14:08:07",4056500
18050,0,1400,"bu","14:08:15",4057900
18050,0,2400,"sd","14:08:49",4060300
18000,-50,500,"bu","14:09:04",4060800
18050,0,1400,"bu","14:09:07",4062200
18050,0,500,"bu","14:09:09",4062700
18000,-50,3800,"sd","14:09:10",4066500
18000,-50,500,"bu","14:09:27",4067000
18050,0,1400,"bu","14:09:35",4068400
18050,0,1300,"sd","14:10:01",4069700
18050,0,200,"sd","14:10:11",4069900
18000,-50,100,"sd","14:10:20",4070000
18050,0,1400,"sd","14:10:29",4071400
18000,-50,500,"sd","14:10:45",4071900
18050,0,1400,"sd","14:10:59",4073300
18050,0,200,"bu","14:11:00",4073500
18050,0,300,"sd","14:11:19",4073800
18050,0,1300,"sd","14:11:23",4075100
18050,0,300,"sd","14:11:26",4075400
18050,0,30000,"sd","14:11:35",4105400
18050,0,1400,"sd","14:11:50",4106800
18050,0,100,"sd","14:12:06",4106900
18050,0,1700,"bu","14:12:18",4108600
18000,-50,3000,"sd","14:12:19",4111600
18000,-50,22600,"bu","14:12:36",4134200
18050,0,14100,"sd","14:12:44",4148300
18050,0,1300,"sd","14:13:11",4149600
18050,0,100,"sd","14:13:27",4149700
18050,0,1400,"bu","14:13:38",4151100
18050,0,1300,"bu","14:14:05",4152400
18050,0,100,"sd","14:14:17",4152500
18000,-50,900,"sd","14:14:26",4153400
18050,0,1300,"sd","14:14:31",4154700
18000,-50,1300,"sd","14:14:37",4156000
18050,0,1300,"bu","14:15:01",4157300
18050,0,36000,"sd","14:15:08",4193300
18050,0,200,"sd","14:15:11",4193500
18050,0,1300,"sd","14:15:26",4194800
18000,-50,700,"bu","14:15:37",4195500
18050,0,1400,"sd","14:15:53",4196900
18000,-50,1000,"sd","14:15:57",4197900
18050,0,14000,"bu","14:16:03",4211900
18000,-50,2000,"bu","14:16:09",4213900
18050,0,600,"bu","14:16:18",4214500
18100,50,1300,"bu","14:16:21",4215800
18050,0,200,"sd","14:16:40",4216000
18100,50,1300,"sd","14:16:48",4217300
18050,0,300,"bu","14:16:55",4217600
18050,0,100,"sd","14:17:12",4217700
18100,50,1300,"bu","14:17:13",4219000
18100,50,2500,"bu","14:18:08",4221500
18050,0,300,"sd","14:18:10",4221800
18100,50,1200,"sd","14:18:35",4223000
18050,0,300,"bu","14:18:38",4223300
18050,0,100,"bu","14:18:40",4223400
18100,50,1300,"sd","14:19:03",4224700
18050,0,1000,"bu","14:19:18",4225700
18100,50,1700,"bu","14:19:30",4227400
18050,0,28000,"bu","14:19:47",4255400
18100,50,700,"sd","14:19:50",4256100
18050,0,200,"sd","14:19:53",4256300
18100,50,1200,"bu","14:19:57",4257500
18050,0,2000,"sd","14:20:10",4259500
18100,50,5000,"bu","14:20:22",4264500
18100,50,1200,"sd","14:20:24",4265700
18050,0,2000,"bu","14:20:31",4267700
18100,50,1200,"sd","14:20:51",4268900
18050,0,200,"sd","14:20:56",4269100
18050,0,1000,"sd","14:21:08",4270100
18050,0,300,"bu","14:21:11",4270400
18100,50,1200,"bu","14:21:17",4271600
18050,0,10000,"bu","14:21:35",4281600
18050,0,200,"bu","14:21:44",4281800
18100,50,1100,"bu","14:21:45",4282900
18100,50,100,"bu","14:22:03",4283000
18100,50,1100,"sd","14:22:12",4284100
18100,50,900,"sd","14:22:24",4285000
18100,50,1000,"bu","14:22:39",4286000
18050,0,14400,"sd","14:22:54",4300400
18100,50,1000,"sd","14:23:06",4301400
18050,0,500,"bu","14:23:08",4301900
18050,0,100,"bu","14:23:13",4302000
18000,-50,14400,"sd","14:23:27",4316400
18000,-50,14400,"sd","14:23:39",4330800
18000,-50,2200,"bu","14:23:44",4333000
18000,-50,12500,"bu","14:23:49",4345500
18000,-50,17300,"sd","14:23:59",4362800
18000,-50,14400,"bu","14:24:01",4377200
18100,50,1100,"sd","14:24:08",4378300
18050,0,1100,"sd","14:24:33",4379400
18050,0,1100,"bu","14:25:00",4380500
18050,0,200,"bu","14:25:06",4380700
18000,-50,11000,"sd","14:25:12",4391700
18000,-50,11000,"bu","14:25:20",4402700
18000,-50,11000,"sd","14:25:25",4413700
18050,0,1000,"bu","14:25:27",4414700
18050,0,900,"sd","14:25:55",4415600
18050,0,71400,"sd","14:25:58",4487000
18050,0,5000,"bu","14:26:05",4492000
18050,0,3000,"bu","14:26:09",4495000
18050,0,5000,"bu","14:26:14",4500000
18050,0,14400,"bu","14:26:20",4514400
18050,0,2200,"sd","14:26:23",4516600
18000,-50,14400,"bu","14:26:34",4531000
18000,-50,21000,"sd","14:26:38",4552000
18050,0,100,"sd","14:27:13",4552100
18000,-50,76600,"sd","14:27:33",4628700
18000,-50,70400,"bu","14:27:48",4699100
18000,-50,60000,"bu","14:27:53",4759100
18000,-50,600,"sd","14:28:00",4759700
18000,-50,11000,"bu","14:28:02",4770700
18000,-50,5000,"bu","14:28:05",4775700
18000,-50,18200,"bu","14:28:17",4793900
18000,-50,18200,"sd","14:28:19",4812100
18000,-50,21200,"bu","14:28:20",4833300
18000,-50,18200,"bu","14:28:22",4851500
18000,-50,2500,"bu","14:28:24",4854000
18000,-50,15000,"sd","14:28:34",4869000
18000,-50,300,"sd","14:28:39",4869300
18000,-50,700,"sd","14:28:41",4870000
18000,-50,200,"sd","14:28:43",4870200
18000,-50,500,"sd","14:28:52",4870700
18000,-50,3600,"sd","14:29:27",4874300
17950,-100,22800,"bu","14:29:28",4897100
18000,-50,2000,"sd","14:29:34",4899100
18000,-50,1600,"sd","14:29:46",4900700
18000,-50,3000,"sd","14:29:56",4903700
18000,-50,100,"bu","14:29:58",4903800
18000,-50,371600,"bu","14:45:11",5275400
