"price","change","match_qtty","side","time","total_vol"
103400,-200,3000,"sd","09:00:28",3000
102800,-800,6000,"sd","09:00:30",9000
103600,0,1000,"sd","09:02:15",10000
103600,0,1000,"bu","09:02:28",11000
103600,0,5000,"bu","09:02:45",16000
103600,0,5000,"sd","09:07:33",21000
104000,400,1000,"bu","09:08:25",22000
103600,0,5000,"bu","09:11:40",27000
103600,0,1000,"sd","09:12:22",28000
103600,0,1000,"bu","09:12:34",29000
103500,-100,1000,"sd","09:12:59",30000
103500,-100,1000,"sd","09:13:39",31000
103500,-100,1000,"sd","09:19:14",32000
103500,-100,1000,"bu","09:19:15",33000
103000,-600,1000,"sd","09:20:47",34000
103000,-600,4000,"bu","09:21:02",38000
103000,-600,1000,"sd","09:22:41",39000
103000,-600,2000,"bu","09:23:00",41000
103000,-600,1000,"bu","09:23:43",42000
103000,-600,1000,"bu","09:25:22",43000
103000,-600,2000,"bu","09:28:13",45000
103000,-600,1000,"sd","09:28:22",46000
103000,-600,3000,"bu","09:28:44",49000
102800,-800,1000,"sd","09:31:46",50000
103000,-600,1000,"sd","09:32:18",51000
103000,-600,1000,"sd","09:34:37",52000
103000,-600,1000,"sd","09:36:34",53000
103000,-600,1000,"sd","09:38:56",54000
103000,-600,1000,"sd","09:40:09",55000
103000,-600,1000,"bu","09:42:37",56000
103000,-600,1000,"sd","09:42:51",57000
103100,-500,5000,"bu","09:47:00",62000
103100,-500,1000,"bu","09:48:07",63000
103100,-500,2000,"sd","09:48:18",65000
103100,-500,1000,"sd","09:51:46",66000
103000,-600,6000,"bu","10:01:34",72000
103100,-500,1000,"sd","10:02:08",73000
103100,-500,1000,"sd","10:02:37",74000
103500,-100,8000,"sd","10:03:51",82000
103000,-600,10000,"bu","10:09:17",92000
103100,-500,3000,"bu","10:12:43",95000
103300,-300,2000,"bu","10:18:34",97000
103300,-300,2000,"sd","10:19:34",99000
103300,-300,1000,"sd","10:19:56",100000
103300,-300,1000,"sd","10:21:39",101000
103300,-300,1000,"bu","10:22:17",102000
103500,-100,10000,"bu","10:24:56",112000
103500,-100,5000,"bu","10:27:52",117000
103300,-300,1000,"sd","10:28:09",118000
103300,-300,1000,"sd","10:29:29",119000
103300,-300,2000,"sd","10:30:13",121000
103600,0,9000,"sd","10:31:47",130000
103600,0,2000,"bu","10:33:21",132000
103600,0,1000,"sd","10:34:57",133000
103600,0,10000,"bu","10:35:10",143000
103800,200,2000,"bu","10:36:04",145000
103800,200,2000,"sd","10:42:16",147000
103300,-300,2000,"bu","10:46:33",149000
103500,-100,5000,"sd","10:53:28",154000
103500,-100,1000,"bu","10:55:08",155000
103500,-100,1000,"sd","10:56:20",156000
103400,-200,5000,"bu","10:56:40",161000
103200,-400,36000,"bu","10:57:40",197000
103800,200,16000,"bu","10:57:51",213000
103800,200,1000,"sd","11:00:33",214000
103800,200,20000,"bu","11:07:58",234000
103800,200,10000,"sd","11:09:21",244000
103800,200,5000,"sd","11:12:43",249000
103600,0,4000,"sd","11:18:35",253000
103600,0,8000,"sd","11:19:08",261000
103300,-300,2000,"sd","11:19:41",263000
103300,-300,10000,"bu","11:23:05",273000
103300,-300,5000,"sd","11:27:47",278000
103300,-300,1000,"sd","11:29:50",279000
103300,-300,4000,"sd","13:00:04",283000
103600,0,18000,"sd","13:00:06",301000
103300,-300,1000,"bu","13:00:07",302000
103300,-300,3000,"sd","13:04:51",305000
103100,-500,7000,"bu","13:06:13",312000
103100,-500,2000,"bu","13:06:28",314000
103000,-600,48000,"bu","13:07:11",362000
103000,-600,1000,"sd","13:09:20",363000
103000,-600,2000,"bu","13:09:36",365000
103000,-600,1000,"bu","13:14:22",366000
103100,-500,1000,"sd","13:18:49",367000
103400,-200,3000,"sd","13:20:22",370000
103100,-500,10000,"sd","13:20:44",380000
103100,-500,1000,"sd","13:22:04",381000
103400,-200,1000,"sd","13:25:10",382000
103400,-200,1000,"bu","13:25:47",383000
103400,-200,2000,"sd","13:26:05",385000
103400,-200,7000,"sd","13:27:26",392000
103500,-100,12000,"sd","13:28:24",404000
103600,0,21000,"sd","13:29:51",425000
103500,-100,1000,"sd","13:29:52",426000
103400,-200,6000,"sd","13:36:31",432000
103400,-200,2000,"sd","13:40:06",434000
103400,-200,2000,"sd","13:40:56",436000
103300,-300,1000,"bu","13:41:06",437000
103400,-200,2000,"sd","13:41:50",439000
103400,-200,1000,"sd","13:42:31",440000
103400,-200,1000,"sd","13:42:32",441000
103400,-200,2000,"bu","13:42:41",443000
103400,-200,1000,"bu","13:44:13",444000
103300,-300,1000,"sd","13:44:45",445000
103400,-200,1000,"sd","13:44:57",446000
103400,-200,1000,"sd","13:49:50",447000
103400,-200,1000,"bu","13:51:50",448000
103200,-400,5000,"bu","13:52:24",453000
103400,-200,4000,"bu","13:54:20",457000
103300,-300,50000,"bu","13:54:36",507000
103400,-200,1000,"bu","14:01:31",508000
103400,-200,1000,"sd","14:01:52",509000
103500,-100,3000,"bu","14:03:21",512000
103500,-100,2000,"sd","14:03:45",514000
103500,-100,7000,"sd","14:03:58",521000
103500,-100,6000,"bu","14:04:47",527000
103500,-100,1000,"bu","14:05:31",528000
103500,-100,11000,"bu","14:07:12",539000
103500,-100,5000,"bu","14:07:55",544000
103500,-100,5000,"bu","14:07:59",549000
103500,-100,5000,"sd","14:08:04",554000
103500,-100,1000,"bu","14:09:10",555000
103600,0,8000,"sd","14:09:13",563000
103500,-100,2000,"bu","14:10:03",565000
103600,0,21000,"sd","14:11:27",586000
103600,0,1000,"bu","14:12:31",587000
103600,0,5000,"sd","14:13:22",592000
103600,0,2000,"sd","14:16:47",594000
103600,0,1000,"sd","14:16:53",595000
103600,0,8000,"sd","14:18:10",603000
103700,100,21000,"bu","14:23:32",624000
103700,100,5000,"bu","14:23:38",629000
103800,200,2000,"sd","14:23:58",631000
103800,200,7000,"sd","14:24:30",638000
103800,200,1000,"bu","14:24:32",639000
103800,200,2000,"sd","14:25:13",641000
103800,200,17000,"bu","14:26:53",658000
103700,100,1000,"sd","14:28:19",659000
103600,0,2000,"sd","14:28:38",661000
103600,0,1000,"sd","14:28:52",662000
103600,0,1000,"bu","14:28:53",663000
103600,0,1000,"sd","14:30:17",664000
103500,-100,2000,"bu","14:33:41",666000
103500,-100,2000,"bu","14:35:34",668000
103500,-100,1000,"bu","14:35:40",669000
103500,-100,1000,"bu","14:36:34",670000
103000,-600,20000,"bu","14:37:07",690000
103000,-600,4000,"bu","14:41:24",694000
103000,-600,1000,"sd","14:41:53",695000
103000,-600,1000,"bu","14:44:22",696000
103000,-600,10000,"bu","14:46:19",706000
103000,-600,3000,"sd","14:46:39",709000
103000,-600,4000,"sd","14:47:05",713000
102900,-700,1000,"sd","14:47:39",714000
102900,-700,1000,"bu","14:47:50",715000
102900,-700,1000,"bu","14:47:59",716000
102000,-1600,6000,"bu","14:48:55",722000
102100,-1500,1000,"bu","14:49:46",723000
102100,-1500,3000,"bu","14:51:39",726000
102100,-1500,1000,"bu","14:52:22",727000
102100,-1500,1000,"bu","14:52:58",728000
102100,-1500,3000,"sd","14:54:02",731000
102900,-700,1000,"bu","14:58:00",732000
102100,-1500,4000,"sd","14:58:33",736000
103600,0,100000,"bu","14:59:35",836000
