"price","change","match_qtty","side","time","total_vol"
4120,10,20400,"sd","09:15:06",20400
4150,40,20000,"bu","09:15:11",40400
4160,50,500,"bu","09:16:31",40900
4160,50,10000,"sd","09:16:53",50900
4150,40,5300,"sd","09:18:57",56200
4150,40,200,"bu","09:20:42",56400
4130,20,2400,"sd","09:20:52",58800
4120,10,11300,"sd","09:20:56",70100
4120,10,1000,"bu","09:22:10",71100
4120,10,400,"bu","09:24:00",71500
4120,10,10000,"sd","09:24:13",81500
4120,10,4000,"bu","09:24:25",85500
4120,10,100,"bu","09:24:47",85600
4120,10,200,"sd","09:24:53",85800
4120,10,1100,"sd","09:25:26",86900
4110,0,5000,"sd","09:25:42",91900
4120,10,2200,"bu","09:27:06",94100
4110,0,5000,"sd","09:27:14",99100
4110,0,1000,"bu","09:28:25",100100
4120,10,1500,"sd","09:29:10",101600
4120,10,200,"sd","09:29:16",101800
4120,10,100,"bu","09:30:00",101900
4120,10,5000,"bu","09:30:24",106900
4120,10,1000,"bu","09:31:51",107900
4120,10,7300,"bu","09:32:26",115200
4120,10,200,"bu","09:33:13",115400
4120,10,1000,"sd","09:33:37",116400
4120,10,1100,"sd","09:34:54",117500
4120,10,10900,"bu","09:35:29",128400
4120,10,5000,"bu","09:36:08",133400
4120,10,22000,"sd","09:38:15",155400
4130,20,3000,"bu","09:38:45",158400
4150,40,5000,"sd","09:38:49",163400
4150,40,8500,"sd","09:38:56",171900
4160,50,13000,"sd","09:39:35",184900
4160,50,700,"bu","09:39:49",185600
4150,40,25000,"sd","09:40:16",210600
4150,40,600,"sd","09:40:21",211200
4150,40,10000,"bu","09:40:53",221200
4150,40,5000,"sd","09:41:40",226200
4150,40,5000,"bu","09:41:47",231200
4150,40,4900,"bu","09:42:00",236100
4150,40,11000,"bu","09:42:48",247100
4150,40,26000,"bu","09:43:00",273100
4150,40,100,"bu","09:43:01",273200
4150,40,1700,"bu","09:43:30",274900
4150,40,6100,"sd","09:43:43",281000
4160,50,1000,"sd","09:43:44",282000
4160,50,1300,"sd","09:44:10",283300
4160,50,5600,"sd","09:44:20",288900
4170,60,200,"bu","09:44:24",289100
4170,60,500,"bu","09:44:47",289600
4170,60,3300,"sd","09:45:03",292900
4150,40,6000,"sd","09:45:19",298900
4170,60,1600,"sd","09:45:24",300500
4170,60,3300,"sd","09:45:30",303800
4170,60,2000,"bu","09:45:41",305800
4170,60,10700,"sd","09:45:57",317800
4170,60,1000,"bu","09:46:04",318800
4170,60,19000,"bu","09:46:14",337800
4180,70,30000,"bu","09:46:56",367800
4180,70,5000,"bu","09:47:11",372800
4170,60,100,"bu","09:47:37",372900
4180,70,1000,"bu","09:47:49",373900
4170,60,700,"bu","09:48:01",374600
4170,60,2900,"sd","09:48:11",377500
4170,60,1000,"sd","09:48:15",378500
4170,60,200,"bu","09:48:22",378700
4170,60,3000,"sd","09:48:56",381700
4170,60,5000,"sd","09:50:10",386700
4170,60,600,"bu","09:50:23",387300
4170,60,1000,"bu","09:50:37",388300
4160,50,8400,"bu","09:51:15",396700
4170,60,1000,"bu","09:51:38",397700
4170,60,100,"sd","09:52:03",397800
4170,60,300,"bu","09:53:52",398100
4170,60,4700,"sd","09:54:46",402800
4180,70,100,"sd","09:54:56",402900
4180,70,20000,"bu","09:55:10",422900
4180,70,3000,"sd","09:55:30",425900
4180,70,600,"bu","09:55:38",426500
4180,70,1000,"bu","09:55:57",427500
4170,60,5500,"sd","09:56:15",433000
4190,80,10500,"bu","09:57:22",443500
4190,80,900,"sd","09:57:39",444400
4190,80,700,"sd","09:58:02",445100
4190,80,1000,"bu","09:58:03",446100
4190,80,500,"sd","09:59:51",446600
4190,80,200,"bu","10:00:14",446800
4190,80,1000,"bu","10:01:11",447800
4190,80,13000,"sd","10:01:13",460800
4190,80,5500,"sd","10:01:43",466300
4190,80,1300,"sd","10:03:01",467600
4190,80,1900,"bu","10:03:04",469500
4190,80,2000,"bu","10:03:06",471500
4190,80,800,"sd","10:03:17",472300
4190,80,900,"sd","10:04:09",473200
4180,70,3600,"bu","10:05:00",476800
4170,60,200,"sd","10:06:25",477000
4170,60,10000,"bu","10:06:37",487000
4170,60,1800,"bu","10:07:01",488800
4170,60,800,"bu","10:07:21",489600
4160,50,3000,"sd","10:07:41",492600
4160,50,100,"bu","10:07:44",492700
4160,50,500,"bu","10:08:46",493200
4150,40,13500,"sd","10:09:50",506700
4150,40,1000,"bu","10:11:23",507700
4150,40,3600,"sd","10:13:39",511300
4160,50,1000,"sd","10:13:48",512300
4160,50,1200,"bu","10:13:52",513500
4160,50,500,"bu","10:14:10",514000
4160,50,300,"sd","10:15:10",514300
4160,50,1000,"sd","10:15:12",515300
4160,50,8600,"sd","10:18:40",523900
4160,50,100,"sd","10:18:58",524000
4160,50,200,"sd","10:21:08",524200
4160,50,2000,"sd","10:21:28",526200
4170,60,200,"sd","10:21:37",526400
4170,60,3000,"bu","10:22:02",529400
4170,60,600,"sd","10:22:28",530000
4160,50,100,"bu","10:22:45",530100
4160,50,4200,"bu","10:28:04",534300
4150,40,4600,"sd","10:29:03",538900
4150,40,400,"sd","10:29:06",539300
4150,40,1000,"bu","10:30:26",540300
4160,50,5000,"sd","10:31:51",545300
4150,40,200,"bu","10:33:12",545500
4150,40,2000,"bu","10:33:55",547500
4160,50,100,"sd","10:35:18",547600
4150,40,4300,"bu","10:35:22",551900
4160,50,4600,"sd","10:37:16",556500
4160,50,3200,"sd","10:37:18",559700
4150,40,1000,"bu","10:39:49",560700
4150,40,33400,"bu","10:40:07",594100
4150,40,4000,"sd","10:40:18",598100
4150,40,100,"sd","10:41:13",598200
4140,30,10000,"sd","10:43:03",608200
4140,30,1400,"sd","10:43:45",609600
4130,20,4700,"sd","10:44:17",614300
4150,40,6400,"sd","10:45:13",620700
4150,40,400,"sd","10:45:52",621100
4150,40,1500,"bu","10:46:43",622600
4150,40,2500,"sd","10:48:26",625100
4150,40,300,"sd","10:50:04",625400
4140,30,4100,"bu","10:51:06",629500
4150,40,500,"sd","10:51:08",630000
4140,30,500,"sd","10:52:06",630500
4150,40,1000,"bu","10:52:11",631500
4140,30,500,"sd","10:52:17",632000
4130,20,1000,"bu","10:52:32",633000
4130,20,1200,"sd","10:52:45",634200
4150,40,23000,"sd","10:53:01",657200
4130,20,10500,"bu","10:54:25",667700
4130,20,500,"sd","10:55:46",668200
4150,40,2800,"sd","10:57:01",671000
4130,20,4500,"bu","10:57:12",675500
4130,20,10000,"sd","10:57:38",685500
4130,20,4000,"sd","10:59:09",689500
4130,20,3000,"bu","11:00:38",692500
4140,30,3600,"sd","11:02:45",696100
4140,30,300,"sd","11:02:47",696400
4140,30,100,"sd","11:02:51",696500
4140,30,300,"sd","11:03:50",696800
4140,30,200,"sd","11:04:07",697000
4130,20,3000,"bu","11:04:15",700000
4130,20,14100,"bu","11:04:45",714100
4120,10,100,"sd","11:05:10",714200
4120,10,25900,"sd","11:06:08",740100
4120,10,2000,"bu","11:06:28",742100
4120,10,10000,"bu","11:08:24",752100
4120,10,8000,"sd","11:09:07",760100
4120,10,9700,"bu","11:10:11",769800
4120,10,3400,"sd","11:10:19",773200
4120,10,2500,"bu","11:11:23",775700
4120,10,6500,"sd","11:11:24",782200
4110,0,6200,"sd","11:11:35",788400
4120,10,100,"sd","11:12:24",788500
4120,10,500,"bu","11:12:25",789000
4120,10,500,"bu","11:12:59",789500
4130,20,1100,"sd","11:17:58",790600
4130,20,1300,"sd","11:23:24",791900
4130,20,5000,"bu","11:23:39",796900
4130,20,500,"bu","11:27:16",797400
4130,20,700,"sd","11:27:54",798100
4150,40,200,"bu","13:00:20",798300
4140,30,300,"sd","13:00:30",798600
4140,30,500,"sd","13:00:39",799100
4140,30,1200,"sd","13:00:41",800300
4140,30,300,"bu","13:00:45",800600
4150,40,400,"bu","13:00:49",801000
4140,30,10000,"bu","13:02:48",811000
4140,30,1400,"sd","13:03:02",812400
4140,30,100,"bu","13:03:25",812500
4140,30,200,"sd","13:04:25",812700
4150,40,20000,"bu","13:07:15",832700
4140,30,100,"bu","13:07:23",832800
4160,50,40000,"bu","13:07:50",872800
4160,50,21000,"sd","13:09:06",893800
4160,50,900,"sd","13:09:23",894700
4150,40,200,"bu","13:10:26",894900
4160,50,100,"bu","13:10:48",895000
4150,40,1200,"sd","13:12:17",896200
4150,40,100,"sd","13:12:42",896300
4150,40,1000,"sd","13:17:24",897300
4140,30,4000,"sd","13:17:42",901300
4140,30,5000,"sd","13:18:02",906300
4140,30,300,"sd","13:18:51",906600
4140,30,200,"bu","13:19:05",906800
4140,30,2300,"bu","13:21:16",909100
4140,30,500,"bu","13:21:19",909600
4140,30,3000,"sd","13:21:36",912600
4140,30,700,"bu","13:21:56",913300
4140,30,300,"sd","13:22:09",913600
4140,30,200,"bu","13:22:14",913800
4140,30,500,"bu","13:23:11",914300
4150,40,9700,"bu","13:23:43",924000
4150,40,800,"bu","13:24:24",924800
4150,40,3000,"bu","13:24:25",927800
4150,40,500,"bu","13:25:10",928300
4150,40,700,"sd","13:25:27",929000
4150,40,10000,"bu","13:26:17",939000
4150,40,900,"sd","13:26:24",939900
4150,40,1800,"bu","13:26:27",941700
4150,40,2300,"bu","13:27:52",944000
4150,40,600,"bu","13:28:17",944600
4150,40,1000,"bu","13:28:20",945600
4150,40,7000,"bu","13:30:03",952600
4150,40,5400,"sd","13:30:57",958000
4150,40,200,"sd","13:32:18",958200
4150,40,1000,"sd","13:32:23",959200
4150,40,500,"sd","13:32:44",959700
4150,40,12800,"sd","13:33:03",972500
4150,40,2400,"bu","13:33:22",974900
4150,40,400,"bu","13:33:51",975300
4150,40,5500,"sd","13:34:33",980800
4150,40,100,"sd","13:34:45",980900
4150,40,2500,"bu","13:35:18",983400
4130,20,30000,"bu","13:36:52",1013400
4130,20,3900,"bu","13:37:16",1017300
4130,20,3600,"bu","13:37:31",1020900
4130,20,13100,"sd","13:37:32",1034000
4140,30,500,"sd","13:38:51",1034500
4130,20,19800,"sd","13:38:54",1054300
4130,20,600,"bu","13:39:19",1054900
4140,30,100,"bu","13:39:25",1055000
4130,20,1000,"bu","13:39:28",1056000
4140,30,500,"sd","13:40:29",1056500
4140,30,3000,"sd","13:40:44",1059500
4140,30,1500,"sd","13:40:52",1061000
4140,30,500,"sd","13:41:00",1061500
4140,30,100,"bu","13:41:06",1061600
4140,30,7900,"sd","13:41:07",1069500
4140,30,2100,"bu","13:41:20",1071600
4140,30,4000,"sd","13:41:42",1075600
4140,30,300,"sd","13:41:45",1075900
4140,30,1200,"bu","13:41:48",1077100
4140,30,400,"bu","13:41:51",1077500
4140,30,500,"bu","13:42:50",1078000
4140,30,300,"sd","13:42:53",1078300
4150,40,10000,"sd","13:43:37",1088300
4150,40,11300,"sd","13:44:00",1099600
4160,50,5000,"sd","13:44:46",1104600
4160,50,3700,"sd","13:45:17",1108300
4160,50,900,"bu","13:45:46",1109200
4160,50,100,"sd","13:46:34",1109300
4160,50,500,"bu","13:46:36",1109800
4160,50,1000,"bu","13:46:41",1110800
4160,50,5000,"sd","13:46:50",1115800
4160,50,10000,"bu","13:46:52",1125800
4160,50,3000,"sd","13:46:53",1128800
4160,50,1000,"sd","13:46:55",1129800
4160,50,13100,"sd","13:47:00",1142900
4160,50,1900,"sd","13:47:02",1144800
4160,50,4300,"sd","13:47:44",1149100
4170,60,1000,"sd","13:47:50",1150100
4160,50,2900,"sd","13:48:28",1153000
4160,50,5000,"sd","13:48:45",1158000
4160,50,2800,"bu","13:49:01",1160800
4160,50,1100,"sd","13:49:14",1161900
4150,40,15000,"bu","13:49:35",1176900
4150,40,10000,"bu","13:49:51",1186900
4150,40,1000,"sd","13:52:26",1187900
4150,40,10000,"bu","13:52:35",1197900
4150,40,3000,"sd","13:54:09",1200900
4140,30,25700,"sd","13:56:39",1226600
4140,30,300,"bu","13:56:45",1226900
4140,30,5000,"sd","13:57:05",1231900
4150,40,2300,"bu","13:57:06",1234200
4150,40,200,"sd","13:57:09",1234400
4140,30,7000,"sd","13:58:09",1241400
4150,40,200,"bu","13:58:23",1241600
4150,40,1300,"bu","13:59:20",1242900
4160,50,10000,"bu","13:59:45",1252900
4160,50,500,"bu","14:01:03",1253400
4150,40,6100,"bu","14:02:46",1259500
4150,40,5000,"sd","14:02:47",1264500
4160,50,100,"sd","14:05:38",1264600
4150,40,800,"bu","14:05:44",1265400
4150,40,1100,"bu","14:08:52",1266500
4150,40,10100,"sd","14:10:19",1276600
4150,40,3200,"bu","14:11:50",1279800
4150,40,100,"bu","14:12:00",1279900
4160,50,4300,"bu","14:12:29",1284200
4160,50,700,"bu","14:12:50",1284900
4150,40,5800,"bu","14:15:57",1290700
4140,30,5200,"bu","14:16:40",1295900
4160,50,10000,"sd","14:19:05",1305900
4160,50,2000,"bu","14:19:32",1307900
4160,50,300,"sd","14:19:37",1308200
4160,50,500,"bu","14:23:06",1308700
4170,60,10000,"bu","14:23:13",1318700
4170,60,1000,"sd","14:23:40",1319700
4170,60,20000,"bu","14:23:42",1339700
4170,60,13000,"sd","14:24:20",1352700
4160,50,800,"bu","14:24:26",1353500
4170,60,2100,"sd","14:24:41",1355600
4180,70,21300,"sd","14:25:10",1376900
4180,70,200,"bu","14:25:16",1377100
4170,60,500,"bu","14:25:46",1377600
4180,70,1000,"sd","14:26:20",1378600
4170,60,100,"sd","14:26:43",1378700
4170,60,500,"sd","14:26:56",1379200
4170,60,10000,"bu","14:27:20",1389200
4160,50,18100,"sd","14:27:24",1407300
4150,40,1500,"bu","14:27:48",1408800
4150,40,3000,"sd","14:27:56",1411800
4150,40,1000,"bu","14:28:00",1412800
4150,40,5000,"sd","14:28:02",1417800
4140,30,9400,"sd","14:28:03",1427200
4130,20,20000,"bu","14:28:22",1447200
4130,20,18000,"sd","14:28:29",1465200
4140,30,2400,"sd","14:29:10",1467600
4140,30,800,"sd","14:29:28",1468400
4160,50,4400,"bu","14:29:30",1472800
4140,30,10000,"sd","14:30:02",1482800
4180,70,65400,"bu","14:45:13",1548200
