"price","change","match_qtty","side","time","total_vol"
23700,0,31300,"sd","09:15:06",31300
23750,50,2000,"sd","09:15:13",33300
23750,50,200,"bu","09:15:13",33500
23750,50,600,"sd","09:15:20",34100
23750,50,100,"sd","09:15:40",34200
23800,100,700,"bu","09:15:46",34900
23800,100,5000,"bu","09:15:46",39900
23800,100,1000,"bu","09:16:08",40900
23800,100,300,"sd","09:16:26",41200
23850,150,3000,"sd","09:17:15",44200
23800,100,5000,"bu","09:17:18",49200
23800,100,100,"sd","09:17:20",49300
23800,100,300,"bu","09:17:35",49600
23800,100,500,"bu","09:17:43",50100
23800,100,500,"bu","09:17:46",50600
23800,100,4000,"bu","09:17:57",54600
23850,150,700,"sd","09:18:09",55300
23800,100,1200,"bu","09:18:10",56500
23800,100,500,"sd","09:18:32",57000
23850,150,500,"bu","09:18:51",57500
23850,150,7600,"bu","09:19:30",65100
23850,150,200,"sd","09:19:31",65300
23850,150,2200,"sd","09:19:42",67500
23800,100,900,"sd","09:19:56",68400
23800,100,100,"sd","09:19:56",68500
23800,100,4000,"sd","09:20:01",72500
23800,100,100,"sd","09:20:04",72600
23800,100,2900,"sd","09:20:10",75500
23800,100,3900,"sd","09:20:11",79400
23800,100,700,"sd","09:20:12",80100
23800,100,4600,"bu","09:20:22",84700
23800,100,300,"sd","09:20:41",85000
23800,100,2000,"bu","09:20:44",87000
23800,100,300,"bu","09:20:45",87300
23800,100,500,"sd","09:20:53",87800
23800,100,100,"sd","09:21:11",87900
23800,100,2200,"bu","09:22:03",90100
23800,100,100,"sd","09:22:09",90200
23800,100,600,"sd","09:22:18",90800
23800,100,2000,"bu","09:22:22",92800
23800,100,2100,"sd","09:22:32",94900
23800,100,600,"bu","09:22:38",95500
23800,100,500,"sd","09:22:43",96000
23800,100,300,"bu","09:22:50",96300
23800,100,5900,"bu","09:22:55",102200
23800,100,1000,"bu","09:22:55",103200
23800,100,300,"bu","09:22:59",103500
23800,100,1000,"sd","09:23:21",104500
23800,100,200,"sd","09:23:26",104700
23800,100,2000,"sd","09:23:55",106700
23750,50,200,"sd","09:24:00",106900
23800,100,900,"bu","09:24:17",107800
23800,100,1000,"bu","09:24:40",108800
23800,100,100,"sd","09:24:42",108900
23750,50,2100,"sd","09:26:05",111000
23750,50,12500,"sd","09:26:09",123500
23750,50,6000,"sd","09:26:11",129500
23750,50,2000,"sd","09:26:25",131500
23750,50,10000,"sd","09:26:28",141500
23750,50,100,"sd","09:26:28",141600
23750,50,21800,"sd","09:26:34",163400
23750,50,5800,"bu","09:26:36",169200
23700,0,100,"bu","09:27:04",169300
23700,0,54300,"sd","09:27:05",223600
23700,0,6500,"sd","09:27:12",230100
23650,-50,2000,"sd","09:27:30",232100
23650,-50,100,"sd","09:27:32",232200
23650,-50,1500,"sd","09:27:43",233700
23650,-50,500,"bu","09:27:45",234200
23650,-50,1000,"bu","09:27:46",235200
23650,-50,16000,"bu","09:27:51",251200
23650,-50,200,"bu","09:28:03",251400
23650,-50,5000,"sd","09:28:09",256400
23650,-50,900,"bu","09:28:18",257300
23650,-50,600,"bu","09:28:19",257900
23650,-50,1000,"sd","09:28:23",258900
23650,-50,1000,"bu","09:28:25",259900
23650,-50,500,"sd","09:28:28",260400
23600,-100,15900,"bu","09:28:47",276300
23600,-100,10500,"bu","09:28:47",286800
23600,-100,100,"bu","09:28:56",286900
23600,-100,200,"bu","09:29:11",287100
23700,0,7000,"sd","09:29:25",294100
23600,-100,300,"bu","09:29:57",294400
23650,-50,400,"sd","09:30:33",294800
23600,-100,7700,"bu","09:31:14",302500
23700,0,1000,"sd","09:31:15",303500
23600,-100,200,"sd","09:31:16",303700
23600,-100,10000,"bu","09:31:26",313700
23600,-100,4300,"sd","09:31:27",318000
23600,-100,15000,"bu","09:31:34",333000
23600,-100,2300,"sd","09:31:47",335300
23600,-100,500,"bu","09:31:51",335800
23600,-100,100,"bu","09:31:58",335900
23600,-100,1300,"sd","09:32:05",337200
23600,-100,300,"bu","09:32:09",337500
23600,-100,2000,"bu","09:32:32",339500
23650,-50,500,"bu","09:32:41",340000
23650,-50,200,"bu","09:33:02",340200
23650,-50,500,"sd","09:33:03",340700
23650,-50,200,"sd","09:33:11",340900
23650,-50,1700,"bu","09:33:16",342600
23650,-50,2400,"sd","09:33:30",345000
23650,-50,3500,"sd","09:33:39",348500
23650,-50,400,"sd","09:33:40",348900
23650,-50,500,"bu","09:33:56",349400
23650,-50,2300,"bu","09:33:58",351700
23650,-50,1000,"sd","09:34:00",352700
23700,0,5000,"sd","09:34:09",357700
23650,-50,500,"bu","09:34:11",358200
23650,-50,8500,"bu","09:35:42",366700
23700,0,24100,"bu","09:35:45",390800
23750,50,500,"bu","09:36:22",391300
23750,50,1400,"sd","09:36:25",392700
23750,50,1400,"bu","09:36:31",394100
23750,50,3500,"bu","09:37:07",397600
23750,50,4200,"sd","09:37:48",401800
23750,50,300,"sd","09:37:49",402100
23750,50,5000,"sd","09:37:54",407100
23750,50,100,"sd","09:38:06",407200
23700,0,2800,"sd","09:39:01",410000
23750,50,1000,"sd","09:39:08",411000
23750,50,100,"bu","09:39:11",411100
23750,50,1000,"bu","09:39:21",412100
23750,50,100,"bu","09:39:22",412200
23750,50,900,"sd","09:39:32",413100
23750,50,700,"bu","09:39:33",413800
23700,0,1300,"bu","09:39:37",415100
23700,0,800,"sd","09:40:00",415900
23700,0,900,"bu","09:40:00",416800
23700,0,600,"sd","09:40:01",417400
23700,0,1000,"bu","09:40:12",418400
23700,0,10500,"sd","09:40:33",428900
23700,0,1000,"bu","09:40:36",429900
23700,0,100,"sd","09:40:38",430000
23700,0,200,"sd","09:40:45",430200
23700,0,500,"sd","09:40:54",430700
23700,0,100,"sd","09:41:06",430800
23700,0,300,"bu","09:41:23",431100
23700,0,300,"sd","09:41:41",431400
23700,0,500,"bu","09:42:00",431900
23700,0,300,"sd","09:42:14",432200
23700,0,3000,"bu","09:42:25",435200
23700,0,100,"sd","09:42:33",435300
23700,0,5000,"sd","09:42:35",440300
23700,0,100,"sd","09:42:40",440400
23700,0,400,"sd","09:42:48",440800
23700,0,700,"bu","09:43:00",441500
23700,0,3000,"bu","09:43:15",444500
23700,0,5000,"sd","09:44:04",449500
23750,50,1000,"bu","09:44:25",450500
23750,50,100,"bu","09:44:53",450600
23700,0,200,"sd","09:45:13",450800
23700,0,500,"sd","09:45:31",451300
23750,50,1000,"sd","09:45:44",452300
23750,50,2500,"sd","09:45:48",454800
23750,50,500,"sd","09:46:16",455300
23750,50,5000,"sd","09:46:49",460300
23750,50,26400,"bu","09:47:03",486700
23750,50,100,"sd","09:47:06",486800
23750,50,500,"sd","09:47:17",487300
23800,100,4700,"bu","09:47:20",492000
23800,100,1000,"sd","09:47:24",493000
23800,100,300,"bu","09:47:29",493300
23800,100,10300,"bu","09:48:04",503600
23800,100,1000,"sd","09:48:09",504600
23800,100,1100,"sd","09:48:34",505700
23800,100,5000,"sd","09:48:45",510700
23750,50,200,"bu","09:48:48",510900
23800,100,500,"bu","09:48:49",511400
23800,100,200,"bu","09:48:58",511600
23800,100,300,"bu","09:49:14",511900
23800,100,1000,"bu","09:49:15",512900
23800,100,1400,"bu","09:49:25",514300
23800,100,2000,"bu","09:49:26",516300
23800,100,6000,"bu","09:49:44",522300
23800,100,300,"bu","09:49:57",522600
23750,50,1900,"sd","09:51:19",524500
23750,50,400,"bu","09:51:31",524900
23800,100,3000,"bu","09:51:51",527900
23800,100,700,"bu","09:52:05",528600
23800,100,1300,"sd","09:52:06",529900
23800,100,15500,"sd","09:53:12",545400
23800,100,100,"sd","09:53:18",545500
23800,100,600,"sd","09:54:04",546100
23800,100,200,"sd","09:54:13",546300
23800,100,500,"bu","09:54:28",546800
23800,100,600,"bu","09:55:25",547400
23750,50,500,"bu","09:55:31",547900
23800,100,600,"sd","09:55:32",548500
23800,100,1000,"bu","09:56:02",549500
23750,50,15400,"sd","09:56:23",564900
23750,50,200,"sd","09:56:43",565100
23750,50,8000,"sd","09:56:50",573100
23750,50,3000,"bu","09:56:52",576100
23750,50,500,"bu","09:57:43",576600
23750,50,300,"bu","09:58:16",576900
23750,50,1000,"sd","09:58:20",577900
23750,50,10000,"bu","09:58:40",587900
23800,100,3000,"bu","09:58:58",590900
23750,50,100,"sd","09:59:04",591000
23800,100,900,"sd","10:00:58",591900
23800,100,1000,"bu","10:02:09",592900
23800,100,1000,"sd","10:02:17",593900
23750,50,20000,"sd","10:02:50",613900
23750,50,5300,"bu","10:03:06",619200
23750,50,3000,"sd","10:03:34",622200
23750,50,200,"sd","10:05:11",622400
23750,50,1500,"sd","10:05:12",623900
23750,50,100,"bu","10:06:16",624000
23750,50,300,"sd","10:06:23",624300
23750,50,2000,"sd","10:06:38",626300
23700,0,1000,"bu","10:06:44",627300
23700,0,10000,"bu","10:06:47",637300
23700,0,300,"bu","10:07:03",637600
23700,0,10000,"sd","10:07:21",647600
23700,0,6000,"sd","10:07:30",653600
23700,0,8000,"sd","10:07:35",661600
23700,0,1800,"bu","10:07:44",663400
23700,0,500,"sd","10:07:50",663900
23700,0,10000,"bu","10:08:01",673900
23700,0,2100,"bu","10:08:08",676000
23700,0,1500,"bu","10:08:09",677500
23700,0,100,"sd","10:08:12",677600
23700,0,200,"bu","10:08:16",677800
23700,0,7000,"bu","10:08:19",684800
23700,0,2100,"sd","10:08:29",686900
23700,0,500,"sd","10:08:38",687400
23650,-50,40000,"bu","10:08:48",727400
23650,-50,100,"bu","10:09:09",727500
23650,-50,800,"sd","10:09:11",728300
23650,-50,500,"bu","10:09:19",728800
23650,-50,2000,"sd","10:09:21",730800
23650,-50,3000,"sd","10:09:42",733800
23650,-50,3000,"sd","10:09:56",736800
23650,-50,1000,"sd","10:10:08",737800
23650,-50,100,"bu","10:10:12",737900
23650,-50,700,"bu","10:10:15",738600
23650,-50,9300,"sd","10:10:16",747900
23650,-50,10400,"bu","10:10:28",758300
23650,-50,2000,"sd","10:10:55",760300
23650,-50,9800,"bu","10:10:59",770100
23650,-50,100,"bu","10:11:27",770200
23650,-50,400,"bu","10:12:21",770600
23650,-50,1100,"bu","10:12:23",771700
23650,-50,200,"bu","10:12:41",771900
23600,-100,300,"sd","10:12:42",772200
23650,-50,1300,"sd","10:13:23",773500
23650,-50,300,"bu","10:13:25",773800
23600,-100,2000,"sd","10:13:33",775800
23600,-100,500,"bu","10:13:44",776300
23600,-100,400,"sd","10:13:46",776700
23600,-100,200,"sd","10:13:50",776900
23600,-100,500,"sd","10:14:10",777400
23600,-100,1600,"sd","10:15:10",779000
23650,-50,1700,"sd","10:15:10",780700
23650,-50,300,"bu","10:15:11",781000
23650,-50,200,"sd","10:15:29",781200
23600,-100,100,"sd","10:15:43",781300
23650,-50,600,"bu","10:15:59",781900
23650,-50,100,"sd","10:16:10",782000
23650,-50,600,"bu","10:17:16",782600
23650,-50,500,"sd","10:17:25",783100
23650,-50,1900,"sd","10:17:41",785000
23650,-50,1300,"bu","10:17:47",786300
23650,-50,600,"bu","10:18:21",786900
23650,-50,500,"bu","10:18:28",787400
23650,-50,2000,"bu","10:18:40",789400
23650,-50,20000,"bu","10:18:43",809400
23650,-50,1000,"sd","10:18:59",810400
23650,-50,4000,"sd","10:19:05",814400
23650,-50,100,"sd","10:19:07",814500
23650,-50,1600,"sd","10:19:21",816100
23650,-50,1300,"bu","10:19:46",817400
23600,-100,2000,"bu","10:19:49",819400
23650,-50,3000,"sd","10:19:51",822400
23650,-50,500,"sd","10:20:09",822900
23650,-50,1000,"sd","10:20:25",823900
23650,-50,300,"sd","10:20:34",824200
23650,-50,100,"bu","10:20:36",824300
23600,-100,2000,"sd","10:20:49",826300
23600,-100,20000,"sd","10:22:02",846300
23600,-100,5000,"bu","10:23:00",851300
23600,-100,20000,"bu","10:23:03",871300
23600,-100,10000,"bu","10:23:06",881300
23600,-100,1500,"sd","10:23:18",882800
23600,-100,6600,"bu","10:23:21",889400
23600,-100,15000,"sd","10:23:46",904400
23600,-100,3900,"bu","10:24:25",908300
23600,-100,2000,"sd","10:24:28",910300
23600,-100,700,"sd","10:24:32",911000
23600,-100,500,"sd","10:25:05",911500
23600,-100,2000,"sd","10:25:39",913500
23600,-100,5500,"sd","10:26:35",919000
23600,-100,500,"bu","10:26:36",919500
23650,-50,600,"sd","10:26:41",920100
23650,-50,200,"sd","10:26:55",920300
23650,-50,3000,"sd","10:26:59",923300
23650,-50,2000,"sd","10:27:05",925300
23650,-50,5000,"sd","10:27:13",930300
23650,-50,3000,"bu","10:27:44",933300
23650,-50,100,"bu","10:27:48",933400
23650,-50,500,"bu","10:27:50",933900
23650,-50,200,"sd","10:27:51",934100
23650,-50,5000,"sd","10:28:13",939100
23650,-50,200,"bu","10:28:14",939300
23650,-50,800,"bu","10:28:18",940100
23650,-50,4800,"sd","10:28:21",944900
23650,-50,5200,"bu","10:28:22",950100
23650,-50,500,"bu","10:28:28",950600
23650,-50,100,"sd","10:28:31",950700
23650,-50,1500,"bu","10:30:29",952200
23650,-50,5000,"bu","10:30:44",957200
23650,-50,400,"bu","10:30:45",957600
23600,-100,4000,"sd","10:30:55",961600
23600,-100,100,"bu","10:31:15",961700
23600,-100,2000,"bu","10:31:21",963700
23600,-100,300,"sd","10:32:59",964000
23600,-100,1900,"sd","10:34:23",965900
23600,-100,800,"bu","10:34:38",966700
23600,-100,5000,"sd","10:34:52",971700
23600,-100,100,"sd","10:35:14",971800
23600,-100,500,"sd","10:35:15",972300
23600,-100,5000,"bu","10:35:16",977300
23600,-100,1600,"sd","10:35:19",978900
23600,-100,1000,"bu","10:35:21",979900
23600,-100,2000,"sd","10:35:23",981900
23600,-100,400,"sd","10:36:25",982300
23600,-100,1000,"bu","10:37:02",983300
23600,-100,100,"bu","10:37:07",983400
23600,-100,300,"sd","10:37:21",983700
23600,-100,1000,"bu","10:37:25",984700
23600,-100,1400,"sd","10:37:35",986100
23600,-100,1000,"bu","10:37:39",987100
23600,-100,40000,"bu","10:38:18",1027100
23650,-50,1000,"bu","10:38:42",1028100
23650,-50,100,"bu","10:38:55",1028200
23650,-50,400,"bu","10:39:39",1028600
23650,-50,1000,"bu","10:39:43",1029600
23650,-50,600,"bu","10:39:48",1030200
23650,-50,1000,"bu","10:40:45",1031200
23650,-50,200,"bu","10:40:47",1031400
23650,-50,1400,"bu","10:42:39",1032800
23650,-50,300,"bu","10:42:41",1033100
23600,-100,600,"bu","10:42:43",1033700
23650,-50,100,"sd","10:43:13",1033800
23650,-50,300,"sd","10:43:38",1034100
23650,-50,100,"sd","10:43:54",1034200
23650,-50,1000,"bu","10:43:59",1035200
23650,-50,100,"sd","10:44:19",1035300
23600,-100,2000,"bu","10:44:24",1037300
23650,-50,5000,"sd","10:44:34",1042300
23650,-50,5000,"bu","10:44:37",1047300
23650,-50,3000,"sd","10:44:43",1050300
23650,-50,500,"sd","10:44:52",1050800
23650,-50,400,"bu","10:45:06",1051200
23650,-50,1000,"bu","10:45:08",1052200
23650,-50,100,"bu","10:45:14",1052300
23650,-50,3900,"bu","10:45:38",1056200
23650,-50,200,"sd","10:45:50",1056400
23650,-50,100,"bu","10:45:52",1056500
23650,-50,1000,"sd","10:46:36",1057500
23650,-50,2000,"bu","10:47:09",1059500
23650,-50,100,"bu","10:47:37",1059600
23650,-50,1000,"bu","10:47:40",1060600
23650,-50,100,"sd","10:48:26",1060700
23650,-50,2000,"sd","10:48:29",1062700
23650,-50,3000,"sd","10:48:38",1065700
23600,-100,500,"bu","10:49:10",1066200
23600,-100,2500,"sd","10:49:48",1068700
23600,-100,1000,"sd","10:49:49",1069700
23600,-100,100,"sd","10:49:51",1069800
23600,-100,1100,"bu","10:50:00",1070900
23600,-100,2000,"bu","10:50:01",1072900
23600,-100,100,"bu","10:50:10",1073000
23600,-100,3400,"bu","10:50:14",1076400
23600,-100,7600,"sd","10:50:15",1084000
23600,-100,2000,"bu","10:50:16",1086000
23600,-100,2000,"sd","10:50:17",1088000
23600,-100,1000,"bu","10:50:56",1089000
23600,-100,300,"bu","10:52:09",1089300
23600,-100,1000,"sd","10:52:25",1090300
23550,-150,18700,"sd","10:52:29",1109000
23600,-100,500,"sd","10:52:53",1109500
23600,-100,6000,"sd","10:53:21",1115500
23550,-150,4700,"bu","10:53:27",1120200
23600,-100,100,"bu","10:53:44",1120300
23550,-150,11800,"sd","10:53:52",1132100
23550,-150,3200,"sd","10:53:53",1135300
23550,-150,1000,"bu","10:53:56",1136300
23550,-150,10000,"sd","10:53:57",1146300
23550,-150,3000,"sd","10:54:03",1149300
23550,-150,9800,"sd","10:54:09",1159100
23550,-150,3300,"sd","10:54:13",1162400
23550,-150,8300,"sd","10:54:14",1170700
23500,-200,1200,"bu","10:54:28",1175400
23500,-200,11200,"bu","10:54:29",1186600
23500,-200,500,"sd","10:54:32",1187100
23500,-200,5700,"bu","10:54:35",1192800
23550,-150,100,"bu","10:54:44",1192900
23500,-200,10100,"sd","10:54:51",1203000
23500,-200,10000,"bu","10:55:04",1213000
23550,-150,100,"bu","10:55:08",1213100
23550,-150,10000,"sd","10:55:16",1223100
23500,-200,1500,"bu","10:55:37",1224600
23550,-150,2000,"sd","10:55:38",1226600
23600,-100,4000,"sd","10:55:50",1230600
23550,-150,100,"sd","10:56:18",1230700
23600,-100,400,"bu","10:56:27",1231100
23550,-150,6000,"sd","10:56:29",1237100
23600,-100,10000,"bu","10:56:29",1247100
23550,-150,100,"bu","10:56:39",1247200
23550,-150,4100,"sd","10:56:51",1251300
23550,-150,2200,"bu","10:56:52",1253500
23600,-100,8000,"sd","10:56:56",1261500
23600,-100,100,"bu","10:57:13",1261600
23550,-150,13800,"sd","10:57:36",1275400
23550,-150,200,"bu","10:58:09",1275600
23550,-150,13000,"sd","10:58:13",1288600
23550,-150,5500,"sd","10:58:20",1294100
23550,-150,5000,"sd","10:58:22",1299100
23550,-150,1700,"sd","10:58:26",1300800
23550,-150,5000,"bu","10:58:27",1305800
23550,-150,200,"bu","10:58:32",1306000
23550,-150,3300,"sd","10:58:33",1309300
23500,-200,200,"bu","10:58:34",1309500
23550,-150,1000,"bu","10:58:47",1310500
23550,-150,700,"bu","10:59:00",1311200
23550,-150,300,"sd","10:59:01",1311500
23550,-150,500,"bu","10:59:24",1312000
23550,-150,600,"sd","10:59:35",1312600
23550,-150,1500,"sd","10:59:45",1314100
23500,-200,1100,"bu","10:59:48",1315200
23550,-150,2900,"bu","10:59:55",1318100
23550,-150,1000,"bu","11:00:08",1319100
23600,-100,1800,"bu","11:00:12",1320900
23500,-200,10000,"bu","11:00:19",1330900
23500,-200,400,"bu","11:00:35",1331300
23500,-200,4000,"bu","11:00:47",1335300
23550,-150,2000,"bu","11:00:55",1337300
23500,-200,1000,"bu","11:00:57",1338300
23500,-200,400,"bu","11:01:01",1338700
23500,-200,800,"bu","11:01:16",1339500
23500,-200,20000,"sd","11:01:27",1359500
23550,-150,100,"bu","11:01:30",1359600
23500,-200,1500,"sd","11:01:41",1361100
23500,-200,1000,"bu","11:01:45",1362100
23500,-200,5000,"bu","11:01:57",1367100
23500,-200,5000,"bu","11:01:59",1372100
23500,-200,1000,"sd","11:02:05",1373100
23500,-200,30000,"bu","11:02:08",1403100
23500,-200,20000,"bu","11:02:10",1423100
23500,-200,3000,"sd","11:02:13",1426100
23500,-200,2000,"sd","11:02:17",1428100
23500,-200,100,"sd","11:02:44",1428200
23450,-250,2100,"sd","11:02:45",1430300
23450,-250,6000,"bu","11:02:46",1436300
23450,-250,4000,"sd","11:03:01",1440300
23500,-200,1000,"bu","11:03:05",1441300
23450,-250,12000,"sd","11:03:13",1453300
23450,-250,700,"sd","11:03:31",1454000
23450,-250,5000,"sd","11:03:37",1459000
23500,-200,10000,"sd","11:03:38",1469000
23450,-250,3300,"sd","11:03:42",1472300
23450,-250,12000,"sd","11:03:50",1484300
23450,-250,500,"bu","11:04:02",1484800
23500,-200,3600,"sd","11:04:12",1488400
23500,-200,100,"sd","11:04:48",1488500
23500,-200,14300,"sd","11:04:49",1502800
23500,-200,300,"bu","11:04:53",1503100
23500,-200,2000,"sd","11:04:59",1505100
23500,-200,4000,"bu","11:05:03",1509100
23500,-200,6000,"sd","11:05:07",1515100
23450,-250,40000,"bu","11:05:15",1555100
23500,-200,100,"sd","11:05:27",1555200
23500,-200,3000,"sd","11:05:33",1558200
23500,-200,9000,"sd","11:05:36",1567200
23500,-200,200,"sd","11:05:38",1567400
23500,-200,500,"bu","11:05:57",1567900
23500,-200,300,"bu","11:06:01",1568200
23500,-200,2500,"bu","11:06:06",1570700
23500,-200,100,"sd","11:06:16",1570800
23500,-200,1000,"bu","11:06:22",1571800
23500,-200,2000,"bu","11:06:28",1573800
23500,-200,5000,"bu","11:06:33",1578800
23500,-200,500,"bu","11:06:36",1579300
23500,-200,5500,"sd","11:06:41",1584800
23500,-200,2100,"bu","11:06:46",1586900
23500,-200,3000,"bu","11:06:48",1589900
23500,-200,17000,"bu","11:06:53",1606900
23500,-200,5000,"bu","11:06:56",1611900
23500,-200,200,"sd","11:07:03",1612100
23500,-200,100,"sd","11:07:11",1612200
23500,-200,400,"sd","11:07:13",1612600
23500,-200,7800,"bu","11:07:20",1620400
23500,-200,500,"sd","11:07:27",1620900
23500,-200,200,"bu","11:07:35",1621100
23500,-200,9100,"sd","11:07:41",1630200
23500,-200,500,"sd","11:07:53",1630700
23500,-200,800,"sd","11:08:00",1631500
23500,-200,2100,"bu","11:08:32",1633600
23550,-150,300,"bu","11:08:37",1633900
23500,-200,200,"sd","11:08:48",1634100
23550,-150,2400,"bu","11:09:09",1636500
23550,-150,300,"sd","11:09:22",1636800
23550,-150,5000,"sd","11:09:38",1641800
23550,-150,100,"sd","11:10:08",1641900
23500,-200,500,"sd","11:10:29",1642400
23550,-150,200,"sd","11:10:48",1642600
23550,-150,2000,"bu","11:10:51",1644600
23500,-200,5000,"bu","11:11:19",1649600
23550,-150,200,"sd","11:11:29",1649800
23550,-150,3000,"sd","11:11:34",1652800
23550,-150,1000,"bu","11:11:39",1653800
23550,-150,1200,"bu","11:12:15",1655000
23550,-150,500,"sd","11:12:16",1655500
23550,-150,1000,"bu","11:12:53",1656500
23550,-150,5000,"sd","11:13:03",1661500
23550,-150,200,"sd","11:13:08",1661700
23500,-200,4000,"sd","11:13:19",1665700
23550,-150,100,"sd","11:13:22",1665800
23550,-150,500,"bu","11:13:57",1666300
23550,-150,100,"bu","11:14:05",1666400
23550,-150,1000,"sd","11:14:53",1667400
23550,-150,200,"bu","11:15:11",1667600
23550,-150,100,"bu","11:15:17",1667700
23500,-200,1500,"sd","11:15:27",1669200
23550,-150,4000,"bu","11:16:17",1673200
23550,-150,1000,"sd","11:16:18",1674200
23550,-150,2000,"bu","11:16:26",1676200
23500,-200,500,"bu","11:16:36",1676700
23550,-150,300,"sd","11:16:46",1677000
23550,-150,5000,"sd","11:16:50",1682000
23500,-200,1000,"sd","11:16:51",1683000
23550,-150,4000,"sd","11:17:01",1687000
23550,-150,100,"sd","11:17:33",1687100
23550,-150,31700,"bu","11:17:41",1718800
23600,-100,1000,"bu","11:18:13",1719800
23600,-100,500,"sd","11:18:28",1720300
23550,-150,3000,"sd","11:19:55",1723300
23550,-150,1000,"sd","11:20:05",1724300
23550,-150,300,"sd","11:20:09",1724600
23550,-150,2000,"sd","11:20:27",1726600
23600,-100,8500,"sd","11:20:29",1735100
23600,-100,5000,"sd","11:20:58",1740100
23600,-100,1600,"sd","11:21:10",1741700
23550,-150,6000,"bu","11:21:39",1747700
23550,-150,400,"bu","11:21:56",1748100
23600,-100,1000,"sd","11:22:24",1749100
23550,-150,1000,"sd","11:22:37",1750100
23550,-150,500,"sd","11:23:32",1750600
23550,-150,2000,"sd","11:24:50",1752600
23550,-150,2000,"sd","11:25:10",1754600
23550,-150,1000,"bu","11:25:12",1755600
23550,-150,500,"bu","11:25:39",1756100
23550,-150,200,"sd","11:25:44",1756300
23550,-150,100,"sd","11:25:57",1756400
23550,-150,1600,"sd","11:26:14",1758000
23550,-150,3000,"sd","11:26:23",1761000
23550,-150,2500,"sd","11:26:25",1763500
23550,-150,2000,"bu","11:26:31",1765500
23550,-150,200,"sd","11:26:43",1765700
23550,-150,8200,"sd","11:26:55",1773900
23550,-150,200,"sd","11:27:00",1774100
23600,-100,600,"bu","11:27:04",1774700
23600,-100,300,"bu","11:27:26",1775000
23550,-150,200,"bu","11:27:28",1775200
23550,-150,15000,"bu","11:27:42",1790200
23600,-100,500,"bu","11:27:45",1790700
23600,-100,400,"bu","11:29:01",1791100
23550,-150,1300,"bu","11:29:15",1792400
23550,-150,500,"sd","11:29:51",1792900
23550,-150,1000,"bu","11:30:01",1793900
23550,-150,500,"bu","13:00:13",1794400
23550,-150,7000,"bu","13:00:15",1801400
23550,-150,1500,"bu","13:00:21",1802900
23550,-150,3000,"sd","13:00:25",1805900
23550,-150,700,"sd","13:00:27",1806600
23550,-150,100,"bu","13:00:27",1806700
23550,-150,800,"bu","13:00:29",1807500
23550,-150,300,"bu","13:00:33",1807800
23550,-150,1000,"sd","13:00:49",1808800
23550,-150,11700,"bu","13:00:50",1820500
23550,-150,2000,"bu","13:01:22",1822500
23500,-200,200,"sd","13:02:21",1822700
23500,-200,1500,"bu","13:02:26",1824200
23500,-200,5000,"sd","13:02:35",1829200
23500,-200,2200,"bu","13:02:54",1831400
23500,-200,1000,"sd","13:02:59",1832400
23550,-150,500,"bu","13:03:03",1832900
23550,-150,1000,"bu","13:03:19",1833900
23500,-200,1000,"bu","13:03:24",1834900
23550,-150,2000,"sd","13:03:35",1836900
23500,-200,100,"bu","13:03:37",1837000
23500,-200,500,"sd","13:03:48",1837500
23500,-200,200,"bu","13:04:06",1837700
23500,-200,600,"sd","13:04:13",1838300
23500,-200,2000,"sd","13:04:15",1840300
23500,-200,100,"bu","13:04:39",1840400
23500,-200,9000,"sd","13:04:45",1849400
23500,-200,22000,"sd","13:04:46",1871400
23500,-200,1100,"sd","13:05:15",1872500
23450,-250,200,"bu","13:05:16",1872700
23500,-200,100,"bu","13:05:37",1872800
23450,-250,1100,"sd","13:05:39",1873900
23500,-200,200,"bu","13:05:42",1874100
23500,-200,18900,"sd","13:05:57",1893000
23500,-200,700,"bu","13:06:01",1893700
23500,-200,2000,"bu","13:06:13",1895700
23550,-150,1000,"sd","13:06:20",1896700
23500,-200,10000,"sd","13:06:35",1906700
23500,-200,6000,"bu","13:06:51",1912700
23500,-200,2000,"bu","13:07:33",1914700
23500,-200,1000,"bu","13:09:07",1915700
23550,-150,20000,"sd","13:09:12",1935700
23550,-150,3600,"bu","13:09:14",1939300
23550,-150,500,"bu","13:09:32",1939800
23550,-150,100,"bu","13:09:36",1939900
23600,-100,1200,"sd","13:10:33",1941100
23600,-100,600,"sd","13:11:28",1941700
23550,-150,2800,"bu","13:11:49",1944500
23550,-150,100,"sd","13:12:22",1944600
23550,-150,6000,"bu","13:12:23",1950600
23550,-150,200,"sd","13:12:35",1950800
23550,-150,3000,"bu","13:12:38",1953800
23550,-150,2100,"sd","13:12:55",1955900
23500,-200,100,"sd","13:13:10",1956000
23500,-200,600,"sd","13:13:28",1956600
23500,-200,1000,"sd","13:13:51",1957600
23550,-150,1700,"sd","13:14:37",1959300
23500,-200,400,"bu","13:14:43",1959700
23550,-150,10000,"bu","13:14:51",1969700
23500,-200,700,"sd","13:14:52",1970400
23550,-150,1000,"bu","13:15:03",1971400
23500,-200,5200,"sd","13:15:30",1976600
23500,-200,10000,"bu","13:15:58",1986600
23500,-200,400,"sd","13:16:04",1987000
23500,-200,13000,"sd","13:16:12",2000000
23500,-200,500,"sd","13:16:52",2000500
23500,-200,100,"sd","13:17:00",2000600
23500,-200,4100,"sd","13:17:15",2004700
23500,-200,11000,"sd","13:17:25",2015700
23550,-150,800,"sd","13:17:28",2016500
23500,-200,10000,"bu","13:17:31",2026500
23500,-200,17100,"bu","13:17:33",2043600
23500,-200,100,"bu","13:17:35",2043700
23450,-250,20000,"bu","13:18:23",2063700
23500,-200,800,"bu","13:18:31",2064500
23450,-250,1100,"bu","13:18:34",2065600
23500,-200,1000,"bu","13:18:40",2066600
23500,-200,600,"sd","13:18:42",2067200
23450,-250,300,"sd","13:18:44",2067500
23450,-250,6100,"sd","13:18:47",2073600
23450,-250,2000,"sd","13:18:51",2075600
23450,-250,800,"sd","13:18:52",2076400
23450,-250,700,"sd","13:18:55",2077100
23450,-250,3500,"sd","13:18:58",2080600
23450,-250,22500,"sd","13:19:02",2103100
23450,-250,800,"sd","13:19:07",2103900
23450,-250,100,"sd","13:19:34",2104000
23450,-250,900,"sd","13:19:43",2104900
23450,-250,1000,"sd","13:19:48",2105900
23450,-250,800,"bu","13:19:52",2106700
23450,-250,100,"sd","13:20:03",2106800
23450,-250,600,"bu","13:20:13",2107400
23450,-250,400,"bu","13:20:19",2107800
23400,-300,14100,"sd","13:20:24",2121900
23450,-250,10000,"bu","13:20:29",2131900
23400,-300,1100,"bu","13:20:34",2133000
23400,-300,500,"sd","13:20:41",2133500
23450,-250,100,"sd","13:20:42",2133600
23350,-350,89900,"sd","13:20:44",2223500
23350,-350,3100,"bu","13:20:45",2226600
23350,-350,500,"sd","13:20:51",2227100
23350,-350,4000,"bu","13:20:58",2231100
23400,-300,200,"sd","13:21:02",2231300
23400,-300,800,"sd","13:21:10",2232100
23350,-350,500,"bu","13:21:30",2232600
23350,-350,1700,"bu","13:21:32",2234300
23350,-350,100,"bu","13:21:37",2234400
23350,-350,20000,"bu","13:21:40",2254400
23350,-350,700,"bu","13:21:49",2255100
23350,-350,2000,"sd","13:21:52",2257100
23350,-350,1000,"sd","13:21:55",2258100
23400,-300,200,"bu","13:22:00",2258300
23350,-350,2000,"sd","13:22:02",2260300
23350,-350,3900,"bu","13:22:06",2264200
23350,-350,3600,"bu","13:22:14",2267800
23400,-300,10000,"sd","13:22:16",2277800
23350,-350,200,"bu","13:22:25",2278000
23350,-350,1000,"bu","13:22:30",2279000
23350,-350,500,"bu","13:22:48",2279500
23350,-350,800,"bu","13:22:52",2280300
23350,-350,100,"sd","13:22:54",2280400
23350,-350,1500,"bu","13:23:03",2281900
23350,-350,100,"bu","13:23:05",2282000
23350,-350,500,"sd","13:23:19",2282500
23350,-350,100,"sd","13:23:24",2282600
23350,-350,1100,"bu","13:23:47",2283700
23400,-300,4000,"bu","13:23:48",2287700
23400,-300,5000,"bu","13:23:49",2292700
23400,-300,3900,"sd","13:23:53",2296600
23400,-300,100,"bu","13:24:09",2296700
23450,-250,1100,"sd","13:24:22",2297800
23450,-250,5000,"sd","13:24:31",2302800
23450,-250,2000,"sd","13:24:35",2304800
23450,-250,2000,"bu","13:24:48",2306800
23450,-250,600,"bu","13:24:56",2307400
23450,-250,2000,"bu","13:25:01",2309400
23450,-250,400,"bu","13:25:04",2309800
23400,-300,1400,"sd","13:25:09",2311200
23450,-250,200,"bu","13:25:12",2311400
23450,-250,800,"sd","13:25:14",2312200
23450,-250,700,"bu","13:25:22",2312900
23450,-250,3900,"sd","13:25:30",2316800
23450,-250,300,"sd","13:25:31",2317100
23450,-250,100,"sd","13:25:39",2317200
23450,-250,3300,"sd","13:25:50",2320500
23450,-250,100,"bu","13:25:51",2320600
23450,-250,1300,"bu","13:25:58",2321900
23450,-250,2000,"bu","13:26:01",2323900
23450,-250,300,"sd","13:26:05",2324200
23500,-200,1000,"sd","13:26:09",2325200
23450,-250,1600,"sd","13:26:12",2326800
23450,-250,200,"bu","13:26:16",2327000
23450,-250,3000,"bu","13:26:20",2330000
23450,-250,500,"bu","13:26:24",2330500
23450,-250,100,"bu","13:26:27",2330600
23450,-250,1000,"bu","13:26:28",2331600
23400,-300,13500,"bu","13:26:52",2345100
23400,-300,2400,"bu","13:27:07",2347500
23450,-250,500,"bu","13:27:11",2348000
23400,-300,700,"sd","13:27:28",2348700
23450,-250,1000,"sd","13:27:46",2349700
23450,-250,8200,"bu","13:27:55",2357900
23400,-300,1500,"bu","13:28:00",2359400
23400,-300,1100,"bu","13:28:11",2360500
23400,-300,1000,"sd","13:28:12",2361500
23400,-300,100,"bu","13:28:24",2361600
23400,-300,24200,"bu","13:29:06",2385800
23350,-350,9000,"sd","13:29:20",2394800
23400,-300,70000,"bu","13:29:30",2464800
23400,-300,1400,"sd","13:29:32",2466200
23400,-300,200,"sd","13:29:38",2466400
23400,-300,1000,"sd","13:29:41",2467400
23400,-300,100,"sd","13:29:45",2467500
23350,-350,400,"sd","13:29:59",2467900
23400,-300,500,"sd","13:30:00",2468400
23400,-300,100,"sd","13:30:03",2468500
23400,-300,500,"bu","13:30:08",2469000
23400,-300,500,"bu","13:30:12",2469500
23350,-350,400,"sd","13:30:14",2469900
23400,-300,1100,"sd","13:30:22",2471000
23400,-300,200,"sd","13:30:25",2471200
23400,-300,600,"sd","13:30:26",2471800
23400,-300,3600,"bu","13:30:30",2475400
23350,-350,100,"bu","13:30:38",2475500
23350,-350,10500,"sd","13:30:40",2486000
23400,-300,300,"bu","13:30:44",2486300
23400,-300,400,"sd","13:31:17",2486700
23400,-300,800,"sd","13:31:28",2487500
23400,-300,300,"sd","13:31:30",2487800
23400,-300,1000,"bu","13:31:34",2488800
23400,-300,3000,"bu","13:31:37",2491800
23400,-300,1000,"sd","13:31:42",2492800
23400,-300,3000,"sd","13:31:55",2495800
23400,-300,200,"sd","13:31:58",2496000
23400,-300,800,"bu","13:32:03",2496800
23400,-300,600,"bu","13:32:14",2497400
23400,-300,1000,"sd","13:32:26",2498400
23350,-350,500,"bu","13:32:28",2498900
23400,-300,100,"bu","13:32:30",2499000
23400,-300,200,"bu","13:32:40",2499200
23400,-300,1000,"bu","13:32:55",2500200
23400,-300,4900,"sd","13:33:17",2505100
23350,-350,100,"bu","13:33:18",2505200
23400,-300,3000,"bu","13:33:23",2508200
23400,-300,100,"sd","13:33:33",2508300
23400,-300,4300,"bu","13:33:36",2512600
23400,-300,13600,"bu","13:33:37",2526200
23400,-300,12000,"sd","13:33:39",2538200
23400,-300,1000,"sd","13:33:42",2539200
23400,-300,3000,"bu","13:33:43",2542200
23400,-300,100,"bu","13:33:44",2542300
23400,-300,400,"sd","13:34:33",2542700
23450,-250,5000,"bu","13:34:40",2547700
23400,-300,3000,"bu","13:35:04",2550700
23450,-250,200,"sd","13:35:45",2550900
23400,-300,100,"sd","13:35:50",2551000
23400,-300,400,"sd","13:36:22",2551400
23400,-300,8200,"sd","13:36:39",2559600
23400,-300,10000,"bu","13:36:57",2569600
23400,-300,1500,"sd","13:37:00",2571100
23400,-300,600,"bu","13:37:07",2571700
23450,-250,100,"bu","13:37:11",2571800
23400,-300,500,"sd","13:37:21",2572300
23400,-300,500,"bu","13:37:27",2572800
23400,-300,3100,"sd","13:37:41",2575900
23400,-300,900,"bu","13:37:42",2576800
23400,-300,100,"bu","13:37:53",2576900
23400,-300,3000,"sd","13:38:02",2579900
23400,-300,500,"sd","13:38:04",2580400
23400,-300,3500,"sd","13:38:05",2583900
23400,-300,3000,"sd","13:38:08",2586900
23400,-300,3000,"bu","13:38:27",2589900
23400,-300,1000,"sd","13:38:30",2590900
23400,-300,100,"sd","13:38:43",2591000
23400,-300,200,"sd","13:38:51",2591200
23450,-250,2200,"sd","13:39:00",2593400
23400,-300,5000,"sd","13:39:01",2598400
23400,-300,3000,"sd","13:39:05",2601400
23400,-300,500,"sd","13:39:12",2601900
23400,-300,1100,"sd","13:39:18",2603000
23400,-300,2500,"bu","13:39:25",2605500
23400,-300,2100,"sd","13:39:36",2607600
23400,-300,5200,"sd","13:40:06",2612800
23400,-300,2200,"sd","13:40:14",2615000
23400,-300,500,"bu","13:40:18",2615500
23400,-300,1000,"sd","13:40:19",2616500
23400,-300,100,"sd","13:40:25",2616600
23400,-300,5000,"sd","13:40:34",2621600
23400,-300,1000,"bu","13:40:38",2622600
23400,-300,100,"sd","13:40:49",2622700
23400,-300,700,"sd","13:41:02",2623400
23400,-300,10000,"sd","13:41:09",2633400
23400,-300,1600,"sd","13:41:10",2635000
23400,-300,1000,"sd","13:41:12",2636000
23400,-300,14500,"bu","13:41:15",2650500
23450,-250,1300,"sd","13:42:07",2651800
23450,-250,1500,"sd","13:42:12",2653300
23450,-250,5000,"sd","13:42:13",2658300
23450,-250,2000,"bu","13:42:14",2660300
23450,-250,10400,"sd","13:42:16",2670700
23450,-250,12000,"bu","13:42:19",2682700
23450,-250,1100,"sd","13:42:20",2683800
23450,-250,9800,"sd","13:42:22",2693600
23450,-250,2200,"bu","13:42:23",2695800
23500,-200,2800,"sd","13:42:31",2698600
23500,-200,1500,"sd","13:42:35",2700100
23500,-200,10000,"bu","13:42:36",2710100
23500,-200,5100,"sd","13:42:41",2715200
23500,-200,500,"sd","13:42:49",2715700
23500,-200,5000,"bu","13:42:53",2720700
23500,-200,5000,"sd","13:42:56",2725700
23500,-200,5000,"bu","13:43:02",2730700
23500,-200,2800,"sd","13:43:07",2733500
23500,-200,100,"sd","13:43:13",2733600
23500,-200,27000,"sd","13:43:19",2760600
23550,-150,1000,"sd","13:43:28",2761600
23600,-100,3000,"sd","13:43:32",2764600
23550,-150,100,"bu","13:43:42",2764700
23600,-100,500,"bu","13:43:45",2765200
23600,-100,600,"bu","13:43:58",2765800
23600,-100,600,"sd","13:44:01",2766400
23600,-100,2000,"bu","13:44:02",2768400
23600,-100,1000,"bu","13:44:04",2769400
23600,-100,2000,"bu","13:44:05",2771400
23600,-100,800,"sd","13:44:09",2772200
23600,-100,200,"sd","13:44:13",2772400
23600,-100,100,"bu","13:44:16",2772500
23600,-100,3600,"bu","13:44:18",2776100
23600,-100,3000,"bu","13:44:20",2779100
23600,-100,10000,"bu","13:44:21",2789100
23600,-100,3300,"sd","13:44:23",2792400
23650,-50,200,"bu","13:44:39",2792600
23650,-50,1000,"sd","13:44:43",2793600
23650,-50,500,"bu","13:44:47",2794100
23650,-50,3000,"bu","13:44:50",2797100
23650,-50,1600,"sd","13:44:54",2798700
23650,-50,10000,"sd","13:44:56",2808700
23650,-50,5200,"bu","13:44:57",2813900
23700,0,10000,"sd","13:45:07",2823900
23700,0,200,"bu","13:45:12",2824100
23700,0,500,"bu","13:45:15",2824600
23700,0,10500,"sd","13:45:20",2835100
23700,0,9000,"bu","13:45:24",2844100
23700,0,100,"bu","13:45:30",2844200
23700,0,200,"bu","13:45:31",2844400
23700,0,10000,"sd","13:45:33",2854400
23700,0,5500,"sd","13:45:39",2859900
23700,0,5300,"bu","13:45:41",2865200
23750,50,3000,"sd","13:45:43",2868200
23750,50,10000,"bu","13:45:51",2878200
23700,0,10500,"bu","13:45:58",2888700
23750,50,1000,"bu","13:45:59",2889700
23750,50,6600,"sd","13:46:01",2896300
23750,50,1000,"sd","13:46:24",2897300
23800,100,5000,"bu","13:46:26",2902300
23800,100,1500,"bu","13:46:34",2903800
23800,100,11000,"sd","13:46:35",2914800
23800,100,100,"sd","13:46:38",2914900
23800,100,500,"sd","13:46:40",2915400
23800,100,1000,"bu","13:46:42",2916400
23800,100,300,"sd","13:46:44",2916700
23800,100,10100,"bu","13:46:49",2926800
23800,100,1000,"bu","13:46:50",2927800
23800,100,100,"sd","13:46:52",2927900
23800,100,2000,"sd","13:46:53",2929900
23800,100,1000,"sd","13:47:16",2930900
23800,100,3000,"sd","13:47:19",2933900
23750,50,53500,"sd","13:47:24",2987400
23750,50,2000,"bu","13:47:32",2989400
23700,0,1900,"bu","13:47:33",2991300
23750,50,10000,"bu","13:47:50",3001300
23700,0,400,"sd","13:47:55",3001700
23700,0,100,"bu","13:47:56",3001800
23700,0,20000,"sd","13:47:58",3021800
23750,50,1000,"sd","13:48:00",3022800
23700,0,3000,"sd","13:48:01",3025800
23700,0,13000,"bu","13:48:07",3038800
23700,0,900,"bu","13:48:08",3039700
23700,0,1000,"bu","13:48:11",3040700
23700,0,2100,"sd","13:48:13",3042800
23700,0,500,"sd","13:48:14",3043300
23700,0,700,"bu","13:48:16",3044000
23700,0,600,"sd","13:48:25",3044600
23700,0,10000,"bu","13:48:54",3054600
23650,-50,6400,"bu","13:49:01",3061000
23650,-50,5000,"sd","13:49:08",3066000
23650,-50,1000,"bu","13:49:23",3067000
23650,-50,1300,"bu","13:49:30",3068300
23650,-50,10000,"sd","13:49:35",3078300
23650,-50,200,"bu","13:49:36",3078500
23600,-100,11000,"bu","13:49:41",3089500
23650,-50,100,"sd","13:49:45",3089600
23600,-100,700,"sd","13:49:57",3090300
23600,-100,5000,"bu","13:49:58",3095300
23650,-50,4800,"sd","13:50:00",3100100
23600,-100,12100,"sd","13:50:01",3112200
23600,-100,10000,"bu","13:50:03",3122200
23600,-100,1600,"bu","13:50:06",3123800
23600,-100,300,"bu","13:50:24",3124100
23600,-100,500,"bu","13:50:27",3124600
23550,-150,3000,"sd","13:50:42",3127600
23600,-100,2700,"sd","13:50:43",3130300
23600,-100,1000,"bu","13:50:49",3131300
23600,-100,2000,"sd","13:50:57",3133300
23600,-100,5800,"bu","13:51:02",3139100
23600,-100,100,"bu","13:51:14",3139200
23600,-100,500,"sd","13:51:17",3139700
23600,-100,600,"bu","13:51:20",3140300
23600,-100,400,"bu","13:51:32",3140700
23600,-100,5200,"bu","13:51:34",3145900
23600,-100,2500,"bu","13:51:46",3148400
23550,-150,2600,"sd","13:52:06",3151000
23550,-150,9600,"bu","13:52:19",3160600
23550,-150,100,"bu","13:52:22",3160700
23550,-150,200,"bu","13:52:26",3160900
23600,-100,11000,"bu","13:52:37",3171900
23550,-150,500,"bu","13:52:38",3172400
23550,-150,200,"bu","13:52:51",3172600
23600,-100,5800,"bu","13:53:17",3178400
23550,-150,4500,"bu","13:53:19",3182900
23600,-100,100,"sd","13:53:26",3183000
23650,-50,10000,"bu","13:53:41",3193000
23600,-100,1400,"bu","13:54:21",3194400
23600,-100,10000,"bu","13:54:50",3204400
23600,-100,7000,"sd","13:54:52",3211400
23600,-100,500,"sd","13:54:57",3211900
23600,-100,1000,"bu","13:55:01",3212900
23600,-100,2500,"bu","13:55:25",3215400
23600,-100,1100,"sd","13:55:33",3216500
23650,-50,1000,"bu","13:55:55",3217500
23650,-50,200,"bu","13:55:56",3217700
23650,-50,2000,"bu","13:56:26",3219700
23650,-50,400,"bu","13:56:32",3220100
23650,-50,1000,"bu","13:56:35",3221100
23650,-50,600,"bu","13:57:00",3221700
23650,-50,200,"sd","13:57:02",3221900
23650,-50,100,"sd","13:57:06",3222000
23650,-50,5000,"sd","13:57:12",3227000
23650,-50,24800,"bu","13:57:18",3251800
23650,-50,100,"sd","13:57:21",3251900
23650,-50,300,"sd","13:57:25",3252200
23650,-50,1200,"bu","13:57:27",3253400
23650,-50,500,"bu","13:57:29",3253900
23650,-50,7200,"bu","13:57:30",3261100
23700,0,100,"bu","13:58:03",3261200
23650,-50,6000,"bu","13:58:09",3267200
23700,0,10000,"sd","13:58:14",3277200
23700,0,100,"bu","13:58:17",3277300
23700,0,2300,"bu","13:58:20",3279600
23700,0,17000,"bu","13:58:26",3296600
23700,0,100,"bu","13:58:28",3296700
23700,0,3000,"bu","13:58:29",3299700
23700,0,400,"sd","13:58:31",3300100
23700,0,100,"sd","13:58:52",3300200
23700,0,500,"bu","13:59:02",3300700
23750,50,1200,"sd","13:59:05",3301900
23750,50,6000,"bu","13:59:35",3307900
23750,50,10000,"bu","13:59:37",3317900
23750,50,2000,"bu","13:59:43",3319900
23750,50,100,"bu","13:59:46",3320000
23750,50,2000,"sd","14:00:06",3322000
23700,0,7200,"sd","14:00:13",3329200
23700,0,200,"sd","14:00:20",3329400
23700,0,100,"sd","14:00:37",3329500
23700,0,300,"bu","14:00:42",3329800
23700,0,100,"sd","14:00:48",3329900
23700,0,2900,"bu","14:01:19",3332800
23700,0,2000,"bu","14:01:30",3334800
23750,50,100,"sd","14:01:52",3334900
23700,0,20000,"bu","14:01:59",3354900
23700,0,10000,"bu","14:02:06",3364900
23700,0,12800,"bu","14:02:15",3377700
23700,0,5000,"bu","14:02:18",3382700
23700,0,1500,"bu","14:02:19",3384200
23700,0,3200,"sd","14:02:36",3387400
23700,0,100,"sd","14:02:51",3387500
23700,0,500,"bu","14:03:14",3388000
23650,-50,1100,"sd","14:03:50",3389100
23650,-50,900,"bu","14:04:31",3390000
23650,-50,15100,"sd","14:05:13",3405100
23650,-50,51000,"sd","14:05:17",3456100
23650,-50,2000,"sd","14:05:20",3458100
23650,-50,5000,"bu","14:05:28",3463100
23700,0,1000,"sd","14:05:32",3464100
23650,-50,100,"sd","14:05:38",3464200
23650,-50,1000,"sd","14:05:48",3465200
23650,-50,100,"bu","14:05:56",3465300
23650,-50,1000,"sd","14:06:09",3466300
23650,-50,2000,"sd","14:06:18",3468300
23650,-50,3000,"bu","14:06:19",3471300
23650,-50,1900,"bu","14:06:24",3473200
23600,-100,2000,"sd","14:06:28",3475200
23650,-50,100,"sd","14:06:57",3475300
23600,-100,4000,"sd","14:07:29",3479300
23650,-50,1100,"sd","14:07:49",3480400
23600,-100,11100,"bu","14:07:59",3491500
23600,-100,15000,"bu","14:08:03",3506500
23600,-100,500,"sd","14:08:31",3507000
23600,-100,10000,"bu","14:08:33",3517000
23550,-150,600,"sd","14:08:42",3517600
23600,-100,5000,"sd","14:08:44",3522600
23600,-100,100,"sd","14:08:52",3522700
23600,-100,700,"sd","14:09:02",3523400
23600,-100,100,"sd","14:09:06",3523500
23600,-100,1100,"sd","14:09:17",3524600
23600,-100,19000,"bu","14:09:50",3543600
23600,-100,500,"sd","14:09:53",3544100
23600,-100,600,"sd","14:10:07",3544700
23600,-100,4000,"bu","14:10:09",3548700
23600,-100,1500,"bu","14:10:11",3550200
23600,-100,1000,"bu","14:10:14",3551200
23600,-100,5800,"sd","14:10:38",3557000
23600,-100,6600,"bu","14:10:57",3563600
23600,-100,400,"bu","14:10:59",3564000
23600,-100,500,"sd","14:11:04",3564500
23650,-50,100,"sd","14:11:10",3564600
23650,-50,200,"sd","14:11:34",3564800
23650,-50,2000,"sd","14:11:55",3566800
23650,-50,200,"bu","14:12:00",3567000
23650,-50,4500,"bu","14:12:02",3571500
23600,-100,500,"bu","14:12:10",3572000
23650,-50,3000,"sd","14:12:43",3575000
23650,-50,200,"sd","14:13:02",3575200
23650,-50,2000,"bu","14:13:07",3577200
23650,-50,2500,"bu","14:13:13",3579700
23650,-50,1000,"bu","14:13:15",3580700
23650,-50,2000,"sd","14:13:16",3582700
23600,-100,500,"bu","14:13:18",3583200
23650,-50,300,"sd","14:13:20",3583500
23650,-50,5000,"sd","14:13:25",3588500
23650,-50,600,"sd","14:13:27",3589100
23650,-50,1000,"sd","14:13:32",3590100
23650,-50,4400,"sd","14:13:40",3594500
23650,-50,500,"bu","14:13:43",3595000
23650,-50,1100,"bu","14:13:55",3596100
23650,-50,500,"sd","14:13:57",3596600
23650,-50,500,"bu","14:14:01",3597100
23650,-50,2000,"sd","14:14:05",3599100
23650,-50,200,"bu","14:14:08",3599300
23650,-50,5000,"bu","14:14:11",3604300
23650,-50,3000,"bu","14:14:35",3607300
23650,-50,1100,"sd","14:14:41",3608400
23650,-50,500,"sd","14:14:45",3608900
23600,-100,5000,"bu","14:14:52",3613900
23600,-100,3000,"sd","14:15:13",3616900
23600,-100,1000,"bu","14:15:24",3617900
23600,-100,100,"bu","14:15:37",3618000
23600,-100,600,"bu","14:16:01",3618600
23600,-100,1500,"bu","14:16:09",3620100
23600,-100,3500,"bu","14:16:13",3623600
23600,-100,1000,"sd","14:16:19",3624600
23600,-100,2200,"bu","14:16:55",3626800
23650,-50,2200,"bu","14:17:15",3629000
23650,-50,100,"sd","14:17:52",3629100
23600,-100,5000,"bu","14:18:08",3634100
23650,-50,500,"bu","14:18:29",3634600
23650,-50,2000,"bu","14:18:31",3636600
23650,-50,1000,"bu","14:18:35",3637600
23650,-50,3000,"sd","14:18:37",3640600
23650,-50,2500,"bu","14:18:43",3643100
23650,-50,800,"sd","14:18:45",3643900
23650,-50,1000,"bu","14:18:47",3644900
23650,-50,1800,"sd","14:18:49",3646700
23700,0,50000,"bu","14:18:59",3696700
23700,0,100,"bu","14:19:06",3696800
23700,0,20000,"bu","14:19:22",3716800
23700,0,400,"bu","14:19:25",3717200
23700,0,2300,"sd","14:19:27",3719500
23700,0,1000,"sd","14:19:28",3720500
23700,0,900,"sd","14:19:30",3721400
23700,0,800,"sd","14:19:32",3722200
23700,0,300,"bu","14:19:34",3722500
23700,0,500,"bu","14:19:39",3723000
23700,0,900,"bu","14:19:47",3723900
23700,0,10000,"sd","14:19:52",3733900
23700,0,100,"bu","14:20:14",3734000
23700,0,10100,"bu","14:20:31",3744100
23700,0,200,"bu","14:20:35",3744300
23700,0,10000,"sd","14:20:36",3754300
23650,-50,800,"sd","14:20:40",3755100
23700,0,100,"sd","14:20:46",3755200
23700,0,2000,"sd","14:20:49",3757200
23700,0,105000,"sd","14:20:54",3862200
23700,0,2000,"sd","14:20:57",3864200
23700,0,1000,"bu","14:21:06",3865200
23700,0,5000,"sd","14:21:08",3870200
23700,0,200,"bu","14:21:24",3870400
23700,0,15900,"sd","14:21:32",3886300
23700,0,800,"bu","14:21:34",3887100
23750,50,15000,"bu","14:21:37",3902100
23700,0,100,"sd","14:21:53",3902200
23750,50,10000,"bu","14:21:54",3912200
23700,0,900,"sd","14:22:01",3913100
23750,50,32200,"sd","14:22:05",3945300
23750,50,500,"sd","14:22:08",3945800
23750,50,100,"bu","14:22:12",3945900
23800,100,2000,"sd","14:22:17",3947900
23750,50,17500,"sd","14:22:19",3965400
23750,50,1000,"sd","14:22:20",3966400
23750,50,3000,"sd","14:22:39",3969400
23750,50,200,"bu","14:22:50",3969600
23750,50,400,"sd","14:22:59",3970000
23750,50,100,"sd","14:23:01",3970100
23750,50,5100,"sd","14:23:25",3975200
23750,50,3100,"sd","14:23:29",3978300
23700,0,200,"sd","14:23:33",3978500
23750,50,1000,"sd","14:23:35",3979500
23700,0,8700,"sd","14:23:39",3988200
23750,50,5000,"bu","14:23:42",3993200
23700,0,700,"bu","14:23:44",3993900
23700,0,5000,"bu","14:23:45",3998900
23700,0,600,"bu","14:23:49",3999500
23650,-50,24900,"bu","14:23:57",4024400
23700,0,1000,"sd","14:23:59",4025400
23700,0,1200,"bu","14:24:01",4026600
23650,-50,14600,"sd","14:24:06",4041200
23700,0,5000,"sd","14:24:08",4046200
23650,-50,20700,"bu","14:24:12",4066900
23600,-100,500,"sd","14:24:13",4067400
23650,-50,2000,"bu","14:24:15",4069400
23600,-100,11100,"bu","14:24:18",4080500
23600,-100,1200,"bu","14:24:22",4081700
23600,-100,2000,"bu","14:24:24",4083700
23600,-100,2900,"sd","14:24:26",4086600
23600,-100,7200,"sd","14:24:27",4093800
23650,-50,200,"sd","14:24:29",4094000
23600,-100,1000,"sd","14:24:31",4095000
23600,-100,10800,"bu","14:24:47",4105800
23550,-150,2100,"sd","14:24:49",4107900
23600,-100,500,"sd","14:24:50",4108400
23600,-100,1000,"bu","14:24:54",4109400
23550,-150,1200,"bu","14:24:56",4110600
23600,-100,600,"bu","14:24:58",4111200
23600,-100,300,"bu","14:25:00",4111500
23600,-100,100,"sd","14:25:04",4111600
23600,-100,400,"sd","14:25:27",4112000
23600,-100,100,"sd","14:25:32",4112100
23600,-100,3000,"bu","14:25:38",4115100
23600,-100,5000,"bu","14:25:42",4120100
23600,-100,100,"bu","14:25:44",4120200
23600,-100,500,"bu","14:25:50",4120700
23600,-100,100,"sd","14:25:52",4120800
23550,-150,5000,"bu","14:25:57",4125800
23500,-200,100000,"sd","14:26:00",4225800
23500,-200,3000,"bu","14:26:01",4228800
23500,-200,3200,"bu","14:26:07",4232000
23500,-200,30000,"bu","14:26:09",4262000
23450,-250,6100,"bu","14:26:10",4268100
23500,-200,200,"bu","14:26:12",4268300
23450,-250,3300,"bu","14:26:16",4271600
23450,-250,2100,"bu","14:26:17",4273700
23450,-250,15500,"bu","14:26:23",4289200
23450,-250,1200,"bu","14:26:33",4290400
23500,-200,5800,"bu","14:26:34",4296200
23450,-250,14200,"sd","14:26:36",4310400
23450,-250,2000,"bu","14:26:40",4312400
23450,-250,1000,"sd","14:26:41",4313400
23500,-200,1100,"bu","14:26:43",4314500
23500,-200,6600,"bu","14:26:45",4321100
23500,-200,2200,"bu","14:26:49",4323300
23500,-200,200,"bu","14:26:54",4323500
23450,-250,7200,"sd","14:26:56",4330700
23450,-250,6600,"sd","14:27:01",4337300
23450,-250,300,"sd","14:27:03",4337600
23450,-250,100,"bu","14:27:04",4337700
23450,-250,3000,"bu","14:27:06",4340700
23450,-250,4500,"bu","14:27:09",4345200
23450,-250,9000,"sd","14:27:15",4354200
23450,-250,1000,"bu","14:27:18",4355200
23500,-200,1200,"sd","14:27:20",4356400
23400,-300,18500,"bu","14:27:22",4374900
23450,-250,100,"sd","14:27:24",4375000
23450,-250,2000,"bu","14:27:28",4377000
23450,-250,500,"sd","14:27:36",4377500
23450,-250,1000,"sd","14:27:44",4378500
23450,-250,100,"sd","14:27:46",4378600
23400,-300,1500,"sd","14:27:53",4380100
23450,-250,20000,"sd","14:27:56",4400100
23450,-250,22000,"sd","14:28:00",4422100
23400,-300,13100,"sd","14:28:02",4435200
23450,-250,3000,"bu","14:28:03",4438200
23550,-150,62400,"sd","14:28:07",4500600
23550,-150,2000,"sd","14:28:08",4502600
23550,-150,8600,"sd","14:28:10",4511200
23450,-250,16900,"sd","14:28:16",4528100
23450,-250,700,"sd","14:28:17",4528800
23450,-250,100,"bu","14:28:19",4528900
23450,-250,1100,"bu","14:28:31",4530000
23450,-250,900,"bu","14:28:34",4530900
23450,-250,3000,"sd","14:28:41",4533900
23450,-250,2500,"bu","14:28:43",4536400
23450,-250,2500,"sd","14:28:46",4538900
23450,-250,100,"sd","14:28:49",4539000
23450,-250,400,"bu","14:28:50",4539400
23400,-300,3000,"bu","14:28:57",4542400
23450,-250,800,"bu","14:28:59",4543200
23400,-300,4200,"bu","14:29:00",4547400
23400,-300,23000,"bu","14:29:04",4570400
23400,-300,4600,"bu","14:29:08",4575000
23400,-300,100,"bu","14:29:10",4575100
23400,-300,1200,"sd","14:29:14",4576300
23400,-300,100,"bu","14:29:22",4576400
23400,-300,3000,"sd","14:29:27",4579400
23400,-300,5300,"sd","14:29:28",4584700
23350,-350,1500,"sd","14:29:34",4586200
23350,-350,2000,"bu","14:29:36",4588200
23400,-300,9100,"bu","14:29:38",4597300
23400,-300,500,"sd","14:29:40",4597800
23400,-300,100,"sd","14:29:42",4597900
23400,-300,400,"bu","14:29:44",4598300
23350,-350,10200,"sd","14:29:46",4608500
23400,-300,100,"sd","14:29:48",4608600
23400,-300,3800,"bu","14:29:50",4612400
23350,-350,1300,"bu","14:29:52",4613700
23400,-300,3000,"bu","14:29:54",4616700
23400,-300,900,"sd","14:29:58",4617600
23400,-300,15200,"sd","14:30:00",4632800
23400,-300,8000,"bu","14:30:02",4640800
23400,-300,2000,"bu","14:30:03",4642800
23350,-350,505400,"sd","14:45:11",5148200
