"price","change","match_qtty","side","time","total_vol"
68100,0,26700,"bu","09:15:05",26700
68100,0,2600,"bu","09:15:10",29300
68100,0,200,"sd","09:15:11",29500
68100,0,2000,"bu","09:15:16",31500
68100,0,200,"bu","09:15:17",31700
68200,100,500,"sd","09:15:28",32200
68100,0,100,"bu","09:15:30",32300
68100,0,4600,"sd","09:15:37",36900
68100,0,400,"sd","09:15:39",37300
68100,0,1700,"sd","09:15:42",39000
68100,0,48300,"sd","09:15:42",87300
68100,0,5000,"bu","09:15:43",92300
68100,0,500,"sd","09:15:45",92800
68100,0,3600,"sd","09:15:53",96400
68100,0,200,"bu","09:15:56",96600
68100,0,100,"sd","09:16:09",96700
68100,0,600,"bu","09:16:14",97300
68100,0,200,"bu","09:16:27",97800
68100,0,300,"sd","09:16:34",98100
68100,0,3400,"sd","09:16:39",101500
68100,0,300,"bu","09:16:52",101800
68000,-100,700,"bu","09:16:52",102500
68000,-100,5600,"bu","09:16:53",108100
68000,-100,100,"sd","09:16:54",110200
68000,-100,2100,"sd","09:16:54",112300
68000,-100,400,"bu","09:16:55",112700
68000,-100,700,"bu","09:16:57",113400
68000,-100,100,"sd","09:16:57",113500
68000,-100,700,"bu","09:17:02",114200
68000,-100,31000,"sd","09:17:03",145200
68000,-100,3100,"sd","09:17:05",148300
68000,-100,1200,"sd","09:17:07",149500
68000,-100,300,"sd","09:17:07",149800
68000,-100,100,"bu","09:17:09",149900
67900,-200,8700,"bu","09:17:16",158600
67900,-200,3500,"bu","09:17:16",157900
67900,-200,1200,"sd","09:17:17",159100
68000,-100,2000,"sd","09:17:20",161100
68000,-100,100,"sd","09:17:22",161200
67900,-200,700,"bu","09:17:27",161900
67900,-200,700,"bu","09:17:33",162600
67900,-200,2500,"bu","09:17:53",165100
67900,-200,2800,"sd","09:17:56",167900
67900,-200,200,"bu","09:17:57",168100
68000,-100,1000,"sd","09:18:04",169100
67900,-200,1600,"bu","09:18:09",170700
67900,-200,4000,"bu","09:18:18",174800
67900,-200,400,"bu","09:18:19",175200
67900,-200,10100,"bu","09:18:23",185300
67900,-200,1000,"bu","09:18:25",186900
67900,-200,100,"sd","09:18:27",187200
67900,-200,1300,"bu","09:18:35",188500
67900,-200,100,"bu","09:18:40",188600
67900,-200,800,"bu","09:18:51",189400
67900,-200,100,"bu","09:18:52",189500
67900,-200,2500,"sd","09:19:06",192000
67900,-200,200,"bu","09:19:07",192200
68000,-100,500,"bu","09:19:19",192700
68000,-100,600,"sd","09:19:22",193300
67900,-200,9900,"sd","09:19:25",203200
67900,-200,2000,"sd","09:19:28",205200
67900,-200,200,"sd","09:19:29",205400
67900,-200,12000,"sd","09:19:51",217400
67900,-200,1100,"bu","09:19:53",218500
67900,-200,100,"sd","09:19:56",218600
67900,-200,900,"bu","09:20:41",219500
67900,-200,500,"sd","09:21:12",220000
67900,-200,2100,"sd","09:21:23",222100
67900,-200,200,"bu","09:21:26",222300
68000,-100,100,"bu","09:21:35",222400
67900,-200,300,"sd","09:21:39",222700
68000,-100,400,"bu","09:22:00",223100
68000,-100,1000,"sd","09:22:09",224100
68000,-100,500,"bu","09:22:57",224600
68000,-100,200,"bu","09:22:59",224800
68000,-100,100,"bu","09:23:12",224900
68000,-100,1000,"bu","09:23:32",225900
67900,-200,30000,"bu","09:23:42",255900
67900,-200,700,"sd","09:23:43",256600
67900,-200,2300,"sd","09:23:44",258900
67900,-200,300,"bu","09:23:45",259200
67900,-200,12300,"sd","09:23:55",271500
67900,-200,1200,"sd","09:23:57",272700
67900,-200,100,"sd","09:24:00",272800
68000,-100,200,"bu","09:24:02",273000
67900,-200,10000,"sd","09:24:04",283000
67900,-200,1000,"bu","09:24:06",284000
67900,-200,100,"sd","09:24:08",284100
68000,-100,400,"sd","09:24:09",284500
68000,-100,500,"sd","09:24:41",285000
68000,-100,100,"sd","09:24:45",285100
67900,-200,2900,"sd","09:25:39",288000
67900,-200,8600,"sd","09:25:42",296600
67900,-200,200,"bu","09:25:42",296800
67900,-200,800,"bu","09:25:43",297600
67900,-200,400,"sd","09:25:49",298000
67900,-200,2800,"sd","09:25:58",300800
67900,-200,2800,"bu","09:25:59",303600
67900,-200,7100,"bu","09:26:00",310700
67900,-200,500,"bu","09:26:00",304100
68000,-100,7100,"sd","09:26:01",311200
67900,-200,3100,"bu","09:26:03",314300
67900,-200,300,"sd","09:26:04",314600
67900,-200,2800,"bu","09:26:06",317400
67900,-200,200,"sd","09:26:08",317600
67900,-200,600,"bu","09:26:20",318200
67900,-200,400,"sd","09:26:23",318600
67800,-300,700,"bu","09:26:51",319300
67800,-300,1300,"bu","09:27:21",320600
67800,-300,1200,"bu","09:27:26",321800
67800,-300,100,"bu","09:27:27",321900
67800,-300,34800,"bu","09:27:40",356700
67800,-300,5100,"bu","09:27:42",361800
67800,-300,100,"sd","09:27:53",361900
67800,-300,800,"bu","09:28:19",362700
67700,-400,400,"bu","09:28:24",363100
67800,-300,500,"bu","09:28:25",363600
67800,-300,300,"sd","09:28:27",363900
67800,-300,100,"bu","09:28:40",364000
67700,-400,1400,"bu","09:29:27",365400
67700,-400,900,"sd","09:29:42",366300
67800,-300,1000,"bu","09:29:43",367300
67700,-400,400,"sd","09:29:57",367700
67800,-300,5800,"bu","09:29:59",373500
67700,-400,500,"bu","09:30:02",374000
67800,-300,200,"sd","09:30:13",374200
67700,-400,400,"sd","09:30:28",374600
67700,-400,500,"sd","09:30:35",375100
67800,-300,5000,"sd","09:30:49",380100
67800,-300,1600,"sd","09:30:51",381700
67800,-300,100,"sd","09:30:52",381800
67800,-300,400,"bu","09:30:56",382200
67800,-300,900,"bu","09:31:01",383100
67800,-300,300,"sd","09:31:09",383400
67700,-400,9100,"sd","09:31:25",392500
67700,-400,900,"bu","09:31:26",393400
67800,-300,400,"sd","09:31:29",393800
67800,-300,300,"sd","09:31:31",394100
67700,-400,200,"sd","09:31:36",394300
67800,-300,1600,"bu","09:31:40",395900
67800,-300,1100,"bu","09:32:14",397000
67700,-400,400,"bu","09:32:31",397400
67800,-300,500,"bu","09:32:37",397900
67800,-300,2600,"bu","09:32:38",400500
67800,-300,200,"sd","09:32:40",400700
67800,-300,1200,"sd","09:32:48",401900
67800,-300,100,"sd","09:32:50",402000
67800,-300,400,"sd","09:33:01",402400
67900,-200,1400,"sd","09:33:18",403800
67900,-200,1400,"sd","09:33:19",405200
67800,-300,400,"sd","09:33:32",405600
67900,-200,200,"sd","09:33:37",405800
67900,-200,5000,"bu","09:33:42",410800
67800,-300,2000,"bu","09:33:48",412800
67800,-300,200,"bu","09:33:50",413000
67800,-300,400,"sd","09:34:03",413400
67800,-300,2000,"bu","09:34:13",415400
67800,-300,200,"bu","09:34:14",415600
67800,-300,4900,"sd","09:34:30",420500
67800,-300,100,"bu","09:34:33",420600
67800,-300,400,"sd","09:34:34",421000
67900,-200,300,"sd","09:34:48",421300
67800,-300,10000,"sd","09:34:59",431300
67800,-300,1000,"sd","09:35:00",432300
67800,-300,100,"sd","09:35:02",432400
67800,-300,3400,"bu","09:36:07",435800
67800,-300,400,"bu","09:36:37",436200
67800,-300,300,"sd","09:36:49",436500
67800,-300,700,"sd","09:37:08",437200
67800,-300,500,"bu","09:37:16",437700
67800,-300,2000,"bu","09:37:27",439700
67800,-300,200,"bu","09:37:29",439900
67800,-300,4500,"sd","09:37:35",444400
67800,-300,1300,"bu","09:37:39",445700
67800,-300,100,"sd","09:37:40",445800
67800,-300,3000,"bu","09:38:01",448800
67800,-300,300,"bu","09:38:04",449100
67800,-300,400,"bu","09:38:10",449500
67800,-300,100,"sd","09:38:28",449600
67800,-300,900,"sd","09:39:12",450500
67800,-300,800,"sd","09:39:35",451300
67800,-300,400,"bu","09:39:42",451700
67900,-200,100,"bu","09:39:47",451800
67800,-300,400,"bu","09:40:13",452200
67800,-300,500,"sd","09:40:47",452700
67900,-200,500,"sd","09:40:50",453200
67900,-200,600,"sd","09:41:34",453800
67800,-300,4800,"bu","09:41:55",458600
67800,-300,400,"sd","09:41:56",459000
67900,-200,200,"sd","09:42:00",459200
67900,-200,1700,"bu","09:42:06",460900
67800,-300,500,"bu","09:42:17",461400
67800,-300,100,"bu","09:42:45",461500
67800,-300,1500,"bu","09:42:47",463000
67800,-300,600,"bu","09:42:48",463600
67800,-300,500,"bu","09:43:18",464100
67800,-300,400,"bu","09:43:26",464500
67800,-300,1200,"bu","09:43:48",465700
67800,-300,400,"bu","09:43:51",466100
67800,-300,700,"bu","09:44:09",466800
67800,-300,500,"bu","09:44:20",467300
67800,-300,400,"bu","09:44:32",467700
67800,-300,400,"sd","09:44:43",468100
67800,-300,500,"sd","09:44:51",468600
67900,-200,700,"sd","09:45:14",469300
67900,-200,100,"bu","09:45:17",469400
67800,-300,500,"sd","09:45:21",469900
67900,-200,1300,"sd","09:46:28",471200
67900,-200,1000,"bu","09:46:34",472200
67800,-300,500,"bu","09:46:55",472700
67800,-300,200,"sd","09:47:03",472900
67800,-300,500,"sd","09:47:25",473400
67800,-300,1000,"sd","09:47:29",474400
67800,-300,100,"bu","09:47:32",474500
67900,-200,1000,"bu","09:47:36",475500
67800,-300,500,"sd","09:47:56",476000
67900,-200,100,"sd","09:48:13",476100
67800,-300,500,"sd","09:48:26",476600
67800,-300,5000,"sd","09:48:37",481600
67800,-300,500,"sd","09:48:40",482100
67800,-300,500,"sd","09:48:57",482600
67800,-300,5500,"bu","09:49:12",488100
67800,-300,500,"sd","09:49:29",488600
67900,-200,500,"sd","09:49:37",489100
67800,-300,2900,"sd","09:49:59",492000
67900,-200,100,"bu","09:50:12",492100
67800,-300,4200,"bu","09:50:17",496300
67800,-300,400,"bu","09:50:18",496700
67900,-200,7300,"bu","09:50:19",504000
67900,-200,700,"sd","09:50:20",504700
67800,-300,500,"sd","09:50:30",505200
67900,-200,1000,"bu","09:50:41",506200
67900,-200,100,"sd","09:50:53",506300
67800,-300,500,"sd","09:51:01",506800
67800,-300,500,"bu","09:51:31",507300
67800,-300,4200,"bu","09:51:40",511500
67800,-300,400,"sd","09:51:43",511900
67900,-200,1000,"sd","09:51:58",512900
67800,-300,500,"bu","09:52:03",513400
67900,-200,200,"bu","09:52:22",513600
67800,-300,500,"bu","09:52:33",514100
67900,-200,600,"sd","09:52:59",514700
67800,-300,600,"bu","09:53:04",515300
67800,-300,5200,"sd","09:54:10",520500
67800,-300,400,"sd","09:54:12",520900
67800,-300,600,"sd","09:54:24",521500
67800,-300,500,"sd","09:54:37",522000
67900,-200,100,"sd","09:54:47",522100
67800,-300,500,"sd","09:54:49",522600
67800,-300,500,"sd","09:55:07",523100
67800,-300,1000,"sd","09:55:20",524100
67800,-300,100,"sd","09:55:22",524200
67800,-300,600,"bu","09:55:38",524800
67900,-200,100,"sd","09:55:40",524900
67800,-300,3000,"bu","09:55:46",527900
67800,-300,300,"bu","09:55:48",528200
67800,-300,500,"bu","09:56:09",528700
67900,-200,800,"sd","09:56:43",529500
67800,-300,1500,"sd","09:56:50",531000
67800,-300,100,"sd","09:56:52",531100
67800,-300,12000,"sd","09:56:59",543100
67800,-300,1200,"bu","09:57:00",544300
67800,-300,1500,"bu","09:57:01",545800
67700,-400,500,"sd","09:57:10",546300
67800,-300,200,"sd","09:57:13",546500
67700,-400,400,"bu","09:57:18",546900
67800,-300,16500,"bu","09:57:21",563400
67800,-300,1600,"sd","09:57:22",565000
67800,-300,100,"sd","09:57:24",565100
67800,-300,600,"sd","09:57:29",565700
67800,-300,1400,"sd","09:57:36",567100
67700,-400,600,"sd","09:57:42",567700
67700,-400,4200,"bu","09:57:47",571900
67700,-400,400,"bu","09:57:48",572300
67800,-300,300,"bu","09:58:07",572600
67700,-400,500,"bu","09:58:13",573100
67700,-400,1900,"sd","09:58:16",575000
67700,-400,100,"bu","09:58:18",575100
67800,-300,10000,"bu","09:58:27",585100
67700,-400,700,"sd","09:58:36",585800
67700,-400,500,"sd","09:58:43",586300
67700,-400,200,"bu","09:59:04",586500
67700,-400,500,"bu","09:59:14",587000
67700,-400,1500,"sd","09:59:19",588500
67700,-400,100,"bu","09:59:20",588600
67700,-400,600,"bu","09:59:45",589200
67800,-300,100,"sd","10:00:01",589300
67800,-300,500,"bu","10:00:10",589800
67800,-300,1900,"sd","10:00:18",591700
67800,-300,100,"sd","10:00:24",591800
67700,-400,500,"sd","10:00:48",592300
67800,-300,100,"sd","10:01:07",592400
67700,-400,500,"bu","10:01:18",592900
67700,-400,500,"bu","10:01:48",593400
67800,-300,100,"sd","10:01:52",593500
67700,-400,900,"sd","10:02:19",594400
67800,-300,500,"bu","10:02:28",595200
67700,-400,1000,"sd","10:02:50",596200
67700,-400,900,"bu","10:03:06",597100
67700,-400,500,"sd","10:03:21",597600
67800,-300,100,"sd","10:03:34",597700
67800,-300,200,"sd","10:03:45",597900
67800,-300,600,"sd","10:03:52",598500
67800,-300,1000,"bu","10:03:56",599700
67800,-300,100,"bu","10:04:03",599800
67700,-400,700,"bu","10:04:23",600500
67800,-300,100,"sd","10:04:53",600600
67700,-400,500,"bu","10:04:54",601100
67800,-300,100,"bu","10:05:10",601200
67700,-400,600,"sd","10:05:25",601800
67700,-400,700,"sd","10:05:26",602500
67700,-400,4200,"sd","10:05:27",606700
67700,-400,400,"bu","10:05:28",607100
67700,-400,700,"bu","10:05:32",607800
67800,-300,500,"bu","10:05:33",608300
67700,-400,5600,"sd","10:05:35",613900
67700,-400,1300,"bu","10:05:36",615200
67700,-400,1000,"bu","10:05:45",616200
67700,-400,100,"bu","10:05:46",616300
67700,-400,300,"sd","10:05:47",616600
67700,-400,500,"sd","10:05:56",617100
67700,-400,8000,"sd","10:05:59",625100
67700,-400,1100,"sd","10:06:00",626200
67700,-400,100,"bu","10:06:02",626300
67800,-300,500,"sd","10:06:23",626800
67700,-400,1500,"bu","10:06:29",628300
67700,-400,100,"sd","10:06:30",628400
67800,-300,2900,"sd","10:06:57",631300
67700,-400,500,"bu","10:06:58",631800
67700,-400,500,"bu","10:07:12",632300
67700,-400,100,"sd","10:07:19",632400
67700,-400,500,"sd","10:07:29",632900
67800,-300,400,"sd","10:07:45",633300
67700,-400,500,"bu","10:07:48",633800
67700,-400,26900,"bu","10:08:07",660700
67700,-400,2600,"bu","10:08:08",663300
67700,-400,200,"bu","10:08:10",663500
67700,-400,11600,"bu","10:08:13",675100
67700,-400,1500,"bu","10:08:45",676600
67700,-400,1000,"sd","10:08:56",677600
67700,-400,500,"bu","10:08:58",678100
67700,-400,600,"bu","10:09:05",678700
67600,-500,500,"bu","10:09:33",679200
67700,-400,100,"bu","10:09:41",679300
67600,-500,500,"sd","10:10:04",679800
67700,-400,100,"bu","10:10:05",679900
67600,-500,1100,"bu","10:10:16",681000
67600,-500,500,"sd","10:10:24",682100
67600,-500,100,"sd","10:10:26",682200
67600,-500,700,"sd","10:10:35",682900
67600,-500,1000,"bu","10:10:40",683900
67600,-500,100,"sd","10:10:42",684000
67600,-500,2500,"sd","10:11:06",686500
67600,-500,200,"bu","10:11:08",686700
67600,-500,100,"bu","10:11:29",686800
67600,-500,1000,"bu","10:11:31",687800
67600,-500,100,"bu","10:11:32",687900
67600,-500,500,"bu","10:11:36",688400
67700,-400,5000,"sd","10:11:53",693400
67700,-400,200,"bu","10:12:05",693600
67600,-500,500,"sd","10:12:08",694100
67700,-400,300,"bu","10:12:21",694400
67600,-500,100,"bu","10:12:27",694500
67700,-400,200,"sd","10:12:37",694700
67600,-500,500,"sd","10:12:39",695200
67700,-400,100,"sd","10:12:40",695300
67700,-400,8700,"bu","10:13:06",704000
67600,-500,500,"sd","10:13:10",704500
67700,-400,200,"sd","10:13:12",704700
67700,-400,700,"sd","10:13:15",705400
67700,-400,100,"bu","10:13:22",705500
67700,-400,2000,"sd","10:13:23",707500
67700,-400,400,"sd","10:13:25",707900
67700,-400,500,"sd","10:13:41",708400
67700,-400,300,"sd","10:13:50",708700
67600,-500,800,"sd","10:14:12",709500
67700,-400,200,"bu","10:14:13",709700
67700,-400,300,"sd","10:14:42",710000
67600,-500,500,"sd","10:14:43",710500
67700,-400,200,"bu","10:15:01",710700
67600,-500,500,"sd","10:15:14",711200
67600,-500,900,"bu","10:15:44",712100
67600,-500,500,"sd","10:15:46",712600
67700,-400,300,"sd","10:15:48",712900
67700,-400,300,"bu","10:15:54",713200
67700,-400,500,"sd","10:16:03",713700
67700,-400,100,"sd","10:16:11",713800
67700,-400,200,"bu","10:16:13",714000
67600,-500,500,"bu","10:16:16",714500
67600,-500,200,"sd","10:16:17",714700
67600,-500,700,"bu","10:16:47",715400
67600,-500,100,"bu","10:17:00",715500
67700,-400,11300,"sd","10:17:20",726800
67600,-500,500,"bu","10:17:49",727300
67700,-400,700,"sd","10:17:51",728000
67700,-400,100,"sd","10:17:56",728100
67700,-400,5100,"bu","10:18:12",733200
67600,-500,500,"bu","10:18:20",733700
67700,-400,100,"bu","10:18:33",733800
67700,-400,200,"sd","10:18:33",734000
67600,-500,500,"sd","10:18:52",734500
67600,-500,3800,"bu","10:19:01",738300
67600,-500,300,"sd","10:19:02",738600
67600,-500,500,"sd","10:19:23",739100
67700,-400,100,"sd","10:19:28",739200
67600,-500,500,"sd","10:19:54",739700
67700,-400,600,"bu","10:19:58",740300
67700,-400,1400,"sd","10:20:05",741700
67700,-400,100,"sd","10:20:24",741800
67600,-500,500,"bu","10:20:25",742300
67700,-400,100,"sd","10:20:27",742400
67700,-400,300,"sd","10:20:36",742700
67700,-400,100,"sd","10:20:43",742800
67700,-400,5000,"bu","10:20:45",747800
67700,-400,100,"bu","10:20:53",747900
67600,-500,500,"bu","10:20:56",748400
67700,-400,100,"bu","10:20:58",748500
67700,-400,200,"bu","10:21:07",748700
67600,-500,500,"sd","10:21:28",749200
67700,-400,100,"sd","10:21:28",749300
67700,-400,2000,"sd","10:21:37",751300
67700,-400,300,"bu","10:21:49",751600
67700,-400,1000,"sd","10:21:53",752600
67600,-500,500,"bu","10:21:58",753100
67700,-400,1500,"bu","10:22:30",754600
67700,-400,100,"bu","10:22:41",754700
67700,-400,500,"bu","10:22:45",755200
67700,-400,100,"sd","10:22:46",755300
67600,-500,500,"bu","10:22:59",755800
67700,-400,600,"sd","10:23:48",756400
67700,-400,700,"sd","10:23:51",757100
67700,-400,300,"bu","10:23:54",757400
67600,-500,500,"sd","10:24:02",757900
67700,-400,100,"bu","10:24:03",758000
67700,-400,500,"sd","10:24:04",758500
67700,-400,100,"bu","10:24:05",758600
67700,-400,1100,"sd","10:24:50",759700
67700,-400,100,"sd","10:24:52",759800
67600,-500,500,"sd","10:25:03",760300
67700,-400,100,"bu","10:25:09",760400
67600,-500,600,"sd","10:25:35",761000
67700,-400,100,"sd","10:26:01",761100
67600,-500,500,"bu","10:26:06",761600
67600,-500,1700,"bu","10:26:21",763300
67600,-500,100,"bu","10:26:23",763400
67700,-400,500,"bu","10:26:34",763900
67600,-500,500,"sd","10:26:37",764400
67700,-400,100,"sd","10:26:44",764500
67600,-500,1800,"bu","10:26:53",766300
67600,-500,100,"sd","10:26:54",766400
67600,-500,600,"bu","10:27:08",767000
67600,-500,1800,"bu","10:27:24",768800
67600,-500,100,"bu","10:27:26",768900
67600,-500,500,"bu","10:27:39",769400
67600,-500,1800,"sd","10:27:57",771200
67600,-500,100,"bu","10:27:58",771300
67600,-500,500,"sd","10:28:10",771800
67700,-400,1900,"sd","10:28:28",773700
67600,-500,500,"sd","10:28:41",774200
67600,-500,1800,"bu","10:28:59",776000
67600,-500,300,"bu","10:29:00",776300
67600,-500,500,"sd","10:29:13",776800
67600,-500,1900,"sd","10:29:32",778700
67600,-500,500,"sd","10:29:44",779200
67600,-500,1800,"sd","10:30:03",781000
67600,-500,100,"sd","10:30:05",781100
67600,-500,500,"bu","10:30:15",781600
67700,-400,2500,"sd","10:30:27",784100
67700,-400,100,"sd","10:30:28",784200
67700,-400,300,"sd","10:30:33",784500
67600,-500,1900,"bu","10:30:36",786400
67600,-500,600,"bu","10:30:46",787000
67700,-400,100,"bu","10:30:49",787100
67700,-400,3100,"sd","10:30:58",790200
67600,-500,1800,"sd","10:31:07",792000
67600,-500,100,"bu","10:31:08",792100
67600,-500,600,"sd","10:31:16",792700
67700,-400,2900,"sd","10:31:23",795600
67700,-400,200,"sd","10:31:24",795800
67700,-400,2000,"sd","10:31:39",797800
67600,-500,1800,"bu","10:31:47",799600
67800,-300,300,"bu","10:31:55",799900
67600,-500,1800,"sd","10:32:11",801700
67600,-500,100,"sd","10:32:13",801800
67600,-500,500,"sd","10:32:18",802300
67700,-400,200,"sd","10:32:39",802500
67600,-500,1800,"bu","10:32:43",804300
67600,-500,100,"sd","10:32:44",804400
67600,-500,500,"sd","10:32:50",804900
67600,-500,1800,"sd","10:33:14",806700
67600,-500,100,"sd","10:33:16",806800
67600,-500,500,"bu","10:33:20",807300
67700,-400,600,"sd","10:33:21",807900
67700,-400,1000,"bu","10:33:23",808900
67700,-400,1500,"sd","10:33:34",810400
67600,-500,1800,"bu","10:33:47",812200
67600,-500,100,"sd","10:33:48",812300
67700,-400,300,"bu","10:33:49",812600
67600,-500,500,"bu","10:33:51",813100
67700,-400,5000,"bu","10:34:16",818100
67600,-500,1800,"sd","10:34:18",819900
67600,-500,100,"sd","10:34:21",820000
67600,-500,500,"bu","10:34:22",820500
67700,-400,2800,"bu","10:34:36",823300
67600,-500,3000,"bu","10:34:39",826300
67600,-500,300,"sd","10:34:40",826600
67600,-500,1800,"bu","10:34:51",828400
67600,-500,100,"bu","10:34:52",828500
67600,-500,500,"sd","10:34:53",829000
67600,-500,1800,"sd","10:35:23",830800
67600,-500,700,"bu","10:35:24",831500
67700,-400,500,"bu","10:35:36",832200
67700,-400,400,"sd","10:35:43",832600
67700,-400,100,"sd","10:35:49",832700
67600,-500,2300,"sd","10:35:55",835000
67600,-500,200,"sd","10:35:56",835200
67600,-500,500,"sd","10:35:59",835700
67600,-500,2300,"sd","10:36:27",838000
67600,-500,100,"bu","10:36:31",838100
67700,-400,700,"sd","10:36:52",838800
67600,-500,2300,"sd","10:37:00",841100
67700,-400,100,"bu","10:37:01",841200
67700,-400,600,"sd","10:37:08",841800
67600,-500,2500,"sd","10:37:34",844300
67600,-500,500,"sd","10:38:00",844800
67600,-500,1800,"sd","10:38:05",846600
67600,-500,100,"bu","10:38:06",846700
67700,-400,3000,"sd","10:38:22",849700
67700,-400,200,"sd","10:38:26",849900
67700,-400,9700,"sd","10:38:29",859600
67600,-500,500,"sd","10:38:30",860100
67700,-400,400,"bu","10:38:32",860500
67600,-500,1800,"sd","10:38:37",862300
67600,-500,100,"sd","10:38:39",862400
67600,-500,700,"sd","10:39:01",863100
67700,-400,100,"sd","10:39:03",863200
67600,-500,1900,"sd","10:39:10",865100
67700,-400,200,"bu","10:39:20",865300
67700,-400,500,"sd","10:39:32",865800
67700,-400,2400,"sd","10:39:42",868200
67700,-400,200,"sd","10:40:03",868400
67700,-400,500,"bu","10:40:04",868900
67700,-400,1800,"sd","10:40:14",870700
67700,-400,100,"sd","10:40:17",870800
67700,-400,500,"bu","10:40:35",871300
67700,-400,1800,"sd","10:40:47",873100
67700,-400,100,"sd","10:40:48",873200
67800,-300,5500,"bu","10:40:50",878700
67700,-400,500,"sd","10:41:05",879200
67800,-300,300,"bu","10:41:13",879500
67700,-400,1800,"sd","10:41:19",881300
67800,-300,100,"bu","10:41:19",881400
67700,-400,500,"sd","10:41:36",881900
67700,-400,1800,"bu","10:41:50",883700
67700,-400,100,"sd","10:41:53",883800
67700,-400,500,"sd","10:42:08",884300
67700,-400,1800,"sd","10:42:23",886100
67700,-400,100,"sd","10:42:24",886200
67700,-400,500,"sd","10:42:38",886700
67700,-400,4000,"sd","10:42:52",890700
67700,-400,400,"sd","10:42:53",891100
67700,-400,1800,"sd","10:42:54",892900
67700,-400,600,"sd","10:43:09",893500
67700,-400,1800,"sd","10:43:26",895300
67700,-400,100,"bu","10:43:28",895400
67700,-400,500,"sd","10:43:40",895900
67700,-400,1800,"sd","10:44:00",897700
67700,-400,100,"bu","10:44:04",897800
67700,-400,500,"bu","10:44:11",898300
67700,-400,1000,"bu","10:44:20",899300
67700,-400,100,"bu","10:44:20",899400
67700,-400,1900,"sd","10:44:32",901300
67700,-400,400,"bu","10:44:37",901800
67700,-400,500,"bu","10:44:42",902300
67700,-400,1900,"sd","10:45:04",904200
67700,-400,300,"sd","10:45:13",904700
67700,-400,1900,"sd","10:45:36",906600
67700,-400,500,"bu","10:45:44",907100
67700,-400,1800,"bu","10:46:08",908900
67700,-400,600,"sd","10:46:15",909500
67600,-500,1800,"sd","10:46:40",911300
67700,-400,3500,"bu","10:47:39",914800
67600,-500,1900,"bu","10:47:45",916700
67600,-500,500,"bu","10:47:48",917200
67700,-400,1900,"sd","10:48:16",919100
67700,-400,3000,"sd","10:48:18",922100
67600,-500,500,"bu","10:48:19",922600
67600,-500,2400,"bu","10:48:49",925000
67600,-500,1500,"sd","10:49:19",926500
67600,-500,900,"sd","10:49:20",927400
67600,-500,100,"sd","10:49:25",927700
67600,-500,200,"bu","10:49:51",927900
67600,-500,2300,"sd","10:49:52",930200
67600,-500,200,"bu","10:49:53",930400
67600,-500,500,"sd","10:50:23",930900
67600,-500,2000,"sd","10:50:24",932900
67600,-500,500,"sd","10:50:54",933400
67600,-500,1800,"sd","10:50:55",935200
67600,-500,600,"sd","10:51:25",935800
67600,-500,1900,"bu","10:51:28",937700
67600,-500,100,"bu","10:51:29",937800
67600,-500,300,"bu","10:51:51",938100
67700,-400,700,"sd","10:51:56",938800
67600,-500,1900,"bu","10:52:00",940700
67600,-500,100,"bu","10:52:03",940800
67600,-500,900,"bu","10:52:05",941700
67700,-400,800,"sd","10:52:08",942500
67700,-400,2600,"bu","10:52:10",945100
67700,-400,600,"bu","10:52:16",945700
67600,-500,500,"bu","10:52:27",946200
67600,-500,1900,"bu","10:52:32",948100
67700,-400,3100,"bu","10:52:32",951200
67700,-400,100,"bu","10:52:34",951300
67700,-400,1600,"bu","10:52:36",952900
67600,-500,4200,"sd","10:52:37",957100
67600,-500,400,"sd","10:52:39",957500
67600,-500,500,"bu","10:52:58",958000
67600,-500,1900,"sd","10:53:04",959900
67600,-500,900,"sd","10:53:04",960800
67600,-500,100,"sd","10:53:17",960900
67700,-400,200,"bu","10:53:23",961100
67600,-500,500,"bu","10:53:29",961600
67600,-500,800,"sd","10:53:35",962400
67600,-500,1900,"sd","10:53:36",964300
67600,-500,200,"bu","10:53:37",964500
67600,-500,2000,"bu","10:53:46",966500
67600,-500,200,"sd","10:53:49",966700
67600,-500,2000,"bu","10:53:59",968700
67600,-500,500,"sd","10:54:00",969200
67600,-500,200,"bu","10:54:01",969400
67600,-500,10800,"sd","10:54:05",980200
67700,-400,1900,"sd","10:54:06",982100
67600,-500,1900,"bu","10:54:08",984000
67600,-500,400,"sd","10:54:09",984400
67600,-500,500,"sd","10:54:31",984900
67600,-500,800,"bu","10:54:35",985700
67600,-500,1900,"bu","10:54:39",987600
67600,-500,100,"sd","10:54:40",987700
67600,-500,1000,"bu","10:55:01",988700
67600,-500,800,"sd","10:55:05",989500
67600,-500,2000,"bu","10:55:19",991500
67600,-500,200,"sd","10:55:20",991700
67600,-500,500,"bu","10:55:33",992200
67700,-400,100,"sd","10:55:34",992300
67600,-500,2700,"bu","10:55:52",995000
67600,-500,100,"sd","10:55:53",995100
67600,-500,600,"bu","10:56:04",995700
67700,-400,900,"sd","10:56:06",996600
67600,-500,500,"sd","10:56:14",997100
67700,-400,100,"sd","10:56:16",997200
67600,-500,2000,"sd","10:56:23",999200
67600,-500,100,"bu","10:56:25",999300
67600,-500,600,"sd","10:56:35",999900
67600,-500,800,"sd","10:56:36",1000700
67600,-500,100,"sd","10:56:37",1000800
67700,-400,200,"sd","10:56:39",1001000
67700,-400,100,"bu","10:56:46",1001100
67600,-500,1900,"sd","10:56:56",1003000
67600,-500,100,"bu","10:56:57",1003100
67600,-500,1300,"sd","10:57:06",1004400
67600,-500,100,"sd","10:57:07",1004500
67600,-500,1900,"bu","10:57:27",1006400
67600,-500,100,"bu","10:57:28",1006500
67600,-500,1300,"sd","10:57:36",1007800
67600,-500,100,"bu","10:57:41",1007900
67600,-500,1900,"bu","10:57:59",1009800
67600,-500,100,"bu","10:58:01",1009900
67600,-500,800,"bu","10:58:06",1010700
67600,-500,500,"sd","10:58:08",1011200
67600,-500,2400,"sd","10:58:31",1013600
67600,-500,100,"sd","10:58:33",1013700
67700,-400,500,"sd","10:58:34",1014200
67600,-500,900,"sd","10:58:36",1015100
67600,-500,500,"bu","10:59:00",1021100
67600,-500,1900,"sd","10:59:03",1023000
67600,-500,100,"bu","10:59:04",1023100
67600,-500,800,"bu","10:59:06",1023900
67600,-500,500,"sd","10:59:10",1024400
67600,-500,1900,"bu","10:59:36",1026300
67600,-500,1000,"bu","10:59:36",1027300
67600,-500,500,"sd","10:59:41",1027800
67600,-500,800,"bu","11:00:06",1028600
67600,-500,1900,"bu","11:00:07",1030500
67600,-500,200,"sd","11:00:09",1030700
67600,-500,500,"sd","11:00:12",1031200
67700,-400,400,"bu","11:00:28",1031600
67600,-500,1800,"sd","11:00:34",1033400
67600,-500,100,"sd","11:00:35",1033500
67600,-500,2700,"bu","11:00:40",1036200
67600,-500,1100,"bu","11:00:41",1037300
67600,-500,500,"bu","11:00:42",1037800
67700,-400,1000,"sd","11:00:45",1038800
67700,-400,800,"sd","11:00:46",1039600
67700,-400,100,"sd","11:00:55",1039700
67600,-500,800,"sd","11:01:07",1040500
67600,-500,1900,"sd","11:01:11",1042400
67600,-500,100,"sd","11:01:12",1042500
67600,-500,500,"sd","11:01:13",1043000
67700,-400,1100,"sd","11:01:37",1044100
67700,-400,500,"bu","11:01:42",1044600
67600,-500,2400,"sd","11:01:44",1047000
67600,-500,200,"bu","11:01:45",1047200
67600,-500,300,"sd","11:01:47",1047500
67600,-500,6000,"bu","11:01:58",1053500
67600,-500,1400,"bu","11:01:58",1054900
67600,-500,800,"sd","11:02:06",1055700
67600,-500,500,"bu","11:02:15",1056200
67600,-500,1900,"sd","11:02:16",1058100
67600,-500,100,"sd","11:02:18",1058200
67600,-500,1500,"bu","11:02:24",1059700
67600,-500,100,"bu","11:02:27",1059800
67600,-500,1700,"sd","11:02:31",1061500
67600,-500,100,"sd","11:02:32",1061600
67600,-500,800,"sd","11:02:37",1062400
67600,-500,300,"sd","11:02:43",1062700
67600,-500,500,"bu","11:02:46",1063200
67600,-500,1900,"sd","11:02:49",1065100
67600,-500,100,"bu","11:02:51",1065200
67600,-500,1000,"sd","11:02:56",1066200
67600,-500,100,"sd","11:02:57",1066300
67600,-500,800,"bu","11:03:07",1067100
67600,-500,300,"bu","11:03:14",1067400
67600,-500,500,"sd","11:03:17",1067900
67600,-500,1900,"sd","11:03:21",1069800
67600,-500,100,"bu","11:03:23",1069900
67600,-500,10000,"bu","11:03:28",1079900
67600,-500,1000,"bu","11:03:29",1080900
67600,-500,100,"bu","11:03:31",1081000
67600,-500,800,"sd","11:03:37",1081800
67600,-500,500,"bu","11:03:47",1082300
67600,-500,1900,"sd","11:03:53",1084200
67600,-500,100,"bu","11:03:55",1084300
67600,-500,2500,"sd","11:04:18",1086800
67600,-500,500,"bu","11:04:19",1087300
67600,-500,1900,"bu","11:04:25",1089200
67600,-500,100,"bu","11:04:27",1089300
67600,-500,800,"bu","11:04:37",1090100
67600,-500,100,"bu","11:04:39",1090200
67600,-500,500,"sd","11:04:50",1090700
67600,-500,1900,"bu","11:04:58",1092600
67600,-500,100,"bu","11:04:59",1092700
67600,-500,800,"sd","11:05:07",1093500
67600,-500,5300,"bu","11:05:13",1098800
67600,-500,63600,"sd","11:05:16",1162400
67500,-600,500,"sd","11:05:22",1162900
67500,-600,1900,"bu","11:05:30",1164800
67500,-600,100,"sd","11:05:31",1164900
67600,-500,10900,"bu","11:05:47",1175800
67500,-600,500,"bu","11:05:53",1176300
67600,-500,5000,"bu","11:05:59",1181300
67500,-600,1900,"bu","11:06:02",1183200
67500,-600,100,"bu","11:06:05",1183300
67500,-600,900,"sd","11:06:07",1184200
67500,-600,1000,"bu","11:06:17",1185200
67500,-600,10400,"bu","11:06:25",1195600
67500,-600,100,"bu","11:06:26",1195700
67500,-600,1900,"sd","11:06:30",1197600
67500,-600,100,"sd","11:06:31",1197700
67500,-600,2000,"sd","11:06:34",1199700
67500,-600,200,"sd","11:06:35",1199900
67500,-600,900,"bu","11:06:37",1200800
67500,-600,500,"bu","11:06:55",1201300
67500,-600,2900,"bu","11:07:07",1204200
67500,-600,200,"sd","11:07:09",1204400
67500,-600,100,"bu","11:07:13",1204500
67600,-500,10000,"sd","11:07:14",1214500
67500,-600,1000,"bu","11:07:16",1215500
67500,-600,100,"sd","11:07:17",1215600
67500,-600,1500,"sd","11:07:25",1217100
67600,-500,100,"bu","11:07:26",1217200
67600,-500,1600,"bu","11:07:30",1218800
67500,-600,2000,"bu","11:07:37",1220800
67500,-600,900,"sd","11:07:38",1221700
67500,-600,200,"bu","11:07:39",1221900
67500,-600,500,"sd","11:07:56",1222400
67500,-600,900,"bu","11:08:07",1223300
67500,-600,2000,"sd","11:08:10",1225300
67500,-600,200,"sd","11:08:11",1225500
67500,-600,500,"sd","11:08:28",1226000
67600,-500,300,"bu","11:08:36",1226300
67600,-500,2800,"sd","11:08:37",1229100
67500,-600,900,"bu","11:08:38",1230000
67500,-600,300,"bu","11:08:39",1230300
67500,-600,2000,"sd","11:08:41",1232300
67500,-600,200,"bu","11:08:42",1232500
67600,-500,2000,"bu","11:08:46",1234500
67600,-500,500,"bu","11:08:55",1235000
67600,-500,2000,"sd","11:08:56",1237000
67500,-600,500,"bu","11:09:00",1237500
67600,-500,5000,"bu","11:09:03",1242500
67600,-500,4700,"sd","11:09:04",1247200
67600,-500,2000,"sd","11:09:05",1249200
67600,-500,600,"sd","11:09:06",1249800
67600,-500,900,"sd","11:09:07",1250700
67600,-500,100,"bu","11:09:09",1250800
67600,-500,1100,"sd","11:09:12",1251900
67600,-500,2300,"sd","11:09:14",1254200
67600,-500,1100,"bu","11:09:25",1255300
67600,-500,100,"bu","11:09:27",1255400
67600,-500,500,"sd","11:09:30",1255900
67600,-500,900,"bu","11:09:38",1256800
67500,-600,2000,"bu","11:09:46",1258800
67500,-600,200,"bu","11:09:47",1259000
67500,-600,500,"sd","11:10:01",1259500
67500,-600,1300,"sd","11:10:08",1260800
67500,-600,2200,"sd","11:10:18",1263000
67600,-500,1000,"bu","11:10:29",1264000
67500,-600,500,"bu","11:10:32",1264500
67500,-600,900,"bu","11:10:38",1265400
67600,-500,100,"bu","11:10:41",1265500
67500,-600,2000,"sd","11:10:51",1267500
67500,-600,1200,"bu","11:10:53",1268700
67500,-600,100,"bu","11:10:55",1268800
67500,-600,600,"sd","11:11:03",1269400
67500,-600,900,"bu","11:11:08",1270300
67600,-500,500,"sd","11:11:16",1270800
67500,-600,2000,"sd","11:11:22",1272800
67600,-500,1000,"bu","11:11:25",1273800
67600,-500,10000,"sd","11:11:28",1283800
67500,-600,600,"sd","11:11:34",1284400
67500,-600,900,"sd","11:11:39",1285300
67600,-500,300,"bu","11:11:46",1285600
67500,-600,2000,"bu","11:11:55",1287600
67500,-600,200,"sd","11:11:56",1287800
67500,-600,500,"bu","11:12:05",1288300
67500,-600,900,"bu","11:12:08",1289200
67500,-600,5000,"bu","11:12:11",1294200
67500,-600,500,"sd","11:12:13",1294700
67500,-600,4100,"bu","11:12:25",1298800
67500,-600,2100,"sd","11:12:27",1300900
67500,-600,200,"sd","11:12:28",1301100
67600,-500,100,"bu","11:12:32",1301200
67500,-600,500,"bu","11:12:36",1301700
67500,-600,900,"bu","11:12:39",1302600
67500,-600,2000,"sd","11:12:55",1304600
67500,-600,200,"sd","11:12:57",1304800
67500,-600,2000,"sd","11:13:00",1306800
67500,-600,200,"bu","11:13:01",1307000
67500,-600,500,"bu","11:13:07",1307500
67500,-600,1000,"bu","11:13:08",1308500
67500,-600,2000,"bu","11:13:32",1310500
67500,-600,200,"sd","11:13:33",1310700
67600,-500,100,"sd","11:13:36",1310800
67600,-500,6500,"bu","11:13:54",1317300
67600,-500,100,"bu","11:13:59",1317400
67500,-600,1400,"bu","11:14:02",1318800
67500,-600,100,"bu","11:14:03",1318900
67500,-600,2100,"bu","11:14:04",1321000
67500,-600,200,"bu","11:14:05",1321200
67500,-600,1500,"bu","11:14:09",1322700
67500,-600,100,"sd","11:14:11",1322800
67600,-500,1000,"bu","11:14:15",1323800
67600,-500,3000,"sd","11:14:30",1326800
67600,-500,1000,"sd","11:14:33",1327800
67500,-600,2100,"bu","11:14:36",1329900
67500,-600,200,"sd","11:14:37",1330100
67600,-500,3000,"sd","11:14:38",1333100
67500,-600,1500,"bu","11:14:39",1334600
67500,-600,100,"bu","11:14:41",1334700
67500,-600,2100,"bu","11:15:08",1336800
67500,-600,1000,"sd","11:15:09",1337800
67600,-500,1800,"sd","11:15:35",1339600
67500,-600,900,"sd","11:15:39",1340500
67500,-600,2400,"bu","11:15:41",1342900
67600,-500,2900,"sd","11:16:02",1345800
67500,-600,900,"sd","11:16:09",1346700
67600,-500,3000,"bu","11:16:13",1349700
67600,-500,900,"bu","11:16:15",1350600
67500,-600,1500,"sd","11:16:44",1352100
67500,-600,2100,"sd","11:16:45",1354200
67500,-600,200,"bu","11:16:47",1354400
67600,-500,900,"sd","11:17:09",1355300
67600,-500,600,"sd","11:17:15",1355900
67500,-600,2100,"bu","11:17:17",1358000
67500,-600,200,"bu","11:17:18",1358200
67500,-600,900,"bu","11:17:39",1359100
67500,-600,600,"bu","11:17:47",1359700
67500,-600,2100,"sd","11:17:50",1361800
67500,-600,200,"sd","11:17:51",1362000
67500,-600,1500,"sd","11:18:18",1363500
67500,-600,2100,"bu","11:18:21",1365600
67500,-600,200,"bu","11:18:23",1365800
67600,-500,900,"bu","11:18:42",1366700
67600,-500,600,"bu","11:18:48",1367300
67600,-500,2100,"sd","11:18:54",1369400
67600,-500,200,"sd","11:18:55",1369600
67600,-500,1500,"sd","11:19:03",1371100
67600,-500,100,"sd","11:19:05",1371200
67600,-500,900,"sd","11:19:09",1372100
67600,-500,1000,"sd","11:19:15",1373100
67600,-500,100,"bu","11:19:16",1373200
67600,-500,600,"bu","11:19:18",1373800
67600,-500,3200,"sd","11:19:25",1377000
67600,-500,200,"bu","11:19:27",1377200
67600,-500,1000,"sd","11:19:36",1378200
67600,-500,100,"bu","11:19:37",1378300
67600,-500,900,"bu","11:19:39",1379200
67600,-500,600,"sd","11:19:49",1379800
67600,-500,2100,"bu","11:19:58",1381900
67600,-500,200,"sd","11:19:59",1382100
67600,-500,900,"sd","11:20:09",1383000
67600,-500,600,"bu","11:20:21",1383600
67600,-500,1000,"bu","11:20:23",1384600
67600,-500,100,"bu","11:20:24",1384700
67600,-500,2100,"sd","11:20:30",1386800
67600,-500,200,"bu","11:20:31",1387000
67600,-500,1500,"sd","11:20:52",1388500
67600,-500,2100,"bu","11:21:02",1390600
67600,-500,200,"bu","11:21:03",1390800
67600,-500,900,"bu","11:21:10",1391700
67600,-500,2000,"sd","11:21:16",1393700
67600,-500,100,"bu","11:21:18",1393800
67600,-500,700,"sd","11:21:23",1394500
67500,-600,2200,"bu","11:21:34",1396700
67500,-600,200,"sd","11:21:35",1396900
67500,-600,900,"bu","11:21:40",1397800
67500,-600,100,"bu","11:21:49",1397900
67500,-600,2800,"sd","11:22:06",1400700
67500,-600,200,"sd","11:22:08",1400900
67500,-600,900,"sd","11:22:10",1401800
67600,-500,200,"bu","11:22:21",1402000
67500,-600,600,"sd","11:22:25",1402600
67500,-600,9500,"sd","11:22:39",1412100
67500,-600,900,"sd","11:22:40",1413000
67600,-500,1000,"sd","11:22:42",1414000
67500,-600,10000,"bu","11:22:55",1424000
67500,-600,1600,"sd","11:22:57",1425600
67500,-600,100,"bu","11:22:58",1425700
67600,-500,700,"sd","11:22:59",1426400
67600,-500,2000,"bu","11:23:01",1428400
67500,-600,3100,"sd","11:23:10",1431500
67500,-600,10300,"sd","11:23:11",1441800
67500,-600,1100,"sd","11:23:14",1442900
67500,-600,10000,"bu","11:23:20",1452900
67500,-600,1000,"sd","11:23:23",1453900
67500,-600,100,"bu","11:23:25",1454000
67500,-600,600,"sd","11:23:27",1454600
67500,-600,900,"sd","11:23:40",1455500
67500,-600,2300,"bu","11:23:42",1457800
67500,-600,200,"sd","11:23:43",1458000
67500,-600,1000,"sd","11:23:53",1459000
67500,-600,100,"sd","11:23:55",1459100
67500,-600,600,"bu","11:23:59",1459700
67600,-500,200,"sd","11:24:01",1459900
67500,-600,900,"sd","11:24:10",1460800
67500,-600,2300,"bu","11:24:14",1463100
67600,-500,1200,"bu","11:24:15",1464300
67500,-600,600,"bu","11:24:29",1464900
67500,-600,27000,"bu","11:24:37",1491900
67500,-600,2700,"sd","11:24:39",1494600
67500,-600,900,"sd","11:24:40",1495500
67500,-600,200,"bu","11:24:41",1495700
67500,-600,100,"bu","11:24:43",1495800
67500,-600,22300,"bu","11:24:45",1518100
67500,-600,2200,"bu","11:24:48",1520300
67500,-600,200,"bu","11:24:49",1520500
67500,-600,600,"sd","11:25:00",1521100
67500,-600,300,"bu","11:25:02",1521400
67500,-600,900,"sd","11:25:10",1522300
67500,-600,1000,"bu","11:25:13",1523300
67500,-600,100,"bu","11:25:15",1523400
67500,-600,4500,"bu","11:25:18",1527900
67500,-600,400,"sd","11:25:19",1528300
67500,-600,1000,"sd","11:25:27",1529300
67500,-600,100,"bu","11:25:28",1529400
67500,-600,5500,"bu","11:25:30",1534900
67500,-600,500,"bu","11:25:31",1535400
67500,-600,600,"sd","11:25:32",1536000
67500,-600,100,"bu","11:25:33",1536100
67500,-600,1200,"bu","11:25:34",1537300
67500,-600,100,"sd","11:25:37",1537400
67500,-600,900,"bu","11:25:40",1538300
67600,-500,2000,"bu","11:25:47",1540300
67500,-600,2500,"bu","11:25:50",1542800
67500,-600,600,"bu","11:26:03",1543400
67500,-600,1100,"sd","11:26:10",1544500
67500,-600,100,"bu","11:26:13",1544600
67500,-600,2500,"bu","11:26:23",1547100
67500,-600,700,"sd","11:26:34",1547800
67500,-600,900,"bu","11:26:40",1548700
67500,-600,16500,"sd","11:26:49",1565200
67500,-600,1600,"bu","11:26:51",1566800
67500,-600,100,"sd","11:26:53",1566900
67500,-600,2500,"bu","11:26:54",1569400
67500,-600,1500,"bu","11:27:02",1570900
67500,-600,100,"sd","11:27:03",1571000
67500,-600,700,"sd","11:27:05",1571700
67500,-600,900,"sd","11:27:11",1572600
67500,-600,2300,"bu","11:27:26",1574900
67500,-600,200,"sd","11:27:29",1575100
67500,-600,800,"bu","11:27:35",1575900
67500,-600,900,"sd","11:27:41",1576800
67600,-500,200,"sd","11:27:49",1577000
67600,-500,500,"sd","11:27:53",1577500
67500,-600,2300,"bu","11:27:58",1579800
67500,-600,200,"bu","11:28:01",1580000
67500,-600,10000,"bu","11:28:02",1590000
67500,-600,1000,"bu","11:28:05",1591000
67500,-600,800,"sd","11:28:06",1591800
67500,-600,100,"bu","11:28:07",1591900
67500,-600,4900,"sd","11:28:10",1596800
67600,-500,500,"bu","11:28:13",1597300
67500,-600,10000,"sd","11:28:25",1607300
67500,-600,2700,"sd","11:28:27",1610000
67500,-600,200,"sd","11:28:29",1610200
67500,-600,2300,"bu","11:28:30",1612500
67500,-600,200,"bu","11:28:31",1612700
67500,-600,2800,"bu","11:28:41",1615500
67500,-600,200,"bu","11:28:43",1615700
67500,-600,1000,"sd","11:28:52",1616700
67500,-600,100,"bu","11:29:10",1616800
67500,-600,1000,"bu","11:29:13",1617800
67500,-600,500,"bu","11:29:29",1618300
67500,-600,5000,"sd","11:29:35",1623300
67500,-600,500,"sd","11:29:37",1623800
67500,-600,100,"sd","11:29:58",1623900
67400,-700,1600,"sd","13:00:14",1625500
67500,-600,800,"sd","13:00:15",1626300
67500,-600,800,"bu","13:00:16",1627100
67500,-600,1900,"bu","13:00:17",1629400
67500,-600,100,"sd","13:00:27",1629500
67500,-600,1000,"sd","13:00:30",1630500
67500,-600,500,"sd","13:00:31",1631000
67600,-500,700,"sd","13:00:32",1631700
67500,-600,2400,"sd","13:00:33",1634100
67500,-600,500,"sd","13:00:35",1634600
67500,-600,200,"sd","13:00:37",1634800
67500,-600,100,"sd","13:00:39",1634900
67600,-500,3300,"sd","13:00:49",1638200
67500,-600,500,"bu","13:00:58",1638700
67500,-600,600,"bu","13:01:00",1639300
67500,-600,500,"sd","13:01:02",1639800
67500,-600,100,"sd","13:01:03",1639900
67500,-600,1600,"sd","13:01:04",1641500
67500,-600,100,"bu","13:01:07",1641600
67600,-500,2000,"sd","13:01:14",1643600
67500,-600,1200,"sd","13:01:32",1644800
67500,-600,1500,"bu","13:01:36",1646300
67500,-600,100,"bu","13:01:37",1646400
67500,-600,1000,"sd","13:01:50",1647400
67500,-600,100,"sd","13:01:52",1647500
67500,-600,2800,"bu","13:02:08",1650300
67500,-600,100,"bu","13:02:09",1650400
67500,-600,500,"bu","13:02:20",1650900
67500,-600,600,"bu","13:02:32",1651500
67500,-600,1800,"sd","13:02:39",1653300
67500,-600,200,"bu","13:02:40",1653500
67500,-600,2500,"sd","13:03:03",1656000
67500,-600,1900,"sd","13:03:06",1657900
67500,-600,1400,"bu","13:03:07",1659300
67500,-600,1500,"bu","13:03:11",1660800
67400,-700,2900,"bu","13:03:44",1663700
67400,-700,100,"bu","13:03:45",1663800
67500,-600,500,"bu","13:04:02",1664300
67500,-600,100,"sd","13:04:14",1664400
67500,-600,3400,"sd","13:04:32",1667800
67400,-700,600,"sd","13:04:33",1668400
67400,-700,2100,"bu","13:05:02",1670500
67500,-600,1300,"bu","13:05:16",1671800
67500,-600,1500,"bu","13:05:20",1673300
67500,-600,100,"sd","13:05:21",1673400
67500,-600,700,"bu","13:05:32",1674100
67500,-600,500,"sd","13:05:34",1674600
67500,-600,1500,"bu","13:05:53",1676100
67500,-600,100,"bu","13:05:55",1676200
67500,-600,500,"bu","13:05:59",1676700
67500,-600,600,"sd","13:06:02",1677300
67500,-600,500,"sd","13:06:03",1677800
67500,-600,1500,"bu","13:06:25",1679300
67500,-600,100,"bu","13:06:27",1679400
67600,-500,1400,"sd","13:06:33",1680800
67500,-600,1500,"sd","13:06:58",1682300
67500,-600,100,"sd","13:06:59",1682400
67500,-600,600,"sd","13:07:02",1683000
67500,-600,500,"sd","13:07:03",1683500
67500,-600,1600,"sd","13:07:33",1685100
67500,-600,1100,"sd","13:07:34",1686200
67500,-600,100,"bu","13:07:35",1686300
67500,-600,1600,"sd","13:08:01",1687900
67500,-600,1200,"sd","13:08:03",1689100
67500,-600,100,"bu","13:08:05",1689200
67500,-600,4000,"bu","13:08:26",1693200
67500,-600,400,"sd","13:08:27",1693600
67500,-600,2800,"bu","13:08:29",1696400
67500,-600,200,"bu","13:08:31",1696600
67500,-600,1900,"sd","13:08:33",1698500
67400,-700,500,"bu","13:08:34",1699000
67400,-700,200,"sd","13:08:35",1699200
67500,-600,300,"bu","13:08:57",1699500
67400,-700,500,"sd","13:09:04",1700000
67400,-700,1500,"bu","13:09:05",1701500
67400,-700,100,"bu","13:09:07",1701600
67500,-600,1400,"sd","13:09:10",1703000
67400,-700,500,"bu","13:09:34",1703500
67400,-700,1500,"bu","13:09:38",1705000
67400,-700,100,"bu","13:09:39",1705100
67400,-700,500,"sd","13:10:04",1705600
67400,-700,1500,"sd","13:10:10",1707100
67500,-600,800,"bu","13:10:34",1707900
67400,-700,1500,"sd","13:10:41",1709400
67400,-700,700,"sd","13:11:05",1710100
67500,-600,100,"sd","13:11:11",1710200
67500,-600,2000,"bu","13:11:14",1712200
67500,-600,600,"bu","13:11:31",1712800
67400,-700,2000,"bu","13:11:46",1714800
67400,-700,200,"bu","13:11:47",1715000
67400,-700,500,"bu","13:12:05",1715500
67500,-600,300,"bu","13:12:09",1715800
67400,-700,1500,"bu","13:12:19",1717300
67400,-700,100,"bu","13:12:20",1717400
67500,-600,3000,"sd","13:12:21",1720400
67500,-600,400,"sd","13:12:23",1720800
67400,-700,500,"bu","13:12:36",1721300
67500,-600,10100,"bu","13:12:38",1731400
67400,-700,2100,"sd","13:13:05",1733500
67400,-700,2700,"sd","13:13:23",1736200
67500,-600,10000,"sd","13:13:30",1746200
67500,-600,100,"sd","13:13:33",1746300
67400,-700,20500,"sd","13:13:35",1766800
67500,-600,100,"bu","13:13:36",1766900
67500,-600,700,"sd","13:13:40",1767600
67400,-700,1600,"sd","13:13:54",1769200
67400,-700,100,"sd","13:13:56",1769300
67400,-700,500,"bu","13:14:05",1769800
67500,-600,500,"sd","13:14:23",1770300
67400,-700,1600,"sd","13:14:27",1771900
67400,-700,100,"bu","13:14:30",1772000
67400,-700,600,"bu","13:14:36",1772600
67500,-600,200,"bu","13:14:50",1772800
67500,-600,1000,"sd","13:14:51",1773800
67400,-700,1600,"bu","13:15:00",1775400
67400,-700,100,"bu","13:15:02",1775500
67400,-700,500,"sd","13:15:06",1776000
67400,-700,200,"bu","13:15:31",1776200
67400,-700,1600,"bu","13:15:32",1777800
67400,-700,100,"bu","13:15:33",1777900
67400,-700,500,"sd","13:15:35",1778400
67500,-600,5000,"bu","13:15:46",1783400
67500,-600,3000,"sd","13:15:51",1786400
67400,-700,1600,"bu","13:16:04",1788000
67400,-700,100,"bu","13:16:05",1788100
67500,-600,5100,"sd","13:16:14",1793200
67500,-600,200,"sd","13:16:29",1793400
67400,-700,2300,"bu","13:16:37",1795700
67500,-600,7500,"bu","13:16:42",1803200
67500,-600,700,"bu","13:16:43",1803900
67500,-600,2700,"bu","13:17:02",1806600
67500,-600,2400,"bu","13:17:07",1809000
67400,-700,1600,"bu","13:17:10",1810600
67400,-700,100,"bu","13:17:12",1810700
67500,-600,1100,"sd","13:17:23",1811800
67400,-700,500,"sd","13:17:36",1812300
67400,-700,1600,"bu","13:17:41",1813900
67400,-700,100,"sd","13:17:43",1814000
67400,-700,4200,"sd","13:17:58",1818200
67400,-700,400,"bu","13:17:59",1818600
67400,-700,500,"bu","13:18:06",1819100
67400,-700,100,"bu","13:18:10",1819200
67400,-700,1600,"bu","13:18:13",1820800
67400,-700,100,"bu","13:18:15",1820900
67500,-600,1000,"bu","13:18:24",1821900
67400,-700,1800,"bu","13:18:32",1823700
67400,-700,2500,"sd","13:18:35",1826200
67400,-700,500,"sd","13:18:36",1826700
67500,-600,600,"bu","13:18:43",1827300
67400,-700,1800,"sd","13:18:44",1829100
67400,-700,8500,"bu","13:18:57",1837600
67400,-700,800,"sd","13:19:00",1838400
67400,-700,200,"bu","13:19:03",1838600
67400,-700,6000,"sd","13:19:14",1844600
67400,-700,500,"sd","13:19:15",1845100
67500,-600,1900,"sd","13:19:23",1847000
67500,-600,4300,"sd","13:19:31",1851300
67400,-700,500,"bu","13:19:37",1851800
67400,-700,1600,"sd","13:19:49",1853400
67400,-700,100,"sd","13:19:51",1853500
67400,-700,400,"sd","13:20:00",1853900
67400,-700,20000,"sd","13:20:04",1873900
67400,-700,2000,"bu","13:20:05",1875900
67400,-700,500,"bu","13:20:06",1876400
67400,-700,200,"sd","13:20:08",1876600
67400,-700,30100,"bu","13:20:13",1906700
67400,-700,19100,"bu","13:20:19",1925800
67400,-700,3800,"sd","13:20:24",1929600
67400,-700,1000,"bu","13:20:34",1930600
67400,-700,100,"sd","13:20:35",1930700
67400,-700,500,"sd","13:20:36",1931200
67400,-700,1600,"bu","13:20:54",1932800
67400,-700,100,"sd","13:20:55",1932900
67500,-600,2000,"bu","13:21:01",1934900
67400,-700,500,"bu","13:21:07",1935400
67400,-700,100,"bu","13:21:12",1935500
67500,-600,700,"bu","13:21:22",1936200
67400,-700,4600,"sd","13:21:26",1940800
67400,-700,400,"bu","13:21:27",1941200
67400,-700,500,"sd","13:21:36",1941700
67400,-700,1000,"sd","13:21:41",1942700
67400,-700,100,"sd","13:21:44",1942800
67400,-700,1600,"bu","13:21:58",1944400
67400,-700,100,"bu","13:21:59",1944500
67400,-700,20000,"bu","13:22:03",1964500
67500,-600,1200,"sd","13:22:05",1965700
67400,-700,2100,"bu","13:22:06",1967800
67400,-700,700,"sd","13:22:07",1968500
67400,-700,6800,"bu","13:22:12",1975300
67400,-700,2000,"bu","13:22:18",1977300
67400,-700,1500,"sd","13:22:23",1978800
67300,-800,5000,"bu","13:22:30",1983800
67300,-800,400,"bu","13:22:31",1984200
67400,-700,2900,"sd","13:22:35",1987100
67300,-800,500,"bu","13:22:38",1987600
67400,-700,400,"bu","13:22:39",1988000
67400,-700,1100,"sd","13:22:43",1989100
67400,-700,200,"bu","13:22:44",1989300
67400,-700,500,"sd","13:22:52",1989800
67400,-700,100,"bu","13:22:55",1989900
67300,-800,1700,"sd","13:23:01",1991600
67400,-700,9100,"sd","13:23:03",2000700
67400,-700,900,"sd","13:23:06",2001600
67400,-700,500,"bu","13:23:07",2002100
67400,-700,4700,"bu","13:23:15",2006800
67400,-700,3100,"bu","13:23:25",2009900
67400,-700,1100,"sd","13:23:27",2011000
67400,-700,3200,"sd","13:23:28",2014200
67400,-700,9800,"sd","13:23:29",2024000
67400,-700,100,"sd","13:23:32",2024100
67500,-600,2300,"bu","13:23:34",2026400
67500,-600,3000,"bu","13:23:39",2029400
67400,-700,800,"sd","13:23:42",2030200
67400,-700,1100,"bu","13:23:46",2031300
67400,-700,4100,"bu","13:23:47",2035400
67400,-700,400,"sd","13:23:49",2035800
67400,-700,1600,"sd","13:24:06",2037400
67400,-700,600,"sd","13:24:08",2038000
67500,-600,1000,"sd","13:24:13",2039000
67400,-700,38400,"bu","13:24:22",2077400
67400,-700,600,"bu","13:24:24",2078000
67400,-700,500,"bu","13:24:29",2078500
67400,-700,100,"sd","13:24:30",2078600
67400,-700,2800,"sd","13:24:31",2081400
67400,-700,200,"bu","13:24:33",2081600
67400,-700,500,"bu","13:24:38",2082100
67400,-700,1800,"bu","13:24:39",2083900
67400,-700,5500,"bu","13:24:42",2089400
67500,-600,100,"bu","13:24:44",2089500
67400,-700,1800,"bu","13:25:06",2091300
67300,-800,500,"sd","13:25:08",2091800
67400,-700,200,"sd","13:25:10",2092000
67300,-800,1600,"bu","13:25:12",2093600
67300,-800,100,"sd","13:25:13",2093700
67400,-700,500,"sd","13:25:19",2094200
67400,-700,100,"sd","13:25:27",2094300
67400,-700,500,"sd","13:25:38",2094800
67400,-700,100,"bu","13:25:43",2094900
67400,-700,2200,"sd","13:26:07",2097100
67300,-800,1700,"sd","13:26:17",2098800
67500,-600,3500,"sd","13:26:38",2102300
67300,-800,1600,"bu","13:26:49",2103900
67400,-700,300,"sd","13:27:04",2104200
67400,-700,2200,"bu","13:27:24",2106400
67400,-700,500,"sd","13:27:31",2106900
67400,-700,500,"sd","13:27:39",2107400
67300,-800,2300,"bu","13:28:08",2109700
67400,-700,400,"sd","13:28:13",2110100
67300,-800,1600,"sd","13:28:27",2111700
67300,-800,100,"sd","13:28:30",2111800
67300,-800,600,"bu","13:28:38",2112400
67400,-700,100,"sd","13:28:47",2112500
67300,-800,1600,"sd","13:28:59",2114100
67300,-800,100,"bu","13:29:00",2114200
67400,-700,400,"bu","13:29:03",2114600
67400,-700,300,"bu","13:29:07",2114900
67300,-800,500,"sd","13:29:08",2115400
67300,-800,1600,"bu","13:29:32",2117000
67300,-800,100,"sd","13:29:33",2117100
67300,-800,600,"bu","13:29:38",2117700
67400,-700,3000,"sd","13:29:42",2120700
67400,-700,200,"bu","13:30:02",2120900
67400,-700,300,"bu","13:30:03",2121200
67300,-800,1600,"bu","13:30:05",2122800
67400,-700,5100,"sd","13:30:06",2127900
67400,-700,200,"sd","13:30:08",2128100
67400,-700,600,"sd","13:30:18",2128700
67300,-800,11400,"sd","13:30:29",2140100
67300,-800,600,"bu","13:30:32",2140700
67300,-800,1600,"sd","13:30:36",2142300
67300,-800,600,"sd","13:30:38",2142900
67400,-700,300,"sd","13:30:47",2143200
67400,-700,2700,"sd","13:31:10",2145900
67300,-800,500,"sd","13:31:38",2146400
67300,-800,1700,"bu","13:31:40",2148100
67400,-700,1100,"bu","13:31:55",2149200
67400,-700,300,"bu","13:31:56",2149500
67300,-800,500,"bu","13:32:09",2150000
67300,-800,1600,"bu","13:32:13",2151600
67300,-800,100,"sd","13:32:14",2151700
67300,-800,1300,"sd","13:32:32",2153000
67300,-800,100,"bu","13:32:34",2153100
67300,-800,200,"bu","13:32:35",2153300
67300,-800,500,"sd","13:32:39",2153800
67300,-800,1600,"sd","13:32:44",2155400
67300,-800,100,"bu","13:32:45",2155500
67400,-700,1100,"bu","13:33:00",2156600
67300,-800,500,"sd","13:33:09",2157100
67300,-800,2700,"bu","13:33:16",2159800
67300,-800,100,"sd","13:33:17",2159900
67400,-700,1500,"sd","13:33:19",2161400
67300,-800,900,"sd","13:33:22",2162300
67300,-800,600,"bu","13:33:23",2162900
67300,-800,5100,"bu","13:33:25",2168000
67300,-800,500,"bu","13:33:28",2168500
67400,-700,200,"bu","13:33:36",2168700
67300,-800,5500,"sd","13:33:39",2174200
67300,-800,100,"sd","13:33:40",2174300
67300,-800,500,"bu","13:33:42",2174800
67300,-800,1600,"sd","13:33:48",2176400
67300,-800,100,"sd","13:33:49",2176500
67300,-800,4200,"bu","13:34:04",2180700
67300,-800,300,"sd","13:34:05",2181000
67300,-800,500,"sd","13:34:09",2181500
67300,-800,600,"bu","13:34:17",2182100
67300,-800,1600,"sd","13:34:20",2183700
67300,-800,1100,"sd","13:34:21",2184800
67400,-700,400,"bu","13:34:22",2185200
67300,-800,1600,"sd","13:34:24",2186800
67300,-800,100,"sd","13:34:26",2186900
67300,-800,12100,"bu","13:34:42",2199000
67300,-800,1000,"sd","13:34:43",2200000
67300,-800,100,"bu","13:34:46",2200100
67300,-800,11700,"bu","13:34:57",2211800
67400,-700,1100,"bu","13:34:58",2212900
67300,-800,500,"sd","13:35:04",2213400
67300,-800,1700,"bu","13:35:12",2215100
67300,-800,100,"bu","13:35:13",2215200
67300,-800,1000,"sd","13:35:20",2216200
67300,-800,1000,"sd","13:35:22",2217200
67300,-800,200,"bu","13:35:23",2217400
67300,-800,1600,"sd","13:35:25",2219000
67300,-800,6500,"sd","13:35:26",2225500
67300,-800,27700,"sd","13:35:27",2253200
67200,-900,500,"bu","13:35:39",2253700
67200,-900,1600,"bu","13:35:58",2255300
67200,-900,100,"bu","13:35:59",2255400
67300,-800,1100,"bu","13:36:08",2256500
67200,-900,500,"sd","13:36:09",2257000
67300,-800,3400,"sd","13:36:11",2260400
67300,-800,100,"sd","13:36:23",2260500
67300,-800,2000,"bu","13:36:31",2262500
67300,-800,1000,"sd","13:36:33",2263500
67200,-900,500,"bu","13:36:40",2264000
67300,-800,300,"sd","13:36:47",2264300
67300,-800,500,"sd","13:36:50",2264800
67300,-800,4300,"sd","13:36:52",2269100
67300,-800,400,"sd","13:36:53",2269500
67200,-900,2000,"sd","13:37:01",2271500
67200,-900,100,"sd","13:37:04",2271600
67300,-800,1300,"sd","13:37:16",2272900
67300,-800,1000,"sd","13:37:19",2273900
67300,-800,100,"bu","13:37:21",2274000
67200,-900,2200,"bu","13:37:41",2276200
67200,-900,20000,"sd","13:37:46",2296200
67200,-900,2400,"bu","13:37:48",2298600
67200,-900,200,"bu","13:37:49",2298800
67300,-800,700,"sd","13:38:01",2299500
67200,-900,1600,"sd","13:38:07",2301100
67200,-900,600,"sd","13:38:11",2301700
67300,-800,1000,"sd","13:38:15",2302700
67300,-800,500,"sd","13:38:16",2303200
67200,-900,1600,"sd","13:38:38",2304800
67200,-900,100,"bu","13:38:39",2304900
67200,-900,500,"bu","13:38:40",2305400
67300,-800,1000,"sd","13:38:47",2306400
67200,-900,3000,"bu","13:39:00",2309400
67200,-900,300,"bu","13:39:01",2309700
67200,-900,5000,"bu","13:39:04",2314700
67200,-900,500,"bu","13:39:05",2315200
67300,-800,200,"bu","13:39:07",2315400
67200,-900,1600,"sd","13:39:09",2317000
67200,-900,700,"sd","13:39:11",2317700
67200,-900,1600,"bu","13:39:12",2319300
67200,-900,100,"bu","13:39:14",2319400
67200,-900,1800,"bu","13:39:18",2321200
67100,-1000,5900,"bu","13:39:28",2327100
67100,-1000,2000,"sd","13:39:29",2329100
67100,-1000,200,"bu","13:39:31",2329300
67200,-900,1000,"sd","13:39:39",2330300
67100,-1000,500,"bu","13:39:41",2330800
67100,-1000,1700,"bu","13:39:42",2332500
67100,-1000,100,"sd","13:39:44",2332600
67200,-900,7800,"sd","13:40:06",2340400
67200,-900,700,"bu","13:40:07",2341100
67200,-900,500,"bu","13:40:11",2341600
67200,-900,1600,"bu","13:40:15",2343200
67200,-900,400,"bu","13:40:17",2343600
67200,-900,5200,"sd","13:40:34",2348800
67200,-900,400,"sd","13:40:35",2349200
67100,-1000,500,"bu","13:40:41",2349700
67200,-900,1000,"bu","13:40:43",2350700
67100,-1000,1600,"bu","13:40:47",2352300
67100,-1000,100,"sd","13:40:48",2352400
67200,-900,200,"bu","13:41:00",2352600
67200,-900,2000,"sd","13:41:02",2354600
67100,-1000,6600,"sd","13:41:03",2361200
67100,-1000,800,"bu","13:41:04",2362000
67100,-1000,500,"sd","13:41:12",2362500
67200,-900,2600,"bu","13:41:17",2365100
67100,-1000,1600,"bu","13:41:20",2366700
67200,-900,1000,"sd","13:41:35",2367700
67200,-900,300,"sd","13:41:39",2368000
67200,-900,1300,"bu","13:41:41",2369300
67200,-900,100,"sd","13:41:44",2369400
67200,-900,4800,"bu","13:41:46",2374200
67200,-900,400,"sd","13:41:48",2374600
67300,-800,700,"sd","13:41:50",2375300
67200,-900,1800,"bu","13:41:51",2377100
67300,-800,700,"bu","13:41:55",2377800
67300,-800,3600,"sd","13:42:06",2381400
67200,-900,3700,"sd","13:42:12",2385100
67200,-900,1700,"sd","13:42:23",2386800
67300,-800,2000,"bu","13:42:32",2388800
67300,-800,200,"bu","13:42:34",2389000
67300,-800,500,"bu","13:42:41",2389500
67300,-800,1600,"sd","13:42:56",2391100
67300,-800,100,"sd","13:42:57",2391200
67300,-800,5200,"bu","13:43:12",2396400
67400,-700,700,"bu","13:43:16",2397100
67500,-600,7200,"bu","13:43:21",2404300
67500,-600,700,"bu","13:43:22",2405000
67500,-600,6500,"bu","13:43:27",2411500
67400,-700,4400,"sd","13:43:28",2415900
67400,-700,400,"bu","13:43:30",2416300
67400,-700,1000,"bu","13:43:34",2417300
67400,-700,4200,"bu","13:43:36",2421500
67400,-700,700,"bu","13:43:37",2422200
67300,-800,500,"bu","13:43:42",2422700
67300,-800,1700,"sd","13:43:45",2424400
67400,-700,200,"bu","13:43:46",2424600
67400,-700,100,"bu","13:43:48",2424700
67500,-600,2000,"sd","13:43:49",2426700
67400,-700,1800,"bu","13:44:00",2428500
67400,-700,1200,"bu","13:44:15",2429700
67400,-700,3000,"sd","13:44:18",2432700
67300,-800,1800,"sd","13:44:27",2434500
67400,-700,100,"sd","13:44:29",2434600
67400,-700,200,"sd","13:44:33",2434800
67400,-700,100,"bu","13:44:34",2434900
67400,-700,1700,"sd","13:44:42",2436600
67400,-700,2000,"bu","13:44:43",2438600
67400,-700,1900,"bu","13:45:02",2440500
67400,-700,600,"bu","13:45:12",2441100
67400,-700,1800,"sd","13:45:13",2442900
67400,-700,100,"bu","13:45:17",2443000
67400,-700,11800,"bu","13:45:41",2454800
67500,-600,3100,"bu","13:45:49",2457900
67400,-700,9700,"sd","13:45:51",2467600
67400,-700,200,"sd","13:46:01",2467800
67400,-700,100,"sd","13:46:04",2467900
67300,-800,1400,"sd","13:46:11",2469300
67400,-700,200,"sd","13:46:13",2469500
67400,-700,1700,"sd","13:46:17",2471200
67500,-600,1000,"sd","13:46:19",2472200
67500,-600,500,"sd","13:46:26",2472700
67400,-700,7600,"sd","13:46:29",2480300
67300,-800,2000,"bu","13:46:34",2482300
67400,-700,3600,"bu","13:46:55",2485900
67400,-700,200,"sd","13:46:56",2486100
67400,-700,1900,"bu","13:47:10",2488000
67300,-800,2400,"sd","13:47:39",2490400
67400,-700,800,"bu","13:47:58",2491200
67400,-700,1700,"sd","13:48:10",2492900
67400,-700,100,"bu","13:48:11",2493000
67400,-700,600,"sd","13:48:13",2493600
67500,-600,200,"bu","13:48:16",2493800
67400,-700,100,"sd","13:48:23",2493900
67400,-700,6000,"bu","13:48:42",2499900
67400,-700,3800,"sd","13:49:01",2503700
67300,-800,600,"sd","13:49:13",2504300
67300,-800,1800,"bu","13:49:22",2506100
67300,-800,100,"sd","13:49:23",2506200
67300,-800,700,"sd","13:49:45",2506900
67400,-700,2700,"sd","13:49:48",2509600
67400,-700,200,"sd","13:49:49",2509800
67400,-700,5500,"sd","13:49:55",2515300
67300,-800,1900,"sd","13:49:57",2517200
67400,-700,100,"bu","13:50:11",2517300
67400,-700,600,"sd","13:50:13",2517900
67400,-700,1900,"sd","13:50:15",2519800
67300,-800,1700,"sd","13:50:26",2521500
67400,-700,100,"bu","13:50:27",2521600
67400,-700,500,"sd","13:50:29",2522100
67300,-800,600,"bu","13:50:43",2522700
67300,-800,5000,"bu","13:50:59",2527700
67300,-800,2400,"sd","13:51:02",2530100
67300,-800,800,"bu","13:51:13",2530900
67300,-800,1700,"bu","13:51:31",2532600
67300,-800,100,"sd","13:51:32",2532700
67400,-700,1400,"bu","13:51:40",2534100
67300,-800,600,"sd","13:51:43",2534700
67300,-800,16400,"bu","13:51:45",2551100
67300,-800,1600,"bu","13:51:46",2552700
67300,-800,100,"bu","13:51:48",2552800
67300,-800,2400,"bu","13:52:03",2555200
67300,-800,100,"sd","13:52:06",2555300
67300,-800,600,"bu","13:52:14",2555900
67400,-700,10100,"bu","13:52:20",2566000
67300,-800,1800,"sd","13:52:37",2567800
67300,-800,10100,"bu","13:52:40",2577900
67300,-800,1000,"sd","13:52:41",2578900
67300,-800,600,"sd","13:52:43",2579500
67300,-800,100,"bu","13:52:44",2579600
67300,-800,1000,"sd","13:52:53",2580600
67300,-800,100,"sd","13:52:54",2580700
67300,-800,1800,"bu","13:53:09",2582500
67300,-800,100,"sd","13:53:11",2582600
67300,-800,6000,"sd","13:53:14",2588600
67300,-800,100,"sd","13:53:16",2588700
67300,-800,11000,"bu","13:53:39",2599700
67300,-800,2000,"sd","13:53:41",2601700
67300,-800,2600,"bu","13:53:44",2604300
67300,-800,200,"sd","13:53:46",2604500
67300,-800,5400,"sd","13:54:13",2609900
67300,-800,500,"sd","13:54:16",2610400
67400,-700,100,"bu","13:54:35",2610500
67300,-800,600,"bu","13:54:44",2611100
67300,-800,1800,"bu","13:54:46",2612900
67300,-800,100,"sd","13:54:47",2613000
67300,-800,2200,"sd","13:55:13",2615200
67300,-800,1800,"bu","13:55:18",2617000
67300,-800,100,"bu","13:55:20",2617100
67300,-800,700,"sd","13:55:44",2617800
67300,-800,1800,"bu","13:55:52",2619600
67300,-800,100,"bu","13:55:53",2619700
67400,-700,1000,"bu","13:56:06",2620700
67400,-700,200,"bu","13:56:08",2620900
67300,-800,600,"sd","13:56:15",2621500
67300,-800,1800,"sd","13:56:23",2623300
67300,-800,100,"sd","13:56:26",2623400
67300,-800,1200,"sd","13:56:28",2624600
67300,-800,100,"bu","13:56:29",2624700
67300,-800,1000,"bu","13:56:43",2625700
67300,-800,600,"bu","13:56:45",2626300
67300,-800,100,"bu","13:56:46",2626400
67400,-700,4000,"sd","13:56:57",2630400
67300,-800,300,"sd","13:57:00",2630700
67300,-800,600,"sd","13:57:14",2631300
67300,-800,1800,"sd","13:57:29",2633100
67400,-700,4000,"sd","13:57:30",2637100
67300,-800,700,"sd","13:57:44",2637800
67400,-700,100,"sd","13:57:46",2637900
67400,-700,900,"bu","13:57:47",2638800
67300,-800,1800,"sd","13:58:01",2640600
67300,-800,100,"sd","13:58:04",2640700
67300,-800,600,"sd","13:58:15",2641300
67300,-800,10000,"bu","13:58:24",2651300
67300,-800,1000,"bu","13:58:26",2652300
67300,-800,100,"bu","13:58:28",2652400
67300,-800,1800,"sd","13:58:34",2654200
67400,-700,1100,"sd","13:58:36",2655300
67400,-700,100,"sd","13:58:37",2655400
67400,-700,600,"sd","13:58:44",2656000
67400,-700,100,"sd","13:58:48",2656100
67400,-700,1800,"sd","13:59:08",2657900
67400,-700,100,"bu","13:59:09",2658000
67300,-800,2400,"bu","13:59:40",2660400
67300,-800,100,"bu","13:59:42",2660500
67300,-800,600,"bu","13:59:45",2661100
67300,-800,1900,"bu","14:00:13",2663000
67300,-800,600,"bu","14:00:15",2663600
67400,-700,100,"sd","14:00:37",2663700
67400,-700,2000,"bu","14:00:42",2665700
67400,-700,1000,"sd","14:00:44",2666700
67400,-700,2600,"bu","14:00:46",2669300
67300,-800,2400,"sd","14:01:17",2671700
67300,-800,100,"sd","14:01:19",2671800
67300,-800,2400,"bu","14:01:51",2674200
67300,-800,100,"bu","14:01:52",2674300
67400,-700,200,"bu","14:01:59",2674500
67300,-800,600,"bu","14:02:16",2675100
67300,-800,1800,"sd","14:02:23",2676900
67300,-800,1100,"bu","14:02:35",2678000
67300,-800,100,"bu","14:02:36",2678100
67300,-800,600,"sd","14:02:46",2678700
67300,-800,3300,"sd","14:02:49",2682000
67300,-800,1800,"sd","14:02:54",2683800
67400,-700,100,"sd","14:02:57",2683900
67400,-700,8400,"bu","14:03:04",2692300
67400,-700,2000,"bu","14:03:13",2694300
67300,-800,600,"sd","14:03:16",2694900
67300,-800,1900,"sd","14:03:26",2696800
67300,-800,100,"sd","14:03:27",2696900
67300,-800,600,"bu","14:03:45",2697500
67300,-800,1900,"bu","14:04:00",2699400
67400,-700,300,"bu","14:04:07",2699700
67300,-800,600,"sd","14:04:16",2700300
67400,-700,200,"sd","14:04:19",2700500
67400,-700,2000,"bu","14:04:26",2702500
67300,-800,1800,"sd","14:04:33",2704300
67300,-800,100,"sd","14:04:34",2704400
67300,-800,1100,"sd","14:04:47",2705500
67300,-800,100,"sd","14:04:48",2705600
67300,-800,2000,"sd","14:05:03",2707600
67300,-800,100,"bu","14:05:06",2707700
67300,-800,600,"sd","14:05:17",2708300
67300,-800,1800,"sd","14:05:36",2710100
67400,-700,900,"sd","14:05:38",2711000
67300,-800,100,"bu","14:05:41",2711100
67500,-600,19400,"sd","14:05:55",2730500
67300,-800,1800,"bu","14:06:11",2732300
67300,-800,2500,"sd","14:06:40",2734800
67300,-800,100,"sd","14:06:41",2734900
67300,-800,600,"bu","14:06:46",2735500
67300,-800,4900,"bu","14:06:57",2740400
67300,-800,10000,"bu","14:07:05",2750400
67300,-800,1000,"sd","14:07:07",2751400
67300,-800,100,"sd","14:07:10",2751500
67300,-800,1800,"bu","14:07:11",2753300
67300,-800,100,"sd","14:07:15",2753400
67300,-800,1000,"bu","14:07:16",2754400
67300,-800,700,"bu","14:07:17",2755100
67300,-800,1500,"bu","14:07:21",2756600
67300,-800,100,"sd","14:07:24",2756700
67300,-800,2000,"sd","14:07:45",2758700
67300,-800,700,"bu","14:07:46",2759400
67300,-800,1100,"bu","14:08:03",2760500
67300,-800,100,"sd","14:08:06",2760600
67300,-800,2000,"sd","14:08:17",2762600
67300,-800,2100,"bu","14:08:18",2764700
67300,-800,200,"sd","14:08:20",2764900
67400,-700,1400,"sd","14:08:30",2766300
67400,-700,200,"sd","14:08:38",2766500
67300,-800,600,"bu","14:08:47",2767100
67400,-700,500,"sd","14:08:49",2767600
67300,-800,1900,"bu","14:08:52",2769500
67300,-800,100,"bu","14:08:54",2769600
67300,-800,1600,"sd","14:09:10",2771200
67300,-800,100,"bu","14:09:12",2771300
67300,-800,800,"sd","14:09:18",2772100
67300,-800,1900,"bu","14:09:22",2774000
67300,-800,3100,"sd","14:09:24",2777100
67300,-800,300,"sd","14:09:25",2777400
67300,-800,600,"sd","14:09:47",2778000
67300,-800,5400,"bu","14:09:48",2783400
67300,-800,500,"bu","14:09:50",2783900
67300,-800,1900,"sd","14:09:55",2785800
67300,-800,100,"sd","14:09:56",2785900
67300,-800,600,"bu","14:10:17",2786500
67300,-800,2000,"bu","14:10:27",2788500
67300,-800,700,"bu","14:10:35",2789200
67300,-800,600,"sd","14:10:47",2789800
67300,-800,3300,"bu","14:10:59",2793100
67300,-800,100,"sd","14:11:02",2793200
67300,-800,2500,"sd","14:11:32",2795700
67300,-800,100,"bu","14:11:34",2795800
67400,-700,5000,"bu","14:11:40",2800800
67300,-800,600,"sd","14:11:50",2801400
67400,-700,100,"bu","14:11:52",2801500
67300,-800,1900,"bu","14:12:03",2803400
67300,-800,100,"sd","14:12:06",2803500
67400,-700,700,"sd","14:12:23",2804200
67400,-700,1900,"sd","14:12:36",2806100
67400,-700,100,"sd","14:12:39",2806200
67400,-700,600,"sd","14:12:50",2806800
67400,-700,2400,"bu","14:13:09",2809200
67400,-700,100,"bu","14:13:11",2809300
67500,-600,200,"sd","14:13:15",2809500
67400,-700,700,"sd","14:13:20",2810200
67300,-800,1900,"sd","14:13:40",2812100
67300,-800,100,"sd","14:13:42",2812200
67400,-700,600,"sd","14:13:50",2812800
67400,-700,1900,"bu","14:14:13",2814700
67400,-700,100,"sd","14:14:15",2814800
67400,-700,600,"bu","14:14:20",2815400
67400,-700,1900,"sd","14:14:47",2817300
67400,-700,100,"sd","14:14:49",2817400
67400,-700,1600,"bu","14:14:51",2819000
67400,-700,100,"bu","14:14:52",2819100
67300,-800,6900,"bu","14:15:19",2826000
67400,-700,900,"bu","14:15:21",2826900
67400,-700,5700,"bu","14:15:24",2832600
67400,-700,100,"sd","14:15:38",2832700
67400,-700,2300,"sd","14:15:53",2835000
67400,-700,2000,"bu","14:15:57",2837000
67300,-800,10000,"bu","14:15:59",2847000
67300,-800,1200,"bu","14:16:01",2848200
67300,-800,100,"sd","14:16:05",2848300
67400,-700,500,"sd","14:16:16",2848800
67300,-800,1900,"sd","14:16:22",2850700
67300,-800,100,"bu","14:16:24",2850800
67400,-700,1500,"bu","14:16:29",2852300
67500,-600,2700,"sd","14:16:43",2855000
67300,-800,1900,"sd","14:16:54",2856900
67400,-700,100,"bu","14:16:55",2857000
67300,-800,3900,"sd","14:17:58",2860900
67300,-800,100,"bu","14:18:00",2861000
67300,-800,2000,"sd","14:18:32",2863000
67300,-800,200,"sd","14:18:34",2863200
67400,-700,2000,"sd","14:18:37",2865200
67400,-700,200,"bu","14:18:38",2865400
67400,-700,1300,"bu","14:18:59",2866700
67300,-800,2300,"sd","14:19:08",2869000
67400,-700,100,"bu","14:19:15",2869100
67400,-700,3000,"sd","14:19:42",2872100
67400,-700,2400,"bu","14:20:20",2874500
67400,-700,2100,"bu","14:20:33",2876600
67500,-600,400,"sd","14:20:35",2877000
67400,-700,2100,"sd","14:20:49",2879100
67400,-700,200,"bu","14:20:52",2879300
67500,-600,100,"bu","14:21:16",2879400
67400,-700,5500,"sd","14:21:17",2884900
67300,-800,2300,"bu","14:21:24",2887200
67500,-600,2400,"bu","14:21:40",2889600
67300,-800,24100,"bu","14:22:01",2913700
67400,-700,100,"bu","14:22:03",2913800
67400,-700,500,"sd","14:22:07",2914300
67400,-700,2000,"sd","14:22:24",2916300
67400,-700,200,"bu","14:22:25",2916500
67300,-800,2100,"bu","14:22:32",2918600
67400,-700,500,"sd","14:22:34",2919100
67400,-700,10100,"sd","14:22:38",2929200
67400,-700,5000,"bu","14:22:50",2934200
67400,-700,100,"sd","14:22:52",2934300
67300,-800,4600,"bu","14:22:54",2938900
67400,-700,100,"bu","14:22:57",2939000
67300,-800,2100,"bu","14:23:04",2941100
67400,-700,5100,"bu","14:23:06",2946200
67400,-700,500,"bu","14:23:08",2946700
67400,-700,2000,"sd","14:23:15",2948700
67400,-700,200,"bu","14:23:19",2948900
67300,-800,4200,"bu","14:23:27",2953100
67300,-800,400,"sd","14:23:29",2953500
67300,-800,500,"sd","14:23:37",2954000
67300,-800,6600,"sd","14:23:39",2960600
67300,-800,700,"bu","14:23:40",2961300
67300,-800,4900,"sd","14:23:49",2966200
67300,-800,3900,"bu","14:23:51",2970100
67300,-800,7600,"sd","14:23:55",2977700
67300,-800,100,"sd","14:23:57",2977800
67300,-800,2700,"sd","14:23:59",2980500
67200,-900,4200,"sd","14:24:01",2984700
67300,-800,2300,"bu","14:24:04",2987000
67300,-800,3200,"bu","14:24:06",2990200
67200,-900,7200,"bu","14:24:13",2997400
67200,-900,2200,"bu","14:24:24",2999600
67300,-800,100,"bu","14:24:26",2999700
67200,-900,1100,"sd","14:24:47",3000800
67200,-900,100,"sd","14:24:49",3000900
67300,-800,400,"bu","14:25:02",3001300
67200,-900,31900,"sd","14:25:08",3033200
67100,-1000,71600,"sd","14:25:10",3104800
67300,-800,200,"sd","14:25:12",3105000
67300,-800,10000,"bu","14:25:14",3115000
67300,-800,500,"bu","14:25:32",3115500
67300,-800,100,"bu","14:25:40",3115600
67300,-800,2500,"bu","14:26:12",3118100
67200,-900,2200,"bu","14:26:16",3120300
67200,-900,4200,"bu","14:26:20",3124500
67200,-900,5900,"sd","14:26:22",3130400
67200,-900,1500,"bu","14:26:23",3131900
67100,-1000,26600,"bu","14:26:34",3158500
67100,-1000,200,"sd","14:26:36",3158700
67200,-900,400,"sd","14:26:47",3159100
67200,-900,3600,"sd","14:27:04",3162700
67200,-900,1500,"sd","14:27:17",3164200
67300,-800,1000,"sd","14:27:20",3165200
67300,-800,100,"bu","14:27:29",3165300
67200,-900,300,"bu","14:27:38",3165600
67200,-900,8300,"bu","14:27:40",3173900
67200,-900,1000,"sd","14:27:44",3174900
67100,-1000,2300,"sd","14:27:46",3177200
67100,-1000,17700,"bu","14:27:48",3194900
67200,-900,200,"bu","14:27:50",3195100
67200,-900,200,"sd","14:27:58",3195300
67200,-900,100,"sd","14:28:05",3195400
67200,-900,3000,"bu","14:28:10",3198400
67200,-900,200,"bu","14:28:14",3198600
67100,-1000,7400,"bu","14:28:20",3206000
67200,-900,100,"bu","14:28:22",3206100
67000,-1100,7600,"sd","14:28:26",3213700
67000,-1100,3300,"sd","14:28:29",3217000
67100,-1000,2600,"bu","14:28:31",3219600
67100,-1000,600,"sd","14:28:34",3220200
67100,-1000,500,"bu","14:28:41",3220700
67100,-1000,300,"bu","14:28:50",3221000
67100,-1000,700,"sd","14:28:59",3221700
67100,-1000,200,"sd","14:29:00",3221900
67100,-1000,1800,"bu","14:29:02",3223700
67200,-900,100,"bu","14:29:06",3223800
67100,-1000,500,"bu","14:29:17",3224300
67100,-1000,1500,"bu","14:29:19",3225800
67100,-1000,1000,"bu","14:29:21",3226800
67100,-1000,2400,"bu","14:29:27",3229200
67100,-1000,4200,"sd","14:29:28",3233400
67000,-1100,10000,"sd","14:29:34",3243400
67100,-1000,1000,"sd","14:29:36",3244400
67100,-1000,3000,"bu","14:29:44",3247400
67200,-900,900,"bu","14:29:46",3248300
67100,-1000,1100,"bu","14:29:52",3249400
67200,-900,700,"sd","14:29:54",3250100
67000,-1100,263000,"sd","14:45:11",3513100
