"symbol","time","price","change","vol","total","side"
"BSR","14:59:58",19.1,0.2,1100,4329900,
"BSR","14:59:57",19.1,0.2,100,4328800,
"BSR","14:59:50",19,0.1,300,4328700,
"BSR","14:59:48",19.1,0.2,100,4328400,
"BSR","14:59:42",19.1,0.2,1100,4328300,
"BSR","14:59:31",19,0.1,1000,4327200,
"BSR","14:59:28",19.1,0.2,500,4326200,
"BSR","14:59:26",19.1,0.2,100,4325700,
"BSR","14:59:20",19.1,0.2,300,4325600,
"BSR","14:59:19",19,0.1,5100,4325300,
"BSR","14:59:18",19,0.1,100,4320200,
"BSR","14:59:17",19.1,0.2,5000,4320100,
"BSR","14:59:10",19.1,0.2,100,4315100,
"BSR","14:58:59",19.1,0.2,300,4315000,
"BSR","14:58:51",19.1,0.2,100,4314700,
"BSR","14:58:48",19,0.1,300,4314600,
"BSR","14:58:39",19,0.1,500,4314300,
"BSR","14:58:27",19.1,0.2,5300,4313800,
"BSR","14:58:20",19,0.1,1000,4308500,
"BSR","14:58:18",19,0.1,500,4307500,
"BSR","14:58:13",19,0.1,9000,4307000,
"BSR","14:58:04",19.1,0.2,1000,4298000,
"BSR","14:57:35",19.1,0.2,1000,4297000,
"BSR","14:57:34",19.1,0.2,400,4296000,
"BSR","14:56:59",19.1,0.2,100,4295600,
"BSR","14:56:57",19.1,0.2,100,4295500,
"BSR","14:56:40",19.1,0.2,100,4295400,
"BSR","14:56:36",19.1,0.2,1000,4295300,
"BSR","14:56:33",19.1,0.2,100,4294300,
"BSR","14:56:28",19.1,0.2,500,4294200,
"BSR","14:56:08",19.1,0.2,100,4293700,
"BSR","14:56:07",19.1,0.2,300,4293600,
"BSR","14:56:04",19.1,0.2,100,4293300,
"BSR","14:55:55",19.1,0.2,100,4293200,
"BSR","14:55:52",19,0.1,500,4293100,
"BSR","14:55:50",19,0.1,200,4292600,
"BSR","14:55:47",19.1,0.2,100,4292400,
"BSR","14:55:45",19,0.1,500,4292300,
"BSR","14:55:18",19,0.1,2000,4291800,
"BSR","14:54:17",19,0.1,1300,4289800,
"BSR","14:53:02",19,0.1,2000,4288500,
"BSR","14:52:12",19,0.1,600,4286500,
"BSR","14:51:37",19,0.1,300,4285900,
"BSR","14:51:30",19.1,0.2,600,4285600,
"BSR","14:51:15",19,0.1,5000,4285000,
"BSR","14:50:42",19,0.1,10000,4280000,
"BSR","14:50:09",19,0.1,5000,4270000,
"BSR","14:49:40",19,0.1,1000,4265000,
"BSR","14:49:29",19.1,0.2,100,4264000,
"BSR","14:49:20",19,0.1,100,4263900,
"BSR","14:47:14",19,0.1,1500,4263800,
"BSR","14:46:24",19,0.1,400,4262300,
"BSR","14:46:07",19,0.1,7000,4261900,
"BSR","14:45:38",19,0.1,1900,4254900,
"BSR","14:45:37",19,0.1,500,4253000,
"BSR","14:45:34",19,0.1,100,4252500,
"BSR","14:45:33",19,0.1,3000,4252400,
"BSR","14:45:32",19,0.1,2000,4249400,
"BSR","14:45:31",19,0.1,5000,4247400,
"BSR","14:45:28",19,0.1,50000,4242400,
"BSR","14:44:43",19,0.1,20000,4190900,
"BSR","14:44:42",19,0.1,6000,4170900,
"BSR","14:44:36",19,0.1,500,4164900,
"BSR","14:44:27",19,0.1,100,4164400,
"BSR","14:44:20",19,0.1,500,4164300,
"BSR","14:43:41",19,0.1,4000,4163800,
"BSR","14:43:36",19,0.1,200,4159800,
"BSR","14:43:19",19,0.1,300,4159600,
"BSR","14:42:05",19,0.1,2000,4159300,
"BSR","14:39:58",19,0.1,100,4157300,
"BSR","14:39:57",19,0.1,200,4157200,
"BSR","14:39:42",19,0.1,1000,4157000,
"BSR","14:39:41",19,0.1,1000,4156000,
"BSR","14:39:32",19,0.1,200,4155000,
"BSR","14:39:15",19,0.1,100,4154800,
"BSR","14:39:12",19,0.1,900,4154700,
"BSR","14:38:51",19,0.1,1000,4153800,
"BSR","14:37:27",19,0.1,400,4152800,
"BSR","14:37:08",19,0.1,1300,4152400,
"BSR","14:36:53",19,0.1,10000,4151100,
"BSR","14:36:52",19,0.1,2000,4141100,
"BSR","14:36:34",19,0.1,100,4139100,
"BSR","14:36:01",19,0.1,500,4139000,
"BSR","14:35:42",19,0.1,100,4138500,
"BSR","14:34:12",19,0.1,1000,4138400,
"BSR","14:33:56",19,0.1,2000,4137400,
"BSR","14:33:39",19,0.1,300,4135400,
"BSR","14:32:32",19,0.1,500,4135100,
"BSR","14:32:27",19,0.1,200,4134600,
"BSR","14:31:40",18.9,0,300,4134400,
"BSR","14:31:34",19,0.1,200,4134100,
"BSR","14:31:20",19,0.1,3000,4133900,
"BSR","14:31:02",19,0.1,300,4130900,
"BSR","14:31:01",19,0.1,8500,4130600,
"BSR","14:30:45",19,0.1,100,4122100,
"BSR","14:30:35",19,0.1,1200,4122000,
"BSR","14:30:33",19,0.1,2400,4120800,
"BSR","14:30:23",19,0.1,2000,4118400,
"BSR","14:30:19",19,0.1,100,4116400,
"BSR","14:30:11",19,0.1,1000,4116300,
"BSR","14:30:00",19,0.1,100,4115300,
"BSR","14:29:53",19,0.1,1000,4115200,
"BSR","14:29:40",19,0.1,100,4114200,
"BSR","14:29:36",19,0.1,200,4114100,
"BSR","14:29:07",19,0.1,2000,4113900,
"BSR","14:29:06",19,0.1,300,4111900,
"BSR","14:29:04",19,0.1,12300,4111600,
"BSR","14:28:56",19,0.1,1000,4099300,
"BSR","14:28:41",19,0.1,500,4098300,
"BSR","14:28:34",19,0.1,700,4097800,
"BSR","14:28:23",19,0.1,500,4097100,
"BSR","14:28:16",19,0.1,400,4096600,
"BSR","14:28:13",19,0.1,1000,4096200,
"BSR","14:28:12",19,0.1,4000,4095200,
"BSR","14:27:55",19,0.1,2000,4091200,
"BSR","14:27:51",19,0.1,800,4089200,
"BSR","14:27:36",18.9,0,7000,4088400,
"BSR","14:27:07",19,0.1,2000,4081400,
"BSR","14:26:55",19,0.1,100,4079400,
"BSR","14:26:52",19,0.1,200,4079300,
"BSR","14:26:43",19,0.1,500,4079100,
"BSR","14:26:33",19,0.1,1000,4078600,
"BSR","14:26:26",19,0.1,2000,4077600,
"BSR","14:25:56",19,0.1,100,4075600,
"BSR","14:25:53",18.9,0,1000,4075500,
"BSR","14:25:33",19,0.1,500,4074500,
"BSR","14:25:19",19,0.1,1200,4074000,
"BSR","14:25:17",18.9,0,1200,4072800,
"BSR","14:25:15",19,0.1,1500,4071600,
"BSR","14:25:08",19,0.1,100,4070100,
"BSR","14:25:06",19,0.1,2000,4070000,
"BSR","14:24:58",19,0.1,500,4068000,
"BSR","14:24:28",19,0.1,1600,4067500,
"BSR","14:24:22",19,0.1,5000,4065900,
"BSR","14:24:19",19,0.1,400,4060900,
"BSR","14:24:15",19,0.1,5000,4060500,
"BSR","14:24:13",19,0.1,700,4055500,
"BSR","14:24:04",19,0.1,100,4054800,
"BSR","14:24:01",19,0.1,600,4054700,
"BSR","14:23:59",19,0.1,10000,4054100,
"BSR","14:23:49",19,0.1,100,4044100,
"BSR","14:23:47",19,0.1,20500,4044000,
"BSR","14:23:37",19,0.1,500,4023500,
"BSR","14:23:29",19,0.1,500,4023000,
"BSR","14:23:20",19,0.1,1000,4022500,
"BSR","14:22:55",19,0.1,7300,4021500,
"BSR","14:22:37",19,0.1,1800,4014200,
"BSR","14:22:35",18.9,0,100,4012400,
"BSR","14:22:23",19,0.1,3000,4012300,
"BSR","14:22:18",19,0.1,1000,4009300,
"BSR","14:21:57",19,0.1,600,4008300,
"BSR","14:21:49",19,0.1,5200,4007700,
"BSR","14:21:47",19,0.1,1000,4002500,
"BSR","14:21:34",19,0.1,2000,4001500,
"BSR","14:21:32",19,0.1,500,3999500,
"BSR","14:21:15",19,0.1,3000,3999000,
"BSR","14:21:11",19,0.1,1500,3996000,
"BSR","14:21:02",19,0.1,10000,3994500,
"BSR","14:20:52",19,0.1,300,3984500,
"BSR","14:20:27",19,0.1,100,3984200,
"BSR","14:20:25",19,0.1,1700,3984100,
"BSR","14:20:18",19,0.1,4000,3982400,
"BSR","14:20:12",19,0.1,3000,3978400,
"BSR","14:20:10",19,0.1,10000,3975400,
"BSR","14:20:07",19,0.1,16500,3965400,
"BSR","14:20:04",19,0.1,100,3948900,
"BSR","14:20:01",19,0.1,2000,3948800,
"BSR","14:19:53",19,0.1,1000,3946800,
"BSR","14:19:52",19,0.1,500,3945800,
"BSR","14:19:23",19,0.1,9100,3945300,
"BSR","14:19:15",19,0.1,300,3936200,
"BSR","14:19:03",19,0.1,500,3935900,
"BSR","14:18:55",19,0.1,1000,3935400,
"BSR","14:18:48",19,0.1,1000,3934400,
"BSR","14:18:45",19,0.1,20500,3933400,
"BSR","14:18:41",19,0.1,4000,3912900,
"BSR","14:18:37",19,0.1,200,3908900,
"BSR","14:18:36",19,0.1,1000,3908700,
"BSR","14:18:33",19,0.1,3000,3907700,
"BSR","14:18:26",19,0.1,1000,3904700,
"BSR","14:18:19",19,0.1,100,3903700,
"BSR","14:18:10",19,0.1,20400,3903600,
"BSR","14:17:57",19,0.1,500,3883200,
"BSR","14:17:51",18.9,0,1000,3882700,
"BSR","14:17:08",18.9,0,100,3881700,
"BSR","14:17:06",18.9,0,1000,3881600,
"BSR","14:17:04",19,0.1,1000,3880600,
"BSR","14:16:49",19,0.1,1000,3879600,
"BSR","14:16:15",19,0.1,200,3878600,
"BSR","14:16:11",19,0.1,200,3878400,
"BSR","14:15:54",19,0.1,500,3878200,
"BSR","14:15:52",19,0.1,300,3877700,
"BSR","14:15:24",19,0.1,2000,3877400,
"BSR","14:15:13",19,0.1,100,3875400,
"BSR","14:15:12",19,0.1,2000,3875300,
"BSR","14:14:57",19,0.1,2000,3873300,
"BSR","14:14:36",19,0.1,3900,3871300,
"BSR","14:14:33",19,0.1,100,3867400,
"BSR","14:14:30",19,0.1,1000,3867300,
"BSR","14:14:22",19,0.1,500,3866300,
"BSR","14:14:20",19,0.1,1000,3865800,
"BSR","14:14:17",19,0.1,500,3864800,
"BSR","14:13:58",19,0.1,1000,3864300,
"BSR","14:13:43",19,0.1,1100,3863300,
"BSR","14:13:38",19,0.1,1000,3862200,
"BSR","14:13:26",19,0.1,5000,3861200,
"BSR","14:13:10",19,0.1,200,3856200,
"BSR","14:12:59",19,0.1,500,3856000,
"BSR","14:12:50",19,0.1,300,3855500,
"BSR","14:12:45",19,0.1,100,3855200,
"BSR","14:11:53",19,0.1,1100,3855100,
"BSR","14:11:46",19,0.1,100,3854000,
"BSR","14:11:28",19,0.1,500,3853900,
"BSR","14:11:24",19,0.1,100,3853400,
"BSR","14:11:02",19,0.1,1000,3853300,
"BSR","14:10:59",19,0.1,1000,3852300,
"BSR","14:10:51",19,0.1,100,3851300,
"BSR","14:10:50",19,0.1,200,3851200,
"BSR","14:10:14",19,0.1,2000,3851000,
"BSR","14:09:13",19,0.1,1500,3849000,
"BSR","14:08:48",19,0.1,100,3847500,
"BSR","14:08:21",19,0.1,500,3847400,
"BSR","14:08:17",19,0.1,100,3846900,
"BSR","14:07:00",19,0.1,100,3846800,
"BSR","14:06:49",19,0.1,100,3846700,
"BSR","14:06:45",19,0.1,2000,3846600,
"BSR","14:05:52",19,0.1,8900,3844600,
"BSR","14:05:51",19,0.1,20000,3835700,
"BSR","14:05:48",19,0.1,5000,3815700,
"BSR","14:05:47",19,0.1,8800,3810700,
"BSR","14:05:45",19,0.1,5000,3801900,
"BSR","14:05:37",19,0.1,1000,3796900,
"BSR","14:05:34",19,0.1,5000,3795900,
"BSR","14:05:31",19,0.1,200,3790900,
"BSR","14:05:29",19,0.1,1500,3790700,
"BSR","14:05:27",19,0.1,2500,3789200,
"BSR","14:05:20",19,0.1,500,3786700,
"BSR","14:05:13",19,0.1,4000,3786200,
"BSR","14:05:09",19,0.1,5000,3782200,
"BSR","14:05:05",19,0.1,1000,3777200,
"BSR","14:04:54",19,0.1,100,3776200,
"BSR","14:04:47",19,0.1,500,3776100,
"BSR","14:04:32",19,0.1,100,3775600,
"BSR","14:04:30",19,0.1,100,3775500,
"BSR","14:04:18",19,0.1,400,3775400,
"BSR","14:04:16",19,0.1,20000,3775000,
"BSR","14:04:07",19,0.1,1100,3755000,
"BSR","14:04:00",19,0.1,2000,3753900,
"BSR","14:03:51",19,0.1,400,3751900,
"BSR","14:03:26",19,0.1,4000,3751500,
"BSR","14:03:06",19,0.1,300,3747500,
"BSR","14:02:56",19,0.1,1000,3747200,
"BSR","14:02:55",19,0.1,200,3746200,
"BSR","14:02:54",19,0.1,7000,3746000,
"BSR","14:02:50",19,0.1,100,3739000,
"BSR","14:02:49",19,0.1,100,3738900,
"BSR","14:02:47",19,0.1,100,3738800,
"BSR","14:02:46",19,0.1,1400,3738700,
"BSR","14:02:45",19,0.1,26000,3737300,
"BSR","14:02:35",19,0.1,6000,3711300,
"BSR","14:02:29",19,0.1,100,3705300,
"BSR","14:02:28",19,0.1,6000,3705200,
"BSR","14:01:57",19,0.1,5000,3699200,
"BSR","14:01:30",19,0.1,8100,3694200,
"BSR","14:01:19",19,0.1,100,3686100,
"BSR","14:01:11",19,0.1,3000,3686000,
"BSR","14:01:03",19,0.1,1000,3683000,
"BSR","14:01:00",19,0.1,100,3682000,
"BSR","14:00:53",19,0.1,30000,3681900,
"BSR","14:00:52",19,0.1,2600,3651900,
"BSR","14:00:46",19,0.1,20000,3649300,
"BSR","14:00:44",19,0.1,2000,3629300,
"BSR","14:00:18",19,0.1,500,3627300,
"BSR","13:59:57",19,0.1,500,3626800,
"BSR","13:59:38",19,0.1,500,3626300,
"BSR","13:59:32",19,0.1,2000,3625800,
"BSR","13:59:12",19,0.1,200,3623800,
"BSR","13:59:11",19,0.1,47400,3623600,
"BSR","13:58:55",19,0.1,100,3576200,
"BSR","13:58:14",19,0.1,1000,3576100,
"BSR","13:58:13",19,0.1,400,3575100,
"BSR","13:57:31",19,0.1,400,3574700,
"BSR","13:57:16",19,0.1,11000,3574300,
"BSR","13:57:14",19,0.1,8800,3563300,
"BSR","13:57:12",19,0.1,8000,3554500,
"BSR","13:57:08",19,0.1,10000,3546500,
"BSR","13:56:52",19,0.1,18000,3536500,
"BSR","13:56:32",19.1,0.2,12000,3518500,
"BSR","13:56:21",19.1,0.2,1000,3506500,
"BSR","13:56:07",19,0.1,70000,3505500,
"BSR","13:54:33",19.1,0.2,2000,3435500,
"BSR","13:54:14",19.1,0.2,1000,3433500,
"BSR","13:54:07",19,0.1,1000,3432500,
"BSR","13:53:32",19,0.1,1500,3431500,
"BSR","13:53:30",19.1,0.2,800,3430000,
"BSR","13:52:48",19.1,0.2,100,3429200,
"BSR","13:52:32",19,0.1,1000,3429100,
"BSR","13:52:10",19,0.1,1000,3428100,
"BSR","13:52:01",19,0.1,200,3427100,
"BSR","13:51:54",19,0.1,100,3426900,
"BSR","13:51:44",19,0.1,200,3426800,
"BSR","13:51:40",19.1,0.2,500,3426600,
"BSR","13:51:36",19.1,0.2,200,3426100,
"BSR","13:50:39",19.1,0.2,400,3425900,
"BSR","13:50:12",19.1,0.2,10000,3425500,
"BSR","13:49:43",19.1,0.2,500,3415500,
"BSR","13:48:42",19,0.1,1000,3415000,
"BSR","13:48:40",19,0.1,5000,3414000,
"BSR","13:48:09",19,0.1,100,3409000,
"BSR","13:47:21",19,0.1,400,3408900,
"BSR","13:47:19",19,0.1,10000,3408500,
"BSR","13:47:18",19,0.1,1000,3398500,
"BSR","13:47:14",19,0.1,10000,3397500,
"BSR","13:47:13",19,0.1,4700,3387500,
"BSR","13:47:09",19,0.1,3000,3382800,
"BSR","13:47:08",19,0.1,3000,3379800,
"BSR","13:47:06",19,0.1,6000,3376800,
"BSR","13:47:05",19,0.1,20000,3370800,
"BSR","13:47:03",19,0.1,200,3350800,
"BSR","13:47:02",19,0.1,8000,3350600,
"BSR","13:46:59",19,0.1,3700,3342600,
"BSR","13:46:58",19,0.1,2100,3338900,
"BSR","13:46:53",19,0.1,10000,3336800,
"BSR","13:46:47",19,0.1,1000,3326800,
"BSR","13:46:45",19,0.1,2000,3325800,
"BSR","13:46:28",19,0.1,24400,3323800,
"BSR","13:46:22",19,0.1,200,3299400,
"BSR","13:45:36",19,0.1,3000,3299200,
"BSR","13:45:10",19,0.1,800,3296200,
"BSR","13:45:01",19,0.1,3000,3295400,
"BSR","13:44:51",19,0.1,100,3292400,
"BSR","13:44:45",19,0.1,100,3292300,
"BSR","13:44:35",19,0.1,200,3292200,
"BSR","13:44:12",19,0.1,10000,3292000,
"BSR","13:44:09",19,0.1,2000,3282000,
"BSR","13:44:04",19,0.1,200,3280000,
"BSR","13:43:47",19,0.1,20000,3279800,
"BSR","13:43:14",19,0.1,500,3259800,
"BSR","13:42:57",19,0.1,200,3259300,
"BSR","13:42:50",19,0.1,114000,3259100,
"BSR","13:42:47",19,0.1,56000,3145100,
"BSR","13:42:46",19,0.1,10000,3089100,
"BSR","13:42:40",19,0.1,9600,3079100,
"BSR","13:42:28",19,0.1,1000,3069500,
"BSR","13:42:24",19,0.1,100,3068500,
"BSR","13:42:23",19,0.1,5700,3068400,
"BSR","13:42:21",19,0.1,100,3062700,
"BSR","13:42:07",19,0.1,500,3062600,
"BSR","13:42:04",19,0.1,500,3062100,
"BSR","13:41:51",19,0.1,5000,3061600,
"BSR","13:41:15",19,0.1,1000,3056600,
"BSR","13:40:35",19,0.1,1000,3055600,
"BSR","13:40:25",19,0.1,1000,3054600,
"BSR","13:40:24",19,0.1,1600,3053600,
"BSR","13:40:13",19,0.1,1000,3052000,
"BSR","13:39:38",19,0.1,3200,3051000,
"BSR","13:39:31",19,0.1,300,3047800,
"BSR","13:39:05",19,0.1,100,3047500,
"BSR","13:38:40",19.1,0.2,100,3047400,
"BSR","13:38:39",19,0.1,10000,3047300,
"BSR","13:38:29",19.1,0.2,200,3037300,
"BSR","13:38:08",19.1,0.2,200,3037100,
"BSR","13:38:02",19.1,0.2,2000,3036900,
"BSR","13:37:52",19.1,0.2,900,3034900,
"BSR","13:37:03",19.1,0.2,1000,3034000,
"BSR","13:36:38",19.1,0.2,200,3033000,
"BSR","13:36:12",19.1,0.2,2000,3032800,
"BSR","13:36:04",19.1,0.2,300,3030800,
"BSR","13:35:54",19.1,0.2,1000,3030500,
"BSR","13:35:41",19.1,0.2,900,3029500,
"BSR","13:35:21",19.1,0.2,500,3028600,
"BSR","13:34:48",19.1,0.2,200,3028100,
"BSR","13:34:42",19.1,0.2,2500,3027900,
"BSR","13:34:20",19.1,0.2,5000,3025400,
"BSR","13:34:17",19.1,0.2,100,3020400,
"BSR","13:34:16",19.1,0.2,100,3020300,
"BSR","13:34:11",19.1,0.2,6800,3020200,
"BSR","13:34:08",19.1,0.2,10000,3013400,
"BSR","13:34:02",19.1,0.2,1000,3003400,
"BSR","13:33:53",19.1,0.2,14200,3002400,
"BSR","13:33:52",19.1,0.2,100,2988200,
"BSR","13:33:43",19.1,0.2,5000,2988100,
"BSR","13:33:39",19.1,0.2,7800,2983100,
"BSR","13:33:37",19.1,0.2,200,2975300,
"BSR","13:33:36",19.1,0.2,5000,2975100,
"BSR","13:33:27",19.1,0.2,5000,2970100,
"BSR","13:33:23",19.1,0.2,100,2965100,
"BSR","13:33:22",19.1,0.2,600,2965000,
"BSR","13:33:21",19,0.1,700,2964400,
"BSR","13:33:15",19.1,0.2,5300,2963700,
"BSR","13:33:05",19.1,0.2,5000,2958400,
"BSR","13:33:02",19.1,0.2,75000,2953400,
"BSR","13:32:37",19,0.1,1000,2878400,
"BSR","13:31:56",19,0.1,600,2877400,
"BSR","13:31:54",19,0.1,200,2876800,
"BSR","13:31:36",19,0.1,100,2876600,
"BSR","13:30:34",19,0.1,500,2876500,
"BSR","13:30:20",19,0.1,100,2876000,
"BSR","13:30:19",19,0.1,5100,2875900,
"BSR","13:29:46",19.1,0.2,700,2870800,
"BSR","13:29:39",19,0.1,2000,2870100,
"BSR","13:29:34",19.1,0.2,1000,2868100,
"BSR","13:29:28",19,0.1,5000,2867100,
"BSR","13:29:25",19,0.1,1000,2862100,
"BSR","13:29:24",19.1,0.2,100,2861100,
"BSR","13:29:15",19,0.1,1000,2861000,
"BSR","13:29:08",19,0.1,3500,2860000,
"BSR","13:28:48",19,0.1,500,2856500,
"BSR","13:28:41",19,0.1,100,2856000,
"BSR","13:28:14",19,0.1,300,2855900,
"BSR","13:28:13",19,0.1,200,2855600,
"BSR","13:27:54",19,0.1,2000,2855400,
"BSR","13:27:50",19,0.1,500,2853400,
"BSR","13:27:47",19,0.1,100,2852900,
"BSR","13:27:44",19,0.1,100,2852800,
"BSR","13:27:31",19,0.1,500,2852700,
"BSR","13:27:24",19,0.1,800,2852200,
"BSR","13:27:21",19,0.1,1000,2851400,
"BSR","13:27:06",19,0.1,100,2850400,
"BSR","13:26:48",19,0.1,1000,2850300,
"BSR","13:26:41",19.1,0.2,5000,2849300,
"BSR","13:26:30",19,0.1,37500,2844300,
"BSR","13:26:29",19,0.1,500,2806800,
"BSR","13:26:28",19,0.1,100,2806300,
"BSR","13:26:26",19,0.1,1000,2806200,
"BSR","13:26:24",19,0.1,100,2805200,
"BSR","13:26:23",19,0.1,3000,2805100,
"BSR","13:26:22",19,0.1,1400,2802100,
"BSR","13:26:18",19,0.1,500,2800700,
"BSR","13:26:16",19,0.1,200,2800200,
"BSR","13:26:13",19,0.1,146600,2800000,
"BSR","13:26:10",19,0.1,200,2653400,
"BSR","13:26:06",19,0.1,5000,2653200,
"BSR","13:26:04",19,0.1,700,2648200,
"BSR","13:26:02",19,0.1,2000,2647500,
"BSR","13:25:58",19,0.1,500000,2645500,
"BSR","13:23:40",19,0.1,2000,2145500,
"BSR","13:23:38",18.9,0,2000,2143500,
"BSR","13:22:41",18.9,0,100,2141500,
"BSR","13:22:37",19,0.1,100,2141400,
"BSR","13:22:18",18.9,0,100,2141300,
"BSR","13:22:17",19,0.1,1000,2141200,
"BSR","13:22:11",19,0.1,100,2140200,
"BSR","13:22:05",19,0.1,300,2140100,
"BSR","13:21:34",18.9,0,1000,2139800,
"BSR","13:21:31",19,0.1,10000,2138800,
"BSR","13:21:02",18.9,0,5500,2128800,
"BSR","13:20:48",19,0.1,30000,2123300,
"BSR","13:20:45",18.9,0,1000,2093300,
"BSR","13:20:28",18.9,0,500,2092300,
"BSR","13:20:07",18.9,0,13000,2091800,
"BSR","13:19:32",18.9,0,3800,2078800,
"BSR","13:19:12",18.9,0,400,2075000,
"BSR","13:19:07",18.9,0,1000,2074600,
"BSR","13:19:06",18.9,0,2000,2073600,
"BSR","13:17:49",18.9,0,500,2071600,
"BSR","13:17:32",18.9,0,600,2071100,
"BSR","13:17:11",18.9,0,500,2070500,
"BSR","13:16:27",18.9,0,1200,2070000,
"BSR","13:16:21",18.9,0,100,2068800,
"BSR","13:16:18",18.9,0,5000,2068700,
"BSR","13:16:10",18.9,0,4400,2063700,
"BSR","13:15:28",18.9,0,5000,2059300,
"BSR","13:15:20",18.9,0,100,2054300,
"BSR","13:15:11",18.9,0,600,2054200,
"BSR","13:14:48",18.9,0,1000,2053600,
"BSR","13:14:44",19,0.1,1000,2052600,
"BSR","13:14:41",18.9,0,3000,2051600,
"BSR","13:14:34",18.9,0,200,2048600,
"BSR","13:13:25",18.9,0,100,2048400,
"BSR","13:13:02",18.9,0,100,2048300,
"BSR","13:12:55",18.9,0,100,2048200,
"BSR","13:12:53",18.9,0,1000,2048100,
"BSR","13:12:51",18.9,0,1800,2047100,
"BSR","13:12:45",18.9,0,1000,2045300,
"BSR","13:12:41",18.9,0,200,2044300,
"BSR","13:12:11",18.9,0,200,2044100,
"BSR","13:11:13",18.9,0,100,2043900,
"BSR","13:11:05",18.9,0,5000,2043800,
"BSR","13:10:32",18.9,0,200,2038800,
"BSR","13:10:29",18.9,0,1000,2038600,
"BSR","13:09:53",18.9,0,100,2037600,
"BSR","13:08:30",18.9,0,1000,2037500,
"BSR","13:07:56",18.9,0,30700,2036500,
"BSR","13:07:02",18.9,0,200,2005800,
"BSR","13:06:27",18.9,0,6000,2005600,
"BSR","13:06:13",18.9,0,100,1999600,
"BSR","13:05:58",18.9,0,100,1999500,
"BSR","13:05:49",18.9,0,100,1999400,
"BSR","13:05:11",18.9,0,200,1999300,
"BSR","13:05:04",18.9,0,300,1999100,
"BSR","13:04:29",18.9,0,200,1998800,
"BSR","13:04:25",18.9,0,100,1998600,
"BSR","13:04:14",18.9,0,200,1998500,
"BSR","13:02:26",18.9,0,500,1998300,
"BSR","13:02:04",18.9,0,100,1997800,
"BSR","13:01:56",18.9,0,1800,1997700,
"BSR","13:01:26",18.9,0,1000,1995900,
"BSR","13:01:04",18.9,0,500,1994900,
"BSR","13:00:08",18.9,0,100100,1994400,
"BSR","13:00:07",18.9,0,1500,1894300,
"BSR","13:00:06",18.9,0,800,1892800,
"BSR","13:00:05",18.9,0,100,1892000,
"BSR","13:00:03",18.9,0,110900,1891900,
"BSR","13:00:02",18.9,0,100,1781000,
"BSR","11:26:52",18.9,0,100,1780900,
"BSR","11:26:41",18.8,-0.1,700,1780800,
"BSR","11:25:12",18.8,-0.1,300,1780100,
"BSR","11:24:54",18.8,-0.1,500,1779800,
"BSR","11:23:41",18.9,0,100,1779300,
"BSR","11:23:03",18.9,0,100,1779200,
"BSR","11:22:18",18.9,0,300,1779100,
"BSR","11:20:37",18.9,0,100,1778800,
"BSR","11:20:11",18.8,-0.1,200,1778700,
"BSR","11:19:38",18.8,-0.1,1000,1778500,
"BSR","11:18:30",18.8,-0.1,200,1777500,
"BSR","11:18:24",18.9,0,3000,1777300,
"BSR","11:18:14",18.8,-0.1,100,1774300,
"BSR","11:17:50",18.9,0,2000,1774200,
"BSR","11:16:41",18.9,0,200,1772200,
"BSR","11:15:52",18.9,0,1400,1772000,
"BSR","11:15:47",18.9,0,100,1770600,
"BSR","11:14:50",18.9,0,100,1770500,
"BSR","11:14:43",18.9,0,200,1770400,
"BSR","11:13:40",18.9,0,400,1770200,
"BSR","11:12:43",18.9,0,400,1769800,
"BSR","11:10:46",18.9,0,200,1769400,
"BSR","11:09:51",18.9,0,200,1769200,
"BSR","11:09:35",18.9,0,400,1769000,
"BSR","11:09:26",18.9,0,100,1768600,
"BSR","11:09:16",18.9,0,2000,1768500,
"BSR","11:08:43",18.9,0,40000,1766500,
"BSR","11:07:46",18.8,-0.1,600,1726500,
"BSR","11:07:44",18.9,0,500,1725900,
"BSR","11:06:45",18.8,-0.1,500,1725400,
"BSR","11:05:26",18.8,-0.1,2600,1724900,
"BSR","11:04:26",18.8,-0.1,3300,1722300,
"BSR","11:03:18",18.8,-0.1,1000,1719000,
"BSR","11:03:14",18.9,0,1000,1718000,
"BSR","11:03:02",18.8,-0.1,5000,1717000,
"BSR","11:02:51",18.9,0,100,1712000,
"BSR","11:02:36",18.8,-0.1,500,1711900,
"BSR","11:02:01",18.8,-0.1,100,1711400,
"BSR","11:01:21",18.8,-0.1,7000,1711300,
"BSR","11:01:11",18.9,0,300,1704300,
"BSR","11:00:14",18.9,0,100,1704000,
"BSR","10:59:54",18.9,0,2500,1703900,
"BSR","10:59:46",18.9,0,900,1701400,
"BSR","10:58:32",18.9,0,100,1700500,
"BSR","10:58:11",18.9,0,100,1700400,
"BSR","10:58:07",18.9,0,100,1700300,
"BSR","10:57:38",18.9,0,200,1700200,
"BSR","10:53:45",18.9,0,300,1700000,
"BSR","10:53:07",18.9,0,1000,1699700,
"BSR","10:52:44",18.9,0,200,1698700,
"BSR","10:52:35",18.9,0,400,1698500,
"BSR","10:52:28",18.9,0,200,1698100,
"BSR","10:52:15",18.9,0,20000,1697900,
"BSR","10:50:50",18.9,0,10000,1677900,
"BSR","10:50:47",18.9,0,3000,1667900,
"BSR","10:50:25",18.9,0,100,1664900,
"BSR","10:50:19",18.9,0,500,1664800,
"BSR","10:49:57",18.9,0,5400,1664300,
"BSR","10:49:28",18.9,0,2000,1658900,
"BSR","10:49:23",18.9,0,8000,1656900,
"BSR","10:48:32",18.9,0,4000,1648900,
"BSR","10:48:28",18.9,0,500,1644900,
"BSR","10:48:24",18.9,0,300,1644400,
"BSR","10:47:50",18.9,0,4900,1644100,
"BSR","10:47:44",18.9,0,8000,1639200,
"BSR","10:47:42",18.9,0,2200,1631200,
"BSR","10:46:50",18.9,0,5600,1629000,
"BSR","10:46:46",18.9,0,1300,1623400,
"BSR","10:46:36",18.9,0,7000,1622100,
"BSR","10:46:29",18.9,0,900,1615100,
"BSR","10:46:19",18.9,0,2000,1614200,
"BSR","10:46:06",18.9,0,10000,1612200,
"BSR","10:46:05",18.9,0,500,1602200,
"BSR","10:45:12",18.9,0,1000,1601700,
"BSR","10:45:11",18.9,0,10000,1600700,
"BSR","10:45:08",18.9,0,5000,1590700,
"BSR","10:43:55",19,0.1,1000,1585700,
"BSR","10:43:09",18.9,0,2600,1584700,
"BSR","10:41:42",18.9,0,500,1582100,
"BSR","10:41:34",18.9,0,1500,1581600,
"BSR","10:41:07",18.9,0,2600,1580100,
"BSR","10:40:56",18.9,0,3000,1577500,
"BSR","10:40:51",18.9,0,2000,1574500,
"BSR","10:40:27",18.9,0,3000,1572500,
"BSR","10:40:06",18.9,0,100,1569500,
"BSR","10:39:24",18.9,0,5000,1569400,
"BSR","10:38:56",18.9,0,1400,1564400,
"BSR","10:38:54",18.9,0,1000,1563000,
"BSR","10:38:47",18.9,0,1600,1562000,
"BSR","10:38:32",18.9,0,70200,1560400,
"BSR","10:37:25",18.9,0,4000,1490200,
"BSR","10:37:04",18.9,0,400,1486200,
"BSR","10:35:43",18.9,0,500,1485800,
"BSR","10:35:31",18.9,0,1000,1485300,
"BSR","10:35:18",18.9,0,100,1484300,
"BSR","10:34:54",18.9,0,100,1484200,
"BSR","10:34:42",18.9,0,1000,1484100,
"BSR","10:33:54",18.9,0,200,1483100,
"BSR","10:33:48",18.9,0,1000,1482900,
"BSR","10:33:13",18.9,0,1900,1481900,
"BSR","10:33:08",18.9,0,500,1480000,
"BSR","10:32:59",18.9,0,157700,1479500,
"BSR","10:32:48",18.9,0,200,1321800,
"BSR","10:31:41",18.9,0,10000,1321600,
"BSR","10:30:38",18.9,0,1500,1311600,
"BSR","10:30:12",18.9,0,3000,1310100,
"BSR","10:30:06",18.9,0,300,1307100,
"BSR","10:29:51",18.9,0,1500,1306800,
"BSR","10:29:06",18.9,0,1000,1305300,
"BSR","10:28:30",18.9,0,500,1304300,
"BSR","10:28:29",18.9,0,700,1303800,
"BSR","10:27:58",18.9,0,40400,1303100,
"BSR","10:27:32",18.9,0,1000,1262700,
"BSR","10:26:20",18.9,0,1800,1261700,
"BSR","10:25:36",19,0.1,100,1259900,
"BSR","10:25:33",18.9,0,800,1259800,
"BSR","10:25:16",18.9,0,500,1259000,
"BSR","10:24:52",19,0.1,100,1258500,
"BSR","10:24:49",19,0.1,100,1258400,
"BSR","10:24:29",19,0.1,800,1258300,
"BSR","10:24:17",19,0.1,100,1257500,
"BSR","10:23:59",19,0.1,200,1257400,
"BSR","10:23:47",19,0.1,300,1257200,
"BSR","10:23:36",19,0.1,200,1256900,
"BSR","10:23:10",19,0.1,200,1256700,
"BSR","10:23:08",18.9,0,1100,1256500,
"BSR","10:22:44",18.9,0,900,1255400,
"BSR","10:22:34",18.9,0,2000,1254500,
"BSR","10:22:14",18.9,0,200,1252500,
"BSR","10:22:04",18.9,0,2900,1252300,
"BSR","10:21:38",18.9,0,200,1249400,
"BSR","10:21:14",18.9,0,400,1249200,
"BSR","10:20:36",18.9,0,500,1248800,
"BSR","10:20:20",18.9,0,100,1248300,
"BSR","10:20:17",18.9,0,6900,1248200,
"BSR","10:20:01",18.9,0,100,1241300,
"BSR","10:19:51",18.9,0,3000,1241200,
"BSR","10:19:36",18.9,0,20000,1238200,
"BSR","10:19:08",18.9,0,200,1218200,
"BSR","10:18:44",18.9,0,1000,1218000,
"BSR","10:17:54",18.9,0,2000,1217000,
"BSR","10:17:46",18.9,0,100,1215000,
"BSR","10:17:27",18.9,0,500,1214900,
"BSR","10:17:24",18.9,0,1000,1214400,
"BSR","10:17:11",18.9,0,5000,1213400,
"BSR","10:16:51",18.9,0,1000,1208400,
"BSR","10:16:45",18.9,0,300,1207400,
"BSR","10:16:31",18.9,0,200,1207100,
"BSR","10:16:23",18.9,0,2000,1206900,
"BSR","10:16:13",18.9,0,500,1204900,
"BSR","10:15:52",18.9,0,2000,1204400,
"BSR","10:15:27",18.9,0,3000,1202400,
"BSR","10:15:19",18.9,0,3000,1199400,
"BSR","10:15:09",18.9,0,1500,1196400,
"BSR","10:15:04",18.9,0,200,1194900,
"BSR","10:15:00",18.9,0,1600,1194700,
"BSR","10:14:49",18.9,0,100,1193100,
"BSR","10:14:32",18.9,0,100,1193000,
"BSR","10:13:28",18.9,0,6000,1192900,
"BSR","10:13:24",18.9,0,2000,1186900,
"BSR","10:13:22",18.9,0,4000,1184900,
"BSR","10:13:04",18.9,0,100,1180900,
"BSR","10:12:46",18.9,0,7000,1180800,
"BSR","10:12:31",18.9,0,200,1173800,
"BSR","10:12:11",18.9,0,500,1173600,
"BSR","10:11:42",18.9,0,200,1173100,
"BSR","10:11:22",18.9,0,116600,1172900,
"BSR","10:11:06",18.9,0,100,1056300,
"BSR","10:10:51",18.9,0,800,1056200,
"BSR","10:10:01",18.9,0,82500,1055400,
"BSR","10:09:27",18.9,0,500,972900,
"BSR","10:09:22",18.9,0,15000,972400,
"BSR","10:09:11",18.9,0,4000,957400,
"BSR","10:09:04",18.9,0,300,953400,
"BSR","10:08:53",18.9,0,1000,953100,
"BSR","10:08:42",19,0.1,300,952100,
"BSR","10:08:17",18.9,0,20000,951800,
"BSR","10:08:09",18.9,0,4200,931800,
"BSR","10:08:06",18.9,0,100,927600,
"BSR","10:07:21",18.9,0,100,927500,
"BSR","10:07:06",18.9,0,2000,927400,
"BSR","10:06:59",18.9,0,2500,925400,
"BSR","10:06:54",18.9,0,200,922900,
"BSR","10:06:45",18.9,0,800,922700,
"BSR","10:06:39",18.9,0,5000,921900,
"BSR","10:06:19",18.9,0,6000,916900,
"BSR","10:06:12",18.9,0,1000,910900,
"BSR","10:05:32",18.9,0,100,909900,
"BSR","10:05:23",18.9,0,2100,909800,
"BSR","10:05:05",18.9,0,400,907700,
"BSR","10:04:02",18.9,0,7600,907300,
"BSR","10:04:01",18.9,0,100,899700,
"BSR","10:03:49",18.9,0,100,899600,
"BSR","10:03:34",18.9,0,1000,899500,
"BSR","10:03:22",18.9,0,100,898500,
"BSR","10:03:16",18.9,0,100,898400,
"BSR","10:02:54",18.9,0,500,898300,
"BSR","10:02:50",18.9,0,200,897800,
"BSR","10:02:42",18.9,0,1000,897600,
"BSR","10:02:23",18.9,0,500,896600,
"BSR","10:02:22",18.9,0,100,896100,
"BSR","10:02:18",18.9,0,600,896000,
"BSR","10:02:10",18.9,0,24000,895400,
"BSR","10:01:35",18.9,0,3200,871400,
"BSR","10:01:29",18.9,0,7800,868200,
"BSR","10:00:53",18.9,0,200,860400,
"BSR","10:00:29",18.9,0,100,860200,
"BSR","10:00:25",18.9,0,100,860100,
"BSR","10:00:12",18.9,0,1000,860000,
"BSR","10:00:05",18.9,0,500,859000,
"BSR","09:59:56",18.9,0,100,858500,
"BSR","09:59:52",18.9,0,15900,858400,
"BSR","09:59:48",18.9,0,600,842500,
"BSR","09:58:59",18.9,0,1000,841900,
"BSR","09:58:42",18.9,0,100,840900,
"BSR","09:58:37",18.9,0,500,840800,
"BSR","09:58:06",18.9,0,100,840300,
"BSR","09:58:05",18.9,0,5200,840200,
"BSR","09:57:52",18.9,0,5000,835000,
"BSR","09:57:16",18.9,0,300,830000,
"BSR","09:56:41",18.9,0,2000,829700,
"BSR","09:56:27",18.9,0,400,827700,
"BSR","09:56:12",18.9,0,2000,827300,
"BSR","09:56:09",18.9,0,500,825300,
"BSR","09:56:02",18.9,0,500,824800,
"BSR","09:56:01",18.9,0,4500,824300,
"BSR","09:55:48",18.9,0,50000,819800,
"BSR","09:55:28",18.9,0,100,769800,
"BSR","09:54:56",18.9,0,200,769700,
"BSR","09:54:31",18.9,0,7600,769500,
"BSR","09:54:20",18.9,0,300,761900,
"BSR","09:54:19",18.9,0,100,761600,
"BSR","09:54:11",18.9,0,14000,761500,
"BSR","09:54:06",18.9,0,100,747500,
"BSR","09:53:58",18.9,0,100,747400,
"BSR","09:53:55",18.9,0,2500,747300,
"BSR","09:53:49",18.9,0,150000,744800,
"BSR","09:53:37",18.8,-0.1,100,594800,
"BSR","09:53:11",18.9,0,1000,594700,
"BSR","09:52:51",18.8,-0.1,100,593700,
"BSR","09:52:50",18.9,0,1000,593600,
"BSR","09:52:38",18.8,-0.1,200,592600,
"BSR","09:51:41",18.8,-0.1,300,592400,
"BSR","09:51:31",18.8,-0.1,11000,592100,
"BSR","09:51:14",18.8,-0.1,8000,581100,
"BSR","09:50:57",18.8,-0.1,15000,573100,
"BSR","09:50:53",18.8,-0.1,100,558100,
"BSR","09:50:52",18.8,-0.1,3000,558000,
"BSR","09:49:11",18.9,0,100,555000,
"BSR","09:48:56",18.9,0,500,554900,
"BSR","09:48:14",18.9,0,1400,554400,
"BSR","09:48:08",18.9,0,300,553000,
"BSR","09:47:24",18.9,0,3900,552700,
"BSR","09:47:17",18.9,0,2500,548800,
"BSR","09:47:00",18.9,0,1000,546300,
"BSR","09:46:51",18.9,0,20000,545300,
"BSR","09:46:37",18.9,0,200,525300,
"BSR","09:46:30",18.9,0,8300,525100,
"BSR","09:46:15",18.9,0,200,516800,
"BSR","09:45:42",18.9,0,100,516600,
"BSR","09:45:30",18.9,0,100,516500,
"BSR","09:45:08",18.9,0,100,516400,
"BSR","09:44:15",18.8,-0.1,100,516300,
"BSR","09:44:12",18.9,0,100,516200,
"BSR","09:43:50",18.9,0,500,516100,
"BSR","09:43:47",18.9,0,200,515600,
"BSR","09:43:15",18.9,0,300,515400,
"BSR","09:42:50",18.9,0,1000,515100,
"BSR","09:42:30",18.9,0,10000,514100,
"BSR","09:42:04",19,0.1,100,504100,
"BSR","09:41:50",18.9,0,5000,504000,
"BSR","09:41:43",18.9,0,300,499000,
"BSR","09:41:32",18.9,0,1000,498700,
"BSR","09:41:30",18.9,0,600,497700,
"BSR","09:41:25",18.9,0,1200,497100,
"BSR","09:41:00",18.9,0,3000,495900,
"BSR","09:40:39",18.9,0,4600,492900,
"BSR","09:40:33",18.9,0,1000,488300,
"BSR","09:40:30",18.9,0,100,487300,
"BSR","09:40:25",18.9,0,200,487200,
"BSR","09:40:15",18.9,0,4000,487000,
"BSR","09:40:10",18.9,0,5300,483000,
"BSR","09:39:54",18.9,0,300,477700,
"BSR","09:39:52",18.9,0,7400,477400,
"BSR","09:39:40",18.8,-0.1,200,470000,
"BSR","09:39:39",18.9,0,100,469800,
"BSR","09:38:46",18.9,0,1300,469700,
"BSR","09:38:44",18.9,0,100,468400,
"BSR","09:38:40",18.9,0,100,468300,
"BSR","09:38:38",18.9,0,300,468200,
"BSR","09:38:22",18.9,0,2000,467900,
"BSR","09:37:47",18.9,0,100,465900,
"BSR","09:37:44",18.9,0,600,465800,
"BSR","09:37:37",18.9,0,100,465200,
"BSR","09:37:31",18.9,0,100,465100,
"BSR","09:37:29",18.9,0,300,465000,
"BSR","09:37:25",18.9,0,8500,464700,
"BSR","09:37:21",18.9,0,200,456200,
"BSR","09:37:17",18.9,0,100,456000,
"BSR","09:36:58",18.9,0,4000,455900,
"BSR","09:36:50",18.9,0,11000,451900,
"BSR","09:36:42",18.9,0,1800,440900,
"BSR","09:36:31",18.8,-0.1,200,439100,
"BSR","09:36:29",18.9,0,2000,438900,
"BSR","09:35:50",18.9,0,1100,436900,
"BSR","09:35:49",18.9,0,3900,435800,
"BSR","09:35:40",18.9,0,100,431900,
"BSR","09:35:20",18.9,0,1200,431800,
"BSR","09:35:17",18.9,0,100,430600,
"BSR","09:34:26",18.9,0,2100,430500,
"BSR","09:34:19",18.9,0,500,428400,
"BSR","09:33:49",18.9,0,100,427900,
"BSR","09:33:32",18.9,0,1000,427800,
"BSR","09:33:09",18.9,0,11100,426800,
"BSR","09:33:06",18.9,0,1000,415700,
"BSR","09:33:05",18.9,0,200,414700,
"BSR","09:31:46",18.9,0,500,414500,
"BSR","09:31:12",18.9,0,600,414000,
"BSR","09:31:11",18.9,0,100,413400,
"BSR","09:31:10",18.9,0,1000,413300,
"BSR","09:31:02",18.9,0,100,412300,
"BSR","09:30:58",18.9,0,300,412200,
"BSR","09:30:55",18.9,0,200,411900,
"BSR","09:30:45",18.9,0,3800,411700,
"BSR","09:30:34",18.9,0,500,407900,
"BSR","09:30:26",18.9,0,200,407400,
"BSR","09:30:24",18.9,0,200,407200,
"BSR","09:30:21",18.9,0,300,407000,
"BSR","09:30:18",18.9,0,400,406700,
"BSR","09:30:10",18.9,0,100,406300,
"BSR","09:30:00",18.9,0,2000,406200,
"BSR","09:29:40",18.9,0,2000,404200,
"BSR","09:29:34",18.9,0,400,402200,
"BSR","09:29:13",18.9,0,1000,401800,
"BSR","09:28:48",18.9,0,2000,400800,
"BSR","09:28:47",18.9,0,200,398800,
"BSR","09:28:43",18.9,0,1200,398600,
"BSR","09:28:36",18.9,0,1500,397400,
"BSR","09:28:32",18.9,0,500,395900,
"BSR","09:28:26",18.9,0,300,395400,
"BSR","09:28:00",18.9,0,41800,395100,
"BSR","09:27:57",18.9,0,10000,353300,
"BSR","09:27:16",18.9,0,10000,343300,
"BSR","09:26:41",18.9,0,500,333300,
"BSR","09:26:34",18.9,0,100,332800,
"BSR","09:26:16",18.9,0,39700,332700,
"BSR","09:26:14",18.9,0,500,293000,
"BSR","09:25:58",18.9,0,100,292500,
"BSR","09:25:37",18.9,0,2000,292400,
"BSR","09:25:33",18.9,0,200,290400,
"BSR","09:25:27",18.9,0,9400,290200,
"BSR","09:25:05",18.9,0,100,280800,
"BSR","09:24:56",18.9,0,2000,280700,
"BSR","09:24:46",18.9,0,6000,278700,
"BSR","09:24:37",18.9,0,1000,272700,
"BSR","09:24:32",18.9,0,5000,271700,
"BSR","09:24:28",18.9,0,5000,266700,
"BSR","09:24:22",18.9,0,400,261700,
"BSR","09:24:13",18.9,0,10000,261300,
"BSR","09:24:09",18.8,-0.1,100,251300,
"BSR","09:24:06",18.9,0,8600,251200,
"BSR","09:24:00",18.9,0,400,242600,
"BSR","09:23:50",18.9,0,200,242200,
"BSR","09:23:46",18.9,0,6400,242000,
"BSR","09:23:27",18.9,0,148500,235600,
"BSR","09:22:57",18.9,0,2900,87100,
"BSR","09:22:43",18.9,0,100,84200,
"BSR","09:22:41",18.9,0,5000,84100,
"BSR","09:22:28",18.9,0,2000,79100,
"BSR","09:22:18",18.9,0,2000,77100,
"BSR","09:22:11",18.9,0,6000,75100,
"BSR","09:22:03",18.9,0,5000,69100,
"BSR","09:21:25",18.9,0,400,64100,
"BSR","09:21:02",18.9,0,1000,63700,
"BSR","09:20:50",18.9,0,200,62700,
"BSR","09:20:34",18.9,0,500,62500,
"BSR","09:20:08",18.9,0,1000,62000,
"BSR","09:19:58",18.9,0,500,61000,
"BSR","09:19:53",19,0.1,1000,60500,
"BSR","09:18:54",19,0.1,100,59500,
"BSR","09:18:08",19,0.1,800,59400,
"BSR","09:17:33",18.9,0,3000,58600,
"BSR","09:17:23",18.9,0,2200,55600,
"BSR","09:16:45",18.9,0,10000,53400,
"BSR","09:15:54",18.9,0,1100,43400,
"BSR","09:13:56",18.9,0,100,42300,
"BSR","09:13:16",18.9,0,10000,42200,
"BSR","09:07:53",18.9,0,7000,32200,
"BSR","09:07:05",18.9,0,3400,25200,
"BSR","09:06:19",19,0.1,200,21800,
"BSR","09:04:53",18.9,0,1000,21600,
"BSR","09:04:17",18.9,0,1000,20600,
"BSR","09:03:49",18.9,0,4000,19600,
"BSR","09:03:01",18.9,0,100,15600,
"BSR","09:02:54",19,0.1,1000,15500,
"BSR","09:02:42",19,0.1,5000,14500,
"BSR","09:01:34",19,0.1,5000,9500,
"BSR","09:01:11",18.9,0,200,4500,
"BSR","09:00:34",18.9,0,100,4300,
"BSR","09:00:29",19,0.1,2000,4200,
"BSR","09:00:19",19,0.1,2000,2200,
"BSR","09:00:16",19,0.1,100,200,
"BSR","09:00:04",18.8,-0.1,100,100,
