"symbol","time","price","change","vol","total","side"
"ITA","14:45:01",7.14,-0.31,369400,8388000,
"ITA","14:29:59",7.15,-0.3,300,8018600,"S"
"ITA","14:29:58",7.15,-0.3,500,8018300,"S"
"ITA","14:29:47",7.14,-0.31,7500,8017800,"B"
"ITA","14:29:46",7.15,-0.3,100,8010300,"S"
"ITA","14:29:44",7.14,-0.31,600,8010200,"B"
"ITA","14:29:43",7.15,-0.3,300,8009600,"S"
"ITA","14:29:41",7.15,-0.3,3000,8009300,"S"
"ITA","14:29:39",7.14,-0.31,7500,8006300,"B"
"ITA","14:29:32",7.15,-0.3,500,7998800,"B"
"ITA","14:29:26",7.14,-0.31,6600,7998300,"S"
"ITA","14:29:25",7.14,-0.31,2000,7991700,"S"
"ITA","14:29:24",7.14,-0.31,1100,7989700,"S"
"ITA","14:29:22",7.14,-0.31,5000,7988600,"S"
"ITA","14:29:18",7.14,-0.31,500,7983600,"S"
"ITA","14:29:18",7.14,-0.31,4100,7983100,"S"
"ITA","14:29:17",7.14,-0.31,500,7979000,"S"
"ITA","14:29:14",7.14,-0.31,100,7968500,"S"
"ITA","14:29:10",7.14,-0.31,5000,7968400,"S"
"ITA","14:29:04",7.14,-0.31,500,7963400,"S"
"ITA","14:29:00",7.14,-0.31,1000,7962900,"S"
"ITA","14:28:59",7.14,-0.31,69900,7961900,"B"
"ITA","14:28:59",7.15,-0.3,55900,7892000,"B"
"ITA","14:28:59",7.16,-0.29,800,7836100,"B"
"ITA","14:28:58",7.18,-0.27,6100,7835300,"B"
"ITA","14:28:55",7.17,-0.28,200,7829200,"S"
"ITA","14:28:52",7.17,-0.28,1500,7829000,"S"
"ITA","14:28:51",7.17,-0.28,1000,7827500,"S"
"ITA","14:28:49",7.17,-0.28,200,7826500,"B"
"ITA","14:28:49",7.17,-0.28,15000,7826300,"B"
"ITA","14:28:48",7.19,-0.26,11800,7811300,"S"
"ITA","14:28:48",7.18,-0.27,8200,7799500,"S"
"ITA","14:28:44",7.18,-0.27,7500,7791300,"S"
"ITA","14:28:41",7.17,-0.28,3000,7783800,"B"
"ITA","14:28:40",7.18,-0.27,23000,7780800,"S"
"ITA","14:28:36",7.18,-0.27,5000,7757800,"S"
"ITA","14:28:30",7.17,-0.28,5000,7752800,"B"
"ITA","14:28:26",7.17,-0.28,1000,7747800,"B"
"ITA","14:28:18",7.17,-0.28,4600,7746800,"S"
"ITA","14:28:18",7.16,-0.29,25000,7742200,"B"
"ITA","14:28:18",7.17,-0.28,4200,7717200,"S"
"ITA","14:28:16",7.17,-0.28,5100,7712800,"S"
"ITA","14:28:15",7.17,-0.28,1100,7707700,"S"
"ITA","14:28:09",7.17,-0.28,8200,7706600,"S"
"ITA","14:27:56",7.17,-0.28,1000,7698400,"S"
"ITA","14:27:49",7.16,-0.29,12200,7697400,"S"
"ITA","14:27:47",7.16,-0.29,1400,7685200,"S"
"ITA","14:27:44",7.15,-0.3,10000,7683800,"B"
"ITA","14:27:43",7.16,-0.29,200,7673800,"S"
"ITA","14:27:42",7.16,-0.29,1200,7673600,"S"
"ITA","14:27:40",7.16,-0.29,400,7672400,"S"
"ITA","14:27:36",7.16,-0.29,800,7672000,"S"
"ITA","14:27:31",7.16,-0.29,5000,7671200,"S"
"ITA","14:27:30",7.15,-0.3,16000,7666200,"S"
"ITA","14:27:27",7.15,-0.3,15000,7650200,"S"
"ITA","14:27:25",7.15,-0.3,10000,7635200,"S"
"ITA","14:27:25",7.14,-0.31,200,7625200,"B"
"ITA","14:27:22",7.15,-0.3,200,7625000,"S"
"ITA","14:27:21",7.15,-0.3,4000,7624800,"S"
"ITA","14:27:15",7.14,-0.31,8100,7620800,"B"
"ITA","14:27:15",7.15,-0.3,500,7612700,"S"
"ITA","14:27:12",7.15,-0.3,10300,7612200,"S"
"ITA","14:27:06",7.14,-0.31,600,7601900,"S"
"ITA","14:27:06",7.14,-0.31,1400,7601300,"S"
"ITA","14:27:03",7.14,-0.31,10000,7599900,"S"
"ITA","14:27:03",7.14,-0.31,200,7589900,"S"
"ITA","14:27:01",7.14,-0.31,10000,7589700,"S"
"ITA","14:27:00",7.14,-0.31,14000,7579700,"S"
"ITA","14:26:57",7.14,-0.31,1000,7565700,"S"
"ITA","14:26:57",7.13,-0.32,10000,7564700,"B"
"ITA","14:26:55",7.14,-0.31,3000,7554700,"S"
"ITA","14:26:52",7.14,-0.31,5000,7551700,"S"
"ITA","14:26:52",7.13,-0.32,5000,7546700,"B"
"ITA","14:26:51",7.14,-0.31,2500,7541700,"S"
"ITA","14:26:51",7.14,-0.31,100,7534100,"S"
"ITA","14:26:47",7.14,-0.31,200,7534000,"S"
"ITA","14:26:40",7.14,-0.31,100,7533800,"S"
"ITA","14:26:38",7.14,-0.31,20000,7533700,"S"
"ITA","14:26:37",7.14,-0.31,100,7513700,"S"
"ITA","14:26:36",7.14,-0.31,20100,7513600,"S"
"ITA","14:26:35",7.14,-0.31,1000,7493500,"S"
"ITA","14:26:32",7.14,-0.31,12000,7492500,"S"
"ITA","14:26:31",7.14,-0.31,200,7480500,"S"
"ITA","14:26:30",7.14,-0.31,1600,7480300,"S"
"ITA","14:26:27",7.14,-0.31,500,7478700,"S"
"ITA","14:26:21",7.14,-0.31,300,7478200,"S"
"ITA","14:26:16",7.14,-0.31,7200,7477900,"S"
"ITA","14:26:11",7.14,-0.31,200,7470700,"S"
"ITA","14:26:10",7.14,-0.31,1000,7470500,"S"
"ITA","14:26:08",7.13,-0.32,500,7469500,"B"
"ITA","14:26:04",7.14,-0.31,600,7469000,"S"
"ITA","14:26:03",7.14,-0.31,2900,7468400,"S"
"ITA","14:25:56",7.14,-0.31,3000,7465500,"S"
"ITA","14:25:54",7.14,-0.31,2000,7462500,"S"
"ITA","14:25:51",7.14,-0.31,2000,7460500,"S"
"ITA","14:25:50",7.14,-0.31,400,7458500,"S"
"ITA","14:25:48",7.13,-0.32,11000,7458100,"B"
"ITA","14:25:47",7.14,-0.31,100,7447100,"S"
"ITA","14:25:44",7.14,-0.31,100,7447000,"S"
"ITA","14:25:41",7.14,-0.31,700,7446900,"S"
"ITA","14:25:39",7.13,-0.32,200,7446200,"B"
"ITA","14:25:23",7.13,-0.32,100,7446000,"B"
"ITA","14:25:22",7.13,-0.32,800,7445900,"B"
"ITA","14:25:15",7.13,-0.32,7900,7445100,"S"
"ITA","14:25:14",7.13,-0.32,1000,7437200,"S"
"ITA","14:25:10",7.13,-0.32,700,7436200,"S"
"ITA","14:25:09",7.13,-0.32,1000,7435500,"S"
"ITA","14:25:06",7.13,-0.32,15100,7434500,"B"
"ITA","14:25:06",7.13,-0.32,9300,7419400,"B"
"ITA","14:25:01",7.13,-0.32,2600,7410100,"B"
"ITA","14:25:00",7.14,-0.31,100,7407500,"S"
"ITA","14:24:54",7.13,-0.32,500,7407400,"B"
"ITA","14:24:52",7.13,-0.32,200,7406900,"B"
"ITA","14:24:50",7.14,-0.31,100,7406700,"S"
"ITA","14:24:43",7.13,-0.32,1900,7406600,"S"
"ITA","14:24:43",7.13,-0.32,100,7404700,"S"
"ITA","14:24:41",7.13,-0.32,300,7404600,"S"
"ITA","14:24:40",7.13,-0.32,2000,7404300,"S"
"ITA","14:24:39",7.13,-0.32,1600,7402300,"S"
"ITA","14:24:38",7.13,-0.32,1200,7400700,"S"
"ITA","14:24:35",7.13,-0.32,10000,7399500,"S"
"ITA","14:24:33",7.13,-0.32,800,7389500,"S"
"ITA","14:24:30",7.13,-0.32,2000,7388700,"S"
"ITA","14:24:25",7.13,-0.32,2000,7386700,"S"
"ITA","14:24:22",7.13,-0.32,300,7384700,"S"
"ITA","14:24:21",7.13,-0.32,200,7384400,"S"
"ITA","14:24:16",7.13,-0.32,1000,7384200,"S"
"ITA","14:24:14",7.13,-0.32,200,7383200,"B"
"ITA","14:24:14",7.13,-0.32,4900,7383000,"S"
"ITA","14:24:11",7.13,-0.32,100,7378100,"S"
"ITA","14:24:08",7.12,-0.33,1000,7378000,"B"
"ITA","14:24:07",7.13,-0.32,200,7377000,"S"
"ITA","14:24:06",7.13,-0.32,6500,7376800,"S"
"ITA","14:24:02",7.13,-0.32,700,7370300,"S"
"ITA","14:24:02",7.12,-0.33,9300,7369600,"B"
"ITA","14:23:56",7.12,-0.33,3000,7360300,"B"
"ITA","14:23:53",7.13,-0.32,700,7357300,"S"
"ITA","14:23:50",7.13,-0.32,200,7356600,"B"
"ITA","14:23:49",7.13,-0.32,16700,7356400,"B"
"ITA","14:23:47",7.13,-0.32,2300,7339500,"B"
"ITA","14:23:44",7.13,-0.32,2000,7337200,"B"
"ITA","14:23:39",7.13,-0.32,200,7335200,"B"
"ITA","14:23:33",7.13,-0.32,1100,7335000,"S"
"ITA","14:23:30",7.13,-0.32,10000,7333900,"S"
"ITA","14:23:27",7.13,-0.32,1300,7323900,"S"
"ITA","14:23:26",7.13,-0.32,6000,7322600,"S"
"ITA","14:23:26",7.13,-0.32,5000,7316600,"S"
"ITA","14:23:17",7.13,-0.32,100,7311600,"S"
"ITA","14:23:10",7.12,-0.33,7000,7311500,"B"
"ITA","14:23:10",7.13,-0.32,2000,7304500,"S"
"ITA","14:23:07",7.13,-0.32,100,7302500,"S"
"ITA","14:23:06",7.13,-0.32,1900,7302400,"S"
"ITA","14:23:05",7.12,-0.33,4400,7300500,"B"
"ITA","14:23:05",7.13,-0.32,1700,7296100,"S"
"ITA","14:22:55",7.12,-0.33,1000,7294400,"B"
"ITA","14:22:53",7.12,-0.33,100,7293400,"B"
"ITA","14:22:50",7.12,-0.33,200,7293300,"S"
"ITA","14:22:49",7.12,-0.33,1000,7293100,"S"
"ITA","14:22:48",7.12,-0.33,1500,7292100,"S"
"ITA","14:22:46",7.12,-0.33,2300,7290600,"B"
"ITA","14:22:42",7.13,-0.32,200,7288300,"S"
"ITA","14:22:42",7.13,-0.32,100,7288100,"S"
"ITA","14:22:39",7.13,-0.32,1000,7288000,"S"
"ITA","14:22:37",7.13,-0.32,1500,7287000,"S"
"ITA","14:22:37",7.12,-0.33,3500,7285500,"S"
"ITA","14:22:37",7.13,-0.32,100,7282000,"S"
"ITA","14:22:36",7.11,-0.34,11600,7281900,"B"
"ITA","14:22:36",7.12,-0.33,13400,7270300,"B"
"ITA","14:22:35",7.13,-0.32,3000,7256900,"S"
"ITA","14:22:34",7.13,-0.32,1000,7253900,"S"
"ITA","14:22:33",7.13,-0.32,400,7252900,"S"
"ITA","14:22:26",7.12,-0.33,10000,7252500,"B"
"ITA","14:22:22",7.14,-0.31,100,7242500,"S"
"ITA","14:22:20",7.12,-0.33,9300,7242400,"B"
"ITA","14:22:20",7.13,-0.32,5700,7233100,"B"
"ITA","14:22:19",7.13,-0.32,200,7227400,"B"
"ITA","14:22:16",7.13,-0.32,1000,7227200,"B"
"ITA","14:22:12",7.13,-0.32,200,7226200,"B"
"ITA","14:22:09",7.13,-0.32,300,7226000,"B"
"ITA","14:22:03",7.13,-0.32,400,7225700,"S"
"ITA","14:22:03",7.13,-0.32,500,7225300,"S"
"ITA","14:22:02",7.13,-0.32,4100,7224800,"S"
"ITA","14:22:00",7.13,-0.32,100,7220700,"S"
"ITA","14:21:57",7.13,-0.32,1000,7220600,"S"
"ITA","14:21:56",7.13,-0.32,500,7219600,"S"
"ITA","14:21:53",7.13,-0.32,100,7219100,"S"
"ITA","14:21:50",7.13,-0.32,100,7219000,"S"
"ITA","14:21:48",7.13,-0.32,100,7218900,"B"
"ITA","14:21:48",7.14,-0.31,200,7218800,"S"
"ITA","14:21:46",7.12,-0.33,200,7218600,"B"
"ITA","14:21:46",7.13,-0.32,800,7218400,"B"
"ITA","14:21:44",7.13,-0.32,1700,7217600,"S"
"ITA","14:21:42",7.14,-0.31,1000,7215900,"S"
"ITA","14:21:41",7.11,-0.34,10000,7214900,"B"
"ITA","14:21:41",7.12,-0.33,100,7204900,"B"
"ITA","14:21:41",7.13,-0.32,11900,7204800,"B"
"ITA","14:21:36",7.14,-0.31,100,7192900,"S"
"ITA","14:21:31",7.14,-0.31,200,7192800,"S"
"ITA","14:21:29",7.14,-0.31,200,7192600,"S"
"ITA","14:21:25",7.14,-0.31,100,7192400,"S"
"ITA","14:21:16",7.14,-0.31,18000,7192300,"S"
"ITA","14:21:16",7.1,-0.35,12000,7174300,"B"
"ITA","14:21:16",7.11,-0.34,2000,7162300,"B"
"ITA","14:21:16",7.12,-0.33,1000,7160300,"B"
"ITA","14:21:16",7.14,-0.31,1000,7159300,"S"
"ITA","14:21:12",7.1,-0.35,53800,7158300,"B"
"ITA","14:21:12",7.12,-0.33,3500,7063000,"B"
"ITA","14:21:11",7.14,-0.31,100,7058300,"S"
"ITA","14:21:08",7.15,-0.3,300,7055300,"S"
"ITA","14:21:03",7.14,-0.31,300,7055000,"S"
"ITA","14:21:00",7.14,-0.31,300,7054700,"S"
"ITA","14:20:59",7.14,-0.31,300,7054400,"S"
"ITA","14:20:47",7.14,-0.31,100,7054100,"B"
"ITA","14:20:34",7.16,-0.29,1200,7054000,"S"
"ITA","14:20:34",7.15,-0.3,1800,7052800,"S"
"ITA","14:20:33",7.15,-0.3,200,7051000,"S"
"ITA","14:20:33",7.13,-0.32,800,7050800,"S"
"ITA","14:20:31",7.13,-0.32,3000,7050000,"S"
"ITA","14:20:31",7.11,-0.34,1800,7047000,"B"
"ITA","14:20:31",7.13,-0.32,200,7045200,"S"
"ITA","14:20:30",7.15,-0.3,1000,7045000,"B"
"ITA","14:20:30",7.11,-0.34,4400,7044000,"B"
"ITA","14:20:30",7.12,-0.33,15300,7039600,"B"
"ITA","14:20:30",7.13,-0.32,17200,7024300,"B"
"ITA","14:20:30",7.14,-0.31,2000,7007100,"B"
"ITA","14:20:30",7.15,-0.3,1100,7005100,"B"
"ITA","14:20:29",7.16,-0.29,100,7004000,"S"
"ITA","14:20:25",7.16,-0.29,4000,7003900,"S"
"ITA","14:20:24",7.16,-0.29,1200,6999900,"S"
"ITA","14:20:21",7.16,-0.29,300,6998700,"S"
"ITA","14:20:21",7.16,-0.29,1100,6998400,"B"
"ITA","14:20:20",7.14,-0.31,27900,6997300,"B"
"ITA","14:20:20",7.15,-0.3,110700,6969400,"B"
"ITA","14:20:20",7.16,-0.29,12400,6858700,"B"
"ITA","14:20:18",7.16,-0.29,2400,6846300,"S"
"ITA","14:20:15",7.16,-0.29,500,6843900,"S"
"ITA","14:20:13",7.16,-0.29,100,6843400,"S"
"ITA","14:20:08",7.16,-0.29,2800,6843300,"S"
"ITA","14:20:07",7.16,-0.29,2000,6840500,"S"
"ITA","14:20:06",7.16,-0.29,1000,6838500,"S"
"ITA","14:20:04",7.16,-0.29,300,6837500,"S"
"ITA","14:20:04",7.15,-0.3,3000,6837200,"B"
"ITA","14:20:03",7.16,-0.29,5700,6834200,"S"
"ITA","14:20:01",7.15,-0.3,300,6828500,"B"
"ITA","14:19:59",7.16,-0.29,1100,6828200,"S"
"ITA","14:19:52",7.16,-0.29,2000,6827100,"S"
"ITA","14:19:49",7.16,-0.29,300,6825100,"S"
"ITA","14:19:46",7.16,-0.29,100,6824800,"S"
"ITA","14:19:44",7.16,-0.29,400,6824700,"S"
"ITA","14:19:41",7.16,-0.29,500,6824300,"S"
"ITA","14:19:40",7.16,-0.29,1500,6823800,"S"
"ITA","14:19:38",7.16,-0.29,5000,6822300,"S"
"ITA","14:19:38",7.16,-0.29,100,6817300,"S"
"ITA","14:19:30",7.16,-0.29,3000,6817200,"S"
"ITA","14:19:29",7.16,-0.29,1000,6814200,"S"
"ITA","14:19:28",7.16,-0.29,300,6813200,"S"
"ITA","14:19:25",7.16,-0.29,3000,6812900,"S"
"ITA","14:19:24",7.16,-0.29,5000,6809900,"S"
"ITA","14:19:22",7.16,-0.29,200,6804900,"S"
"ITA","14:19:21",7.16,-0.29,5000,6804700,"S"
"ITA","14:19:19",7.16,-0.29,20900,6799700,"B"
"ITA","14:19:17",7.16,-0.29,4000,6778800,"B"
"ITA","14:19:15",7.17,-0.28,100,6774800,"S"
"ITA","14:19:09",7.16,-0.29,9900,6774700,"B"
"ITA","14:19:00",7.17,-0.28,100,6764800,"S"
"ITA","14:18:59",7.17,-0.28,200,6764700,"S"
"ITA","14:18:57",7.16,-0.29,1000,6764500,"B"
"ITA","14:18:57",7.17,-0.28,7200,6763500,"B"
"ITA","14:18:43",7.17,-0.28,18800,6756300,"B"
"ITA","14:18:43",7.18,-0.27,11800,6737500,"B"
"ITA","14:18:39",7.19,-0.26,1000,6725700,"S"
"ITA","14:18:35",7.18,-0.27,1000,6724700,"B"
"ITA","14:18:20",7.18,-0.27,20000,6723700,"B"
"ITA","14:18:20",7.19,-0.26,100,6703700,"S"
"ITA","14:18:00",7.18,-0.27,1000,6703600,"B"
"ITA","14:17:54",7.18,-0.27,5000,6702600,"B"
"ITA","14:17:53",7.19,-0.26,9600,6697600,"S"
"ITA","14:17:49",7.19,-0.26,200,6688000,"S"
"ITA","14:17:46",7.19,-0.26,1000,6687800,"S"
"ITA","14:17:45",7.19,-0.26,1000,6686800,"S"
"ITA","14:17:37",7.19,-0.26,700,6685800,"S"
"ITA","14:17:36",7.19,-0.26,5000,6685100,"S"
"ITA","14:17:34",7.19,-0.26,100,6680100,"S"
"ITA","14:17:34",7.19,-0.26,3000,6680000,"S"
"ITA","14:17:25",7.19,-0.26,500,6677000,"S"
"ITA","14:17:24",7.19,-0.26,1000,6676500,"S"
"ITA","14:17:24",7.19,-0.26,3800,6675500,"B"
"ITA","14:17:23",7.19,-0.26,2000,6671700,"B"
"ITA","14:17:18",7.19,-0.26,5000,6669700,"B"
"ITA","14:17:17",7.19,-0.26,1000,6664700,"B"
"ITA","14:17:14",7.19,-0.26,2700,6663700,"B"
"ITA","14:17:14",7.2,-0.25,100,6661000,"S"
"ITA","14:17:13",7.2,-0.25,100,6660900,"S"
"ITA","14:17:07",7.19,-0.26,2000,6660800,"B"
"ITA","14:17:02",7.2,-0.25,300,6658800,"S"
"ITA","14:16:58",7.2,-0.25,5000,6658500,"S"
"ITA","14:16:54",7.2,-0.25,15200,6653500,"B"
"ITA","14:16:51",7.2,-0.25,41200,6638300,"B"
"ITA","14:16:50",7.21,-0.24,100,6597100,"S"
"ITA","14:16:38",7.21,-0.24,700,6597000,"B"
"ITA","14:16:36",7.21,-0.24,5400,6596300,"S"
"ITA","14:16:35",7.21,-0.24,1000,6590900,"S"
"ITA","14:16:33",7.21,-0.24,1200,6589900,"S"
"ITA","14:16:30",7.21,-0.24,1700,6588700,"S"
"ITA","14:16:28",7.21,-0.24,100,6587000,"S"
"ITA","14:16:08",7.21,-0.24,200,6586900,"S"
"ITA","14:16:04",7.21,-0.24,100,6586700,"S"
"ITA","14:16:03",7.21,-0.24,100,6586600,"S"
"ITA","14:15:57",7.21,-0.24,200,6586500,"S"
"ITA","14:15:51",7.21,-0.24,4200,6586300,"S"
"ITA","14:15:48",7.21,-0.24,200,6582100,"S"
"ITA","14:15:45",7.21,-0.24,300,6581900,"S"
"ITA","14:15:43",7.21,-0.24,8700,6581600,"B"
"ITA","14:15:35",7.22,-0.23,500,6572900,"S"
"ITA","14:15:34",7.21,-0.24,5000,6572400,"B"
"ITA","14:15:31",7.22,-0.23,200,6567400,"S"
"ITA","14:15:23",7.22,-0.23,100,6567200,"S"
"ITA","14:15:15",7.22,-0.23,2000,6567100,"S"
"ITA","14:15:14",7.22,-0.23,500,6565100,"S"
"ITA","14:15:07",7.22,-0.23,3000,6564600,"S"
"ITA","14:15:05",7.22,-0.23,1000,6561600,"S"
"ITA","14:15:01",7.22,-0.23,400,6560600,"S"
"ITA","14:15:01",7.22,-0.23,1000,6560200,"S"
"ITA","14:15:00",7.22,-0.23,7000,6559200,"B"
"ITA","14:14:58",7.23,-0.22,1100,6552200,"S"
"ITA","14:14:58",7.22,-0.23,3900,6551100,"S"
"ITA","14:14:44",7.22,-0.23,5000,6547200,"S"
"ITA","14:14:42",7.22,-0.23,2900,6542200,"S"
"ITA","14:14:39",7.22,-0.23,300,6539300,"S"
"ITA","14:14:38",7.22,-0.23,900,6539000,"S"
"ITA","14:14:38",7.22,-0.23,6500,6538100,"B"
"ITA","14:14:31",7.22,-0.23,5000,6531600,"B"
"ITA","14:14:22",7.22,-0.23,7800,6526600,"S"
"ITA","14:14:18",7.22,-0.23,5000,6518800,"S"
"ITA","14:14:05",7.22,-0.23,5000,6513800,"S"
"ITA","14:14:04",7.22,-0.23,10000,6508800,"S"
"ITA","14:13:59",7.21,-0.24,500,6498800,"B"
"ITA","14:13:59",7.22,-0.23,400,6498300,"S"
"ITA","14:13:54",7.22,-0.23,1000,6497900,"S"
"ITA","14:13:49",7.22,-0.23,5000,6496900,"S"
"ITA","14:13:44",7.22,-0.23,2100,6491900,"S"
"ITA","14:13:43",7.22,-0.23,3300,6489800,"S"
"ITA","14:13:43",7.21,-0.24,200,6486500,"S"
"ITA","14:13:42",7.2,-0.25,10000,6486300,"B"
"ITA","14:13:38",7.21,-0.24,100,6476300,"S"
"ITA","14:13:37",7.21,-0.24,700,6476200,"B"
"ITA","14:13:31",7.22,-0.23,500,6475500,"S"
"ITA","14:13:28",7.22,-0.23,20000,6475000,"S"
"ITA","14:13:25",7.22,-0.23,13000,6455000,"S"
"ITA","14:13:23",7.21,-0.24,500,6442000,"B"
"ITA","14:13:19",7.21,-0.24,1100,6441500,"B"
"ITA","14:13:18",7.22,-0.23,100,6440400,"S"
"ITA","14:13:12",7.22,-0.23,200,6440300,"S"
"ITA","14:12:58",7.22,-0.23,400,6440100,"S"
"ITA","14:12:51",7.22,-0.23,5000,6439700,"S"
"ITA","14:12:46",7.22,-0.23,3000,6434700,"S"
"ITA","14:12:39",7.22,-0.23,1600,6431700,"B"
"ITA","14:12:32",7.22,-0.23,100,6430100,"S"
"ITA","14:12:31",7.22,-0.23,10000,6430000,"S"
"ITA","14:12:28",7.22,-0.23,500,6420000,"S"
"ITA","14:12:13",7.2,-0.25,100,6419500,"B"
"ITA","14:12:09",7.22,-0.23,700,6419400,"S"
"ITA","14:11:59",7.18,-0.27,2400,6418700,"B"
"ITA","14:11:59",7.19,-0.26,600,6416300,"B"
"ITA","14:11:57",7.22,-0.23,500,6415700,"S"
"ITA","14:11:56",7.18,-0.27,14200,6415200,"B"
"ITA","14:11:56",7.19,-0.26,4900,6401000,"B"
"ITA","14:11:56",7.2,-0.25,900,6396100,"B"
"ITA","14:11:54",7.2,-0.25,300,6395200,"S"
"ITA","14:11:52",7.2,-0.25,1000,6394900,"S"
"ITA","14:11:45",7.19,-0.26,1000,6393900,"S"
"ITA","14:11:44",7.18,-0.27,2600,6392900,"B"
"ITA","14:11:40",7.18,-0.27,20600,6390300,"S"
"ITA","14:11:40",7.18,-0.27,20100,6369700,"S"
"ITA","14:11:38",7.18,-0.27,2000,6349600,"S"
"ITA","14:11:35",7.17,-0.28,5000,6347600,"B"
"ITA","14:11:35",7.18,-0.27,3300,6342600,"S"
"ITA","14:11:35",7.17,-0.28,100,6339300,"B"
"ITA","14:11:32",7.18,-0.27,2000,6339200,"S"
"ITA","14:11:31",7.18,-0.27,1000,6337200,"S"
"ITA","14:11:25",7.17,-0.28,1800,6336200,"S"
"ITA","14:11:24",7.17,-0.28,5000,6334400,"S"
"ITA","14:11:23",7.17,-0.28,3000,6329400,"S"
"ITA","14:11:20",7.17,-0.28,4000,6326400,"S"
"ITA","14:11:17",7.17,-0.28,10500,6322400,"S"
"ITA","14:11:15",7.16,-0.29,500,6311900,"B"
"ITA","14:11:15",7.17,-0.28,2000,6311400,"S"
"ITA","14:10:59",7.15,-0.3,2600,6309400,"S"
"ITA","14:10:59",7.15,-0.3,4000,6306800,"S"
"ITA","14:10:58",7.15,-0.3,200,6302800,"S"
"ITA","14:10:56",7.15,-0.3,700,6302600,"S"
"ITA","14:10:56",7.14,-0.31,600,6301900,"B"
"ITA","14:10:53",7.15,-0.3,5300,6301300,"S"
"ITA","14:10:52",7.15,-0.3,100,6296000,"S"
"ITA","14:10:52",7.15,-0.3,100,6295900,"S"
"ITA","14:10:50",7.15,-0.3,200,6295800,"S"
"ITA","14:10:49",7.15,-0.3,2000,6295600,"S"
"ITA","14:10:48",7.15,-0.3,400,6293600,"S"
"ITA","14:10:46",7.15,-0.3,300,6293200,"S"
"ITA","14:10:46",7.15,-0.3,1000,6292900,"S"
"ITA","14:10:43",7.15,-0.3,300,6291900,"S"
"ITA","14:10:41",7.15,-0.3,200,6291600,"S"
"ITA","14:10:39",7.15,-0.3,100,6291400,"S"
"ITA","14:10:38",7.15,-0.3,2700,6291300,"B"
"ITA","14:10:28",7.15,-0.3,9800,6288600,"S"
"ITA","14:10:27",7.15,-0.3,400,6278800,"S"
"ITA","14:10:25",7.14,-0.31,400,6278400,"B"
"ITA","14:10:23",7.15,-0.3,3000,6278000,"S"
"ITA","14:10:20",7.15,-0.3,1000,6275000,"S"
"ITA","14:10:19",7.15,-0.3,10000,6274000,"S"
"ITA","14:10:12",7.15,-0.3,500,6264000,"S"
"ITA","14:10:11",7.15,-0.3,7700,6263500,"S"
"ITA","14:10:10",7.15,-0.3,1400,6255800,"S"
"ITA","14:10:04",7.15,-0.3,2000,6254400,"S"
"ITA","14:10:03",7.15,-0.3,53800,6252400,"B"
"ITA","14:10:03",7.16,-0.29,19200,6198600,"B"
"ITA","14:10:02",7.17,-0.28,200,6179400,"S"
"ITA","14:09:57",7.17,-0.28,2000,6179200,"S"
"ITA","14:09:56",7.17,-0.28,1000,6177200,"S"
"ITA","14:09:52",7.17,-0.28,20200,6176200,"S"
"ITA","14:09:46",7.16,-0.29,300,6156000,"B"
"ITA","14:09:45",7.16,-0.29,4000,6155700,"B"
"ITA","14:09:45",7.17,-0.28,300,6151700,"S"
"ITA","14:09:39",7.17,-0.28,2000,6151400,"S"
"ITA","14:09:38",7.17,-0.28,100,6149400,"S"
"ITA","14:09:36",7.17,-0.28,3700,6149300,"B"
"ITA","14:09:26",7.17,-0.28,7500,6145600,"B"
"ITA","14:09:20",7.17,-0.28,1400,6138100,"B"
"ITA","14:09:19",7.18,-0.27,1000,6136700,"B"
"ITA","14:09:18",7.19,-0.26,1000,6135700,"B"
"ITA","14:09:10",7.2,-0.25,32000,6134700,"S"
"ITA","14:09:03",7.2,-0.25,5300,6102700,"S"
"ITA","14:09:03",7.19,-0.26,11400,6097400,"S"
"ITA","14:09:03",7.18,-0.27,13500,6086000,"S"
"ITA","14:09:01",7.18,-0.27,100,6072500,"S"
"ITA","14:08:57",7.18,-0.27,300,6072400,"S"
"ITA","14:08:56",7.18,-0.27,1000,6072100,"S"
"ITA","14:08:55",7.18,-0.27,2000,6071100,"B"
"ITA","14:08:54",7.18,-0.27,28100,6069100,"B"
"ITA","14:08:51",7.19,-0.26,1000,6041000,"S"
"ITA","14:08:50",7.19,-0.26,100,6040000,"S"
"ITA","14:08:48",7.19,-0.26,100,6039900,"S"
"ITA","14:08:46",7.19,-0.26,500,6039800,"S"
"ITA","14:08:44",7.19,-0.26,3700,6039300,"B"
"ITA","14:08:33",7.19,-0.26,300,6035600,"B"
"ITA","14:08:31",7.19,-0.26,1900,6035300,"B"
"ITA","14:08:30",7.19,-0.26,3000,6033400,"B"
"ITA","14:08:27",7.2,-0.25,1000,6030400,"S"
"ITA","14:08:27",7.19,-0.26,2000,6029400,"B"
"ITA","14:08:18",7.2,-0.25,2000,6027400,"S"
"ITA","14:08:16",7.2,-0.25,500,6025400,"S"
"ITA","14:08:12",7.2,-0.25,200,6024900,"S"
"ITA","14:08:12",7.19,-0.26,800,6024700,"S"
"ITA","14:08:11",7.19,-0.26,1000,6023900,"S"
"ITA","14:08:09",7.2,-0.25,300,6022900,"S"
"ITA","14:08:09",7.19,-0.26,700,6022600,"S"
"ITA","14:08:06",7.19,-0.26,4300,6021900,"B"
"ITA","14:07:59",7.2,-0.25,100,6017600,"S"
"ITA","14:07:55",7.2,-0.25,1000,6017500,"S"
"ITA","14:07:42",7.2,-0.25,1000,6016500,"S"
"ITA","14:07:41",7.2,-0.25,500,6015500,"S"
"ITA","14:07:39",7.2,-0.25,100,6015000,"S"
"ITA","14:07:38",7.2,-0.25,6000,6014900,"S"
"ITA","14:07:38",7.19,-0.26,5000,6008900,"S"
"ITA","14:07:37",7.19,-0.26,3200,6003900,"B"
"ITA","14:07:35",7.19,-0.26,1000,6000700,"B"
"ITA","14:07:30",7.2,-0.25,800,5999700,"B"
"ITA","14:07:29",7.21,-0.24,1300,5998900,"S"
"ITA","14:07:28",7.21,-0.24,1000,5997600,"S"
"ITA","14:07:21",7.19,-0.26,4000,5996600,"B"
"ITA","14:07:18",7.2,-0.25,1000,5992600,"B"
"ITA","14:07:17",7.2,-0.25,7500,5991600,"B"
"ITA","14:07:10",7.22,-0.23,100,5984100,"S"
"ITA","14:07:03",7.22,-0.23,1000,5984000,"S"
"ITA","14:07:03",7.21,-0.24,100,5983000,"B"
"ITA","14:06:58",7.22,-0.23,20000,5982900,"S"
"ITA","14:06:54",7.22,-0.23,200,5962900,"S"
"ITA","14:06:45",7.22,-0.23,2000,5962700,"S"
"ITA","14:06:39",7.22,-0.23,5000,5960700,"S"
"ITA","14:06:23",7.2,-0.25,8400,5955700,"S"
"ITA","14:06:10",7.2,-0.25,2000,5947300,"S"
"ITA","14:06:09",7.2,-0.25,46000,5945300,"B"
"ITA","14:06:07",7.22,-0.23,4000,5899300,"S"
"ITA","14:06:04",7.21,-0.24,14800,5895300,"B"
"ITA","14:05:58",7.22,-0.23,300,5880500,"B"
"ITA","14:05:40",7.22,-0.23,6800,5880200,"B"
"ITA","14:05:38",7.22,-0.23,3200,5873400,"S"
"ITA","14:05:35",7.22,-0.23,800,5870200,"B"
"ITA","14:05:28",7.22,-0.23,200,5869400,"S"
"ITA","14:05:25",7.22,-0.23,20000,5869200,"S"
"ITA","14:05:23",7.22,-0.23,100,5849200,"S"
"ITA","14:05:20",7.22,-0.23,1200,5849100,"S"
"ITA","14:05:16",7.22,-0.23,300,5847900,"S"
"ITA","14:05:12",7.22,-0.23,100,5847600,"S"
"ITA","14:05:10",7.22,-0.23,100,5847500,"S"
"ITA","14:05:08",7.22,-0.23,2000,5847400,"S"
"ITA","14:05:01",7.22,-0.23,100,5845400,"S"
"ITA","14:04:45",7.22,-0.23,1600,5845300,"B"
"ITA","14:04:38",7.22,-0.23,2000,5843700,"B"
"ITA","14:04:34",7.22,-0.23,1400,5841700,"S"
"ITA","14:04:31",7.21,-0.24,200,5840300,"S"
"ITA","14:04:30",7.21,-0.24,6500,5840100,"B"
"ITA","14:04:25",7.21,-0.24,1000,5833600,"B"
"ITA","14:04:19",7.21,-0.24,600,5832600,"B"
"ITA","14:04:13",7.22,-0.23,2100,5832000,"S"
"ITA","14:04:03",7.2,-0.25,76400,5829900,"B"
"ITA","14:04:03",7.21,-0.24,3300,5753500,"B"
"ITA","14:03:57",7.2,-0.25,44200,5749900,"B"
"ITA","14:03:57",7.21,-0.24,43800,5705700,"B"
"ITA","14:03:57",7.22,-0.23,9500,5661900,"B"
"ITA","14:03:45",7.22,-0.23,1000,5652400,"B"
"ITA","14:03:41",7.22,-0.23,1300,5651400,"B"
"ITA","14:03:40",7.22,-0.23,3100,5650100,"S"
"ITA","14:03:36",7.22,-0.23,4500,5647000,"S"
"ITA","14:03:32",7.21,-0.24,100,5642500,"B"
"ITA","14:03:30",7.22,-0.23,10000,5642400,"S"
"ITA","14:03:28",7.21,-0.24,1900,5632400,"B"
"ITA","14:03:28",7.22,-0.23,5300,5630500,"S"
"ITA","14:03:14",7.22,-0.23,100,5625200,"S"
"ITA","14:03:10",7.22,-0.23,200,5625100,"S"
"ITA","14:03:06",7.22,-0.23,2000,5624900,"S"
"ITA","14:03:03",7.22,-0.23,14900,5622900,"B"
"ITA","14:02:57",7.22,-0.23,1000,5608000,"B"
"ITA","14:02:52",7.22,-0.23,500,5607000,"B"
"ITA","14:02:51",7.22,-0.23,17000,5606500,"B"
"ITA","14:02:36",7.22,-0.23,10000,5589500,"B"
"ITA","14:02:30",7.23,-0.22,300,5579500,"S"
"ITA","14:02:26",7.23,-0.22,2000,5579200,"S"
"ITA","14:02:24",7.23,-0.22,2400,5577200,"B"
"ITA","14:02:23",7.23,-0.22,5000,5574800,"B"
"ITA","14:02:10",7.23,-0.22,1000,5569800,"B"
"ITA","14:02:05",7.24,-0.21,500,5568800,"B"
"ITA","14:01:58",7.23,-0.22,14000,5568300,"B"
"ITA","14:01:36",7.25,-0.2,1000,5554300,"B"
"ITA","14:01:31",7.24,-0.21,500,5553300,"S"
"ITA","14:01:28",7.24,-0.21,300,5552800,"S"
"ITA","14:01:22",7.24,-0.21,10000,5552500,"S"
"ITA","14:01:11",7.23,-0.22,19000,5542500,"B"
"ITA","14:01:11",7.24,-0.21,300,5523500,"S"
"ITA","14:00:54",7.24,-0.21,2000,5523200,"S"
"ITA","14:00:35",7.24,-0.21,100,5521200,"S"
"ITA","14:00:29",7.24,-0.21,100,5521100,"S"
"ITA","14:00:23",7.23,-0.22,5000,5521000,"B"
"ITA","14:00:10",7.23,-0.22,3300,5516000,"B"
"ITA","14:00:03",7.24,-0.21,100,5512700,"S"
"ITA","13:59:51",7.24,-0.21,10000,5512600,"S"
"ITA","13:59:49",7.24,-0.21,11000,5502600,"B"
"ITA","13:59:49",7.25,-0.2,70200,5491600,"B"
"ITA","13:59:37",7.26,-0.19,100,5421400,"S"
"ITA","13:59:35",7.26,-0.19,1000,5421300,"S"
"ITA","13:59:29",7.26,-0.19,400,5420300,"B"
"ITA","13:58:59",7.26,-0.19,200,5419900,"S"
"ITA","13:58:45",7.26,-0.19,300,5419700,"S"
"ITA","13:58:42",7.26,-0.19,100,5419400,"S"
"ITA","13:58:41",7.26,-0.19,100,5419300,"S"
"ITA","13:58:41",7.26,-0.19,34500,5419200,"B"
"ITA","13:57:37",7.27,-0.18,3000,5384700,"B"
"ITA","13:57:17",7.26,-0.19,8800,5381700,"B"
"ITA","13:57:17",7.27,-0.18,1200,5372900,"B"
"ITA","13:57:16",7.27,-0.18,3800,5371700,"S"
"ITA","13:57:09",7.27,-0.18,1000,5367900,"S"
"ITA","13:57:05",7.27,-0.18,2000,5366900,"S"
"ITA","13:57:02",7.27,-0.18,5000,5364900,"S"
"ITA","13:56:51",7.27,-0.18,2200,5359900,"B"
"ITA","13:55:53",7.27,-0.18,2000,5357700,"B"
"ITA","13:55:52",7.27,-0.18,1400,5355700,"S"
"ITA","13:55:46",7.27,-0.18,4000,5354300,"S"
"ITA","13:55:44",7.26,-0.19,1000,5350300,"B"
"ITA","13:55:39",7.27,-0.18,500,5349300,"S"
"ITA","13:55:38",7.27,-0.18,10000,5348800,"S"
"ITA","13:54:55",7.27,-0.18,6700,5338800,"B"
"ITA","13:54:36",7.27,-0.18,1100,5332100,"B"
"ITA","13:54:33",7.27,-0.18,2000,5331000,"B"
"ITA","13:54:25",7.27,-0.18,1000,5329000,"B"
"ITA","13:54:23",7.27,-0.18,2000,5328000,"B"
"ITA","13:54:20",7.28,-0.17,20000,5326000,"S"
"ITA","13:54:20",7.27,-0.18,1000,5306000,"B"
"ITA","13:54:17",7.27,-0.18,2000,5305000,"B"
"ITA","13:54:12",7.27,-0.18,2000,5303000,"B"
"ITA","13:53:26",7.27,-0.18,2000,5301000,"B"
"ITA","13:53:21",7.27,-0.18,2000,5299000,"B"
"ITA","13:53:07",7.27,-0.18,100,5296900,"B"
"ITA","13:52:58",7.28,-0.17,2900,5296800,"S"
"ITA","13:52:22",7.27,-0.18,500,5293900,"B"
"ITA","13:52:18",7.27,-0.18,10000,5293400,"B"
"ITA","13:51:21",7.27,-0.18,100,5283400,"B"
"ITA","13:51:18",7.27,-0.18,900,5283300,"B"
"ITA","13:51:06",7.27,-0.18,100,5282400,"S"
"ITA","13:50:53",7.27,-0.18,2000,5282300,"B"
"ITA","13:50:52",7.27,-0.18,1300,5280300,"B"
"ITA","13:50:40",7.27,-0.18,4800,5279000,"S"
"ITA","13:50:37",7.27,-0.18,1000,5274200,"S"
"ITA","13:50:35",7.27,-0.18,500,5273200,"S"
"ITA","13:50:34",7.27,-0.18,1000,5272700,"S"
"ITA","13:50:27",7.27,-0.18,400,5271700,"S"
"ITA","13:50:09",7.27,-0.18,2000,5271300,"S"
"ITA","13:49:55",7.27,-0.18,3000,5269300,"B"
"ITA","13:49:52",7.27,-0.18,2000,5266300,"S"
"ITA","13:49:24",7.26,-0.19,600,5264300,"B"
"ITA","13:49:08",7.27,-0.18,900,5263700,"S"
"ITA","13:49:08",7.25,-0.2,300,5262800,"B"
"ITA","13:49:08",7.26,-0.19,12000,5262500,"B"
"ITA","13:48:54",7.27,-0.18,4000,5250500,"S"
"ITA","13:48:34",7.25,-0.2,200,5246500,"B"
"ITA","13:48:24",7.25,-0.2,500,5246300,"B"
"ITA","13:48:09",7.25,-0.2,2000,5245800,"B"
"ITA","13:48:08",7.25,-0.2,100,5243800,"B"
"ITA","13:48:00",7.25,-0.2,7300,5243700,"S"
"ITA","13:48:00",7.25,-0.2,17200,5236400,"S"
"ITA","13:47:55",7.25,-0.2,100,5219200,"S"
"ITA","13:47:42",7.25,-0.2,5000,5219100,"S"
"ITA","13:47:10",7.24,-0.21,100,5214100,"B"
"ITA","13:46:57",7.24,-0.21,11000,5214000,"S"
"ITA","13:46:54",7.24,-0.21,100,5203000,"S"
"ITA","13:46:53",7.24,-0.21,300,5202900,"S"
"ITA","13:46:52",7.24,-0.21,3800,5202600,"S"
"ITA","13:46:34",7.24,-0.21,400,5198800,"S"
"ITA","13:46:28",7.24,-0.21,100,5198400,"S"
"ITA","13:45:57",7.24,-0.21,1300,5198300,"S"
"ITA","13:45:57",7.23,-0.22,1700,5197000,"S"
"ITA","13:45:35",7.23,-0.22,7800,5195300,"B"
"ITA","13:45:31",7.24,-0.21,1000,5187500,"S"
"ITA","13:45:30",7.23,-0.22,1000,5186500,"B"
"ITA","13:45:15",7.23,-0.22,3000,5185500,"B"
"ITA","13:45:14",7.23,-0.22,600,5182500,"B"
"ITA","13:45:05",7.23,-0.22,10000,5181900,"B"
"ITA","13:45:04",7.24,-0.21,500,5171900,"S"
"ITA","13:45:01",7.24,-0.21,12200,5171400,"S"
"ITA","13:45:01",7.23,-0.22,2800,5159200,"S"
"ITA","13:45:00",7.23,-0.22,400,5156400,"S"
"ITA","13:44:58",7.23,-0.22,2000,5156000,"S"
"ITA","13:44:53",7.23,-0.22,100,5154000,"S"
"ITA","13:44:51",7.23,-0.22,600,5153900,"S"
"ITA","13:44:49",7.23,-0.22,1000,5153300,"S"
"ITA","13:44:47",7.23,-0.22,300,5152300,"S"
"ITA","13:44:46",7.23,-0.22,1000,5152000,"S"
"ITA","13:44:43",7.23,-0.22,3000,5151000,"B"
"ITA","13:44:41",7.23,-0.22,800,5148000,"S"
"ITA","13:44:39",7.23,-0.22,1200,5147200,"S"
"ITA","13:44:36",7.23,-0.22,100,5146000,"S"
"ITA","13:44:35",7.23,-0.22,100,5145900,"S"
"ITA","13:44:26",7.23,-0.22,1800,5145800,"S"
"ITA","13:44:26",7.23,-0.22,1500,5144000,"S"
"ITA","13:44:01",7.23,-0.22,200,5142500,"S"
"ITA","13:43:55",7.22,-0.23,1000,5142300,"B"
"ITA","13:43:43",7.22,-0.23,5000,5141300,"B"
"ITA","13:43:43",7.23,-0.22,100,5136300,"S"
"ITA","13:43:35",7.23,-0.22,500,5136200,"S"
"ITA","13:43:33",7.23,-0.22,78700,5135700,"B"
"ITA","13:43:32",7.25,-0.2,500,5038700,"S"
"ITA","13:43:32",7.24,-0.21,3000,5038200,"B"
"ITA","13:43:27",7.25,-0.2,100,5035200,"S"
"ITA","13:43:18",7.24,-0.21,500,5035100,"B"
"ITA","13:43:14",7.25,-0.2,5000,5034600,"S"
"ITA","13:43:14",7.25,-0.2,2000,5029600,"S"
"ITA","13:43:10",7.24,-0.21,3000,5027600,"B"
"ITA","13:43:07",7.24,-0.21,200,5024600,"B"
"ITA","13:42:54",7.24,-0.21,2000,5024400,"B"
"ITA","13:42:43",7.25,-0.2,2000,5022400,"S"
"ITA","13:42:40",7.24,-0.21,12000,5020400,"B"
"ITA","13:42:39",7.24,-0.21,5000,5008400,"B"
"ITA","13:42:30",7.24,-0.21,1400,5003400,"B"
"ITA","13:42:29",7.24,-0.21,29700,5002000,"B"
"ITA","13:42:24",7.25,-0.2,100,4972300,"S"
"ITA","13:42:23",7.25,-0.2,300,4972200,"S"
"ITA","13:42:22",7.25,-0.2,100,4971900,"S"
"ITA","13:42:21",7.24,-0.21,1300,4971800,"B"
"ITA","13:42:06",7.25,-0.2,5000,4970500,"S"
"ITA","13:42:01",7.25,-0.2,500,4965500,"S"
"ITA","13:41:58",7.25,-0.2,8500,4965000,"B"
"ITA","13:41:57",7.25,-0.2,40000,4956500,"B"
"ITA","13:41:55",7.25,-0.2,32900,4916500,"B"
"ITA","13:41:31",7.25,-0.2,4000,4883600,"B"
"ITA","13:41:29",7.26,-0.19,170300,4879600,"B"
"ITA","13:41:16",7.27,-0.18,300,4709300,"S"
"ITA","13:41:14",7.27,-0.18,300,4709000,"B"
"ITA","13:41:09",7.26,-0.19,7300,4708700,"B"
"ITA","13:41:08",7.27,-0.18,7700,4701400,"B"
"ITA","13:40:53",7.27,-0.18,2000,4693700,"B"
"ITA","13:40:36",7.27,-0.18,3700,4691700,"B"
"ITA","13:40:36",7.27,-0.18,100,4688000,"B"
"ITA","13:40:22",7.27,-0.18,3200,4687900,"B"
"ITA","13:40:19",7.27,-0.18,2000,4684700,"B"
"ITA","13:40:14",7.28,-0.17,3500,4682700,"B"
"ITA","13:40:12",7.28,-0.17,100,4679200,"B"
"ITA","13:40:10",7.28,-0.17,300,4679100,"B"
"ITA","13:40:07",7.28,-0.17,8600,4678800,"B"
"ITA","13:39:59",7.28,-0.17,200,4670200,"B"
"ITA","13:39:37",7.29,-0.16,400,4670000,"S"
"ITA","13:39:35",7.28,-0.17,1700,4669600,"B"
"ITA","13:39:34",7.28,-0.17,1000,4667900,"B"
"ITA","13:39:31",7.28,-0.17,400,4666900,"S"
"ITA","13:39:26",7.28,-0.17,800,4666500,"S"
"ITA","13:39:18",7.28,-0.17,3700,4665700,"B"
"ITA","13:39:17",7.28,-0.17,1200,4662000,"B"
"ITA","13:39:14",7.28,-0.17,1000,4660800,"B"
"ITA","13:38:52",7.28,-0.17,1800,4659800,"S"
"ITA","13:38:48",7.28,-0.17,700,4658000,"S"
"ITA","13:38:32",7.27,-0.18,200,4657300,"B"
"ITA","13:38:20",7.27,-0.18,6300,4657100,"B"
"ITA","13:38:20",7.28,-0.17,7600,4650800,"B"
"ITA","13:38:07",7.28,-0.17,1000,4643200,"B"
"ITA","13:37:46",7.28,-0.17,1500,4642200,"S"
"ITA","13:37:33",7.28,-0.17,400,4640700,"S"
"ITA","13:37:27",7.28,-0.17,100,4640300,"B"
"ITA","13:37:19",7.29,-0.16,3000,4640200,"S"
"ITA","13:37:18",7.28,-0.17,12900,4637200,"B"
"ITA","13:37:18",7.28,-0.17,17100,4624300,"B"
"ITA","13:36:44",7.29,-0.16,1000,4607200,"S"
"ITA","13:36:35",7.29,-0.16,5000,4606200,"S"
"ITA","13:36:32",7.29,-0.16,100,4601200,"S"
"ITA","13:36:07",7.3,-0.15,100,4601100,"S"
"ITA","13:35:26",7.28,-0.17,4600,4601000,"B"
"ITA","13:35:26",7.29,-0.16,1400,4596400,"B"
"ITA","13:34:54",7.3,-0.15,1300,4595000,"S"
"ITA","13:34:50",7.3,-0.15,200,4593700,"S"
"ITA","13:34:41",7.3,-0.15,1000,4593500,"B"
"ITA","13:34:32",7.3,-0.15,500,4592500,"B"
"ITA","13:34:19",7.3,-0.15,3500,4592000,"S"
"ITA","13:34:17",7.3,-0.15,100,4588500,"S"
"ITA","13:34:02",7.29,-0.16,500,4588400,"B"
"ITA","13:33:58",7.3,-0.15,1000,4587900,"S"
"ITA","13:33:57",7.3,-0.15,12200,4586900,"S"
"ITA","13:33:55",7.3,-0.15,200,4574700,"S"
"ITA","13:33:50",7.3,-0.15,3700,4574500,"B"
"ITA","13:33:48",7.3,-0.15,10000,4570800,"B"
"ITA","13:33:41",7.3,-0.15,100,4560800,"S"
"ITA","13:33:39",7.3,-0.15,4800,4560700,"S"
"ITA","13:33:34",7.3,-0.15,200,4555900,"S"
"ITA","13:33:33",7.3,-0.15,2100,4555700,"S"
"ITA","13:33:33",7.3,-0.15,14100,4553600,"S"
"ITA","13:33:30",7.3,-0.15,800,4539500,"S"
"ITA","13:33:29",7.3,-0.15,1000,4538700,"S"
"ITA","13:33:24",7.3,-0.15,100,4537700,"S"
"ITA","13:33:18",7.3,-0.15,3700,4537600,"S"
"ITA","13:33:15",7.3,-0.15,500,4533900,"S"
"ITA","13:33:14",7.3,-0.15,2000,4533400,"S"
"ITA","13:33:10",7.3,-0.15,1300,4531400,"S"
"ITA","13:33:07",7.3,-0.15,300,4530100,"S"
"ITA","13:33:05",7.3,-0.15,400,4529800,"S"
"ITA","13:33:03",7.3,-0.15,200,4529400,"S"
"ITA","13:32:57",7.3,-0.15,3000,4529200,"S"
"ITA","13:32:44",7.3,-0.15,200,4526200,"S"
"ITA","13:32:43",7.3,-0.15,1000,4526000,"S"
"ITA","13:32:30",7.3,-0.15,600,4525000,"S"
"ITA","13:32:27",7.3,-0.15,1100,4524400,"S"
"ITA","13:32:26",7.3,-0.15,2000,4523300,"S"
"ITA","13:32:20",7.3,-0.15,3000,4521300,"S"
"ITA","13:32:12",7.3,-0.15,300,4518300,"S"
"ITA","13:32:03",7.3,-0.15,200,4518000,"S"
"ITA","13:31:38",7.3,-0.15,1300,4517800,"S"
"ITA","13:31:27",7.3,-0.15,50000,4516500,"S"
"ITA","13:31:26",7.29,-0.16,500,4466500,"B"
"ITA","13:31:18",7.29,-0.16,500,4466000,"B"
"ITA","13:30:59",7.29,-0.16,3900,4465500,"B"
"ITA","13:30:46",7.29,-0.16,500,4461600,"B"
"ITA","13:30:41",7.29,-0.16,8000,4461100,"S"
"ITA","13:30:37",7.28,-0.17,1000,4453100,"B"
"ITA","13:30:36",7.29,-0.16,300,4452100,"S"
"ITA","13:30:34",7.29,-0.16,1000,4451800,"S"
"ITA","13:30:29",7.28,-0.17,10000,4450800,"B"
"ITA","13:30:27",7.29,-0.16,7500,4440800,"S"
"ITA","13:30:16",7.29,-0.16,1600,4433300,"S"
"ITA","13:30:13",7.29,-0.16,2000,4431700,"S"
"ITA","13:30:12",7.29,-0.16,2000,4429700,"S"
"ITA","13:30:08",7.29,-0.16,1000,4427700,"S"
"ITA","13:30:04",7.29,-0.16,1000,4426700,"S"
"ITA","13:29:55",7.29,-0.16,700,4425700,"S"
"ITA","13:29:50",7.29,-0.16,4700,4425000,"S"
"ITA","13:29:17",7.29,-0.16,2000,4420300,"S"
"ITA","13:29:17",7.28,-0.17,4800,4418300,"B"
"ITA","13:28:24",7.28,-0.17,100,4413500,"B"
"ITA","13:28:23",7.28,-0.17,100,4413400,"B"
"ITA","13:28:10",7.29,-0.16,600,4413300,"S"
"ITA","13:27:51",7.28,-0.17,2100,4412700,"B"
"ITA","13:27:44",7.29,-0.16,2500,4410600,"S"
"ITA","13:26:38",7.28,-0.17,5700,4408100,"S"
"ITA","13:26:26",7.28,-0.17,300,4402400,"S"
"ITA","13:26:05",7.28,-0.17,1000,4402100,"S"
"ITA","13:26:03",7.28,-0.17,500,4401100,"S"
"ITA","13:26:01",7.27,-0.18,2900,4400600,"B"
"ITA","13:25:56",7.28,-0.17,1000,4397700,"S"
"ITA","13:25:52",7.28,-0.17,300,4396700,"S"
"ITA","13:25:48",7.28,-0.17,3000,4396400,"S"
"ITA","13:25:48",7.28,-0.17,100,4393400,"S"
"ITA","13:25:45",7.28,-0.17,2000,4393300,"S"
"ITA","13:25:39",7.28,-0.17,600,4391300,"S"
"ITA","13:25:29",7.28,-0.17,5000,4390700,"S"
"ITA","13:25:27",7.28,-0.17,5000,4385700,"S"
"ITA","13:25:25",7.28,-0.17,200,4380700,"S"
"ITA","13:25:20",7.28,-0.17,200,4380500,"S"
"ITA","13:24:52",7.28,-0.17,200,4380300,"S"
"ITA","13:24:52",7.27,-0.18,2000,4380100,"B"
"ITA","13:24:44",7.28,-0.17,800,4378100,"S"
"ITA","13:24:35",7.27,-0.18,100,4377300,"B"
"ITA","13:24:30",7.28,-0.17,3000,4377200,"S"
"ITA","13:24:15",7.28,-0.17,15000,4374200,"S"
"ITA","13:24:08",7.27,-0.18,100,4359200,"B"
"ITA","13:23:45",7.28,-0.17,32800,4359100,"B"
"ITA","13:23:40",7.29,-0.16,1000,4326300,"S"
"ITA","13:23:37",7.29,-0.16,10000,4325300,"S"
"ITA","13:23:28",7.28,-0.17,500,4315300,"B"
"ITA","13:22:56",7.28,-0.17,1000,4314800,"B"
"ITA","13:22:25",7.28,-0.17,100,4313800,"B"
"ITA","13:22:10",7.28,-0.17,2000,4313700,"B"
"ITA","13:22:04",7.29,-0.16,2000,4311700,"S"
"ITA","13:21:47",7.28,-0.17,1000,4309700,"B"
"ITA","13:21:21",7.29,-0.16,100,4308700,"S"
"ITA","13:21:20",7.29,-0.16,1500,4308600,"S"
"ITA","13:21:14",7.29,-0.16,100,4307100,"S"
"ITA","13:20:40",7.29,-0.16,2000,4307000,"S"
"ITA","13:20:32",7.29,-0.16,200,4305000,"S"
"ITA","13:20:30",7.29,-0.16,1200,4304800,"S"
"ITA","13:20:19",7.29,-0.16,500,4303600,"S"
"ITA","13:20:08",7.29,-0.16,500,4303100,"S"
"ITA","13:19:51",7.3,-0.15,1000,4302600,"S"
"ITA","13:19:51",7.29,-0.16,300,4301600,"S"
"ITA","13:19:51",7.29,-0.16,200,4301300,"S"
"ITA","13:19:46",7.28,-0.17,800,4301100,"B"
"ITA","13:19:45",7.29,-0.16,200,4300300,"S"
"ITA","13:19:43",7.28,-0.17,8000,4300100,"B"
"ITA","13:19:39",7.29,-0.16,2000,4292100,"S"
"ITA","13:19:34",7.29,-0.16,5000,4290100,"S"
"ITA","13:19:31",7.29,-0.16,600,4285100,"S"
"ITA","13:19:24",7.29,-0.16,1300,4284500,"S"
"ITA","13:19:24",7.28,-0.17,800,4283200,"B"
"ITA","13:19:20",7.29,-0.16,2000,4282400,"S"
"ITA","13:18:57",7.29,-0.16,1000,4280400,"S"
"ITA","13:18:53",7.29,-0.16,5000,4279400,"S"
"ITA","13:18:51",7.29,-0.16,1800,4274400,"S"
"ITA","13:18:48",7.29,-0.16,1000,4272600,"S"
"ITA","13:18:32",7.29,-0.16,5000,4271600,"S"
"ITA","13:18:28",7.29,-0.16,25400,4266600,"S"
"ITA","13:18:20",7.29,-0.16,200,4241200,"S"
"ITA","13:18:15",7.29,-0.16,9400,4241000,"S"
"ITA","13:17:58",7.29,-0.16,100,4231600,"S"
"ITA","13:17:27",7.29,-0.16,1000,4231500,"S"
"ITA","13:17:24",7.29,-0.16,500,4230500,"S"
"ITA","13:17:22",7.28,-0.17,2000,4230000,"B"
"ITA","13:17:21",7.28,-0.17,2500,4228000,"B"
"ITA","13:17:19",7.29,-0.16,10000,4225500,"S"
"ITA","13:17:18",7.28,-0.17,6000,4215500,"B"
"ITA","13:17:16",7.29,-0.16,1000,4209500,"S"
"ITA","13:17:05",7.28,-0.17,15000,4208500,"B"
"ITA","13:17:01",7.29,-0.16,100,4193500,"S"
"ITA","13:16:58",7.29,-0.16,100,4193400,"S"
"ITA","13:16:54",7.29,-0.16,800,4193300,"S"
"ITA","13:16:45",7.29,-0.16,200,4192500,"S"
"ITA","13:16:16",7.29,-0.16,100,4192300,"S"
"ITA","13:16:07",7.29,-0.16,100,4192200,"S"
"ITA","13:15:53",7.29,-0.16,100,4192100,"S"
"ITA","13:15:30",7.29,-0.16,10000,4192000,"S"
"ITA","13:15:29",7.29,-0.16,1000,4182000,"S"
"ITA","13:15:28",7.29,-0.16,9000,4181000,"S"
"ITA","13:15:24",7.29,-0.16,1900,4172000,"S"
"ITA","13:15:22",7.29,-0.16,6500,4170100,"S"
"ITA","13:15:19",7.29,-0.16,2000,4163600,"S"
"ITA","13:15:11",7.29,-0.16,700,4161600,"S"
"ITA","13:15:09",7.29,-0.16,2000,4160900,"S"
"ITA","13:14:51",7.29,-0.16,300,4158900,"S"
"ITA","13:14:38",7.29,-0.16,400,4158600,"S"
"ITA","13:14:31",7.29,-0.16,2000,4158200,"S"
"ITA","13:14:17",7.29,-0.16,200,4156200,"S"
"ITA","13:14:15",7.29,-0.16,700,4156000,"S"
"ITA","13:14:04",7.29,-0.16,10400,4155300,"B"
"ITA","13:13:50",7.3,-0.15,300,4144900,"S"
"ITA","13:13:43",7.29,-0.16,2700,4144600,"B"
"ITA","13:13:40",7.29,-0.16,24900,4141900,"S"
"ITA","13:13:40",7.28,-0.17,30800,4117000,"S"
"ITA","13:13:39",7.27,-0.18,1100,4086200,"B"
"ITA","13:13:30",7.27,-0.18,500,4085100,"B"
"ITA","13:13:28",7.28,-0.17,1500,4084600,"S"
"ITA","13:13:16",7.26,-0.19,2200,4083100,"B"
"ITA","13:13:16",7.27,-0.18,1200,4080900,"B"
"ITA","13:13:07",7.27,-0.18,2000,4079700,"S"
"ITA","13:13:06",7.27,-0.18,2700,4077700,"S"
"ITA","13:13:03",7.27,-0.18,400,4075000,"S"
"ITA","13:13:02",7.27,-0.18,5500,4074600,"S"
"ITA","13:13:02",7.27,-0.18,500,4069100,"S"
"ITA","13:13:00",7.27,-0.18,100,4068600,"S"
"ITA","13:12:56",7.27,-0.18,100,4068500,"S"
"ITA","13:12:55",7.27,-0.18,200,4068400,"S"
"ITA","13:12:51",7.27,-0.18,1000,4068200,"S"
"ITA","13:12:42",7.26,-0.19,13500,4067200,"S"
"ITA","13:12:40",7.26,-0.19,2900,4053700,"S"
"ITA","13:12:39",7.26,-0.19,300,4050800,"S"
"ITA","13:12:31",7.26,-0.19,100,4050500,"S"
"ITA","13:12:27",7.25,-0.2,1900,4050400,"B"
"ITA","13:12:23",7.26,-0.19,1400,4048500,"S"
"ITA","13:12:13",7.25,-0.2,3900,4047100,"B"
"ITA","13:12:03",7.25,-0.2,100,4043200,"B"
"ITA","13:11:43",7.25,-0.2,1000,4043100,"B"
"ITA","13:11:38",7.25,-0.2,700,4042100,"B"
"ITA","13:10:58",7.26,-0.19,200,4041400,"S"
"ITA","13:10:57",7.25,-0.2,100,4041200,"B"
"ITA","13:10:55",7.25,-0.2,5400,4041100,"S"
"ITA","13:10:53",7.25,-0.2,1000,4035700,"S"
"ITA","13:10:51",7.24,-0.21,2100,4034700,"B"
"ITA","13:10:49",7.25,-0.2,5000,4032600,"S"
"ITA","13:10:48",7.25,-0.2,400,4027600,"S"
"ITA","13:10:47",7.25,-0.2,200,4027200,"S"
"ITA","13:10:45",7.25,-0.2,500,4027000,"S"
"ITA","13:10:34",7.25,-0.2,2000,4026500,"S"
"ITA","13:10:30",7.25,-0.2,100,4024500,"S"
"ITA","13:10:22",7.25,-0.2,14400,4024400,"B"
"ITA","13:10:15",7.25,-0.2,25800,4010000,"B"
"ITA","13:10:08",7.25,-0.2,4600,3984200,"B"
"ITA","13:09:56",7.25,-0.2,500,3979600,"B"
"ITA","13:09:35",7.26,-0.19,200,3979100,"S"
"ITA","13:09:34",7.26,-0.19,1000,3978900,"S"
"ITA","13:09:18",7.26,-0.19,3700,3977900,"S"
"ITA","13:09:11",7.26,-0.19,1200,3974200,"S"
"ITA","13:09:03",7.26,-0.19,100,3973000,"S"
"ITA","13:09:00",7.25,-0.2,21300,3972900,"B"
"ITA","13:08:41",7.26,-0.19,100,3951600,"S"
"ITA","13:08:39",7.25,-0.2,300,3951500,"B"
"ITA","13:08:37",7.26,-0.19,100,3951200,"S"
"ITA","13:08:19",7.25,-0.2,100,3951100,"B"
"ITA","13:08:11",7.25,-0.2,1900,3951000,"S"
"ITA","13:08:04",7.24,-0.21,300,3949100,"B"
"ITA","13:07:49",7.25,-0.2,1500,3948800,"S"
"ITA","13:07:47",7.24,-0.21,100,3947300,"B"
"ITA","13:07:37",7.24,-0.21,300,3947200,"B"
"ITA","13:07:03",7.24,-0.21,800,3946900,"B"
"ITA","13:07:02",7.24,-0.21,500,3946100,"B"
"ITA","13:07:01",7.24,-0.21,500,3945600,"S"
"ITA","13:06:54",7.24,-0.21,2000,3945100,"S"
"ITA","13:06:53",7.24,-0.21,100,3943100,"S"
"ITA","13:06:49",7.24,-0.21,100,3943000,"S"
"ITA","13:06:45",7.24,-0.21,200,3942900,"S"
"ITA","13:06:44",7.24,-0.21,3000,3942700,"S"
"ITA","13:06:44",7.24,-0.21,500,3939700,"S"
"ITA","13:06:36",7.24,-0.21,4400,3939200,"B"
"ITA","13:06:31",7.24,-0.21,10000,3934800,"B"
"ITA","13:06:26",7.25,-0.2,100,3924800,"S"
"ITA","13:06:22",7.25,-0.2,1000,3924700,"S"
"ITA","13:06:20",7.24,-0.21,100,3923700,"B"
"ITA","13:06:14",7.24,-0.21,200,3923600,"B"
"ITA","13:06:04",7.24,-0.21,1900,3923400,"S"
"ITA","13:05:54",7.24,-0.21,100,3921500,"S"
"ITA","13:05:53",7.24,-0.21,1000,3921400,"S"
"ITA","13:05:40",7.24,-0.21,2500,3920400,"B"
"ITA","13:05:37",7.24,-0.21,800,3917900,"B"
"ITA","13:05:32",7.24,-0.21,200,3917100,"B"
"ITA","13:05:29",7.24,-0.21,1700,3916900,"B"
"ITA","13:05:06",7.24,-0.21,1100,3915200,"S"
"ITA","13:05:05",7.23,-0.22,12000,3914100,"B"
"ITA","13:04:53",7.24,-0.21,8900,3902100,"B"
"ITA","13:04:50",7.25,-0.2,100,3893200,"B"
"ITA","13:04:35",7.26,-0.19,500,3893100,"S"
"ITA","13:04:20",7.24,-0.21,8100,3892600,"B"
"ITA","13:04:20",7.25,-0.2,1900,3884500,"B"
"ITA","13:04:15",7.25,-0.2,2500,3882600,"B"
"ITA","13:04:10",7.25,-0.2,500,3880100,"B"
"ITA","13:04:08",7.26,-0.19,100,3879600,"S"
"ITA","13:03:54",7.25,-0.2,100,3879500,"B"
"ITA","13:03:43",7.25,-0.2,100,3879400,"B"
"ITA","13:03:13",7.25,-0.2,800,3879300,"S"
"ITA","13:03:12",7.25,-0.2,300,3878500,"S"
"ITA","13:03:10",7.25,-0.2,200,3878200,"S"
"ITA","13:03:01",7.25,-0.2,5000,3878000,"S"
"ITA","13:02:56",7.25,-0.2,100,3873000,"S"
"ITA","13:02:55",7.24,-0.21,9000,3872900,"B"
"ITA","13:02:37",7.25,-0.2,100,3863900,"S"
"ITA","13:02:35",7.24,-0.21,200,3863800,"S"
"ITA","13:02:34",7.24,-0.21,1800,3863600,"B"
"ITA","13:02:28",7.24,-0.21,500,3861800,"B"
"ITA","13:02:17",7.24,-0.21,3000,3861300,"S"
"ITA","13:02:17",7.23,-0.22,3000,3858300,"B"
"ITA","13:02:10",7.24,-0.21,100,3855300,"S"
"ITA","13:01:59",7.24,-0.21,500,3855200,"B"
"ITA","13:01:52",7.24,-0.21,2000,3854700,"B"
"ITA","13:01:44",7.24,-0.21,4200,3852700,"S"
"ITA","13:01:36",7.24,-0.21,100,3848500,"S"
"ITA","13:01:33",7.24,-0.21,200,3848400,"S"
"ITA","13:01:27",7.24,-0.21,500,3848200,"B"
"ITA","13:01:24",7.24,-0.21,5000,3847700,"B"
"ITA","13:01:23",7.24,-0.21,400,3842700,"B"
"ITA","13:01:09",7.25,-0.2,300,3842300,"S"
"ITA","13:01:08",7.24,-0.21,2400,3842000,"B"
"ITA","13:00:45",7.25,-0.2,500,3839600,"S"
"ITA","13:00:17",7.24,-0.21,1700,3839100,"B"
"ITA","13:00:17",7.25,-0.2,3300,3837400,"B"
"ITA","13:00:14",7.26,-0.19,600,3834100,"S"
"ITA","13:00:08",7.26,-0.19,100,3833500,"S"
"ITA","13:00:05",7.25,-0.2,100,3833400,"B"
"ITA","13:00:04",7.26,-0.19,300,3833300,"S"
"ITA","13:00:03",7.26,-0.19,200,3833000,"S"
"ITA","13:00:02",7.26,-0.19,1000,3832800,"S"
"ITA","13:00:02",7.25,-0.2,100,3831800,"S"
"ITA","13:00:02",7.24,-0.21,3200,3831700,"B"
"ITA","13:00:02",7.25,-0.2,8800,3828500,"B"
"ITA","13:00:02",7.26,-0.19,4000,3819700,"S"
"ITA","13:00:00",7.26,-0.19,1000,3815700,"S"
"ITA","13:00:00",7.25,-0.2,100,3814700,"B"
"ITA","13:00:00",7.26,-0.19,12900,3814600,"B"
"ITA","13:00:00",7.27,-0.18,2000,3801700,"S"
"ITA","13:00:00",7.26,-0.19,400,3799700,"B"
"ITA","13:00:00",7.27,-0.18,100,3799300,"S"
"ITA","11:29:58",7.27,-0.18,5000,3799200,"S"
"ITA","11:29:53",7.27,-0.18,500,3794200,"S"
"ITA","11:29:35",7.27,-0.18,900,3793700,"S"
"ITA","11:29:29",7.27,-0.18,200,3792800,"S"
"ITA","11:29:26",7.27,-0.18,10700,3792600,"B"
"ITA","11:29:14",7.27,-0.18,300,3781900,"S"
"ITA","11:29:07",7.27,-0.18,300,3781600,"S"
"ITA","11:29:05",7.26,-0.19,900,3781300,"B"
"ITA","11:28:58",7.27,-0.18,36300,3780400,"S"
"ITA","11:28:47",7.28,-0.17,100,3744100,"S"
"ITA","11:28:44",7.28,-0.17,29600,3744000,"S"
"ITA","11:28:44",7.27,-0.18,400,3714400,"S"
"ITA","11:28:42",7.27,-0.18,2000,3714000,"S"
"ITA","11:28:41",7.27,-0.18,47600,3712000,"B"
"ITA","11:28:26",7.27,-0.18,47000,3664400,"S"
"ITA","11:28:26",7.26,-0.19,5400,3617400,"S"
"ITA","11:28:23",7.26,-0.19,300,3612000,"S"
"ITA","11:28:15",7.25,-0.2,16800,3611700,"B"
"ITA","11:28:14",7.25,-0.2,29000,3594900,"B"
"ITA","11:28:11",7.26,-0.19,2000,3565900,"S"
"ITA","11:28:08",7.26,-0.19,10300,3563900,"S"
"ITA","11:27:58",7.26,-0.19,300,3553600,"S"
"ITA","11:27:53",7.26,-0.19,10000,3553300,"S"
"ITA","11:27:51",7.26,-0.19,23700,3543300,"B"
"ITA","11:27:46",7.27,-0.18,500,3519600,"S"
"ITA","11:27:36",7.27,-0.18,1000,3519100,"S"
"ITA","11:27:31",7.27,-0.18,100,3518100,"S"
"ITA","11:27:18",7.26,-0.19,2600,3518000,"B"
"ITA","11:27:11",7.26,-0.19,30000,3515400,"B"
"ITA","11:27:09",7.26,-0.19,5300,3485400,"B"
"ITA","11:27:09",7.26,-0.19,8500,3480100,"B"
"ITA","11:27:03",7.27,-0.18,500,3471600,"S"
"ITA","11:26:29",7.26,-0.19,500,3471100,"B"
"ITA","11:26:26",7.26,-0.19,1000,3470600,"B"
"ITA","11:26:10",7.26,-0.19,14000,3469600,"B"
"ITA","11:26:04",7.27,-0.18,1000,3455600,"S"
"ITA","11:26:01",7.27,-0.18,300,3454600,"S"
"ITA","11:26:00",7.27,-0.18,100,3454300,"S"
"ITA","11:26:00",7.27,-0.18,100,3454200,"S"
"ITA","11:25:55",7.27,-0.18,2000,3454100,"S"
"ITA","11:25:52",7.27,-0.18,100,3452100,"S"
"ITA","11:25:40",7.27,-0.18,500,3452000,"S"
"ITA","11:25:34",7.27,-0.18,100,3451500,"S"
"ITA","11:25:29",7.26,-0.19,2600,3451400,"B"
"ITA","11:25:20",7.27,-0.18,1000,3448800,"S"
"ITA","11:25:13",7.27,-0.18,1400,3447800,"B"
"ITA","11:25:09",7.26,-0.19,300,3446400,"B"
"ITA","11:25:08",7.26,-0.19,600,3446100,"B"
"ITA","11:25:08",7.27,-0.18,1100,3445500,"B"
"ITA","11:25:06",7.27,-0.18,1100,3444400,"S"
"ITA","11:24:59",7.27,-0.18,2000,3443300,"S"
"ITA","11:24:58",7.27,-0.18,100,3441300,"S"
"ITA","11:24:52",7.27,-0.18,500,3441200,"S"
"ITA","11:24:51",7.27,-0.18,1300,3440700,"B"
"ITA","11:24:45",7.27,-0.18,200,3439400,"B"
"ITA","11:24:41",7.27,-0.18,800,3439200,"S"
"ITA","11:24:28",7.27,-0.18,100,3438400,"S"
"ITA","11:24:17",7.27,-0.18,1000,3438300,"S"
"ITA","11:24:08",7.27,-0.18,100,3437300,"S"
"ITA","11:24:07",7.27,-0.18,400,3437200,"B"
"ITA","11:24:07",7.28,-0.17,600,3436800,"S"
"ITA","11:24:05",7.28,-0.17,100,3436200,"S"
"ITA","11:24:01",7.28,-0.17,2000,3436100,"S"
"ITA","11:24:00",7.28,-0.17,200,3434100,"S"
"ITA","11:23:47",7.28,-0.17,17700,3433900,"B"
"ITA","11:23:47",7.3,-0.15,100,3416200,"S"
"ITA","11:23:33",7.28,-0.17,1000,3416100,"B"
"ITA","11:23:17",7.29,-0.16,12600,3415100,"B"
"ITA","11:23:08",7.3,-0.15,253500,3402500,"B"
"ITA","11:23:02",7.31,-0.14,100,3149000,"B"
"ITA","11:22:52",7.31,-0.14,1300,3148900,"B"
"ITA","11:21:21",7.32,-0.13,1000,3147600,"S"
"ITA","11:21:19",7.32,-0.13,1000,3146600,"S"
"ITA","11:21:03",7.32,-0.13,100,3145600,"S"
"ITA","11:20:44",7.32,-0.13,100,3145500,"S"
"ITA","11:20:28",7.32,-0.13,100,3145400,"S"
"ITA","11:20:27",7.31,-0.14,1400,3145300,"B"
"ITA","11:20:24",7.32,-0.13,1000,3143900,"S"
"ITA","11:20:06",7.31,-0.14,3200,3142900,"S"
"ITA","11:19:46",7.31,-0.14,500,3139700,"S"
"ITA","11:19:42",7.31,-0.14,200,3139200,"S"
"ITA","11:19:27",7.31,-0.14,7600,3139000,"B"
"ITA","11:19:25",7.32,-0.13,1000,3131400,"S"
"ITA","11:19:22",7.31,-0.14,10600,3130400,"B"
"ITA","11:19:21",7.31,-0.14,4300,3119800,"B"
"ITA","11:19:19",7.32,-0.13,100,3115500,"S"
"ITA","11:19:17",7.32,-0.13,10800,3115400,"S"
"ITA","11:19:15",7.31,-0.14,5000,3104600,"B"
"ITA","11:18:48",7.31,-0.14,200,3099600,"B"
"ITA","11:18:39",7.31,-0.14,300,3099400,"B"
"ITA","11:18:13",7.31,-0.14,6700,3099100,"B"
"ITA","11:17:52",7.32,-0.13,100,3092400,"S"
"ITA","11:17:44",7.32,-0.13,79500,3092300,"B"
"ITA","11:17:20",7.33,-0.12,2000,3012800,"S"
"ITA","11:17:08",7.32,-0.13,900,3010800,"B"
"ITA","11:17:03",7.33,-0.12,100,3009900,"S"
"ITA","11:16:47",7.33,-0.12,100,3009800,"S"
"ITA","11:16:30",7.34,-0.11,100,3009700,"S"
"ITA","11:16:29",7.33,-0.12,5000,3009600,"B"
"ITA","11:16:26",7.33,-0.12,800,3004600,"B"
"ITA","11:16:17",7.33,-0.12,5000,3003800,"B"
"ITA","11:16:07",7.33,-0.12,700,2998800,"B"
"ITA","11:15:14",7.33,-0.12,400,2998100,"B"
"ITA","11:14:54",7.33,-0.12,1000,2997700,"B"
"ITA","11:14:46",7.33,-0.12,1000,2996700,"B"
"ITA","11:14:38",7.33,-0.12,100000,2995700,"B"
"ITA","11:13:48",7.33,-0.12,1000,2895700,"B"
"ITA","11:13:23",7.33,-0.12,700,2894700,"B"
"ITA","11:13:23",7.34,-0.11,4700,2894000,"S"
"ITA","11:11:19",7.33,-0.12,100,2889300,"B"
"ITA","11:10:51",7.33,-0.12,15000,2889200,"B"
"ITA","11:10:32",7.33,-0.12,2500,2874200,"B"
"ITA","11:10:21",7.34,-0.11,5300,2871700,"B"
"ITA","11:09:40",7.34,-0.11,1000,2866400,"S"
"ITA","11:09:36",7.33,-0.12,300,2865400,"B"
"ITA","11:09:18",7.33,-0.12,46200,2865100,"S"
"ITA","11:09:17",7.33,-0.12,400,2818900,"S"
"ITA","11:09:13",7.33,-0.12,1000,2818500,"S"
"ITA","11:09:06",7.33,-0.12,500,2817500,"S"
"ITA","11:08:54",7.33,-0.12,1000,2817000,"S"
"ITA","11:08:50",7.33,-0.12,200,2816000,"S"
"ITA","11:08:31",7.33,-0.12,400,2815800,"S"
"ITA","11:08:22",7.33,-0.12,200,2815400,"S"
"ITA","11:08:13",7.33,-0.12,4000,2815200,"S"
"ITA","11:07:55",7.33,-0.12,2300,2811200,"S"
"ITA","11:07:16",7.32,-0.13,200,2808900,"B"
"ITA","11:06:17",7.32,-0.13,2000,2808700,"B"
"ITA","11:06:10",7.32,-0.13,2000,2806700,"B"
"ITA","11:06:04",7.32,-0.13,7000,2804700,"B"
"ITA","11:05:56",7.33,-0.12,1000,2797700,"S"
"ITA","11:05:29",7.32,-0.13,2000,2796700,"B"
"ITA","11:05:25",7.33,-0.12,5000,2794700,"S"
"ITA","11:05:25",7.32,-0.13,900,2789700,"B"
"ITA","11:05:15",7.33,-0.12,500,2788800,"S"
"ITA","11:05:13",7.33,-0.12,100,2788300,"S"
"ITA","11:05:12",7.32,-0.13,5000,2788200,"B"
"ITA","11:05:09",7.33,-0.12,4900,2783200,"S"
"ITA","11:04:36",7.33,-0.12,100,2778300,"S"
"ITA","11:04:25",7.33,-0.12,3000,2778200,"S"
"ITA","11:04:22",7.32,-0.13,19100,2775200,"B"
"ITA","11:04:20",7.33,-0.12,53400,2756100,"B"
"ITA","11:04:07",7.33,-0.12,6200,2702700,"B"
"ITA","11:03:44",7.33,-0.12,64000,2696500,"B"
"ITA","11:03:39",7.34,-0.11,100,2632500,"S"
"ITA","11:03:19",7.34,-0.11,10900,2632400,"B"
"ITA","11:03:16",7.34,-0.11,1300,2621500,"B"
"ITA","11:03:12",7.34,-0.11,41700,2620200,"B"
"ITA","11:03:09",7.34,-0.11,100,2578500,"B"
"ITA","11:03:08",7.34,-0.11,40000,2578400,"B"
"ITA","11:03:06",7.34,-0.11,15000,2538400,"B"
"ITA","11:02:53",7.34,-0.11,200,2523400,"B"
"ITA","11:02:51",7.35,-0.1,300,2523200,"S"
"ITA","11:02:39",7.35,-0.1,100,2522900,"S"
"ITA","11:02:39",7.35,-0.1,400,2522800,"S"
"ITA","11:02:33",7.35,-0.1,500,2522400,"S"
"ITA","11:02:24",7.34,-0.11,3000,2521900,"B"
"ITA","11:02:05",7.34,-0.11,600,2518900,"B"
"ITA","11:02:04",7.35,-0.1,100,2518300,"S"
"ITA","11:02:00",7.36,-0.09,3200,2518200,"S"
"ITA","11:02:00",7.35,-0.1,800,2515000,"S"
"ITA","11:01:56",7.35,-0.1,500,2514200,"S"
"ITA","11:01:36",7.35,-0.1,1500,2513700,"S"
"ITA","11:01:18",7.34,-0.11,100,2512200,"B"
"ITA","11:01:02",7.34,-0.11,20000,2512100,"B"
"ITA","11:00:53",7.35,-0.1,800,2492100,"S"
"ITA","11:00:43",7.35,-0.1,1000,2491300,"S"
"ITA","11:00:36",7.35,-0.1,50000,2490300,"S"
"ITA","10:59:32",7.35,-0.1,3300,2440300,"S"
"ITA","10:59:17",7.35,-0.1,200,2437000,"S"
"ITA","10:59:10",7.34,-0.11,500,2436800,"B"
"ITA","10:58:50",7.35,-0.1,800,2436300,"S"
"ITA","10:56:54",7.35,-0.1,100,2435500,"S"
"ITA","10:56:32",7.35,-0.1,100,2435400,"S"
"ITA","10:55:46",7.35,-0.1,1000,2435300,"S"
"ITA","10:55:42",7.34,-0.11,3500,2434300,"B"
"ITA","10:55:21",7.35,-0.1,500,2430800,"S"
"ITA","10:54:50",7.35,-0.1,1000,2430300,"S"
"ITA","10:54:39",7.35,-0.1,100,2429300,"S"
"ITA","10:54:36",7.35,-0.1,400,2429200,"S"
"ITA","10:54:00",7.34,-0.11,20000,2428800,"B"
"ITA","10:53:44",7.34,-0.11,1000,2408800,"B"
"ITA","10:53:25",7.34,-0.11,3000,2407800,"B"
"ITA","10:53:20",7.34,-0.11,2000,2404800,"B"
"ITA","10:53:15",7.34,-0.11,100,2402800,"B"
"ITA","10:53:13",7.34,-0.11,900,2402700,"B"
"ITA","10:53:07",7.34,-0.11,25000,2401800,"B"
"ITA","10:53:05",7.34,-0.11,2000,2376800,"B"
"ITA","10:52:57",7.34,-0.11,2000,2374800,"B"
"ITA","10:51:34",7.34,-0.11,14000,2372800,"B"
"ITA","10:50:53",7.35,-0.1,7600,2358800,"S"
"ITA","10:50:48",7.34,-0.11,5100,2351200,"B"
"ITA","10:50:45",7.34,-0.11,1400,2346100,"B"
"ITA","10:50:32",7.35,-0.1,3500,2344700,"S"
"ITA","10:50:19",7.35,-0.1,400,2341200,"S"
"ITA","10:50:12",7.34,-0.11,10000,2340800,"B"
"ITA","10:50:07",7.34,-0.11,7000,2330800,"B"
"ITA","10:50:06",7.34,-0.11,2600,2323800,"B"
"ITA","10:49:28",7.35,-0.1,500,2321200,"S"
"ITA","10:49:13",7.35,-0.1,7300,2320700,"B"
"ITA","10:49:00",7.35,-0.1,4700,2313400,"B"
"ITA","10:48:50",7.35,-0.1,1700,2308700,"B"
"ITA","10:48:48",7.35,-0.1,2800,2307000,"S"
"ITA","10:48:46",7.35,-0.1,3400,2304200,"S"
"ITA","10:48:42",7.34,-0.11,4000,2300800,"B"
"ITA","10:48:33",7.35,-0.1,9400,2296800,"S"
"ITA","10:48:32",7.35,-0.1,400,2287400,"S"
"ITA","10:48:20",7.35,-0.1,14000,2287000,"S"
"ITA","10:48:02",7.34,-0.11,1000,2273000,"B"
"ITA","10:47:51",7.34,-0.11,20000,2272000,"B"
"ITA","10:47:30",7.34,-0.11,12400,2252000,"B"
"ITA","10:47:20",7.35,-0.1,600,2239600,"S"
"ITA","10:46:37",7.35,-0.1,7000,2239000,"S"
"ITA","10:46:30",7.34,-0.11,5000,2232000,"B"
"ITA","10:46:04",7.34,-0.11,10000,2227000,"B"
"ITA","10:45:50",7.34,-0.11,5000,2217000,"B"
"ITA","10:45:42",7.34,-0.11,20000,2212000,"B"
"ITA","10:45:36",7.35,-0.1,600,2192000,"S"
"ITA","10:45:33",7.35,-0.1,100,2191400,"S"
"ITA","10:45:15",7.35,-0.1,500,2191300,"S"
"ITA","10:45:15",7.35,-0.1,6000,2190800,"S"
"ITA","10:44:16",7.35,-0.1,16200,2184800,"B"
"ITA","10:44:09",7.35,-0.1,20000,2168600,"B"
"ITA","10:43:52",7.35,-0.1,20000,2148600,"B"
"ITA","10:43:43",7.35,-0.1,2000,2128600,"B"
"ITA","10:43:37",7.35,-0.1,20000,2126600,"B"
"ITA","10:43:20",7.35,-0.1,24500,2106600,"B"
"ITA","10:43:16",7.35,-0.1,6000,2082100,"B"
"ITA","10:43:05",7.35,-0.1,4000,2076100,"B"
"ITA","10:42:48",7.36,-0.09,1000,2072100,"S"
"ITA","10:42:44",7.35,-0.1,13700,2071100,"B"
"ITA","10:42:44",7.35,-0.1,6300,2057400,"B"
"ITA","10:42:32",7.35,-0.1,31600,2051100,"B"
"ITA","10:41:44",7.36,-0.09,5200,2019500,"S"
"ITA","10:40:48",7.35,-0.1,5000,2014300,"B"
"ITA","10:39:23",7.35,-0.1,200,2009300,"B"
"ITA","10:39:15",7.35,-0.1,1500,2009100,"B"
"ITA","10:38:52",7.35,-0.1,500,2007600,"B"
"ITA","10:38:44",7.35,-0.1,10000,2007100,"B"
"ITA","10:38:42",7.35,-0.1,500,1997100,"B"
"ITA","10:38:39",7.35,-0.1,100,1996600,"B"
"ITA","10:38:11",7.35,-0.1,300,1996500,"B"
"ITA","10:38:02",7.36,-0.09,2000,1996200,"S"
"ITA","10:37:47",7.36,-0.09,1000,1994200,"S"
"ITA","10:37:42",7.36,-0.09,3000,1993200,"S"
"ITA","10:37:26",7.36,-0.09,300,1990200,"B"
"ITA","10:37:08",7.36,-0.09,10000,1989900,"B"
"ITA","10:35:39",7.36,-0.09,73700,1979900,"S"
"ITA","10:35:27",7.35,-0.1,100,1906200,"B"
"ITA","10:35:15",7.36,-0.09,5000,1906100,"S"
"ITA","10:34:58",7.36,-0.09,100,1901100,"S"
"ITA","10:34:54",7.35,-0.1,400,1901000,"B"
"ITA","10:34:32",7.36,-0.09,1600,1900600,"S"
"ITA","10:33:48",7.36,-0.09,700,1899000,"S"
"ITA","10:33:35",7.36,-0.09,1700,1898300,"B"
"ITA","10:33:14",7.36,-0.09,500,1896600,"B"
"ITA","10:32:48",7.36,-0.09,700,1896100,"B"
"ITA","10:32:33",7.36,-0.09,300,1895400,"B"
"ITA","10:32:30",7.36,-0.09,100,1895100,"S"
"ITA","10:32:22",7.35,-0.1,29000,1895000,"B"
"ITA","10:32:03",7.36,-0.09,900,1866000,"B"
"ITA","10:31:53",7.36,-0.09,7000,1865100,"B"
"ITA","10:31:43",7.36,-0.09,7700,1858100,"B"
"ITA","10:30:58",7.35,-0.1,18100,1850400,"B"
"ITA","10:30:58",7.36,-0.09,31900,1832300,"B"
"ITA","10:30:45",7.36,-0.09,10000,1800400,"B"
"ITA","10:30:39",7.36,-0.09,48100,1790400,"S"
"ITA","10:30:37",7.36,-0.09,3500,1742300,"S"
"ITA","10:30:11",7.36,-0.09,500,1738800,"S"
"ITA","10:29:48",7.36,-0.09,100,1738300,"S"
"ITA","10:29:37",7.36,-0.09,100,1738200,"S"
"ITA","10:29:35",7.36,-0.09,1000,1738100,"S"
"ITA","10:28:52",7.36,-0.09,4500,1737100,"S"
"ITA","10:28:41",7.36,-0.09,5000,1732600,"S"
"ITA","10:28:23",7.36,-0.09,100,1727600,"S"
"ITA","10:28:17",7.35,-0.1,2000,1727500,"B"
"ITA","10:27:56",7.35,-0.1,100,1725500,"B"
"ITA","10:27:40",7.35,-0.1,500,1725400,"B"
"ITA","10:27:38",7.35,-0.1,1300,1724900,"B"
"ITA","10:27:27",7.35,-0.1,1000,1723600,"B"
"ITA","10:27:25",7.36,-0.09,500,1722600,"S"
"ITA","10:27:18",7.35,-0.1,2000,1722100,"B"
"ITA","10:27:07",7.35,-0.1,100,1720100,"B"
"ITA","10:27:01",7.35,-0.1,1200,1720000,"B"
"ITA","10:25:51",7.35,-0.1,800,1718800,"B"
"ITA","10:25:39",7.35,-0.1,10000,1718000,"B"
"ITA","10:25:37",7.35,-0.1,2000,1708000,"B"
"ITA","10:24:50",7.35,-0.1,5000,1706000,"B"
"ITA","10:24:45",7.36,-0.09,200,1701000,"S"
"ITA","10:24:41",7.35,-0.1,2000,1700800,"B"
"ITA","10:24:31",7.36,-0.09,200,1698800,"S"
"ITA","10:24:13",7.35,-0.1,4800,1698600,"B"
"ITA","10:24:12",7.36,-0.09,100,1693800,"S"
"ITA","10:24:06",7.36,-0.09,100,1693700,"S"
"ITA","10:23:17",7.35,-0.1,10900,1693600,"S"
"ITA","10:23:13",7.35,-0.1,5000,1682700,"S"
"ITA","10:23:09",7.35,-0.1,500,1677700,"S"
"ITA","10:22:54",7.35,-0.1,100,1677200,"S"
"ITA","10:21:47",7.34,-0.11,5000,1677100,"B"
"ITA","10:21:47",7.35,-0.1,3400,1672100,"S"
"ITA","10:21:03",7.35,-0.1,100,1668700,"S"
"ITA","10:20:16",7.35,-0.1,200,1668600,"S"
"ITA","10:19:26",7.35,-0.1,100,1668400,"S"
"ITA","10:19:03",7.35,-0.1,100,1668300,"S"
"ITA","10:19:03",7.34,-0.11,300,1668200,"B"
"ITA","10:18:12",7.35,-0.1,5000,1667900,"S"
"ITA","10:18:06",7.35,-0.1,100,1662900,"S"
"ITA","10:17:48",7.35,-0.1,100,1662800,"S"
"ITA","10:17:45",7.35,-0.1,400,1662700,"S"
"ITA","10:17:43",7.35,-0.1,2600,1662300,"S"
"ITA","10:17:40",7.35,-0.1,1900,1659700,"B"
"ITA","10:17:38",7.35,-0.1,5000,1657800,"B"
"ITA","10:17:26",7.35,-0.1,500,1652800,"B"
"ITA","10:17:18",7.35,-0.1,1000,1652300,"B"
"ITA","10:17:17",7.35,-0.1,500,1651300,"B"
"ITA","10:17:07",7.35,-0.1,500,1650800,"B"
"ITA","10:17:04",7.35,-0.1,800,1650300,"B"
"ITA","10:16:51",7.35,-0.1,9800,1649500,"S"
"ITA","10:16:45",7.35,-0.1,2000,1639700,"S"
"ITA","10:16:38",7.33,-0.12,45000,1637700,"B"
"ITA","10:16:08",7.33,-0.12,100,1592700,"B"
"ITA","10:14:41",7.32,-0.13,3000,1592600,"B"
"ITA","10:14:14",7.32,-0.13,3400,1589600,"B"
"ITA","10:14:14",7.33,-0.12,8600,1586200,"B"
"ITA","10:14:14",7.33,-0.12,72200,1577600,"B"
"ITA","10:14:14",7.34,-0.11,29400,1505400,"B"
"ITA","10:14:14",7.35,-0.1,8400,1476000,"B"
"ITA","10:14:07",7.36,-0.09,500,1467600,"S"
"ITA","10:14:06",7.36,-0.09,100,1467100,"S"
"ITA","10:14:05",7.36,-0.09,5000,1467000,"S"
"ITA","10:13:46",7.36,-0.09,2900,1462000,"S"
"ITA","10:13:43",7.36,-0.09,500,1459100,"S"
"ITA","10:13:11",7.36,-0.09,100,1458600,"S"
"ITA","10:13:06",7.35,-0.1,3000,1458500,"B"
"ITA","10:12:35",7.35,-0.1,6300,1455500,"B"
"ITA","10:12:27",7.36,-0.09,5000,1449200,"S"
"ITA","10:12:19",7.36,-0.09,1000,1444200,"S"
"ITA","10:12:10",7.36,-0.09,10000,1443200,"S"
"ITA","10:12:02",7.36,-0.09,2000,1433200,"S"
"ITA","10:11:51",7.36,-0.09,400,1431200,"S"
"ITA","10:11:40",7.36,-0.09,500,1430800,"S"
"ITA","10:11:02",7.36,-0.09,2000,1430300,"S"
"ITA","10:10:59",7.36,-0.09,1000,1428300,"S"
"ITA","10:10:43",7.36,-0.09,10000,1427300,"S"
"ITA","10:10:03",7.35,-0.1,100,1417300,"B"
"ITA","10:09:44",7.35,-0.1,2600,1417200,"B"
"ITA","10:09:40",7.35,-0.1,200,1414600,"S"
"ITA","10:09:39",7.35,-0.1,2400,1414400,"S"
"ITA","10:09:12",7.35,-0.1,100,1412000,"S"
"ITA","10:09:06",7.35,-0.1,1000,1411900,"S"
"ITA","10:08:42",7.35,-0.1,1000,1410900,"S"
"ITA","10:08:41",7.35,-0.1,1400,1409900,"B"
"ITA","10:08:37",7.35,-0.1,3600,1408500,"S"
"ITA","10:08:36",7.35,-0.1,1400,1404900,"S"
"ITA","10:08:34",7.35,-0.1,1000,1403500,"S"
"ITA","10:08:16",7.35,-0.1,1000,1402500,"S"
"ITA","10:07:48",7.34,-0.11,1000,1401500,"B"
"ITA","10:07:45",7.34,-0.11,1000,1400500,"B"
"ITA","10:07:36",7.34,-0.11,9200,1399500,"S"
"ITA","10:07:19",7.33,-0.12,100,1390300,"B"
"ITA","10:07:13",7.34,-0.11,1000,1390200,"S"
"ITA","10:06:52",7.34,-0.11,1000,1389200,"S"
"ITA","10:06:51",7.34,-0.11,200,1388200,"S"
"ITA","10:06:41",7.34,-0.11,1800,1388000,"B"
"ITA","10:06:31",7.34,-0.11,1000,1386200,"B"
"ITA","10:06:24",7.34,-0.11,3300,1385200,"S"
"ITA","10:06:22",7.34,-0.11,3000,1381900,"S"
"ITA","10:06:13",7.34,-0.11,1000,1378900,"S"
"ITA","10:06:11",7.34,-0.11,1000,1377900,"S"
"ITA","10:06:05",7.34,-0.11,2000,1376900,"S"
"ITA","10:05:59",7.34,-0.11,1000,1374900,"S"
"ITA","10:05:57",7.34,-0.11,2900,1373900,"S"
"ITA","10:05:54",7.34,-0.11,100,1371000,"S"
"ITA","10:05:49",7.34,-0.11,500,1370900,"S"
"ITA","10:05:36",7.34,-0.11,2900,1370400,"B"
"ITA","10:05:29",7.34,-0.11,10000,1367500,"B"
"ITA","10:04:38",7.34,-0.11,2200,1357500,"B"
"ITA","10:04:30",7.34,-0.11,1500,1355300,"B"
"ITA","10:04:24",7.34,-0.11,1000,1353800,"B"
"ITA","10:04:03",7.34,-0.11,1100,1352800,"S"
"ITA","10:03:56",7.34,-0.11,3000,1351700,"S"
"ITA","10:03:41",7.34,-0.11,2000,1348700,"S"
"ITA","10:03:32",7.34,-0.11,300,1346700,"B"
"ITA","10:03:27",7.34,-0.11,100,1346400,"B"
"ITA","10:03:20",7.34,-0.11,1000,1346300,"B"
"ITA","10:02:58",7.34,-0.11,200,1345300,"S"
"ITA","10:02:51",7.33,-0.12,114300,1345100,"B"
"ITA","10:02:50",7.33,-0.12,3700,1230800,"B"
"ITA","10:02:50",7.34,-0.11,37000,1227100,"B"
"ITA","10:02:47",7.35,-0.1,5000,1190100,"S"
"ITA","10:02:12",7.35,-0.1,5000,1185100,"S"
"ITA","10:01:46",7.34,-0.11,10000,1180100,"B"
"ITA","10:01:36",7.35,-0.1,5000,1170100,"S"
"ITA","10:01:11",7.34,-0.11,6600,1165100,"S"
"ITA","10:00:59",7.34,-0.11,3400,1158500,"B"
"ITA","10:00:57",7.34,-0.11,5000,1155100,"B"
"ITA","10:00:55",7.34,-0.11,100,1150100,"B"
"ITA","10:00:54",7.34,-0.11,500,1150000,"B"
"ITA","10:00:50",7.34,-0.11,600,1149500,"B"
"ITA","10:00:45",7.34,-0.11,200,1148900,"B"
"ITA","10:00:43",7.34,-0.11,10000,1148700,"B"
"ITA","10:00:20",7.34,-0.11,5000,1138700,"B"
"ITA","10:00:09",7.34,-0.11,700,1133700,"B"
"ITA","10:00:03",7.34,-0.11,7000,1133000,"B"
"ITA","10:00:03",7.35,-0.1,2000,1126000,"S"
"ITA","10:00:00",7.34,-0.11,34500,1124000,"B"
"ITA","09:59:39",7.34,-0.11,2000,1089500,"B"
"ITA","09:59:24",7.34,-0.11,12400,1087500,"B"
"ITA","09:59:16",7.35,-0.1,100,1075100,"S"
"ITA","09:59:12",7.34,-0.11,6100,1075000,"B"
"ITA","09:58:48",7.35,-0.1,200,1068900,"S"
"ITA","09:58:16",7.35,-0.1,2000,1068700,"S"
"ITA","09:58:12",7.35,-0.1,500,1066700,"S"
"ITA","09:58:09",7.35,-0.1,200,1066200,"S"
"ITA","09:58:01",7.35,-0.1,20200,1066000,"B"
"ITA","09:57:52",7.35,-0.1,3000,1045800,"B"
"ITA","09:57:51",7.35,-0.1,1000,1042800,"B"
"ITA","09:57:48",7.35,-0.1,9600,1041800,"B"
"ITA","09:57:47",7.35,-0.1,10000,1032200,"B"
"ITA","09:57:46",7.35,-0.1,33300,1022200,"B"
"ITA","09:57:45",7.35,-0.1,10000,988900,"B"
"ITA","09:57:41",7.35,-0.1,100,978900,"B"
"ITA","09:57:40",7.35,-0.1,10000,978800,"B"
"ITA","09:57:07",7.35,-0.1,500,968800,"B"
"ITA","09:57:06",7.35,-0.1,1000,968300,"B"
"ITA","09:57:05",7.35,-0.1,15000,967300,"B"
"ITA","09:56:46",7.35,-0.1,2000,952300,"B"
"ITA","09:56:21",7.36,-0.09,200,950300,"S"
"ITA","09:56:01",7.36,-0.09,100,950100,"S"
"ITA","09:56:00",7.36,-0.09,3000,950000,"S"
"ITA","09:55:52",7.36,-0.09,3800,947000,"B"
"ITA","09:55:48",7.36,-0.09,4700,943200,"B"
"ITA","09:55:47",7.36,-0.09,5500,938500,"B"
"ITA","09:55:37",7.36,-0.09,2100,933000,"B"
"ITA","09:55:22",7.36,-0.09,200,930900,"B"
"ITA","09:55:19",7.37,-0.08,2000,930700,"S"
"ITA","09:53:57",7.37,-0.08,100,928700,"S"
"ITA","09:53:54",7.37,-0.08,2000,928600,"S"
"ITA","09:53:30",7.37,-0.08,5000,926600,"B"
"ITA","09:52:58",7.37,-0.08,200,921600,"B"
"ITA","09:52:53",7.37,-0.08,500,921400,"B"
"ITA","09:52:51",7.37,-0.08,1000,920900,"B"
"ITA","09:52:49",7.37,-0.08,1800,919900,"S"
"ITA","09:52:46",7.37,-0.08,1000,918100,"S"
"ITA","09:52:37",7.37,-0.08,500,917100,"S"
"ITA","09:52:35",7.37,-0.08,5000,916600,"S"
"ITA","09:52:11",7.37,-0.08,1100,911600,"S"
"ITA","09:51:31",7.37,-0.08,9500,910500,"B"
"ITA","09:51:30",7.37,-0.08,1000,901000,"B"
"ITA","09:51:14",7.37,-0.08,100,900000,"B"
"ITA","09:50:28",7.37,-0.08,300,899900,"B"
"ITA","09:50:22",7.38,-0.07,100,899600,"S"
"ITA","09:49:42",7.37,-0.08,1800,899500,"B"
"ITA","09:49:18",7.38,-0.07,2000,897700,"S"
"ITA","09:49:09",7.37,-0.08,2100,895700,"B"
"ITA","09:49:07",7.37,-0.08,100,893600,"B"
"ITA","09:49:00",7.37,-0.08,200,893500,"B"
"ITA","09:48:58",7.38,-0.07,300,893300,"S"
"ITA","09:48:52",7.38,-0.07,1400,893000,"S"
"ITA","09:48:38",7.37,-0.08,1000,891600,"B"
"ITA","09:48:29",7.37,-0.08,4400,890600,"B"
"ITA","09:48:28",7.37,-0.08,3000,886200,"B"
"ITA","09:48:09",7.37,-0.08,500,883200,"S"
"ITA","09:47:50",7.36,-0.09,4500,882700,"B"
"ITA","09:47:38",7.36,-0.09,1500,878200,"B"
"ITA","09:47:26",7.36,-0.09,1500,876700,"B"
"ITA","09:47:26",7.37,-0.08,2500,875200,"B"
"ITA","09:47:12",7.37,-0.08,500,872700,"B"
"ITA","09:46:56",7.36,-0.09,2900,872200,"B"
"ITA","09:46:56",7.37,-0.08,1100,869300,"B"
"ITA","09:46:41",7.37,-0.08,1900,868200,"S"
"ITA","09:46:21",7.37,-0.08,1000,866300,"S"
"ITA","09:46:21",7.36,-0.09,6000,865300,"B"
"ITA","09:46:06",7.36,-0.09,5800,859300,"B"
"ITA","09:46:04",7.37,-0.08,5000,853500,"S"
"ITA","09:45:37",7.37,-0.08,100,848500,"S"
"ITA","09:45:37",7.37,-0.08,5500,848400,"B"
"ITA","09:45:36",7.37,-0.08,31900,842900,"B"
"ITA","09:45:28",7.38,-0.07,100,811000,"S"
"ITA","09:45:27",7.38,-0.07,1200,810900,"S"
"ITA","09:45:19",7.38,-0.07,12900,809700,"B"
"ITA","09:44:42",7.39,-0.06,1900,796800,"S"
"ITA","09:44:35",7.39,-0.06,5300,794900,"B"
"ITA","09:44:29",7.39,-0.06,1000,789600,"B"
"ITA","09:44:18",7.39,-0.06,8700,788600,"B"
"ITA","09:44:07",7.39,-0.06,2000,779900,"B"
"ITA","09:44:04",7.39,-0.06,400,777900,"B"
"ITA","09:43:56",7.39,-0.06,100,777500,"B"
"ITA","09:43:51",7.39,-0.06,2000,777400,"B"
"ITA","09:43:46",7.39,-0.06,100,775400,"B"
"ITA","09:43:35",7.39,-0.06,1400,775300,"B"
"ITA","09:42:53",7.39,-0.06,500,773900,"B"
"ITA","09:42:30",7.39,-0.06,5000,773400,"B"
"ITA","09:42:20",7.39,-0.06,1000,768400,"B"
"ITA","09:42:08",7.4,-0.05,100,767400,"S"
"ITA","09:41:39",7.4,-0.05,1000,767300,"S"
"ITA","09:41:03",7.39,-0.06,500,766300,"B"
"ITA","09:40:39",7.39,-0.06,3600,765800,"S"
"ITA","09:40:38",7.39,-0.06,500,762200,"S"
"ITA","09:40:23",7.38,-0.07,100,761700,"B"
"ITA","09:40:18",7.39,-0.06,900,761600,"B"
"ITA","09:40:10",7.39,-0.06,1200,760700,"S"
"ITA","09:40:08",7.39,-0.06,1500,759500,"S"
"ITA","09:40:01",7.38,-0.07,100,758000,"B"
"ITA","09:39:57",7.39,-0.06,500,757900,"S"
"ITA","09:39:52",7.39,-0.06,3800,757400,"S"
"ITA","09:39:50",7.39,-0.06,8000,753600,"S"
"ITA","09:39:30",7.38,-0.07,4700,745600,"S"
"ITA","09:39:24",7.38,-0.07,30000,740900,"S"
"ITA","09:39:22",7.38,-0.07,500,710900,"S"
"ITA","09:39:14",7.38,-0.07,22000,710400,"S"
"ITA","09:39:11",7.38,-0.07,10600,688400,"S"
"ITA","09:38:57",7.38,-0.07,1000,677800,"S"
"ITA","09:38:43",7.37,-0.08,100,676800,"B"
"ITA","09:38:28",7.37,-0.08,5000,676700,"B"
"ITA","09:38:26",7.37,-0.08,5000,671700,"B"
"ITA","09:38:11",7.37,-0.08,5000,666700,"S"
"ITA","09:38:05",7.37,-0.08,9600,661300,"S"
"ITA","09:37:41",7.37,-0.08,1000,651700,"S"
"ITA","09:37:23",7.36,-0.09,400,650700,"B"
"ITA","09:37:19",7.37,-0.08,500,650300,"S"
"ITA","09:37:13",7.36,-0.09,5000,649800,"B"
"ITA","09:37:09",7.36,-0.09,300,644800,"B"
"ITA","09:37:05",7.36,-0.09,700,644500,"B"
"ITA","09:37:04",7.36,-0.09,16000,643800,"S"
"ITA","09:36:59",7.36,-0.09,1200,627800,"S"
"ITA","09:36:58",7.36,-0.09,1000,626600,"S"
"ITA","09:36:53",7.36,-0.09,12000,625600,"S"
"ITA","09:36:03",7.35,-0.1,10000,613600,"B"
"ITA","09:36:02",7.36,-0.09,500,603600,"S"
"ITA","09:36:00",7.36,-0.09,200,603100,"S"
"ITA","09:35:56",7.36,-0.09,3200,602900,"S"
"ITA","09:35:44",7.36,-0.09,10000,599700,"S"
"ITA","09:35:41",7.35,-0.1,200,589700,"B"
"ITA","09:35:40",7.35,-0.1,1900,589500,"B"
"ITA","09:35:27",7.35,-0.1,500,587600,"B"
"ITA","09:35:10",7.35,-0.1,500,587100,"S"
"ITA","09:35:04",7.35,-0.1,9500,586600,"B"
"ITA","09:34:39",7.36,-0.09,1000,577100,"S"
"ITA","09:34:38",7.35,-0.1,900,576100,"B"
"ITA","09:34:27",7.36,-0.09,10000,575200,"S"
"ITA","09:34:16",7.35,-0.1,2000,565200,"B"
"ITA","09:34:16",7.36,-0.09,300,563200,"S"
"ITA","09:34:14",7.35,-0.1,1600,562900,"B"
"ITA","09:34:08",7.35,-0.1,100,561300,"B"
"ITA","09:34:06",7.36,-0.09,500,561200,"S"
"ITA","09:34:01",7.35,-0.1,4000,560700,"B"
"ITA","09:33:59",7.36,-0.09,100,556700,"S"
"ITA","09:33:49",7.36,-0.09,500,556600,"S"
"ITA","09:33:45",7.36,-0.09,1000,556100,"S"
"ITA","09:33:24",7.36,-0.09,500,555100,"S"
"ITA","09:33:23",7.36,-0.09,100,554600,"S"
"ITA","09:33:23",7.35,-0.1,162400,554500,"B"
"ITA","09:33:19",7.36,-0.09,1500,392100,"S"
"ITA","09:33:18",7.36,-0.09,100,390600,"S"
"ITA","09:33:05",7.36,-0.09,100,390500,"S"
"ITA","09:32:53",7.36,-0.09,2500,390400,"B"
"ITA","09:32:35",7.36,-0.09,4000,387900,"S"
"ITA","09:32:13",7.36,-0.09,100,383900,"S"
"ITA","09:32:00",7.36,-0.09,500,383800,"S"
"ITA","09:31:58",7.36,-0.09,100,383300,"S"
"ITA","09:31:52",7.36,-0.09,2000,383200,"S"
"ITA","09:31:43",7.36,-0.09,400,381200,"S"
"ITA","09:31:32",7.36,-0.09,32000,380800,"B"
"ITA","09:31:31",7.36,-0.09,2500,348800,"B"
"ITA","09:31:18",7.36,-0.09,2000,346300,"B"
"ITA","09:31:10",7.36,-0.09,800,344300,"B"
"ITA","09:31:06",7.37,-0.08,2100,343500,"S"
"ITA","09:30:46",7.36,-0.09,5000,341400,"B"
"ITA","09:30:37",7.36,-0.09,100,336400,"B"
"ITA","09:30:35",7.37,-0.08,500,336300,"S"
"ITA","09:29:57",7.36,-0.09,100,335800,"B"
"ITA","09:29:55",7.36,-0.09,1000,335700,"B"
"ITA","09:29:50",7.37,-0.08,100,334700,"S"
"ITA","09:29:39",7.36,-0.09,200,334600,"B"
"ITA","09:29:23",7.36,-0.09,2000,334400,"B"
"ITA","09:29:16",7.36,-0.09,1900,332400,"S"
"ITA","09:29:15",7.36,-0.09,3800,330500,"B"
"ITA","09:29:11",7.36,-0.09,11200,326700,"S"
"ITA","09:29:05",7.35,-0.1,800,315500,"B"
"ITA","09:28:58",7.36,-0.09,5900,314700,"B"
"ITA","09:28:52",7.36,-0.09,2200,308800,"B"
"ITA","09:28:52",7.36,-0.09,4800,306600,"B"
"ITA","09:28:49",7.37,-0.08,1800,301800,"S"
"ITA","09:28:47",7.37,-0.08,4200,300000,"B"
"ITA","09:28:39",7.37,-0.08,500,295800,"B"
"ITA","09:28:34",7.37,-0.08,3000,295300,"B"
"ITA","09:28:30",7.37,-0.08,10000,292300,"B"
"ITA","09:28:11",7.37,-0.08,700,282300,"B"
"ITA","09:28:10",7.38,-0.07,100,281600,"S"
"ITA","09:27:56",7.37,-0.08,2500,281500,"B"
"ITA","09:27:55",7.37,-0.08,3000,279000,"B"
"ITA","09:27:41",7.38,-0.07,4000,276000,"B"
"ITA","09:27:35",7.39,-0.06,1000,272000,"S"
"ITA","09:27:08",7.39,-0.06,8400,271000,"S"
"ITA","09:27:00",7.39,-0.06,100,262600,"S"
"ITA","09:26:40",7.39,-0.06,2800,262500,"S"
"ITA","09:26:33",7.39,-0.06,1300,259700,"B"
"ITA","09:25:36",7.39,-0.06,300,258400,"S"
"ITA","09:25:27",7.39,-0.06,10000,258100,"S"
"ITA","09:25:19",7.39,-0.06,4200,248100,"B"
"ITA","09:25:18",7.4,-0.05,400,243900,"S"
"ITA","09:25:17",7.4,-0.05,300,243500,"S"
"ITA","09:24:52",7.4,-0.05,10500,243200,"S"
"ITA","09:24:52",7.39,-0.06,9600,232700,"B"
"ITA","09:24:51",7.39,-0.06,700,223100,"B"
"ITA","09:24:31",7.39,-0.06,8200,222400,"S"
"ITA","09:24:22",7.38,-0.07,2000,214200,"B"
"ITA","09:24:01",7.38,-0.07,7000,212200,"B"
"ITA","09:24:00",7.38,-0.07,1000,205200,"B"
"ITA","09:23:56",7.38,-0.07,200,204200,"B"
"ITA","09:23:43",7.38,-0.07,4100,204000,"B"
"ITA","09:23:40",7.38,-0.07,3800,199900,"S"
"ITA","09:23:38",7.38,-0.07,100,196100,"S"
"ITA","09:23:37",7.38,-0.07,1000,196000,"S"
"ITA","09:23:20",7.38,-0.07,10000,195000,"S"
"ITA","09:23:16",7.38,-0.07,1000,185000,"S"
"ITA","09:23:15",7.38,-0.07,300,184000,"S"
"ITA","09:23:09",7.38,-0.07,100,183700,"S"
"ITA","09:22:51",7.38,-0.07,200,183600,"S"
"ITA","09:22:42",7.38,-0.07,3000,183400,"S"
"ITA","09:22:28",7.38,-0.07,200,180400,"B"
"ITA","09:22:27",7.38,-0.07,5000,180200,"B"
"ITA","09:22:23",7.39,-0.06,500,175200,"B"
"ITA","09:22:17",7.4,-0.05,900,174700,"S"
"ITA","09:22:01",7.4,-0.05,200,173800,"B"
"ITA","09:21:57",7.4,-0.05,1300,173600,"B"
"ITA","09:21:56",7.4,-0.05,500,172300,"B"
"ITA","09:21:54",7.4,-0.05,700,171800,"B"
"ITA","09:21:47",7.4,-0.05,100,171100,"B"
"ITA","09:21:47",7.4,-0.05,100,171000,"B"
"ITA","09:21:39",7.4,-0.05,6700,170900,"S"
"ITA","09:21:30",7.4,-0.05,400,164200,"S"
"ITA","09:21:24",7.39,-0.06,4000,163800,"B"
"ITA","09:21:08",7.39,-0.06,8000,159800,"B"
"ITA","09:21:07",7.4,-0.05,10000,151800,"S"
"ITA","09:21:07",7.4,-0.05,700,141800,"S"
"ITA","09:20:54",7.4,-0.05,10000,141100,"S"
"ITA","09:20:33",7.4,-0.05,300,131100,"S"
"ITA","09:20:22",7.4,-0.05,17700,130800,"B"
"ITA","09:20:17",7.41,-0.04,5000,113100,"S"
"ITA","09:20:12",7.4,-0.05,500,108100,"B"
"ITA","09:20:01",7.41,-0.04,100,107600,"S"
"ITA","09:19:53",7.41,-0.04,200,107500,"S"
"ITA","09:19:49",7.41,-0.04,1000,107300,"B"
"ITA","09:19:37",7.42,-0.03,400,106300,"S"
"ITA","09:19:32",7.41,-0.04,1000,105900,"B"
"ITA","09:19:25",7.42,-0.03,20000,104900,"S"
"ITA","09:19:22",7.42,-0.03,100,84900,"S"
"ITA","09:19:19",7.41,-0.04,100,84800,"B"
"ITA","09:19:07",7.42,-0.03,300,84700,"S"
"ITA","09:19:00",7.42,-0.03,200,84400,"S"
"ITA","09:18:56",7.42,-0.03,2600,84200,"B"
"ITA","09:18:48",7.42,-0.03,1200,81600,"B"
"ITA","09:18:29",7.42,-0.03,2000,80400,"B"
"ITA","09:18:27",7.44,-0.01,500,78400,"S"
"ITA","09:17:55",7.45,0,200,77900,"S"
"ITA","09:17:53",7.45,0,400,77700,"S"
"ITA","09:17:33",7.45,0,2700,77300,"S"
"ITA","09:17:33",7.44,-0.01,300,74600,"S"
"ITA","09:17:28",7.45,0,9600,74300,"S"
"ITA","09:17:28",7.45,0,400,64700,"S"
"ITA","09:17:18",7.42,-0.03,300,64300,"B"
"ITA","09:17:11",7.45,0,900,64000,"S"
"ITA","09:17:11",7.44,-0.01,100,63100,"S"
"ITA","09:17:09",7.44,-0.01,200,63000,"B"
"ITA","09:17:06",7.45,0,6700,62800,"S"
"ITA","09:17:06",7.45,0,23300,56100,"S"
"ITA","09:16:51",7.45,0,2000,32800,"S"
"ITA","09:16:50",7.42,-0.03,100,30800,"B"
"ITA","09:16:49",7.44,-0.01,1000,30700,"S"
"ITA","09:16:48",7.42,-0.03,200,29700,"B"
"ITA","09:16:12",7.42,-0.03,700,29500,"S"
"ITA","09:16:06",7.42,-0.03,1000,28800,"S"
"ITA","09:15:57",7.42,-0.03,1000,27800,"S"
"ITA","09:15:55",7.42,-0.03,2000,26800,"B"
"ITA","09:15:49",7.42,-0.03,1000,24800,"S"
"ITA","09:15:44",7.42,-0.03,100,23800,"B"
"ITA","09:15:36",7.43,-0.02,300,23700,"S"
"ITA","09:15:30",7.43,-0.02,300,23400,"B"
"ITA","09:15:30",7.44,-0.01,300,23100,"B"
"ITA","09:15:23",7.44,-0.01,300,22800,"B"
"ITA","09:15:15",7.44,-0.01,5400,22500,"S"
"ITA","09:15:02",7.44,-0.01,17100,17100,
