"symbol","time","price","change","vol","total","side"
"PC1","14:45:02",28,0.75,65400,2867400,
"PC1","14:29:33",28.15,0.9,600,2802000,"S"
"PC1","14:29:32",28.15,0.9,500,2801400,"S"
"PC1","14:29:29",28.15,0.9,1000,2800900,"S"
"PC1","14:29:17",28.15,0.9,2000,2799900,"S"
"PC1","14:29:07",28.1,0.85,300,2797900,"S"
"PC1","14:28:59",28.1,0.85,400,2797600,"S"
"PC1","14:28:54",28.1,0.85,400,2797200,"S"
"PC1","14:28:51",28.1,0.85,400,2796800,"S"
"PC1","14:28:47",28.1,0.85,400,2796400,"S"
"PC1","14:28:43",28.1,0.85,300,2796000,"S"
"PC1","14:28:43",28.1,0.85,100,2795700,"S"
"PC1","14:28:41",28.05,0.8,3000,2795600,"B"
"PC1","14:28:38",28.1,0.85,300,2792600,"S"
"PC1","14:28:29",28.1,0.85,300,2792300,"S"
"PC1","14:28:02",28.1,0.85,10000,2792000,"S"
"PC1","14:27:15",28.1,0.85,100,2782000,"S"
"PC1","14:27:01",28.1,0.85,700,2781900,"B"
"PC1","14:27:01",28.1,0.85,2000,2781200,"B"
"PC1","14:26:39",28.1,0.85,500,2779200,"B"
"PC1","14:26:15",28.1,0.85,1000,2778700,"B"
"PC1","14:26:12",28.1,0.85,10800,2777700,"S"
"PC1","14:25:08",28.1,0.85,2900,2766900,"S"
"PC1","14:25:06",28.1,0.85,1000,2764000,"S"
"PC1","14:25:06",28.05,0.8,1000,2763000,"S"
"PC1","14:24:51",28,0.75,8700,2762000,"B"
"PC1","14:24:51",28.05,0.8,4300,2753300,"B"
"PC1","14:24:50",28.05,0.8,100,2749000,"B"
"PC1","14:24:37",28.1,0.85,2900,2748900,"S"
"PC1","14:24:06",28.1,0.85,2900,2746000,"S"
"PC1","14:23:59",28.1,0.85,4000,2743100,"S"
"PC1","14:23:43",28.1,0.85,1000,2739100,"S"
"PC1","14:23:35",28.1,0.85,2900,2738100,"S"
"PC1","14:23:16",28.1,0.85,2000,2735200,"S"
"PC1","14:23:03",28.1,0.85,2800,2733200,"S"
"PC1","14:23:01",28,0.75,200,2730400,"B"
"PC1","14:23:00",28,0.75,6200,2730200,"B"
"PC1","14:23:00",28.05,0.8,5900,2724000,"B"
"PC1","14:22:52",28.1,0.85,500,2718100,"S"
"PC1","14:22:48",28.1,0.85,200,2717600,"S"
"PC1","14:22:32",28.1,0.85,2800,2717400,"S"
"PC1","14:22:23",28.05,0.8,2000,2714600,"B"
"PC1","14:22:11",28.05,0.8,100,2712600,"B"
"PC1","14:22:06",28.05,0.8,500,2712500,"B"
"PC1","14:22:01",28.1,0.85,2800,2712000,"S"
"PC1","14:21:58",28.05,0.8,1500,2709200,"S"
"PC1","14:21:57",28.05,0.8,10000,2707700,"S"
"PC1","14:21:52",28.05,0.8,1500,2697700,"B"
"PC1","14:21:43",28.05,0.8,100,2696200,"B"
"PC1","14:21:43",28.1,0.85,1000,2696100,"S"
"PC1","14:21:41",28.05,0.8,13000,2695100,"B"
"PC1","14:21:40",28.1,0.85,200,2682100,"S"
"PC1","14:21:30",28.1,0.85,2500,2681900,"S"
"PC1","14:20:59",28.1,0.85,2500,2679400,"S"
"PC1","14:20:28",28.1,0.85,2500,2676900,"S"
"PC1","14:20:18",28.05,0.8,10000,2674400,"B"
"PC1","14:20:10",28.05,0.8,2000,2664400,"B"
"PC1","14:19:57",28.1,0.85,2500,2662400,"S"
"PC1","14:19:55",28.05,0.8,200,2659900,"B"
"PC1","14:19:29",28.1,0.85,1700,2659700,"B"
"PC1","14:19:27",28.1,0.85,5000,2658000,"B"
"PC1","14:19:26",28.15,0.9,2500,2653000,"S"
"PC1","14:19:15",28.1,0.85,3400,2650500,"B"
"PC1","14:19:13",28.1,0.85,400,2647100,"B"
"PC1","14:19:03",28.1,0.85,4500,2646700,"B"
"PC1","14:18:56",28.1,0.85,500,2642200,"B"
"PC1","14:18:56",28.15,0.9,2400,2641700,"S"
"PC1","14:18:42",28.15,0.9,1600,2639300,"S"
"PC1","14:18:42",28.1,0.85,1000,2637700,"B"
"PC1","14:18:35",28.1,0.85,2000,2636700,"B"
"PC1","14:18:24",28.15,0.9,2400,2634700,"S"
"PC1","14:17:53",28.15,0.9,2400,2632300,"S"
"PC1","14:17:35",28.1,0.85,300,2629900,"B"
"PC1","14:17:33",28.15,0.9,2000,2629600,"S"
"PC1","14:17:22",28.15,0.9,2400,2627600,"S"
"PC1","14:17:09",28.15,0.9,400,2625200,"S"
"PC1","14:17:03",28.1,0.85,1000,2624800,"B"
"PC1","14:16:51",28.15,0.9,2400,2623800,"S"
"PC1","14:16:42",28.1,0.85,2000,2621400,"B"
"PC1","14:16:23",28.15,0.9,2200,2619400,"B"
"PC1","14:16:20",28.2,0.95,2400,2617200,"S"
"PC1","14:16:19",28.15,0.9,10000,2614800,"B"
"PC1","14:16:01",28.15,0.9,4000,2604800,"B"
"PC1","14:15:49",28.2,0.95,2400,2600800,"S"
"PC1","14:15:34",28.15,0.9,16000,2598400,"B"
"PC1","14:15:18",28.2,0.95,2400,2582400,"S"
"PC1","14:14:47",28.2,0.95,2400,2580000,"S"
"PC1","14:14:36",28.15,0.9,1300,2577600,"B"
"PC1","14:14:29",28.2,0.95,1000,2576300,"S"
"PC1","14:14:15",28.2,0.95,2400,2575300,"S"
"PC1","14:14:11",28.15,0.9,5000,2572900,"B"
"PC1","14:13:48",28.2,0.95,100,2567900,"S"
"PC1","14:13:44",28.2,0.95,2400,2567800,"S"
"PC1","14:13:43",28.15,0.9,9500,2565400,"S"
"PC1","14:13:39",28.15,0.9,8000,2555900,"S"
"PC1","14:13:36",28.15,0.9,1600,2547900,"S"
"PC1","14:13:32",28.15,0.9,100,2546300,"S"
"PC1","14:13:19",28.15,0.9,5000,2546200,"S"
"PC1","14:13:13",28.15,0.9,1000,2541200,"S"
"PC1","14:13:12",28.15,0.9,600,2540200,"S"
"PC1","14:13:10",28.15,0.9,2400,2539600,"S"
"PC1","14:12:50",28.15,0.9,900,2537200,"S"
"PC1","14:12:39",28.15,0.9,2400,2536300,"S"
"PC1","14:12:38",28.15,0.9,300,2533900,"S"
"PC1","14:12:36",28.15,0.9,500,2533600,"S"
"PC1","14:12:35",28.15,0.9,100,2533100,"S"
"PC1","14:12:34",28.15,0.9,2000,2533000,"S"
"PC1","14:12:09",28.15,0.9,2400,2531000,"S"
"PC1","14:12:00",28.1,0.85,300,2528600,"B"
"PC1","14:11:47",28.15,0.9,100,2528300,"S"
"PC1","14:11:36",28.15,0.9,2400,2528200,"S"
"PC1","14:11:21",28.15,0.9,100,2525800,"S"
"PC1","14:11:11",28.15,0.9,400,2525700,"S"
"PC1","14:11:05",28.15,0.9,2400,2525300,"S"
"PC1","14:10:40",28.2,0.95,6300,2522900,"S"
"PC1","14:10:40",28.15,0.9,3700,2516600,"S"
"PC1","14:10:34",28.15,0.9,2400,2512900,"S"
"PC1","14:10:28",28.15,0.9,3900,2510500,"B"
"PC1","14:10:03",28.2,0.95,2400,2506600,"S"
"PC1","14:09:34",28.2,0.95,10000,2504200,"S"
"PC1","14:09:32",28.2,0.95,2400,2494200,"S"
"PC1","14:09:00",28.2,0.95,2400,2491800,"S"
"PC1","14:08:59",28.15,0.9,1000,2489400,"B"
"PC1","14:08:57",28.15,0.9,3000,2488400,"B"
"PC1","14:08:49",28.15,0.9,500,2485400,"B"
"PC1","14:08:42",28.15,0.9,3000,2484900,"B"
"PC1","14:08:35",28.15,0.9,200,2481900,"B"
"PC1","14:08:29",28.2,0.95,2300,2481700,"S"
"PC1","14:08:22",28.15,0.9,100,2479400,"B"
"PC1","14:08:21",28.15,0.9,400,2479300,"B"
"PC1","14:08:17",28.15,0.9,200,2478900,"B"
"PC1","14:08:16",28.15,0.9,100,2478700,"B"
"PC1","14:08:12",28.15,0.9,400,2478600,"B"
"PC1","14:08:10",28.15,0.9,2600,2478200,"B"
"PC1","14:08:05",28.15,0.9,5600,2475600,"S"
"PC1","14:07:58",28.15,0.9,2300,2470000,"S"
"PC1","14:07:52",28.15,0.9,2200,2467700,"B"
"PC1","14:07:42",28.15,0.9,2800,2465500,"S"
"PC1","14:07:29",28.15,0.9,7300,2462700,"B"
"PC1","14:07:27",28.2,0.95,2300,2455400,"S"
"PC1","14:06:56",28.2,0.95,2300,2453100,"S"
"PC1","14:06:49",28.15,0.9,200,2450800,"S"
"PC1","14:06:49",28.15,0.9,800,2450600,"B"
"PC1","14:06:42",28.15,0.9,800,2449800,"B"
"PC1","14:06:35",28.15,0.9,3500,2449000,"S"
"PC1","14:06:25",28.15,0.9,2300,2445500,"S"
"PC1","14:06:14",28.1,0.85,1600,2443200,"B"
"PC1","14:05:54",28.15,0.9,2300,2441600,"S"
"PC1","14:05:36",28.1,0.85,500,2439300,"B"
"PC1","14:05:31",28.15,0.9,1000,2438800,"S"
"PC1","14:05:23",28.15,0.9,2300,2437800,"S"
"PC1","14:05:11",28.15,0.9,4300,2435500,"S"
"PC1","14:04:52",28.15,0.9,2300,2431200,"S"
"PC1","14:04:38",28.1,0.85,800,2428900,"B"
"PC1","14:04:22",28.15,0.9,2300,2428100,"S"
"PC1","14:04:14",28.15,0.9,2000,2425800,"S"
"PC1","14:03:51",28.15,0.9,2300,2423800,"S"
"PC1","14:03:45",28.1,0.85,800,2421500,"B"
"PC1","14:03:35",28.15,0.9,3000,2420700,"S"
"PC1","14:03:34",28.1,0.85,2000,2417700,"B"
"PC1","14:03:33",28.1,0.85,1000,2415700,"B"
"PC1","14:03:23",28.1,0.85,20000,2414700,"B"
"PC1","14:03:22",28.15,0.9,400,2394700,"S"
"PC1","14:03:20",28.15,0.9,2300,2394300,"S"
"PC1","14:03:01",28.15,0.9,100,2392000,"B"
"PC1","14:02:56",28.15,0.9,3700,2391900,"B"
"PC1","14:02:49",28.2,0.95,2300,2388200,"S"
"PC1","14:02:49",28.15,0.9,2000,2385900,"B"
"PC1","14:02:46",28.15,0.9,4000,2383900,"B"
"PC1","14:02:42",28.15,0.9,1000,2379900,"B"
"PC1","14:02:41",28.15,0.9,100,2378900,"B"
"PC1","14:02:40",28.15,0.9,2100,2378800,"B"
"PC1","14:02:26",28.15,0.9,5000,2376700,"B"
"PC1","14:02:18",28.2,0.95,2300,2371700,"S"
"PC1","14:01:46",28.2,0.95,2300,2369400,"S"
"PC1","14:01:17",28.2,0.95,1000,2367100,"S"
"PC1","14:01:15",28.2,0.95,2300,2366100,"S"
"PC1","14:01:12",28.15,0.9,200,2363800,"B"
"PC1","14:00:44",28.2,0.95,2300,2363600,"S"
"PC1","14:00:23",28.2,0.95,1000,2361300,"S"
"PC1","14:00:13",28.2,0.95,2300,2360300,"S"
"PC1","13:59:49",28.2,0.95,3000,2358000,"S"
"PC1","13:59:45",28.15,0.9,10000,2355000,"B"
"PC1","13:59:42",28.2,0.95,2300,2345000,"S"
"PC1","13:59:32",28.2,0.95,600,2342700,"S"
"PC1","13:59:19",28.25,1,100,2342100,"S"
"PC1","13:59:11",28.25,1,1200,2342000,"S"
"PC1","13:59:11",28.2,0.95,1100,2340800,"S"
"PC1","13:59:04",28.15,0.9,200,2339700,"B"
"PC1","13:58:52",28.2,0.95,200,2339500,"S"
"PC1","13:58:39",28.2,0.95,2300,2339300,"S"
"PC1","13:58:08",28.2,0.95,2300,2337000,"S"
"PC1","13:57:56",28.15,0.9,900,2334700,"B"
"PC1","13:57:45",28.15,0.9,400,2333800,"B"
"PC1","13:57:37",28.25,1,1500,2333400,"S"
"PC1","13:57:37",28.2,0.95,800,2331900,"S"
"PC1","13:57:29",28.15,0.9,200,2331100,"B"
"PC1","13:57:21",28.2,0.95,2400,2330900,"B"
"PC1","13:57:19",28.2,0.95,2000,2328500,"B"
"PC1","13:57:09",28.2,0.95,2000,2326500,"B"
"PC1","13:57:08",28.2,0.95,3600,2324500,"B"
"PC1","13:57:06",28.25,1,2300,2320900,"S"
"PC1","13:57:00",28.2,0.95,6000,2318600,"B"
"PC1","13:56:53",28.2,0.95,1000,2312600,"B"
"PC1","13:56:35",28.25,1,2300,2311600,"S"
"PC1","13:56:35",28.2,0.95,300,2309300,"B"
"PC1","13:56:06",28.25,1,4200,2309000,"B"
"PC1","13:56:04",28.3,1.05,2300,2304800,"S"
"PC1","13:56:01",28.25,1,300,2302500,"B"
"PC1","13:55:45",28.25,1,100,2302200,"B"
"PC1","13:55:44",28.25,1,200,2302100,"B"
"PC1","13:55:44",28.25,1,200,2301900,"S"
"PC1","13:55:40",28.25,1,500,2301700,"S"
"PC1","13:55:37",28.2,0.95,300,2301200,"B"
"PC1","13:55:35",28.25,1,100,2300900,"B"
"PC1","13:55:34",28.3,1.05,2300,2300800,"S"
"PC1","13:55:12",28.25,1,3000,2298500,"B"
"PC1","13:55:12",28.3,1.05,100,2295500,"S"
"PC1","13:55:03",28.3,1.05,2300,2295400,"S"
"PC1","13:54:52",28.25,1,100,2293100,"B"
"PC1","13:54:48",28.25,1,100,2293000,"B"
"PC1","13:54:36",28.25,1,100,2292900,"B"
"PC1","13:54:32",28.25,1,100,2292800,"B"
"PC1","13:54:32",28.3,1.05,2300,2292700,"S"
"PC1","13:54:26",28.25,1,7300,2290400,"B"
"PC1","13:54:20",28.25,1,2000,2283100,"B"
"PC1","13:54:16",28.25,1,1400,2281100,"B"
"PC1","13:54:09",28.25,1,500,2279700,"B"
"PC1","13:54:01",28.3,1.05,2300,2279200,"S"
"PC1","13:54:00",28.25,1,500,2276900,"B"
"PC1","13:53:36",28.25,1,200,2276400,"B"
"PC1","13:53:30",28.3,1.05,2000,2276200,"S"
"PC1","13:53:30",28.3,1.05,300,2274200,"S"
"PC1","13:53:23",28.25,1,100,2273900,"B"
"PC1","13:53:16",28.25,1,1000,2273800,"B"
"PC1","13:52:59",28.3,1.05,2300,2272800,"S"
"PC1","13:52:59",28.3,1.05,5500,2270500,"S"
"PC1","13:52:34",28.3,1.05,100,2265000,"S"
"PC1","13:52:29",28.3,1.05,2300,2264900,"S"
"PC1","13:51:58",28.3,1.05,2300,2262600,"S"
"PC1","13:51:44",28.3,1.05,300,2260300,"S"
"PC1","13:51:32",28.3,1.05,800,2260000,"S"
"PC1","13:51:26",28.3,1.05,2300,2259200,"S"
"PC1","13:50:56",28.3,1.05,2300,2256900,"S"
"PC1","13:50:36",28.3,1.05,1000,2254600,"S"
"PC1","13:50:31",28.3,1.05,4000,2253600,"S"
"PC1","13:50:25",28.3,1.05,1000,2249600,"S"
"PC1","13:50:25",28.3,1.05,2300,2248600,"S"
"PC1","13:50:17",28.3,1.05,500,2246300,"S"
"PC1","13:49:54",28.3,1.05,2300,2245800,"S"
"PC1","13:49:42",28.25,1,500,2243500,"B"
"PC1","13:49:39",28.25,1,2000,2243000,"S"
"PC1","13:49:30",28.25,1,800,2241000,"S"
"PC1","13:49:27",28.25,1,1200,2240200,"B"
"PC1","13:49:23",28.3,1.05,2300,2239000,"S"
"PC1","13:49:19",28.25,1,500,2236700,"B"
"PC1","13:48:52",28.25,1,200,2236200,"S"
"PC1","13:48:51",28.25,1,2300,2236000,"S"
"PC1","13:48:39",28.25,1,100,2233700,"S"
"PC1","13:48:39",28.25,1,1000,2233600,"S"
"PC1","13:48:28",28.25,1,1500,2232600,"S"
"PC1","13:48:20",28.25,1,2300,2231100,"S"
"PC1","13:48:19",28.25,1,2600,2228800,"B"
"PC1","13:48:11",28.25,1,800,2226200,"B"
"PC1","13:47:55",28.25,1,300,2225400,"B"
"PC1","13:47:52",28.25,1,2000,2225100,"B"
"PC1","13:47:49",28.3,1.05,2300,2223100,"S"
"PC1","13:47:36",28.25,1,600,2220800,"S"
"PC1","13:47:28",28.25,1,8000,2220200,"S"
"PC1","13:47:18",28.25,1,9600,2212200,"S"
"PC1","13:46:57",28.2,0.95,100,2202600,"B"
"PC1","13:46:53",28.25,1,1000,2202500,"S"
"PC1","13:46:48",28.25,1,4300,2201500,"S"
"PC1","13:46:39",28.25,1,5000,2197200,"S"
"PC1","13:46:25",28.25,1,300,2192200,"S"
"PC1","13:46:18",28.25,1,1000,2191900,"S"
"PC1","13:46:17",28.25,1,2300,2190900,"S"
"PC1","13:45:57",28.25,1,500,2188600,"S"
"PC1","13:45:54",28.2,0.95,2000,2188100,"B"
"PC1","13:45:46",28.25,1,2300,2186100,"S"
"PC1","13:45:15",28.25,1,2300,2183800,"S"
"PC1","13:45:11",28.25,1,4500,2181500,"S"
"PC1","13:45:03",28.2,0.95,500,2177000,"B"
"PC1","13:44:44",28.25,1,2300,2176500,"S"
"PC1","13:44:34",28.2,0.95,1300,2174200,"B"
"PC1","13:44:34",28.25,1,200,2172900,"B"
"PC1","13:44:33",28.25,1,400,2172700,"B"
"PC1","13:44:13",28.3,1.05,2300,2172300,"S"
"PC1","13:44:08",28.25,1,1800,2170000,"B"
"PC1","13:44:06",28.25,1,5000,2168200,"B"
"PC1","13:43:54",28.25,1,100,2163200,"B"
"PC1","13:43:42",28.3,1.05,2200,2163100,"S"
"PC1","13:43:31",28.25,1,1000,2160900,"B"
"PC1","13:43:11",28.3,1.05,2200,2159900,"S"
"PC1","13:43:08",28.3,1.05,100,2157700,"S"
"PC1","13:42:40",28.3,1.05,1900,2157600,"S"
"PC1","13:42:40",28.25,1,300,2155700,"S"
"PC1","13:42:21",28.25,1,1000,2155400,"S"
"PC1","13:42:11",28.2,0.95,100,2154400,"B"
"PC1","13:42:10",28.25,1,2200,2154300,"S"
"PC1","13:42:06",28.2,0.95,2000,2152100,"B"
"PC1","13:41:48",28.2,0.95,1000,2150100,"B"
"PC1","13:41:39",28.3,1.05,2200,2149100,"S"
"PC1","13:41:36",28.25,1,1000,2146900,"S"
"PC1","13:41:28",28.25,1,10000,2145900,"S"
"PC1","13:41:22",28.25,1,900,2135900,"S"
"PC1","13:41:18",28.2,0.95,1400,2135000,"B"
"PC1","13:41:17",28.25,1,1000,2133600,"S"
"PC1","13:41:07",28.25,1,2200,2132600,"S"
"PC1","13:41:06",28.2,0.95,4200,2130400,"B"
"PC1","13:41:02",28.2,0.95,100,2126200,"B"
"PC1","13:40:55",28.2,0.95,3000,2126100,"B"
"PC1","13:40:46",28.2,0.95,500,2123100,"B"
"PC1","13:40:38",28.2,0.95,3000,2122600,"B"
"PC1","13:40:37",28.25,1,2200,2119600,"S"
"PC1","13:40:32",28.2,0.95,300,2117400,"B"
"PC1","13:40:30",28.2,0.95,100,2117100,"B"
"PC1","13:40:15",28.2,0.95,500,2117000,"B"
"PC1","13:40:06",28.25,1,2200,2116500,"S"
"PC1","13:40:01",28.2,0.95,100,2114300,"B"
"PC1","13:39:49",28.2,0.95,6300,2114200,"B"
"PC1","13:39:35",28.25,1,2200,2107900,"S"
"PC1","13:39:23",28.25,1,14300,2105700,"B"
"PC1","13:39:03",28.3,1.05,2200,2091400,"S"
"PC1","13:38:55",28.3,1.05,100,2089200,"S"
"PC1","13:38:47",28.3,1.05,100,2089100,"S"
"PC1","13:38:32",28.3,1.05,2200,2089000,"S"
"PC1","13:38:27",28.3,1.05,600,2086800,"B"
"PC1","13:38:23",28.3,1.05,5000,2086200,"B"
"PC1","13:38:22",28.3,1.05,1000,2081200,"B"
"PC1","13:38:18",28.3,1.05,1500,2080200,"B"
"PC1","13:38:01",28.35,1.1,2200,2078700,"S"
"PC1","13:37:59",28.3,1.05,500,2076500,"B"
"PC1","13:37:57",28.3,1.05,100,2076000,"B"
"PC1","13:37:53",28.3,1.05,200,2075900,"B"
"PC1","13:37:50",28.3,1.05,100,2075700,"B"
"PC1","13:37:42",28.3,1.05,5000,2075600,"B"
"PC1","13:37:32",28.3,1.05,1800,2070600,"B"
"PC1","13:37:30",28.4,1.15,1200,2068800,"S"
"PC1","13:37:30",28.35,1.1,1000,2067600,"S"
"PC1","13:37:17",28.35,1.1,500,2066600,"S"
"PC1","13:36:59",28.4,1.15,200,2066100,"S"
"PC1","13:36:59",28.35,1.1,2000,2065900,"S"
"PC1","13:36:46",28.4,1.15,1000,2063900,"S"
"PC1","13:36:44",28.4,1.15,3600,2062900,"S"
"PC1","13:36:44",28.35,1.1,1400,2059300,"S"
"PC1","13:36:29",28.4,1.15,2000,2057900,"S"
"PC1","13:36:28",28.35,1.1,2000,2055900,"B"
"PC1","13:36:26",28.35,1.1,300,2053900,"B"
"PC1","13:36:09",28.35,1.1,2900,2053600,"S"
"PC1","13:36:07",28.35,1.1,1500,2050700,"S"
"PC1","13:35:59",28.35,1.1,16000,2049200,"B"
"PC1","13:35:58",28.4,1.15,2200,2033200,"S"
"PC1","13:35:55",28.35,1.1,1900,2031000,"B"
"PC1","13:35:52",28.35,1.1,500,2029100,"B"
"PC1","13:35:47",28.35,1.1,100,2028600,"B"
"PC1","13:35:37",28.35,1.1,8000,2028500,"B"
"PC1","13:35:26",28.4,1.15,2200,2020500,"S"
"PC1","13:35:19",28.35,1.1,1900,2018300,"B"
"PC1","13:35:05",28.4,1.15,1000,2016400,"S"
"PC1","13:35:02",28.4,1.15,3000,2015400,"S"
"PC1","13:35:01",28.4,1.15,700,2012400,"B"
"PC1","13:34:59",28.4,1.15,100,2011700,"B"
"PC1","13:34:55",28.4,1.15,300,2011600,"B"
"PC1","13:34:55",28.45,1.2,2200,2011300,"S"
"PC1","13:34:52",28.4,1.15,200,2009100,"B"
"PC1","13:34:51",28.4,1.15,1000,2008900,"B"
"PC1","13:34:47",28.4,1.15,2000,2007900,"B"
"PC1","13:34:42",28.4,1.15,5000,2005900,"B"
"PC1","13:34:39",28.4,1.15,2000,2000900,"B"
"PC1","13:34:35",28.4,1.15,100,1998900,"B"
"PC1","13:34:24",28.45,1.2,2200,1998800,"S"
"PC1","13:34:20",28.4,1.15,1500,1996600,"B"
"PC1","13:34:17",28.4,1.15,600,1995100,"B"
"PC1","13:34:06",28.4,1.15,500,1994500,"B"
"PC1","13:33:53",28.45,1.2,2200,1994000,"S"
"PC1","13:33:50",28.4,1.15,200,1991800,"B"
"PC1","13:33:46",28.4,1.15,1000,1991600,"B"
"PC1","13:33:42",28.4,1.15,100,1990600,"B"
"PC1","13:33:37",28.4,1.15,100,1990500,"B"
"PC1","13:33:30",28.35,1.1,200,1990400,"B"
"PC1","13:33:30",28.4,1.15,200,1990200,"B"
"PC1","13:33:22",28.45,1.2,200,1990000,"S"
"PC1","13:33:22",28.4,1.15,2000,1989800,"S"
"PC1","13:33:13",28.45,1.2,800,1987800,"S"
"PC1","13:33:13",28.4,1.15,4200,1987000,"S"
"PC1","13:33:12",28.4,1.15,800,1982800,"S"
"PC1","13:33:10",28.4,1.15,300,1982000,"S"
"PC1","13:33:01",28.4,1.15,200,1981700,"B"
"PC1","13:32:52",28.45,1.2,1300,1981500,"S"
"PC1","13:32:52",28.4,1.15,1200,1980200,"S"
"PC1","13:32:45",28.4,1.15,100,1979000,"S"
"PC1","13:32:43",28.4,1.15,4000,1978900,"S"
"PC1","13:32:24",28.4,1.15,500,1974900,"B"
"PC1","13:32:20",28.45,1.2,2200,1974400,"S"
"PC1","13:32:06",28.35,1.1,200,1972200,"B"
"PC1","13:31:51",28.45,1.2,1000,1972000,"S"
"PC1","13:31:49",28.45,1.2,1500,1971000,"S"
"PC1","13:31:49",28.4,1.15,700,1969500,"S"
"PC1","13:31:46",28.35,1.1,3000,1968800,"B"
"PC1","13:31:34",28.35,1.1,300,1965800,"B"
"PC1","13:31:19",28.45,1.2,6100,1965500,"S"
"PC1","13:31:19",28.4,1.15,10000,1959400,"S"
"PC1","13:31:19",28.35,1.1,3900,1949400,"S"
"PC1","13:31:07",28.35,1.1,10900,1943300,"B"
"PC1","13:30:52",28.4,1.15,5000,1932400,"S"
"PC1","13:30:47",28.4,1.15,2200,1927400,"S"
"PC1","13:30:40",28.4,1.15,3000,1925200,"S"
"PC1","13:30:34",28.4,1.15,500,1922200,"B"
"PC1","13:30:29",28.4,1.15,1200,1921700,"S"
"PC1","13:30:22",28.4,1.15,2000,1920500,"S"
"PC1","13:30:18",28.4,1.15,1000,1918500,"S"
"PC1","13:30:16",28.4,1.15,3200,1917500,"S"
"PC1","13:30:07",28.4,1.15,3800,1914300,"B"
"PC1","13:30:01",28.4,1.15,500,1910500,"B"
"PC1","13:29:59",28.4,1.15,1000,1910000,"B"
"PC1","13:29:55",28.45,1.2,5000,1909000,"S"
"PC1","13:29:55",28.4,1.15,14100,1904000,"S"
"PC1","13:29:55",28.35,1.1,500,1889900,"S"
"PC1","13:29:53",28.35,1.1,100,1889400,"B"
"PC1","13:29:45",28.4,1.15,500,1889300,"S"
"PC1","13:29:45",28.35,1.1,2100,1888800,"S"
"PC1","13:29:42",28.35,1.1,2000,1886700,"S"
"PC1","13:29:40",28.35,1.1,800,1884700,"S"
"PC1","13:29:39",28.35,1.1,200,1883900,"S"
"PC1","13:29:34",28.35,1.1,1000,1883700,"S"
"PC1","13:29:30",28.35,1.1,3900,1882700,"B"
"PC1","13:29:25",28.45,1.2,5500,1878800,"S"
"PC1","13:29:25",28.4,1.15,2500,1873300,"S"
"PC1","13:29:21",28.35,1.1,1700,1870800,"B"
"PC1","13:29:15",28.45,1.2,700,1869100,"S"
"PC1","13:29:15",28.4,1.15,1500,1868400,"S"
"PC1","13:29:13",28.4,1.15,100,1866900,"S"
"PC1","13:29:13",28.35,1.1,300,1866800,"B"
"PC1","13:29:10",28.4,1.15,6000,1866500,"S"
"PC1","13:29:10",28.4,1.15,3000,1860500,"S"
"PC1","13:29:09",28.35,1.1,1000,1857500,"B"
"PC1","13:29:08",28.35,1.1,2000,1856500,"B"
"PC1","13:29:03",28.4,1.15,14000,1854500,"S"
"PC1","13:28:56",28.35,1.1,10000,1840500,"B"
"PC1","13:28:47",28.4,1.15,3800,1830500,"S"
"PC1","13:28:44",28.4,1.15,2200,1826700,"S"
"PC1","13:28:39",28.35,1.1,4500,1824500,"S"
"PC1","13:28:36",28.35,1.1,700,1820000,"S"
"PC1","13:28:35",28.35,1.1,600,1819300,"S"
"PC1","13:28:29",28.35,1.1,2000,1818700,"S"
"PC1","13:28:26",28.35,1.1,500,1816700,"S"
"PC1","13:28:21",28.35,1.1,400,1816200,"S"
"PC1","13:28:19",28.35,1.1,1500,1815800,"B"
"PC1","13:28:14",28.35,1.1,500,1814300,"S"
"PC1","13:28:13",28.35,1.1,2200,1813800,"S"
"PC1","13:28:09",28.3,1.05,200,1811600,"B"
"PC1","13:28:02",28.3,1.05,400,1811400,"B"
"PC1","13:27:54",28.35,1.1,500,1811000,"S"
"PC1","13:27:49",28.3,1.05,200,1810500,"B"
"PC1","13:27:47",28.3,1.05,100,1810300,"B"
"PC1","13:27:42",28.3,1.05,100,1810200,"B"
"PC1","13:27:42",28.4,1.15,100,1810100,"S"
"PC1","13:27:41",28.4,1.15,1500,1810000,"S"
"PC1","13:27:41",28.35,1.1,600,1808500,"S"
"PC1","13:27:41",28.3,1.05,200,1807900,"B"
"PC1","13:27:38",28.35,1.1,16300,1807700,"S"
"PC1","13:27:38",28.3,1.05,12500,1791400,"S"
"PC1","13:27:35",28.3,1.05,4800,1778900,"S"
"PC1","13:27:33",28.3,1.05,3000,1774100,"S"
"PC1","13:27:31",28.25,1,2800,1771100,"B"
"PC1","13:27:29",28.3,1.05,4400,1768300,"S"
"PC1","13:27:27",28.3,1.05,3200,1763900,"S"
"PC1","13:27:26",28.3,1.05,16800,1760700,"S"
"PC1","13:27:23",28.3,1.05,100,1743900,"S"
"PC1","13:27:14",28.3,1.05,3000,1743800,"S"
"PC1","13:27:11",28.3,1.05,2200,1740800,"S"
"PC1","13:27:09",28.25,1,8500,1738600,"S"
"PC1","13:27:07",28.25,1,2000,1730100,"S"
"PC1","13:27:02",28.2,0.95,500,1728100,"B"
"PC1","13:27:02",28.25,1,200,1727600,"S"
"PC1","13:26:54",28.25,1,1000,1727400,"S"
"PC1","13:26:42",28.2,0.95,300,1726400,"B"
"PC1","13:26:40",28.25,1,2200,1726100,"S"
"PC1","13:26:38",28.2,0.95,3700,1723900,"S"
"PC1","13:26:37",28.2,0.95,2000,1720200,"S"
"PC1","13:26:36",28.2,0.95,2000,1718200,"S"
"PC1","13:26:35",28.2,0.95,100,1716200,"S"
"PC1","13:26:35",28.2,0.95,2100,1716100,"S"
"PC1","13:26:34",28.2,0.95,3000,1714000,"S"
"PC1","13:26:32",28.2,0.95,500,1711000,"S"
"PC1","13:26:28",28.2,0.95,2000,1710500,"S"
"PC1","13:26:27",28.2,0.95,2900,1708500,"S"
"PC1","13:26:26",28.2,0.95,2100,1705600,"S"
"PC1","13:26:24",28.2,0.95,5000,1703500,"S"
"PC1","13:26:21",28.2,0.95,2000,1698500,"S"
"PC1","13:26:18",28.2,0.95,20000,1696500,"S"
"PC1","13:26:17",28.2,0.95,1100,1676500,"S"
"PC1","13:26:14",28.2,0.95,1000,1675400,"S"
"PC1","13:26:11",28.2,0.95,1000,1674400,"S"
"PC1","13:26:09",28.2,0.95,2200,1673400,"S"
"PC1","13:26:08",28.2,0.95,100,1671200,"S"
"PC1","13:26:06",28.2,0.95,100,1671100,"S"
"PC1","13:26:04",28.2,0.95,1200,1671000,"S"
"PC1","13:26:03",28.2,0.95,8000,1669800,"S"
"PC1","13:26:01",28.2,0.95,1000,1661800,"S"
"PC1","13:25:57",28.2,0.95,1000,1660800,"S"
"PC1","13:25:56",28.15,0.9,800,1659800,"B"
"PC1","13:25:52",28.15,0.9,1500,1659000,"B"
"PC1","13:25:51",28.15,0.9,400,1657500,"B"
"PC1","13:25:48",28.2,0.95,200,1657100,"S"
"PC1","13:25:45",28.2,0.95,1000,1656900,"S"
"PC1","13:25:45",28.15,0.9,3800,1655900,"S"
"PC1","13:25:38",28.15,0.9,1100,1652100,"S"
"PC1","13:25:38",28.1,0.85,1100,1651000,"S"
"PC1","13:25:38",28.1,0.85,10000,1649900,"S"
"PC1","13:25:37",28.1,0.85,200,1639900,"S"
"PC1","13:25:36",28.1,0.85,1100,1639700,"S"
"PC1","13:25:33",28.1,0.85,2000,1638600,"S"
"PC1","13:25:32",28.1,0.85,1000,1636600,"S"
"PC1","13:25:32",28.1,0.85,400,1635600,"S"
"PC1","13:25:31",28.1,0.85,1000,1635200,"S"
"PC1","13:25:29",28.1,0.85,2000,1634200,"S"
"PC1","13:25:25",28.1,0.85,1500,1603700,"S"
"PC1","13:25:21",28.05,0.8,1000,1602200,"B"
"PC1","13:25:21",28.1,0.85,2000,1601200,"S"
"PC1","13:25:20",28.1,0.85,100,1599200,"S"
"PC1","13:25:20",28.05,0.8,500,1599100,"B"
"PC1","13:25:14",28.05,0.8,3900,1598600,"S"
"PC1","13:25:12",28.05,0.8,100,1594700,"S"
"PC1","13:25:12",28,0.75,2000,1594600,"B"
"PC1","13:25:09",28.05,0.8,5000,1592600,"S"
"PC1","13:25:09",28,0.75,100,1587600,"B"
"PC1","13:25:07",28.05,0.8,2200,1587500,"S"
"PC1","13:25:04",28,0.75,3400,1585300,"S"
"PC1","13:25:03",28,0.75,22200,1581900,"S"
"PC1","13:25:03",28,0.75,100,1559700,"S"
"PC1","13:25:01",28,0.75,30000,1558100,"S"
"PC1","13:25:00",28,0.75,2000,1528100,"S"
"PC1","13:24:58",28,0.75,5000,1526100,"S"
"PC1","13:24:57",28,0.75,500,1521100,"S"
"PC1","13:24:55",28,0.75,10500,1520600,"S"
"PC1","13:24:53",28,0.75,5000,1510100,"S"
"PC1","13:24:51",28,0.75,70200,1505100,"S"
"PC1","13:24:45",28,0.75,20000,1434900,"S"
"PC1","13:24:44",28,0.75,100,1414900,"S"
"PC1","13:24:39",28,0.75,200,1414800,"S"
"PC1","13:24:36",28,0.75,2200,1414600,"S"
"PC1","13:24:23",28,0.75,30000,1412400,"S"
"PC1","13:24:05",28,0.75,2200,1382400,"S"
"PC1","13:23:48",27.95,0.7,500,1380200,"B"
"PC1","13:23:34",28,0.75,1700,1379700,"S"
"PC1","13:23:30",27.95,0.7,100,1378000,"B"
"PC1","13:23:22",28,0.75,300,1377900,"S"
"PC1","13:23:13",28,0.75,1300,1377600,"S"
"PC1","13:22:55",28,0.75,2000,1376300,"S"
"PC1","13:22:41",27.95,0.7,3000,1374300,"B"
"PC1","13:22:17",28,0.75,100,1371300,"S"
"PC1","13:22:10",28,0.75,100,1371200,"S"
"PC1","13:22:06",27.95,0.7,3000,1371100,"B"
"PC1","13:22:04",28,0.75,900,1368100,"S"
"PC1","13:21:12",28,0.75,600,1367200,"S"
"PC1","13:21:10",27.95,0.7,500,1366600,"B"
"PC1","13:20:57",27.95,0.7,200,1366100,"B"
"PC1","13:20:39",27.95,0.7,500,1365900,"B"
"PC1","13:20:33",28,0.75,100,1365400,"S"
"PC1","13:20:27",28,0.75,11400,1365300,"S"
"PC1","13:20:20",27.95,0.7,100,1345300,"S"
"PC1","13:18:52",27.95,0.7,100,1345200,"S"
"PC1","13:18:47",27.9,0.65,1000,1345100,"B"
"PC1","13:18:30",27.9,0.65,100,1344100,"B"
"PC1","13:18:28",27.95,0.7,100,1344000,"S"
"PC1","13:18:01",27.9,0.65,200,1343900,"B"
"PC1","13:17:52",27.9,0.65,1000,1343700,"B"
"PC1","13:17:48",27.9,0.65,800,1342700,"B"
"PC1","13:17:40",27.9,0.65,3200,1341900,"B"
"PC1","13:17:31",27.9,0.65,200,1338700,"B"
"PC1","13:17:28",27.9,0.65,1000,1338500,"B"
"PC1","13:17:27",27.9,0.65,4000,1337500,"B"
"PC1","13:17:18",27.9,0.65,200,1333500,"B"
"PC1","13:17:09",27.9,0.65,100,1333300,"B"
"PC1","13:17:07",27.9,0.65,1600,1333200,"S"
"PC1","13:17:07",27.9,0.65,300,1331600,"S"
"PC1","13:16:55",27.9,0.65,3600,1331300,"S"
"PC1","13:16:54",27.9,0.65,400,1327700,"S"
"PC1","13:16:44",27.9,0.65,200,1327300,"S"
"PC1","13:16:37",27.9,0.65,4000,1327100,"S"
"PC1","13:16:36",27.9,0.65,2100,1323100,"S"
"PC1","13:16:13",27.9,0.65,7800,1321000,"B"
"PC1","13:16:05",27.95,0.7,4000,1313200,"S"
"PC1","13:15:43",27.9,0.65,500,1309200,"B"
"PC1","13:14:29",27.95,0.7,100,1308700,"B"
"PC1","13:14:23",27.95,0.7,300,1308600,"B"
"PC1","13:14:14",27.95,0.7,1500,1308300,"B"
"PC1","13:14:12",28,0.75,1300,1306800,"S"
"PC1","13:14:05",28,0.75,1800,1304500,"S"
"PC1","13:14:05",27.95,0.7,1000,1302700,"B"
"PC1","13:14:01",27.95,0.7,1000,1301700,"B"
"PC1","13:13:54",27.95,0.7,200,1300700,"B"
"PC1","13:13:51",27.95,0.7,8000,1300500,"B"
"PC1","13:12:45",27.95,0.7,100,1292500,"S"
"PC1","13:12:33",27.95,0.7,500,1292400,"B"
"PC1","13:12:29",27.95,0.7,1000,1291900,"B"
"PC1","13:12:26",27.95,0.7,300,1290900,"B"
"PC1","13:12:24",27.95,0.7,1000,1290600,"B"
"PC1","13:12:15",27.95,0.7,100,1289600,"S"
"PC1","13:12:09",27.9,0.65,1000,1289500,"B"
"PC1","13:12:09",27.95,0.7,500,1288500,"S"
"PC1","13:12:08",27.95,0.7,500,1288000,"S"
"PC1","13:12:04",27.95,0.7,100,1287500,"S"
"PC1","13:12:02",27.95,0.7,200,1287400,"S"
"PC1","13:12:02",27.95,0.7,200,1287200,"S"
"PC1","13:11:53",27.95,0.7,600,1287000,"S"
"PC1","13:11:51",27.95,0.7,20000,1286400,"S"
"PC1","13:11:47",27.95,0.7,15000,1266400,"S"
"PC1","13:11:38",27.95,0.7,100,1251400,"S"
"PC1","13:11:33",27.9,0.65,500,1251300,"B"
"PC1","13:11:31",27.9,0.65,400,1250800,"S"
"PC1","13:11:30",27.9,0.65,100,1250400,"B"
"PC1","13:11:28",27.9,0.65,200,1250300,"S"
"PC1","13:11:27",27.9,0.65,1500,1250100,"S"
"PC1","13:11:26",27.9,0.65,2000,1248600,"S"
"PC1","13:11:20",27.9,0.65,1800,1246600,"S"
"PC1","13:11:19",27.9,0.65,2000,1244800,"S"
"PC1","13:11:19",27.9,0.65,1600,1242800,"S"
"PC1","13:11:11",27.9,0.65,30000,1241200,"S"
"PC1","13:11:10",27.9,0.65,500,1211200,"S"
"PC1","13:11:05",27.9,0.65,7000,1210700,"S"
"PC1","13:11:04",27.9,0.65,100,1203700,"S"
"PC1","13:11:00",27.9,0.65,2000,1203600,"S"
"PC1","13:10:55",27.9,0.65,100,1201600,"S"
"PC1","13:10:39",27.9,0.65,10000,1201500,"S"
"PC1","13:10:30",27.9,0.65,1900,1191500,"S"
"PC1","13:10:15",27.9,0.65,10000,1189600,"S"
"PC1","13:09:57",27.9,0.65,1900,1179600,"S"
"PC1","13:09:38",27.9,0.65,100,1177700,"S"
"PC1","13:09:27",27.9,0.65,1900,1177600,"S"
"PC1","13:09:23",27.85,0.6,1000,1175700,"B"
"PC1","13:09:06",27.85,0.6,500,1174700,"B"
"PC1","13:08:56",27.9,0.65,1900,1174200,"S"
"PC1","13:08:55",27.9,0.65,2000,1172300,"S"
"PC1","13:08:38",27.85,0.6,2000,1170300,"S"
"PC1","13:08:37",27.8,0.55,2000,1168300,"B"
"PC1","13:08:25",27.9,0.65,1900,1166300,"S"
"PC1","13:08:25",27.8,0.55,5100,1164400,"B"
"PC1","13:08:25",27.85,0.6,4900,1159300,"B"
"PC1","13:08:19",27.85,0.6,5100,1154400,"S"
"PC1","13:08:18",27.85,0.6,5000,1149300,"S"
"PC1","13:08:17",27.85,0.6,1000,1144300,"S"
"PC1","13:08:11",27.85,0.6,2500,1143300,"S"
"PC1","13:08:08",27.85,0.6,2000,1140800,"S"
"PC1","13:08:01",27.85,0.6,1900,1138800,"S"
"PC1","13:08:00",27.85,0.6,3900,1136900,"S"
"PC1","13:08:00",27.85,0.6,2000,1133000,"S"
"PC1","13:07:56",27.85,0.6,3000,1131000,"S"
"PC1","13:07:54",27.85,0.6,4900,1128000,"S"
"PC1","13:07:52",27.85,0.6,10000,1123100,"S"
"PC1","13:07:23",27.85,0.6,1900,1113100,"S"
"PC1","13:07:02",27.8,0.55,30900,1111200,"S"
"PC1","13:06:51",27.8,0.55,2000,1080300,"S"
"PC1","13:06:16",27.8,0.55,10000,1078300,"S"
"PC1","13:05:11",27.8,0.55,400,1068300,"S"
"PC1","13:04:20",27.75,0.5,500,1067900,"B"
"PC1","13:02:56",27.8,0.55,1900,1067400,"S"
"PC1","13:02:01",27.8,0.55,100,1065500,"S"
"PC1","13:00:15",27.8,0.55,200,1065400,"S"
"PC1","13:00:13",27.8,0.55,100,1065200,"S"
"PC1","13:00:02",27.8,0.55,2000,1065100,"S"
"PC1","13:00:02",27.75,0.5,2000,1063100,"B"
"PC1","13:00:00",27.8,0.55,1000,1061100,"S"
"PC1","11:29:30",27.8,0.55,2800,1060100,"S"
"PC1","11:29:15",27.8,0.55,1000,1057300,"S"
"PC1","11:28:47",27.75,0.5,100,1056300,"B"
"PC1","11:28:09",27.8,0.55,3300,1056200,"S"
"PC1","11:27:37",27.75,0.5,100,1052900,"B"
"PC1","11:27:36",27.75,0.5,500,1052800,"B"
"PC1","11:27:35",27.8,0.55,3300,1052300,"S"
"PC1","11:27:11",27.75,0.5,10000,1049000,"B"
"PC1","11:27:04",27.8,0.55,3300,1039000,"S"
"PC1","11:27:01",27.8,0.55,100,1035700,"S"
"PC1","11:26:57",27.8,0.55,500,1035600,"S"
"PC1","11:26:46",27.8,0.55,4000,1035100,"S"
"PC1","11:26:32",27.8,0.55,3300,1031100,"S"
"PC1","11:26:20",27.8,0.55,500,1027800,"S"
"PC1","11:26:01",27.8,0.55,3200,1027300,"S"
"PC1","11:25:36",27.8,0.55,1000,1024100,"S"
"PC1","11:25:30",27.8,0.55,3200,1023100,"S"
"PC1","11:24:59",27.8,0.55,2800,1019900,"S"
"PC1","11:24:46",27.75,0.5,100,1017100,"B"
"PC1","11:24:45",27.8,0.55,1000,1017000,"S"
"PC1","11:24:27",27.8,0.55,2800,1016000,"S"
"PC1","11:24:17",27.75,0.5,100,1013200,"B"
"PC1","11:23:56",27.8,0.55,2800,1013100,"S"
"PC1","11:23:25",27.75,0.5,200,1010300,"B"
"PC1","11:23:25",27.8,0.55,2800,1010100,"S"
"PC1","11:23:03",27.75,0.5,500,1007300,"B"
"PC1","11:22:55",27.8,0.55,2800,1006800,"S"
"PC1","11:22:36",27.75,0.5,200,1004000,"B"
"PC1","11:22:26",27.8,0.55,800,1003800,"S"
"PC1","11:22:22",27.8,0.55,2800,1003000,"S"
"PC1","11:22:00",27.8,0.55,3200,1000200,"B"
"PC1","11:21:51",27.85,0.6,2800,997000,"S"
"PC1","11:21:33",27.8,0.55,100,994200,"B"
"PC1","11:21:23",27.8,0.55,2100,994100,"S"
"PC1","11:21:22",27.8,0.55,3000,992000,"S"
"PC1","11:21:20",27.8,0.55,2800,989000,"S"
"PC1","11:21:19",27.8,0.55,1000,986200,"S"
"PC1","11:21:11",27.8,0.55,3000,985200,"S"
"PC1","11:21:03",27.8,0.55,5000,982200,"S"
"PC1","11:21:01",27.8,0.55,3000,977200,"S"
"PC1","11:21:00",27.8,0.55,5000,974200,"S"
"PC1","11:20:55",27.8,0.55,5000,969200,"S"
"PC1","11:20:49",27.8,0.55,7800,964200,"S"
"PC1","11:20:18",27.8,0.55,2800,956400,"S"
"PC1","11:20:17",27.8,0.55,1000,953600,"S"
"PC1","11:20:14",27.75,0.5,300,952600,"B"
"PC1","11:19:48",27.8,0.55,900,952300,"S"
"PC1","11:19:48",27.8,0.55,1900,951400,"S"
"PC1","11:19:16",27.8,0.55,2800,949500,"S"
"PC1","11:19:03",27.75,0.5,2000,946700,"B"
"PC1","11:18:45",27.8,0.55,1000,944700,"S"
"PC1","11:18:45",27.75,0.5,1700,943700,"S"
"PC1","11:18:34",27.75,0.5,2000,942000,"S"
"PC1","11:18:26",27.75,0.5,6300,940000,"B"
"PC1","11:18:14",27.8,0.55,2700,933700,"S"
"PC1","11:17:43",27.8,0.55,2700,931000,"S"
"PC1","11:17:20",27.75,0.5,3900,928300,"S"
"PC1","11:17:11",27.75,0.5,2700,924400,"S"
"PC1","11:17:06",27.75,0.5,300,921700,"S"
"PC1","11:16:54",27.75,0.5,3000,921400,"S"
"PC1","11:16:44",27.75,0.5,2000,918400,"S"
"PC1","11:16:40",27.75,0.5,2700,916400,"S"
"PC1","11:16:31",27.75,0.5,100,913700,"S"
"PC1","11:16:09",27.75,0.5,2700,913600,"S"
"PC1","11:15:51",27.75,0.5,100,910900,"S"
"PC1","11:15:38",27.75,0.5,2700,910800,"S"
"PC1","11:15:07",27.75,0.5,2700,908100,"S"
"PC1","11:14:36",27.75,0.5,2700,905400,"S"
"PC1","11:14:05",27.75,0.5,2700,902700,"S"
"PC1","11:13:47",27.75,0.5,100,900000,"S"
"PC1","11:13:41",27.75,0.5,5000,899900,"S"
"PC1","11:13:34",27.75,0.5,2700,894900,"S"
"PC1","11:13:30",27.7,0.45,100,892200,"B"
"PC1","11:13:05",27.7,0.45,400,892100,"B"
"PC1","11:13:02",27.75,0.5,2700,891700,"S"
"PC1","11:12:31",27.75,0.5,2700,889000,"S"
"PC1","11:12:00",27.65,0.4,500,886300,"B"
"PC1","11:11:29",27.75,0.5,2600,883100,"S"
"PC1","11:10:58",27.75,0.5,2600,880500,"S"
"PC1","11:10:27",27.75,0.5,1700,877900,"S"
"PC1","11:10:27",27.7,0.45,900,876200,"S"
"PC1","11:10:01",27.65,0.4,300,875300,"B"
"PC1","11:10:01",27.7,0.45,200,875000,"B"
"PC1","11:09:55",27.75,0.5,2400,874800,"S"
"PC1","11:09:55",27.7,0.45,200,872400,"S"
"PC1","11:09:24",27.75,0.5,2600,872200,"S"
"PC1","11:08:53",27.75,0.5,500,869600,"S"
"PC1","11:08:53",27.7,0.45,2100,869100,"S"
"PC1","11:08:48",27.7,0.45,500,867000,"B"
"PC1","11:08:47",27.7,0.45,1400,866500,"B"
"PC1","11:08:35",27.7,0.45,500,865100,"B"
"PC1","11:08:28",27.7,0.45,100,864600,"B"
"PC1","11:08:21",27.75,0.5,2600,864500,"S"
"PC1","11:07:51",27.75,0.5,2600,861900,"S"
"PC1","11:07:19",27.75,0.5,2600,859300,"S"
"PC1","11:06:48",27.75,0.5,2200,856700,"S"
"PC1","11:06:48",27.7,0.45,400,854500,"S"
"PC1","11:06:32",27.7,0.45,5000,854100,"S"
"PC1","11:06:17",27.7,0.45,2600,849100,"S"
"PC1","11:05:46",27.7,0.45,2600,846500,"S"
"PC1","11:05:16",27.7,0.45,2600,843900,"S"
"PC1","11:04:44",27.7,0.45,2600,841300,"S"
"PC1","11:04:13",27.7,0.45,2600,838700,"S"
"PC1","11:03:50",27.65,0.4,300,836100,"B"
"PC1","11:03:48",27.7,0.45,9600,835800,"B"
"PC1","11:03:42",27.75,0.5,2600,826200,"S"
"PC1","11:03:11",27.75,0.5,2600,823600,"S"
"PC1","11:02:40",27.75,0.5,2600,821000,"S"
"PC1","11:02:10",27.75,0.5,2600,818400,"S"
"PC1","11:01:52",27.75,0.5,1000,815800,"S"
"PC1","11:01:51",27.7,0.45,30000,814800,"B"
"PC1","11:01:45",27.75,0.5,500,784800,"S"
"PC1","11:01:38",27.75,0.5,2600,784300,"S"
"PC1","11:01:27",27.75,0.5,1000,781700,"S"
"PC1","11:01:07",27.75,0.5,2600,780700,"S"
"PC1","11:00:59",27.75,0.5,700,778100,"S"
"PC1","11:00:42",27.75,0.5,1000,777400,"S"
"PC1","11:00:36",27.75,0.5,2600,776400,"S"
"PC1","11:00:05",27.75,0.5,2600,773800,"S"
"PC1","10:59:48",27.7,0.45,6400,771200,"B"
"PC1","10:59:34",27.75,0.5,2600,764800,"S"
"PC1","10:59:04",27.75,0.5,2600,762200,"S"
"PC1","10:59:02",27.75,0.5,500,759600,"S"
"PC1","10:58:35",27.75,0.5,2000,759100,"S"
"PC1","10:58:33",27.75,0.5,2600,757100,"S"
"PC1","10:58:32",27.75,0.5,500,754500,"S"
"PC1","10:58:03",27.75,0.5,2500,754000,"S"
"PC1","10:58:02",27.75,0.5,100,751500,"S"
"PC1","10:57:56",27.75,0.5,2000,751400,"S"
"PC1","10:57:31",27.75,0.5,300,749400,"S"
"PC1","10:57:31",27.7,0.45,2300,749100,"S"
"PC1","10:57:29",27.7,0.45,300,746800,"B"
"PC1","10:57:29",27.7,0.45,6900,746500,"B"
"PC1","10:57:01",27.75,0.5,2600,739600,"S"
"PC1","10:56:29",27.75,0.5,2600,737000,"S"
"PC1","10:55:59",27.75,0.5,2600,734400,"S"
"PC1","10:55:35",27.7,0.45,2000,731800,"B"
"PC1","10:55:28",27.75,0.5,2600,729800,"S"
"PC1","10:55:03",27.7,0.45,1800,727200,"B"
"PC1","10:55:00",27.75,0.5,2000,725400,"S"
"PC1","10:54:57",27.75,0.5,2600,723400,"S"
"PC1","10:54:56",27.7,0.45,300,720800,"B"
"PC1","10:54:44",27.7,0.45,200,720500,"S"
"PC1","10:54:29",27.75,0.5,500,720300,"S"
"PC1","10:54:29",27.7,0.45,10000,719800,"B"
"PC1","10:54:26",27.7,0.45,100,709800,"B"
"PC1","10:54:26",27.75,0.5,2600,709700,"S"
"PC1","10:53:55",27.75,0.5,2600,707100,"S"
"PC1","10:53:54",27.7,0.45,2500,704500,"B"
"PC1","10:53:49",27.75,0.5,200,702000,"S"
"PC1","10:53:24",27.75,0.5,2600,701800,"S"
"PC1","10:53:04",27.7,0.45,1000,699200,"B"
"PC1","10:52:58",27.75,0.5,10000,698200,"S"
"PC1","10:52:54",27.75,0.5,2500,688200,"S"
"PC1","10:52:54",27.75,0.5,100,685700,"S"
"PC1","10:52:53",27.75,0.5,1000,685600,"S"
"PC1","10:52:22",27.75,0.5,2600,684600,"S"
"PC1","10:52:15",27.7,0.45,2000,682000,"B"
"PC1","10:51:52",27.75,0.5,2600,680000,"S"
"PC1","10:51:21",27.75,0.5,2600,677400,"S"
"PC1","10:51:18",27.7,0.45,100,674800,"B"
"PC1","10:51:01",27.7,0.45,200,674700,"B"
"PC1","10:50:50",27.75,0.5,2500,674500,"S"
"PC1","10:50:43",27.7,0.45,1000,672000,"B"
"PC1","10:50:30",27.75,0.5,5000,671000,"S"
"PC1","10:50:19",27.75,0.5,2100,666000,"S"
"PC1","10:50:19",27.7,0.45,400,663900,"S"
"PC1","10:49:59",27.7,0.45,200,663500,"B"
"PC1","10:49:48",27.75,0.5,2500,663300,"S"
"PC1","10:49:33",27.7,0.45,500,660800,"B"
"PC1","10:49:17",27.75,0.5,2500,660300,"S"
"PC1","10:49:16",27.75,0.5,1000,657800,"S"
"PC1","10:49:06",27.75,0.5,2000,656800,"S"
"PC1","10:48:51",27.75,0.5,2000,654800,"S"
"PC1","10:48:46",27.75,0.5,2500,652800,"S"
"PC1","10:48:42",27.75,0.5,100,650300,"S"
"PC1","10:48:21",27.75,0.5,1000,650200,"S"
"PC1","10:48:15",27.75,0.5,2500,649200,"S"
"PC1","10:48:13",27.75,0.5,1000,646700,"S"
"PC1","10:47:45",27.75,0.5,2000,645700,"S"
"PC1","10:47:45",27.7,0.45,500,643700,"S"
"PC1","10:47:14",27.75,0.5,1000,643200,"S"
"PC1","10:47:14",27.75,0.5,2400,642200,"S"
"PC1","10:47:14",27.7,0.45,100,639800,"S"
"PC1","10:46:53",27.65,0.4,300,639700,"B"
"PC1","10:46:43",27.75,0.5,2100,639400,"S"
"PC1","10:46:43",27.7,0.45,400,637300,"S"
"PC1","10:46:13",27.7,0.45,2500,636900,"S"
"PC1","10:45:42",27.7,0.45,2500,634400,"S"
"PC1","10:45:11",27.7,0.45,2500,631900,"S"
"PC1","10:44:47",27.65,0.4,300,629400,"B"
"PC1","10:44:40",27.7,0.45,2500,629100,"S"
"PC1","10:44:30",27.65,0.4,300,626600,"B"
"PC1","10:44:09",27.7,0.45,2500,626300,"S"
"PC1","10:43:56",27.7,0.45,14600,623800,"B"
"PC1","10:43:39",27.75,0.5,2500,609200,"S"
"PC1","10:43:23",27.7,0.45,5600,606700,"S"
"PC1","10:43:21",27.7,0.45,1500,601100,"S"
"PC1","10:43:08",27.7,0.45,2500,599600,"S"
"PC1","10:42:52",27.7,0.45,500,597100,"S"
"PC1","10:42:37",27.7,0.45,2500,596600,"S"
"PC1","10:42:06",27.7,0.45,2500,594100,"S"
"PC1","10:41:52",27.65,0.4,500,591600,"B"
"PC1","10:41:50",27.7,0.45,1200,591100,"S"
"PC1","10:41:49",27.7,0.45,200,589900,"S"
"PC1","10:41:36",27.7,0.45,2500,589700,"S"
"PC1","10:41:09",27.7,0.45,1100,587200,"S"
"PC1","10:41:05",27.7,0.45,2500,586100,"S"
"PC1","10:40:57",27.7,0.45,1000,583600,"S"
"PC1","10:40:40",27.7,0.45,1000,582600,"S"
"PC1","10:40:33",27.7,0.45,2500,581600,"S"
"PC1","10:40:11",27.65,0.4,500,579100,"B"
"PC1","10:40:02",27.7,0.45,2500,578600,"S"
"PC1","10:40:01",27.65,0.4,16000,576100,"B"
"PC1","10:39:33",27.65,0.4,5000,560100,"B"
"PC1","10:39:32",27.7,0.45,2500,555100,"S"
"PC1","10:39:03",27.7,0.45,100,552600,"B"
"PC1","10:39:01",27.75,0.5,2500,552500,"S"
"PC1","10:38:30",27.75,0.5,2500,550000,"S"
"PC1","10:38:26",27.75,0.5,100,547500,"S"
"PC1","10:37:59",27.75,0.5,2100,547400,"S"
"PC1","10:37:59",27.7,0.45,400,545300,"S"
"PC1","10:37:54",27.7,0.45,600,544900,"B"
"PC1","10:37:47",27.7,0.45,100,544300,"B"
"PC1","10:35:25",27.75,0.5,100,544200,"S"
"PC1","10:34:36",27.7,0.45,100,544100,"B"
"PC1","10:33:53",27.75,0.5,100,544000,"S"
"PC1","10:32:45",27.7,0.45,400,543900,"S"
"PC1","10:32:24",27.7,0.45,100,543500,"B"
"PC1","10:32:12",27.7,0.45,700,543400,"B"
"PC1","10:30:29",27.7,0.45,100,542700,"B"
"PC1","10:29:58",27.7,0.45,1800,542600,"B"
"PC1","10:28:49",27.7,0.45,100,540800,"B"
"PC1","10:28:41",27.7,0.45,500,540700,"B"
"PC1","10:28:31",27.7,0.45,200,540200,"S"
"PC1","10:28:23",27.7,0.45,1800,540000,"B"
"PC1","10:28:13",27.7,0.45,5000,538200,"B"
"PC1","10:27:47",27.7,0.45,3000,533200,"B"
"PC1","10:27:45",27.75,0.5,2000,530200,"S"
"PC1","10:27:39",27.75,0.5,5000,528200,"S"
"PC1","10:27:14",27.7,0.45,500,523200,"B"
"PC1","10:26:58",27.7,0.45,10000,522700,"B"
"PC1","10:26:35",27.75,0.5,1000,512700,"S"
"PC1","10:26:24",27.7,0.45,13000,511700,"B"
"PC1","10:26:03",27.7,0.45,1000,498700,"B"
"PC1","10:25:58",27.7,0.45,200,497700,"B"
"PC1","10:25:43",27.7,0.45,1000,497500,"B"
"PC1","10:24:48",27.75,0.5,1000,496500,"S"
"PC1","10:23:59",27.75,0.5,5000,495500,"S"
"PC1","10:21:36",27.75,0.5,200,490500,"S"
"PC1","10:21:19",27.75,0.5,2300,490300,"B"
"PC1","10:21:16",27.75,0.5,1000,488000,"B"
"PC1","10:20:24",27.75,0.5,1000,487000,"B"
"PC1","10:20:18",27.75,0.5,11900,486000,"S"
"PC1","10:20:01",27.75,0.5,5000,474100,"S"
"PC1","10:19:57",27.7,0.45,100,469100,"B"
"PC1","10:19:48",27.7,0.45,1000,469000,"B"
"PC1","10:19:16",27.7,0.45,100,468000,"B"
"PC1","10:19:13",27.7,0.45,800,467900,"B"
"PC1","10:19:04",27.7,0.45,2000,467100,"B"
"PC1","10:19:03",27.7,0.45,1300,465100,"B"
"PC1","10:18:12",27.7,0.45,100,463800,"B"
"PC1","10:18:02",27.7,0.45,5000,463700,"B"
"PC1","10:17:49",27.7,0.45,3200,458700,"B"
"PC1","10:17:32",27.75,0.5,100,455500,"S"
"PC1","10:17:24",27.75,0.5,12300,455400,"B"
"PC1","10:17:04",27.75,0.5,1000,443100,"B"
"PC1","10:16:46",27.75,0.5,500,442100,"B"
"PC1","10:15:58",27.8,0.55,2000,441600,"S"
"PC1","10:15:31",27.8,0.55,500,439600,"B"
"PC1","10:15:09",27.8,0.55,500,439100,"B"
"PC1","10:15:03",27.8,0.55,2600,438600,"S"
"PC1","10:15:00",27.8,0.55,500,436000,"S"
"PC1","10:14:51",27.8,0.55,3000,435500,"S"
"PC1","10:14:45",27.8,0.55,2000,432500,"S"
"PC1","10:14:45",27.8,0.55,2800,430500,"B"
"PC1","10:14:43",27.8,0.55,100,427700,"B"
"PC1","10:14:42",27.8,0.55,100,427600,"B"
"PC1","10:14:38",27.8,0.55,3000,427500,"B"
"PC1","10:14:13",27.8,0.55,4000,424500,"S"
"PC1","10:14:10",27.8,0.55,200,420500,"S"
"PC1","10:13:40",27.8,0.55,2900,420300,"B"
"PC1","10:13:23",27.8,0.55,3300,417400,"S"
"PC1","10:13:11",27.75,0.5,500,414100,"B"
"PC1","10:13:02",27.8,0.55,2000,413600,"S"
"PC1","10:12:52",27.8,0.55,3500,411600,"S"
"PC1","10:12:51",27.8,0.55,2600,408100,"S"
"PC1","10:12:33",27.8,0.55,5000,405500,"S"
"PC1","10:12:23",27.8,0.55,4300,400500,"S"
"PC1","10:11:57",27.8,0.55,5100,396200,"S"
"PC1","10:11:40",27.8,0.55,10800,391100,"B"
"PC1","10:11:27",27.8,0.55,100,380300,"B"
"PC1","10:11:05",27.8,0.55,4900,380200,"S"
"PC1","10:11:04",27.75,0.5,800,375300,"B"
"PC1","10:11:04",27.75,0.5,2000,374500,"B"
"PC1","10:10:03",27.75,0.5,23100,372500,"B"
"PC1","10:10:03",27.8,0.55,6900,349400,"B"
"PC1","10:09:24",27.85,0.6,2000,342500,"S"
"PC1","10:09:22",27.85,0.6,100,340500,"S"
"PC1","10:09:06",27.85,0.6,600,340400,"B"
"PC1","10:09:03",27.85,0.6,200,339800,"S"
"PC1","10:09:02",27.85,0.6,500,339600,"S"
"PC1","10:08:55",27.85,0.6,1000,339100,"S"
"PC1","10:08:52",27.85,0.6,1200,338100,"S"
"PC1","10:08:49",27.85,0.6,100,336900,"B"
"PC1","10:08:49",27.85,0.6,900,336800,"S"
"PC1","10:08:43",27.85,0.6,100,335900,"S"
"PC1","10:08:39",27.9,0.65,5000,335800,"S"
"PC1","10:08:39",27.85,0.6,10000,330800,"S"
"PC1","10:08:30",27.85,0.6,2000,320800,"S"
"PC1","10:08:17",27.8,0.55,1000,318800,"B"
"PC1","10:08:00",27.8,0.55,20000,317800,"S"
"PC1","10:07:56",27.75,0.5,100,297800,"B"
"PC1","10:07:51",27.75,0.5,100,297700,"B"
"PC1","10:07:46",27.75,0.5,22300,297600,"S"
"PC1","10:07:46",27.7,0.45,3400,275300,"S"
"PC1","10:07:30",27.7,0.45,500,271900,"S"
"PC1","10:07:02",27.7,0.45,600,271400,"S"
"PC1","10:06:52",27.7,0.45,9200,270800,"S"
"PC1","10:06:41",27.7,0.45,9000,261600,"S"
"PC1","10:06:20",27.7,0.45,1000,252600,"S"
"PC1","10:06:13",27.65,0.4,1000,251600,"B"
"PC1","10:05:26",27.65,0.4,100,250600,"B"
"PC1","10:05:20",27.65,0.4,200,250500,"B"
"PC1","10:03:57",27.65,0.4,7000,250300,"B"
"PC1","10:02:13",27.65,0.4,1000,243300,"B"
"PC1","10:02:10",27.7,0.45,1000,242300,"S"
"PC1","10:01:47",27.7,0.45,4700,241300,"B"
"PC1","10:01:45",27.7,0.45,100,236600,"B"
"PC1","10:01:33",27.7,0.45,200,236500,"B"
"PC1","10:01:33",27.75,0.5,200,236300,"S"
"PC1","10:01:19",27.75,0.5,2000,236100,"S"
"PC1","10:01:19",27.75,0.5,100,234100,"S"
"PC1","10:01:02",27.75,0.5,1500,234000,"S"
"PC1","10:00:46",27.75,0.5,1000,232500,"S"
"PC1","10:00:43",27.75,0.5,2300,231500,"B"
"PC1","10:00:38",27.8,0.55,1000,229200,"S"
"PC1","10:00:34",27.75,0.5,1000,228200,"B"
"PC1","10:00:33",27.75,0.5,300,227200,"B"
"PC1","10:00:27",27.75,0.5,3000,226900,"B"
"PC1","10:00:20",27.8,0.55,200,223900,"S"
"PC1","10:00:05",27.8,0.55,1800,223700,"S"
"PC1","10:00:03",27.75,0.5,100,221900,"B"
"PC1","10:00:01",27.75,0.5,2000,221800,"B"
"PC1","09:59:54",27.75,0.5,200,219800,"B"
"PC1","09:59:52",27.75,0.5,1500,219600,"S"
"PC1","09:59:46",27.7,0.45,200,218100,"B"
"PC1","09:59:37",27.75,0.5,300,217900,"B"
"PC1","09:59:29",27.75,0.5,100,217600,"B"
"PC1","09:59:26",27.75,0.5,1000,217500,"B"
"PC1","09:59:21",27.75,0.5,1000,216500,"B"
"PC1","09:59:16",27.8,0.55,19700,215500,"S"
"PC1","09:59:16",27.75,0.5,7300,195800,"S"
"PC1","09:59:16",27.7,0.45,200,188500,"B"
"PC1","09:59:16",27.7,0.45,2000,188300,"B"
"PC1","09:59:14",27.75,0.5,2500,186300,"S"
"PC1","09:59:03",27.7,0.45,1000,183800,"B"
"PC1","09:59:00",27.75,0.5,100,182800,"S"
"PC1","09:58:57",27.75,0.5,2500,182700,"S"
"PC1","09:58:40",27.75,0.5,200,180200,"S"
"PC1","09:58:40",27.75,0.5,300,180000,"B"
"PC1","09:58:32",27.75,0.5,3600,179700,"S"
"PC1","09:58:25",27.75,0.5,600,176100,"S"
"PC1","09:58:21",27.7,0.45,100,175500,"B"
"PC1","09:58:19",27.7,0.45,1000,175400,"B"
"PC1","09:58:14",27.7,0.45,500,174400,"B"
"PC1","09:58:05",27.7,0.45,2000,173900,"B"
"PC1","09:58:03",27.7,0.45,1000,171900,"B"
"PC1","09:58:02",27.7,0.45,100,170900,"B"
"PC1","09:57:56",27.7,0.45,500,170800,"B"
"PC1","09:57:55",27.7,0.45,19900,170300,"S"
"PC1","09:57:50",27.6,0.35,2100,150400,"S"
"PC1","09:57:49",27.6,0.35,300,148300,"S"
"PC1","09:57:46",27.55,0.3,100,148000,"B"
"PC1","09:57:45",27.6,0.35,100,147900,"S"
"PC1","09:57:30",27.6,0.35,500,147800,"S"
"PC1","09:57:27",27.6,0.35,2000,147300,"S"
"PC1","09:57:25",27.6,0.35,300,145300,"S"
"PC1","09:57:22",27.6,0.35,1000,145000,"S"
"PC1","09:57:20",27.6,0.35,2100,144000,"S"
"PC1","09:57:18",27.6,0.35,300,141900,"S"
"PC1","09:57:12",27.6,0.35,3300,141600,"S"
"PC1","09:57:07",27.6,0.35,300,138300,"S"
"PC1","09:57:01",27.6,0.35,5000,138000,"S"
"PC1","09:56:55",27.6,0.35,1000,133000,"S"
"PC1","09:56:36",27.6,0.35,3000,132000,"S"
"PC1","09:56:34",27.55,0.3,1000,129000,"B"
"PC1","09:56:20",27.55,0.3,1000,128000,"B"
"PC1","09:55:44",27.55,0.3,100,127000,"B"
"PC1","09:55:26",27.55,0.3,4000,126900,"S"
"PC1","09:54:54",27.55,0.3,200,122900,"S"
"PC1","09:54:52",27.5,0.25,100,122700,"B"
"PC1","09:54:25",27.5,0.25,1000,122600,"B"
"PC1","09:54:14",27.55,0.3,1500,121600,"S"
"PC1","09:54:09",27.55,0.3,2000,120100,"S"
"PC1","09:53:51",27.55,0.3,100,118100,"S"
"PC1","09:53:34",27.55,0.3,100,118000,"S"
"PC1","09:53:22",27.55,0.3,600,117900,"S"
"PC1","09:53:09",27.5,0.25,600,117300,"S"
"PC1","09:53:02",27.5,0.25,200,116700,"S"
"PC1","09:53:01",27.5,0.25,1000,116500,"S"
"PC1","09:52:49",27.5,0.25,1100,115500,"S"
"PC1","09:52:45",27.5,0.25,500,114400,"S"
"PC1","09:52:44",27.5,0.25,2500,113900,"S"
"PC1","09:52:40",27.45,0.2,1000,111400,"B"
"PC1","09:52:39",27.5,0.25,1800,110400,"S"
"PC1","09:52:35",27.5,0.25,500,108600,"S"
"PC1","09:52:28",27.5,0.25,10000,108100,"S"
"PC1","09:52:15",27.5,0.25,1100,98100,"S"
"PC1","09:51:41",27.45,0.2,2000,97000,"S"
"PC1","09:51:38",27.45,0.2,1000,95000,"S"
"PC1","09:51:21",27.45,0.2,2000,94000,"S"
"PC1","09:51:01",27.45,0.2,2000,92000,"S"
"PC1","09:50:32",27.45,0.2,1000,90000,"S"
"PC1","09:50:15",27.45,0.2,500,89000,"S"
"PC1","09:50:10",27.4,0.15,500,88500,"B"
"PC1","09:50:06",27.4,0.15,8700,88000,"S"
"PC1","09:49:54",27.4,0.15,600,79300,"B"
"PC1","09:49:47",27.4,0.15,400,78700,"S"
"PC1","09:49:37",27.4,0.15,10000,78300,"S"
"PC1","09:49:19",27.4,0.15,500,68300,"S"
"PC1","09:48:34",27.35,0.1,100,67800,"B"
"PC1","09:48:28",27.35,0.1,100,67700,"B"
"PC1","09:47:53",27.35,0.1,5000,67600,"B"
"PC1","09:45:20",27.35,0.1,1000,62600,"B"
"PC1","09:44:55",27.4,0.15,1000,61600,"S"
"PC1","09:44:23",27.35,0.1,1000,60600,"B"
"PC1","09:44:11",27.35,0.1,700,59600,"B"
"PC1","09:43:55",27.4,0.15,500,58900,"S"
"PC1","09:41:50",27.4,0.15,1000,58400,"S"
"PC1","09:40:38",27.4,0.15,2000,57400,"S"
"PC1","09:40:16",27.4,0.15,100,55400,"S"
"PC1","09:40:11",27.35,0.1,1000,55300,"B"
"PC1","09:38:28",27.4,0.15,700,54300,"S"
"PC1","09:36:55",27.4,0.15,9900,53600,"S"
"PC1","09:34:25",27.4,0.15,700,43700,"S"
"PC1","09:34:22",27.4,0.15,2000,43000,"S"
"PC1","09:34:14",27.4,0.15,3000,41000,"S"
"PC1","09:33:49",27.35,0.1,100,38000,"B"
"PC1","09:32:23",27.35,0.1,4200,37900,"S"
"PC1","09:32:18",27.35,0.1,1000,33700,"S"
"PC1","09:32:06",27.35,0.1,500,32700,"S"
"PC1","09:31:42",27.35,0.1,100,32200,"S"
"PC1","09:31:25",27.35,0.1,200,32100,"S"
"PC1","09:30:52",27.35,0.1,1100,31900,"S"
"PC1","09:29:32",27.35,0.1,500,30800,"S"
"PC1","09:29:27",27.35,0.1,500,30300,"S"
"PC1","09:26:37",27.35,0.1,700,29800,"S"
"PC1","09:26:04",27.35,0.1,500,29100,"S"
"PC1","09:24:53",27.35,0.1,800,28600,"S"
"PC1","09:24:45",27.35,0.1,1000,27800,"S"
"PC1","09:24:28",27.35,0.1,4500,26800,"B"
"PC1","09:23:30",27.4,0.15,1000,22300,"S"
"PC1","09:22:36",27.4,0.15,3400,21300,"B"
"PC1","09:22:32",27.4,0.15,1000,17900,"B"
"PC1","09:22:22",27.4,0.15,500,16900,"B"
"PC1","09:21:47",27.4,0.15,2000,16400,"B"
"PC1","09:21:32",27.4,0.15,1500,14400,"B"
"PC1","09:21:29",27.45,0.2,200,12900,"S"
"PC1","09:18:46",27.45,0.2,500,12700,"S"
"PC1","09:18:42",27.45,0.2,100,12200,"S"
"PC1","09:18:24",27.45,0.2,400,12100,"S"
"PC1","09:18:09",27.45,0.2,400,11700,"B"
"PC1","09:18:08",27.45,0.2,500,11300,"B"
"PC1","09:17:53",27.45,0.2,500,10800,"B"
"PC1","09:17:46",27.45,0.2,700,10300,"S"
"PC1","09:17:40",27.45,0.2,1000,9600,"S"
"PC1","09:17:34",27.45,0.2,1000,8600,"S"
"PC1","09:17:24",27.45,0.2,300,7600,"S"
"PC1","09:16:48",27.4,0.15,200,7300,"B"
"PC1","09:15:13",27.4,0.15,5500,7100,"B"
"PC1","09:15:02",27.4,0.15,1600,1600,
