"Stockcode","Package","TradingDate","Price","Vol","TotalVol","TotalVal","Change","IsBuy","PerChange"
"DBC",144525,"/Date(1703576700000)/",26850,1072800,13213800,351579000000,550,false,2.09
"DBC",143023,"/Date(1703575797000)/",26750,1300,12141000,322775000000,450,false,1.71
"DBC",143020,"/Date(1703575795000)/",26750,100,12139700,322740000000,450,false,1.71
"DBC",143020,"/Date(1703575795000)/",26750,100,12139600,322737000000,450,false,1.71
"DBC",143020,"/Date(1703575795000)/",26750,2000,12139500,322734000000,450,false,1.71
"DBC",143017,"/Date(1703575791000)/",26750,1400,12137500,322681000000,450,false,1.71
"DBC",143017,"/Date(1703575791000)/",26750,700,12136100,322644000000,450,false,1.71
"DBC",143014,"/Date(1703575788000)/",26750,5000,12135400,322625000000,450,false,1.71
"DBC",143014,"/Date(1703575788000)/",26750,1000,12130400,322491000000,450,false,1.71
"DBC",143014,"/Date(1703575788000)/",26750,5200,12129400,322464000000,450,false,1.71
"DBC",143014,"/Date(1703575787000)/",26750,1000,12124200,322325000000,450,false,1.71
"DBC",143011,"/Date(1703575785000)/",26750,800,12123200,322298000000,450,false,1.71
"DBC",143011,"/Date(1703575784000)/",26750,400,12122400,322277000000,450,false,1.71
"DBC",143011,"/Date(1703575784000)/",26750,500,12122000,322266000000,450,false,1.71
"DBC",143011,"/Date(1703575784000)/",26750,3700,12121500,322253000000,450,false,1.71
"DBC",143011,"/Date(1703575784000)/",26750,1000,12117800,322154000000,450,false,1.71
"DBC",143011,"/Date(1703575784000)/",26750,1000,12116800,322127000000,450,false,1.71
"DBC",143011,"/Date(1703575784000)/",26750,100,12115800,322100000000,450,false,1.71
"DBC",143011,"/Date(1703575784000)/",26750,100,12115700,322098000000,450,false,1.71
"DBC",143011,"/Date(1703575784000)/",26750,500,12115600,322095000000,450,false,1.71
"DBC",143011,"/Date(1703575784000)/",26750,600,12115100,322082000000,450,false,1.71
"DBC",143011,"/Date(1703575784000)/",26750,31300,12114500,322066000000,450,false,1.71
"DBC",143004,"/Date(1703575778000)/",26750,500,12083200,321228000000,450,false,1.71
"DBC",143001,"/Date(1703575774000)/",26750,28200,12082700,321215000000,450,false,1.71
"DBC",143001,"/Date(1703575774000)/",26750,500,12054500,320461000000,450,false,1.71
"DBC",143001,"/Date(1703575774000)/",26750,100,12054000,320447000000,450,false,1.71
"DBC",143001,"/Date(1703575774000)/",26750,11200,12053900,320445000000,450,false,1.71
"DBC",142958,"/Date(1703575771000)/",26750,8000,12042700,320145000000,450,false,1.71
"DBC",142955,"/Date(1703575769000)/",26750,100,12034700,319931000000,450,false,1.71
"DBC",142952,"/Date(1703575763000)/",26750,1000,12034600,319928000000,450,false,1.71
"DBC",142952,"/Date(1703575763000)/",26750,800,12033600,319902000000,450,false,1.71
"DBC",142948,"/Date(1703575763000)/",26750,500,12032800,319880000000,450,true,1.71
"DBC",142948,"/Date(1703575763000)/",26750,200,12032300,319867000000,450,true,1.71
"DBC",142948,"/Date(1703575763000)/",26750,8200,12032100,319862000000,450,true,1.71
"DBC",142948,"/Date(1703575763000)/",26800,400,12023900,319642000000,500,false,1.9
"DBC",142948,"/Date(1703575763000)/",26800,200,12023500,319631000000,500,false,1.9
"DBC",142948,"/Date(1703575763000)/",26800,2000,12023300,319626000000,500,false,1.9
"DBC",142948,"/Date(1703575763000)/",26800,1000,12021300,319572000000,500,false,1.9
"DBC",142948,"/Date(1703575763000)/",26800,4400,12020300,319546000000,500,false,1.9
"DBC",142948,"/Date(1703575761000)/",26800,100,12015900,319428000000,500,false,1.9
"DBC",142945,"/Date(1703575760000)/",26750,1000,12015800,319425000000,450,true,1.71
"DBC",142939,"/Date(1703575754000)/",26750,300,12014800,319398000000,450,true,1.71
"DBC",142939,"/Date(1703575751000)/",26800,100,12014500,319390000000,500,false,1.9
"DBC",142932,"/Date(1703575744000)/",26800,400,12014400,319388000000,500,false,1.9
"DBC",142932,"/Date(1703575744000)/",26800,600,12014000,319377000000,500,false,1.9
"DBC",142932,"/Date(1703575744000)/",26750,500,12013400,319361000000,450,false,1.71
"DBC",142929,"/Date(1703575742000)/",26750,500,12012900,319347000000,450,true,1.71
"DBC",142929,"/Date(1703575742000)/",26750,2000,12012400,319334000000,450,true,1.71
"DBC",142929,"/Date(1703575742000)/",26800,100,12010400,319281000000,500,false,1.9
"DBC",142926,"/Date(1703575741000)/",26750,300,12010300,319278000000,450,true,1.71
"DBC",142923,"/Date(1703575737000)/",26750,200,12010000,319270000000,450,true,1.71
"DBC",142923,"/Date(1703575736000)/",26800,300,12009800,319265000000,500,false,1.9
"DBC",142923,"/Date(1703575736000)/",26800,100,12009500,319256000000,500,false,1.9
"DBC",142923,"/Date(1703575736000)/",26800,100,12009400,319254000000,500,false,1.9
"DBC",142923,"/Date(1703575736000)/",26800,100,12009300,319251000000,500,false,1.9
"DBC",142923,"/Date(1703575736000)/",26800,500,12009200,319248000000,500,false,1.9
"DBC",142923,"/Date(1703575736000)/",26800,100,12008700,319235000000,500,false,1.9
"DBC",142923,"/Date(1703575736000)/",26800,1000,12008600,319232000000,500,false,1.9
"DBC",142923,"/Date(1703575736000)/",26800,100,12007600,319206000000,500,false,1.9
"DBC",142923,"/Date(1703575736000)/",26800,100,12007500,319203000000,500,false,1.9
"DBC",142923,"/Date(1703575736000)/",26800,500,12007400,319200000000,500,false,1.9
"DBC",142923,"/Date(1703575736000)/",26800,500,12006900,319187000000,500,false,1.9
"DBC",142923,"/Date(1703575736000)/",26800,1000,12006400,319173000000,500,false,1.9
"DBC",142923,"/Date(1703575736000)/",26800,200,12005400,319147000000,500,false,1.9
"DBC",142923,"/Date(1703575736000)/",26800,400,12005200,319141000000,500,false,1.9
"DBC",142920,"/Date(1703575732000)/",26800,1000,12004800,319131000000,500,false,1.9
"DBC",142916,"/Date(1703575731000)/",26750,500,12003800,319104000000,450,true,1.71
"DBC",142916,"/Date(1703575731000)/",26750,5000,12003300,319090000000,450,true,1.71
"DBC",142916,"/Date(1703575731000)/",26750,4000,11998300,318957000000,450,true,1.71
"DBC",142916,"/Date(1703575731000)/",26750,500,11994300,318850000000,450,true,1.71
"DBC",142916,"/Date(1703575729000)/",26800,600,11993800,318836000000,500,false,1.9
"DBC",142916,"/Date(1703575729000)/",26800,100,11993200,318820000000,500,false,1.9
"DBC",142916,"/Date(1703575729000)/",26800,1000,11993100,318817000000,500,false,1.9
"DBC",142916,"/Date(1703575729000)/",26800,500,11992100,318791000000,500,false,1.9
"DBC",142916,"/Date(1703575729000)/",26800,5000,11991600,318777000000,500,false,1.9
"DBC",142913,"/Date(1703575727000)/",26750,500,11986600,318643000000,450,true,1.71
"DBC",142913,"/Date(1703575726000)/",26800,100,11986100,318630000000,500,false,1.9
"DBC",142913,"/Date(1703575726000)/",26800,100,11986000,318627000000,500,false,1.9
"DBC",142913,"/Date(1703575726000)/",26800,3000,11985900,318625000000,500,false,1.9
"DBC",142913,"/Date(1703575726000)/",26800,100,11982900,318544000000,500,false,1.9
"DBC",142913,"/Date(1703575726000)/",26800,1000,11982800,318541000000,500,false,1.9
"DBC",142913,"/Date(1703575726000)/",26800,100,11981800,318515000000,500,false,1.9
"DBC",142913,"/Date(1703575726000)/",26800,200,11981700,318512000000,500,false,1.9
"DBC",142913,"/Date(1703575726000)/",26800,2000,11981500,318507000000,500,false,1.9
"DBC",142913,"/Date(1703575726000)/",26800,10000,11979500,318453000000,500,false,1.9
"DBC",142913,"/Date(1703575726000)/",26800,1300,11969500,318185000000,500,false,1.9
"DBC",142913,"/Date(1703575726000)/",26800,500,11968200,318150000000,500,false,1.9
"DBC",142913,"/Date(1703575726000)/",26800,1400,11967700,318137000000,500,false,1.9
"DBC",142913,"/Date(1703575726000)/",26800,200,11966300,318099000000,500,false,1.9
"DBC",142913,"/Date(1703575726000)/",26800,500,11966100,318094000000,500,false,1.9
"DBC",142913,"/Date(1703575726000)/",26800,200,11965600,318080000000,500,false,1.9
"DBC",142913,"/Date(1703575726000)/",26800,1000,11965400,318075000000,500,false,1.9
"DBC",142913,"/Date(1703575726000)/",26800,300,11964400,318048000000,500,false,1.9
"DBC",142913,"/Date(1703575726000)/",26800,100,11964100,318040000000,500,false,1.9
"DBC",142913,"/Date(1703575726000)/",26800,5000,11964000,318038000000,500,false,1.9
"DBC",142913,"/Date(1703575726000)/",26800,700,11959000,317904000000,500,false,1.9
"DBC",142913,"/Date(1703575726000)/",26800,500,11958300,317885000000,500,false,1.9
"DBC",142913,"/Date(1703575726000)/",26800,900,11957800,317871000000,500,false,1.9
"DBC",142913,"/Date(1703575726000)/",26800,200,11956900,317847000000,500,false,1.9
"DBC",142913,"/Date(1703575726000)/",26800,100,11956700,317842000000,500,false,1.9
"DBC",142913,"/Date(1703575726000)/",26800,1000,11956600,317839000000,500,false,1.9
"DBC",142913,"/Date(1703575726000)/",26800,200,11955600,317812000000,500,false,1.9
"DBC",142913,"/Date(1703575726000)/",26800,5000,11955400,317807000000,500,false,1.9
"DBC",142913,"/Date(1703575726000)/",26800,200,11950400,317673000000,500,false,1.9
"DBC",142913,"/Date(1703575726000)/",26800,2000,11950200,317668000000,500,false,1.9
"DBC",142913,"/Date(1703575726000)/",26800,500,11948200,317614000000,500,false,1.9
"DBC",142913,"/Date(1703575726000)/",26800,500,11947700,317601000000,500,false,1.9
"DBC",142913,"/Date(1703575726000)/",26800,2000,11947200,317587000000,500,false,1.9
"DBC",142913,"/Date(1703575726000)/",26800,200,11945200,317534000000,500,false,1.9
"DBC",142913,"/Date(1703575726000)/",26800,300,11945000,317528000000,500,false,1.9
"DBC",142913,"/Date(1703575726000)/",26800,3000,11944700,317520000000,500,false,1.9
"DBC",142913,"/Date(1703575726000)/",26800,500,11941700,317440000000,500,false,1.9
"DBC",142913,"/Date(1703575726000)/",26800,1000,11941200,317427000000,500,false,1.9
"DBC",142913,"/Date(1703575726000)/",26800,5000,11940200,317400000000,500,false,1.9
"DBC",142913,"/Date(1703575726000)/",26800,100,11935200,317266000000,500,false,1.9
"DBC",142913,"/Date(1703575726000)/",26800,2000,11935100,317263000000,500,false,1.9
"DBC",142913,"/Date(1703575726000)/",26800,100,11933100,317209000000,500,false,1.9
"DBC",142913,"/Date(1703575726000)/",26800,100,11933000,317207000000,500,false,1.9
"DBC",142913,"/Date(1703575726000)/",26800,100,11932900,317204000000,500,false,1.9
"DBC",142913,"/Date(1703575726000)/",26800,200,11932800,317201000000,500,false,1.9
"DBC",142913,"/Date(1703575726000)/",26800,3000,11932600,317196000000,500,false,1.9
"DBC",142913,"/Date(1703575726000)/",26800,300,11929600,317116000000,500,false,1.9
"DBC",142913,"/Date(1703575726000)/",26800,10000,11929300,317108000000,500,false,1.9
"DBC",142913,"/Date(1703575726000)/",26800,33200,11919300,316840000000,500,false,1.9
"DBC",142900,"/Date(1703575713000)/",26800,1000,11886100,315950000000,500,false,1.9
"DBC",142854,"/Date(1703575708000)/",26700,118200,11885100,315923000000,400,true,1.52
"DBC",142854,"/Date(1703575708000)/",26700,5000,11766900,312767000000,400,true,1.52
"DBC",142854,"/Date(1703575708000)/",26700,500,11761900,312634000000,400,true,1.52
"DBC",142854,"/Date(1703575708000)/",26700,18100,11761400,312620000000,400,true,1.52
"DBC",142854,"/Date(1703575708000)/",26750,7600,11743300,312137000000,450,true,1.71
"DBC",142854,"/Date(1703575708000)/",26750,12400,11735700,311934000000,450,true,1.71
"DBC",142854,"/Date(1703575708000)/",26750,38200,11723300,311602000000,450,true,1.71
"DBC",142851,"/Date(1703575705000)/",26800,100,11685100,310580000000,500,false,1.9
"DBC",142851,"/Date(1703575704000)/",26800,2800,11685000,310578000000,500,false,1.9
"DBC",142848,"/Date(1703575702000)/",26800,10000,11682200,310502000000,500,false,1.9
"DBC",142848,"/Date(1703575702000)/",26800,2100,11672200,310234000000,500,false,1.9
"DBC",142844,"/Date(1703575697000)/",26750,300,11670100,310178000000,450,true,1.71
"DBC",142844,"/Date(1703575697000)/",26800,500,11669800,310170000000,500,false,1.9
"DBC",142841,"/Date(1703575693000)/",26800,12000,11669300,310157000000,500,false,1.9
"DBC",142841,"/Date(1703575693000)/",26800,20000,11657300,309835000000,500,false,1.9
"DBC",142838,"/Date(1703575690000)/",26800,1000,11637300,309299000000,500,false,1.9
"DBC",142832,"/Date(1703575685000)/",26750,700,11636300,309272000000,450,true,1.71
"DBC",142832,"/Date(1703575685000)/",26750,1300,11635600,309254000000,450,true,1.71
"DBC",142832,"/Date(1703575684000)/",26800,1500,11634300,309219000000,500,false,1.9
"DBC",142832,"/Date(1703575683000)/",26750,400,11632800,309179000000,450,true,1.71
"DBC",142828,"/Date(1703575681000)/",26750,1000,11632400,309168000000,450,true,1.71
"DBC",142828,"/Date(1703575680000)/",26750,1000,11631400,309141000000,450,true,1.71
"DBC",142822,"/Date(1703575675000)/",26800,100,11630400,309114000000,500,false,1.9
"DBC",142819,"/Date(1703575671000)/",26750,300,11630300,309112000000,450,true,1.71
"DBC",142816,"/Date(1703575669000)/",26750,600,11630000,309104000000,450,false,1.71
"DBC",142812,"/Date(1703575667000)/",26750,1000,11629400,309088000000,450,false,1.71
"DBC",142812,"/Date(1703575667000)/",26750,100,11628400,309061000000,450,false,1.71
"DBC",142812,"/Date(1703575667000)/",26750,300,11628300,309058000000,450,false,1.71
"DBC",142812,"/Date(1703575667000)/",26750,1000,11628000,309050000000,450,false,1.71
"DBC",142812,"/Date(1703575667000)/",26750,1000,11627000,309024000000,450,false,1.71
"DBC",142812,"/Date(1703575667000)/",26750,1000,11626000,308997000000,450,false,1.71
"DBC",142812,"/Date(1703575667000)/",26750,21000,11625000,308970000000,450,false,1.71
"DBC",142812,"/Date(1703575667000)/",26750,500,11604000,308408000000,450,false,1.71
"DBC",142812,"/Date(1703575667000)/",26750,20000,11603500,308395000000,450,false,1.71
"DBC",142812,"/Date(1703575667000)/",26750,100,11583500,307860000000,450,false,1.71
"DBC",142812,"/Date(1703575667000)/",26750,4400,11583400,307857000000,450,false,1.71
"DBC",142812,"/Date(1703575666000)/",26750,100,11579000,307740000000,450,false,1.71
"DBC",142800,"/Date(1703575654000)/",26750,100,11578900,307737000000,450,false,1.71
"DBC",142800,"/Date(1703575654000)/",26750,200,11578800,307734000000,450,false,1.71
"DBC",142800,"/Date(1703575654000)/",26750,2700,11578600,307729000000,450,false,1.71
"DBC",142800,"/Date(1703575654000)/",26750,1200,11575900,307657000000,450,false,1.71
"DBC",142756,"/Date(1703575651000)/",26750,100,11574700,307624000000,450,false,1.71
"DBC",142756,"/Date(1703575651000)/",26750,800,11574600,307622000000,450,false,1.71
"DBC",142753,"/Date(1703575645000)/",26750,12000,11573800,307600000000,450,false,1.71
"DBC",142750,"/Date(1703575643000)/",26750,100,11561800,307279000000,450,false,1.71
"DBC",142747,"/Date(1703575641000)/",26750,7500,11561700,307277000000,450,false,1.71
"DBC",142747,"/Date(1703575641000)/",26750,2500,11554200,307076000000,450,false,1.71
"DBC",142747,"/Date(1703575641000)/",26750,500,11551700,307009000000,450,false,1.71
"DBC",142747,"/Date(1703575641000)/",26750,500,11551200,306996000000,450,false,1.71
"DBC",142747,"/Date(1703575639000)/",26750,500,11550700,306982000000,450,false,1.71
"DBC",142740,"/Date(1703575634000)/",26800,300,11550200,306969000000,500,false,1.9
"DBC",142740,"/Date(1703575634000)/",26750,400,11549900,306961000000,450,false,1.71
"DBC",142740,"/Date(1703575632000)/",26750,100,11549500,306950000000,450,false,1.71
"DBC",142734,"/Date(1703575627000)/",26800,5000,11549400,306948000000,500,false,1.9
"DBC",142734,"/Date(1703575627000)/",26800,200,11544400,306814000000,500,false,1.9
"DBC",142734,"/Date(1703575627000)/",26750,800,11544200,306808000000,450,false,1.71
"DBC",142731,"/Date(1703575625000)/",26750,200,11543400,306787000000,450,true,1.71
"DBC",142731,"/Date(1703575623000)/",26700,100,11543200,306782000000,400,true,1.52
"DBC",142731,"/Date(1703575623000)/",26800,200,11543100,306779000000,500,false,1.9
"DBC",142728,"/Date(1703575620000)/",26800,10000,11542900,306774000000,500,false,1.9
"DBC",142728,"/Date(1703575620000)/",26800,100,11532900,306506000000,500,false,1.9
"DBC",142728,"/Date(1703575620000)/",26800,200,11532800,306503000000,500,false,1.9
"DBC",142728,"/Date(1703575620000)/",26800,5200,11532600,306498000000,500,false,1.9
"DBC",142728,"/Date(1703575620000)/",26800,1000,11527400,306358000000,500,false,1.9
"DBC",142728,"/Date(1703575620000)/",26800,500,11526400,306331000000,500,false,1.9
"DBC",142728,"/Date(1703575620000)/",26800,3300,11525900,306318000000,500,false,1.9
"DBC",142728,"/Date(1703575620000)/",26750,200,11522600,306230000000,450,false,1.71
"DBC",142728,"/Date(1703575620000)/",26750,2000,11522400,306224000000,450,false,1.71
"DBC",142728,"/Date(1703575620000)/",26750,5500,11520400,306171000000,450,false,1.71
"DBC",142721,"/Date(1703575615000)/",26750,100,11514900,306024000000,450,false,1.71
"DBC",142718,"/Date(1703575612000)/",26750,600,11514800,306021000000,450,false,1.71
"DBC",142718,"/Date(1703575611000)/",26750,1000,11514200,306005000000,450,false,1.71
"DBC",142715,"/Date(1703575607000)/",26750,1000,11513200,305978000000,450,false,1.71
"DBC",142712,"/Date(1703575606000)/",26750,16400,11512200,305951000000,450,true,1.71
"DBC",142708,"/Date(1703575603000)/",26750,5000,11495800,305513000000,450,true,1.71
"DBC",142708,"/Date(1703575603000)/",26750,10000,11490800,305379000000,450,true,1.71
"DBC",142708,"/Date(1703575603000)/",26750,11400,11480800,305111000000,450,true,1.71
"DBC",142705,"/Date(1703575599000)/",26800,6700,11469400,304806000000,500,false,1.9
"DBC",142705,"/Date(1703575599000)/",26800,500,11462700,304627000000,500,false,1.9
"DBC",142705,"/Date(1703575599000)/",26800,1000,11462200,304613000000,500,false,1.9
"DBC",142705,"/Date(1703575599000)/",26800,100,11461200,304587000000,500,false,1.9
"DBC",142705,"/Date(1703575599000)/",26800,1000,11461100,304584000000,500,false,1.9
"DBC",142705,"/Date(1703575599000)/",26800,300,11460100,304557000000,500,false,1.9
"DBC",142705,"/Date(1703575599000)/",26800,100,11459800,304549000000,500,false,1.9
"DBC",142705,"/Date(1703575599000)/",26800,100,11459700,304546000000,500,false,1.9
"DBC",142705,"/Date(1703575599000)/",26800,200,11459600,304544000000,500,false,1.9
"DBC",142705,"/Date(1703575597000)/",26800,100,11459400,304538000000,500,false,1.9
"DBC",142656,"/Date(1703575589000)/",26800,500,11459300,304536000000,500,false,1.9
"DBC",142652,"/Date(1703575586000)/",26750,400,11458800,304522000000,450,true,1.71
"DBC",142652,"/Date(1703575586000)/",26750,2000,11458400,304512000000,450,true,1.71
"DBC",142652,"/Date(1703575586000)/",26750,16200,11456400,304458000000,450,true,1.71
"DBC",142652,"/Date(1703575585000)/",26750,1500,11440200,304025000000,450,true,1.71
"DBC",142649,"/Date(1703575584000)/",26750,1300,11438700,303985000000,450,false,1.71
"DBC",142649,"/Date(1703575584000)/",26750,1000,11437400,303950000000,450,false,1.71
"DBC",142649,"/Date(1703575584000)/",26750,10000,11436400,303923000000,450,false,1.71
"DBC",142649,"/Date(1703575584000)/",26750,200,11426400,303656000000,450,false,1.71
"DBC",142649,"/Date(1703575584000)/",26750,7500,11426200,303650000000,450,false,1.71
"DBC",142649,"/Date(1703575583000)/",26750,900,11418700,303450000000,450,false,1.71
"DBC",142649,"/Date(1703575582000)/",26750,200,11417800,303426000000,450,false,1.71
"DBC",142646,"/Date(1703575579000)/",26750,1000,11417600,303420000000,450,false,1.71
"DBC",142633,"/Date(1703575566000)/",26750,100000,11416600,303393000000,450,false,1.71
"DBC",142630,"/Date(1703575562000)/",26750,3000,11316600,300718000000,450,false,1.71
"DBC",142627,"/Date(1703575560000)/",26750,12000,11313600,300638000000,450,false,1.71
"DBC",142627,"/Date(1703575560000)/",26750,100,11301600,300317000000,450,false,1.71
"DBC",142627,"/Date(1703575560000)/",26750,100,11301500,300315000000,450,false,1.71
"DBC",142627,"/Date(1703575560000)/",26750,50000,11301400,300312000000,450,false,1.71
"DBC",142627,"/Date(1703575560000)/",26750,25000,11251400,298974000000,450,false,1.71
"DBC",142627,"/Date(1703575560000)/",26750,200,11226400,298306000000,450,false,1.71
"DBC",142624,"/Date(1703575557000)/",26800,200,11226200,298300000000,500,false,1.9
"DBC",142624,"/Date(1703575557000)/",26800,200,11226000,298295000000,500,false,1.9
"DBC",142624,"/Date(1703575557000)/",26800,100,11225800,298290000000,500,false,1.9
"DBC",142624,"/Date(1703575557000)/",26800,100,11225700,298287000000,500,false,1.9
"DBC",142624,"/Date(1703575557000)/",26800,400,11225600,298284000000,500,false,1.9
"DBC",142617,"/Date(1703575549000)/",26800,600,11225200,298273000000,500,false,1.9
"DBC",142617,"/Date(1703575549000)/",26800,100,11224600,298257000000,500,false,1.9
"DBC",142617,"/Date(1703575549000)/",26800,300,11224500,298255000000,500,false,1.9
"DBC",142617,"/Date(1703575549000)/",26800,2000,11224200,298247000000,500,false,1.9
"DBC",142617,"/Date(1703575549000)/",26800,100,11222200,298193000000,500,false,1.9
"DBC",142617,"/Date(1703575549000)/",26800,5000,11222100,298190000000,500,false,1.9
"DBC",142617,"/Date(1703575549000)/",26800,1000,11217100,298056000000,500,false,1.9
"DBC",142617,"/Date(1703575549000)/",26800,1000,11216100,298030000000,500,false,1.9
"DBC",142617,"/Date(1703575549000)/",26800,1000,11215100,298003000000,500,false,1.9
"DBC",142617,"/Date(1703575549000)/",26800,100,11214100,297976000000,500,false,1.9
"DBC",142617,"/Date(1703575549000)/",26800,500,11214000,297973000000,500,false,1.9
"DBC",142617,"/Date(1703575549000)/",26800,300,11213500,297960000000,500,false,1.9
"DBC",142617,"/Date(1703575549000)/",26800,300,11213200,297952000000,500,false,1.9
"DBC",142617,"/Date(1703575549000)/",26800,200,11212900,297944000000,500,false,1.9
"DBC",142617,"/Date(1703575549000)/",26800,200,11212700,297938000000,500,false,1.9
"DBC",142617,"/Date(1703575549000)/",26800,1000,11212500,297933000000,500,false,1.9
"DBC",142617,"/Date(1703575549000)/",26800,200,11211500,297906000000,500,false,1.9
"DBC",142617,"/Date(1703575549000)/",26800,300,11211300,297901000000,500,false,1.9
"DBC",142617,"/Date(1703575549000)/",26800,1000,11211000,297893000000,500,false,1.9
"DBC",142617,"/Date(1703575549000)/",26800,100,11210000,297866000000,500,false,1.9
"DBC",142617,"/Date(1703575549000)/",26800,500,11209900,297863000000,500,false,1.9
"DBC",142617,"/Date(1703575549000)/",26800,300,11209400,297850000000,500,false,1.9
"DBC",142617,"/Date(1703575549000)/",26800,100,11209100,297842000000,500,false,1.9
"DBC",142617,"/Date(1703575549000)/",26800,3800,11209000,297839000000,500,false,1.9
"DBC",142611,"/Date(1703575543000)/",26800,1000,11205200,297737000000,500,false,1.9
"DBC",142611,"/Date(1703575543000)/",26750,5000,11204200,297711000000,450,true,1.71
"DBC",142601,"/Date(1703575534000)/",26750,700,11199200,297577000000,450,true,1.71
"DBC",142555,"/Date(1703575529000)/",26800,200,11198500,297558000000,500,false,1.9
"DBC",142555,"/Date(1703575529000)/",26800,100,11198300,297553000000,500,false,1.9
"DBC",142555,"/Date(1703575529000)/",26800,500,11198200,297550000000,500,false,1.9
"DBC",142555,"/Date(1703575529000)/",26800,100,11197700,297537000000,500,false,1.9
"DBC",142555,"/Date(1703575529000)/",26800,100,11197600,297534000000,500,false,1.9
"DBC",142555,"/Date(1703575529000)/",26750,1000,11197500,297531000000,450,true,1.71
"DBC",142552,"/Date(1703575523000)/",26750,1000,11196500,297505000000,450,true,1.71
"DBC",142549,"/Date(1703575522000)/",26750,2000,11195500,297478000000,450,true,1.71
"DBC",142549,"/Date(1703575522000)/",26750,300,11193500,297424000000,450,true,1.71
"DBC",142549,"/Date(1703575522000)/",26750,100,11193200,297416000000,450,true,1.71
"DBC",142549,"/Date(1703575522000)/",26750,8500,11193100,297414000000,450,true,1.71
"DBC",142549,"/Date(1703575522000)/",26700,81800,11184600,297186000000,400,true,1.52
"DBC",142549,"/Date(1703575522000)/",26700,1600,11102800,295002000000,400,true,1.52
"DBC",142549,"/Date(1703575522000)/",26700,16600,11101200,294960000000,400,true,1.52
"DBC",142549,"/Date(1703575521000)/",26750,1000,11084600,294516000000,450,true,1.71
"DBC",142549,"/Date(1703575520000)/",26750,500,11083600,294490000000,450,true,1.71
"DBC",142549,"/Date(1703575520000)/",26750,400,11083100,294476000000,450,true,1.71
"DBC",142549,"/Date(1703575520000)/",26750,600,11082700,294466000000,450,true,1.71
"DBC",142539,"/Date(1703575513000)/",26750,1000,11082100,294449000000,450,false,1.71
"DBC",142539,"/Date(1703575512000)/",26750,200,11081100,294423000000,450,false,1.71
"DBC",142533,"/Date(1703575507000)/",26750,200,11080900,294417000000,450,false,1.71
"DBC",142533,"/Date(1703575505000)/",26750,500,11080700,294412000000,450,false,1.71
"DBC",142533,"/Date(1703575504000)/",26750,1800,11080200,294399000000,450,false,1.71
"DBC",142529,"/Date(1703575503000)/",26750,5700,11078400,294350000000,450,false,1.71
"DBC",142529,"/Date(1703575503000)/",26750,2000,11072700,294198000000,450,false,1.71
"DBC",142529,"/Date(1703575503000)/",26750,10000,11070700,294145000000,450,false,1.71
"DBC",142529,"/Date(1703575503000)/",26750,3000,11060700,293877000000,450,false,1.71
"DBC",142529,"/Date(1703575503000)/",26750,100,11057700,293797000000,450,false,1.71
"DBC",142529,"/Date(1703575503000)/",26750,100,11057600,293794000000,450,false,1.71
"DBC",142529,"/Date(1703575503000)/",26750,1000,11057500,293791000000,450,false,1.71
"DBC",142529,"/Date(1703575503000)/",26750,1000,11056500,293765000000,450,false,1.71
"DBC",142529,"/Date(1703575503000)/",26750,800,11055500,293738000000,450,false,1.71
"DBC",142529,"/Date(1703575503000)/",26750,100,11054700,293717000000,450,false,1.71
"DBC",142529,"/Date(1703575503000)/",26750,100,11054600,293714000000,450,false,1.71
"DBC",142529,"/Date(1703575503000)/",26750,1000,11054500,293711000000,450,false,1.71
"DBC",142529,"/Date(1703575503000)/",26750,200,11053500,293684000000,450,false,1.71
"DBC",142529,"/Date(1703575503000)/",26750,20600,11053300,293679000000,450,false,1.71
"DBC",142529,"/Date(1703575503000)/",26750,1000,11032700,293128000000,450,false,1.71
"DBC",142529,"/Date(1703575503000)/",26750,100,11031700,293101000000,450,false,1.71
"DBC",142529,"/Date(1703575503000)/",26750,1000,11031600,293099000000,450,false,1.71
"DBC",142529,"/Date(1703575503000)/",26750,200,11030600,293072000000,450,false,1.71
"DBC",142529,"/Date(1703575503000)/",26750,2000,11030400,293066000000,450,false,1.71
"DBC",142529,"/Date(1703575503000)/",26750,400,11028400,293013000000,450,false,1.71
"DBC",142526,"/Date(1703575500000)/",26750,300,11028000,293002000000,450,false,1.71
"DBC",142526,"/Date(1703575498000)/",26750,1300,11027700,292994000000,450,false,1.71
"DBC",142526,"/Date(1703575498000)/",26750,300,11026400,292959000000,450,false,1.71
"DBC",142526,"/Date(1703575498000)/",26750,800,11026100,292951000000,450,false,1.71
"DBC",142526,"/Date(1703575497000)/",26750,100,11025300,292930000000,450,false,1.71
"DBC",142523,"/Date(1703575496000)/",26750,400,11025200,292927000000,450,false,1.71
"DBC",142523,"/Date(1703575496000)/",26750,200,11024800,292917000000,450,false,1.71
"DBC",142520,"/Date(1703575493000)/",26750,2500,11024600,292911000000,450,false,1.71
"DBC",142520,"/Date(1703575493000)/",26750,5000,11022100,292844000000,450,false,1.71
"DBC",142520,"/Date(1703575493000)/",26750,400,11017100,292711000000,450,false,1.71
"DBC",142520,"/Date(1703575493000)/",26750,1500,11016700,292700000000,450,false,1.71
"DBC",142520,"/Date(1703575493000)/",26750,100,11015200,292660000000,450,false,1.71
"DBC",142520,"/Date(1703575493000)/",26750,500,11015100,292657000000,450,false,1.71
"DBC",142520,"/Date(1703575493000)/",26750,300,11014600,292644000000,450,false,1.71
"DBC",142520,"/Date(1703575493000)/",26750,300,11014300,292636000000,450,false,1.71
"DBC",142520,"/Date(1703575493000)/",26750,900,11014000,292628000000,450,false,1.71
"DBC",142520,"/Date(1703575493000)/",26750,500,11013100,292604000000,450,false,1.71
"DBC",142520,"/Date(1703575493000)/",26750,100,11012600,292590000000,450,false,1.71
"DBC",142520,"/Date(1703575493000)/",26750,500,11012500,292588000000,450,false,1.71
"DBC",142517,"/Date(1703575491000)/",26750,1300,11012000,292574000000,450,false,1.71
"DBC",142517,"/Date(1703575491000)/",26750,500,11010700,292540000000,450,false,1.71
"DBC",142517,"/Date(1703575491000)/",26750,1000,11010200,292526000000,450,false,1.71
"DBC",142517,"/Date(1703575491000)/",26750,200,11009200,292499000000,450,false,1.71
"DBC",142517,"/Date(1703575491000)/",26750,100,11009000,292494000000,450,false,1.71
"DBC",142517,"/Date(1703575491000)/",26750,1000,11008900,292491000000,450,false,1.71
"DBC",142517,"/Date(1703575491000)/",26750,100,11007900,292465000000,450,false,1.71
"DBC",142517,"/Date(1703575491000)/",26750,5000,11007800,292462000000,450,false,1.71
"DBC",142517,"/Date(1703575491000)/",26750,200,11002800,292328000000,450,false,1.71
"DBC",142517,"/Date(1703575491000)/",26750,500,11002600,292323000000,450,false,1.71
"DBC",142517,"/Date(1703575491000)/",26750,200,11002100,292309000000,450,false,1.71
"DBC",142517,"/Date(1703575491000)/",26750,100,11001900,292304000000,450,false,1.71
"DBC",142517,"/Date(1703575491000)/",26750,2000,11001800,292301000000,450,false,1.71
"DBC",142517,"/Date(1703575491000)/",26750,1000,10999800,292248000000,450,false,1.71
"DBC",142517,"/Date(1703575491000)/",26750,1000,10998800,292221000000,450,false,1.71
"DBC",142517,"/Date(1703575491000)/",26750,1000,10997800,292194000000,450,false,1.71
"DBC",142517,"/Date(1703575491000)/",26750,100,10996800,292168000000,450,false,1.71
"DBC",142517,"/Date(1703575491000)/",26750,2000,10996700,292165000000,450,false,1.71
"DBC",142517,"/Date(1703575491000)/",26750,1000,10994700,292112000000,450,false,1.71
"DBC",142517,"/Date(1703575491000)/",26750,4000,10993700,292085000000,450,false,1.71
"DBC",142517,"/Date(1703575491000)/",26750,2000,10989700,291978000000,450,false,1.71
"DBC",142517,"/Date(1703575491000)/",26750,5000,10987700,291924000000,450,false,1.71
"DBC",142517,"/Date(1703575491000)/",26750,100,10982700,291791000000,450,false,1.71
"DBC",142517,"/Date(1703575491000)/",26750,300,10982600,291788000000,450,false,1.71
"DBC",142517,"/Date(1703575491000)/",26750,4000,10982300,291780000000,450,false,1.71
"DBC",142517,"/Date(1703575491000)/",26750,1000,10978300,291673000000,450,false,1.71
"DBC",142517,"/Date(1703575491000)/",26750,200,10977300,291646000000,450,false,1.71
"DBC",142517,"/Date(1703575491000)/",26750,200,10977100,291641000000,450,false,1.71
"DBC",142517,"/Date(1703575491000)/",26750,10000,10976900,291635000000,450,false,1.71
"DBC",142517,"/Date(1703575491000)/",26750,4900,10966900,291368000000,450,false,1.71
"DBC",142517,"/Date(1703575490000)/",26750,2000,10962000,291237000000,450,false,1.71
"DBC",142513,"/Date(1703575486000)/",26750,5100,10960000,291183000000,450,false,1.71
"DBC",142513,"/Date(1703575486000)/",26750,100,10954900,291047000000,450,false,1.71
"DBC",142513,"/Date(1703575486000)/",26750,100,10954800,291044000000,450,false,1.71
"DBC",142513,"/Date(1703575486000)/",26750,500,10954700,291042000000,450,false,1.71
"DBC",142513,"/Date(1703575486000)/",26750,100,10954200,291028000000,450,false,1.71
"DBC",142513,"/Date(1703575486000)/",26750,1000,10954100,291025000000,450,false,1.71
"DBC",142513,"/Date(1703575486000)/",26750,100,10953100,290999000000,450,false,1.71
"DBC",142513,"/Date(1703575486000)/",26750,5000,10953000,290996000000,450,false,1.71
"DBC",142513,"/Date(1703575486000)/",26750,500,10948000,290862000000,450,false,1.71
"DBC",142513,"/Date(1703575486000)/",26750,100,10947500,290849000000,450,false,1.71
"DBC",142513,"/Date(1703575486000)/",26750,2400,10947400,290846000000,450,false,1.71
"DBC",142513,"/Date(1703575485000)/",26750,200,10945000,290782000000,450,false,1.71
"DBC",142513,"/Date(1703575485000)/",26750,800,10944800,290777000000,450,false,1.71
"DBC",142510,"/Date(1703575484000)/",26700,200,10944000,290755000000,400,true,1.52
"DBC",142510,"/Date(1703575482000)/",26700,1000,10943800,290750000000,400,true,1.52
"DBC",142507,"/Date(1703575480000)/",26750,2000,10942800,290723000000,450,false,1.71
"DBC",142507,"/Date(1703575480000)/",26750,5000,10940800,290670000000,450,false,1.71
"DBC",142504,"/Date(1703575476000)/",26750,300,10935800,290536000000,450,false,1.71
"DBC",142504,"/Date(1703575476000)/",26750,500,10935500,290528000000,450,false,1.71
"DBC",142504,"/Date(1703575476000)/",26750,2000,10935000,290515000000,450,false,1.71
"DBC",142504,"/Date(1703575476000)/",26750,200,10933000,290461000000,450,false,1.71
"DBC",142504,"/Date(1703575476000)/",26750,400,10932800,290456000000,450,false,1.71
"DBC",142501,"/Date(1703575474000)/",26750,900,10932400,290445000000,450,false,1.71
"DBC",142501,"/Date(1703575474000)/",26750,100,10931500,290421000000,450,false,1.71
"DBC",142501,"/Date(1703575474000)/",26750,900,10931400,290418000000,450,false,1.71
"DBC",142501,"/Date(1703575474000)/",26750,100,10930500,290394000000,450,false,1.71
"DBC",142501,"/Date(1703575474000)/",26750,100,10930400,290392000000,450,false,1.71
"DBC",142501,"/Date(1703575474000)/",26750,2100,10930300,290389000000,450,false,1.71
"DBC",142501,"/Date(1703575473000)/",26750,500,10928200,290333000000,450,false,1.71
"DBC",142454,"/Date(1703575466000)/",26750,500,10927700,290319000000,450,false,1.71
"DBC",142451,"/Date(1703575463000)/",26750,4500,10927200,290306000000,450,false,1.71
"DBC",142451,"/Date(1703575463000)/",26750,20000,10922700,290186000000,450,false,1.71
"DBC",142451,"/Date(1703575463000)/",26750,100,10902700,289651000000,450,false,1.71
"DBC",142451,"/Date(1703575463000)/",26750,500,10902600,289648000000,450,false,1.71
"DBC",142451,"/Date(1703575463000)/",26750,200,10902100,289635000000,450,false,1.71
"DBC",142451,"/Date(1703575463000)/",26750,2400,10901900,289629000000,450,false,1.71
"DBC",142451,"/Date(1703575463000)/",26750,500,10899500,289565000000,450,false,1.71
"DBC",142451,"/Date(1703575463000)/",26750,3000,10899000,289552000000,450,false,1.71
"DBC",142451,"/Date(1703575463000)/",26750,200,10896000,289471000000,450,false,1.71
"DBC",142451,"/Date(1703575463000)/",26750,500,10895800,289466000000,450,false,1.71
"DBC",142451,"/Date(1703575463000)/",26750,5000,10895300,289453000000,450,false,1.71
"DBC",142451,"/Date(1703575463000)/",26750,100,10890300,289319000000,450,false,1.71
"DBC",142451,"/Date(1703575463000)/",26750,1000,10890200,289316000000,450,false,1.71
"DBC",142451,"/Date(1703575463000)/",26750,27000,10889200,289289000000,450,false,1.71
"DBC",142451,"/Date(1703575463000)/",26750,200,10862200,288567000000,450,false,1.71
"DBC",142451,"/Date(1703575463000)/",26750,1000,10862000,288562000000,450,false,1.71
"DBC",142451,"/Date(1703575463000)/",26750,5000,10861000,288535000000,450,false,1.71
"DBC",142451,"/Date(1703575463000)/",26750,1000,10856000,288401000000,450,false,1.71
"DBC",142451,"/Date(1703575463000)/",26750,100,10855000,288375000000,450,false,1.71
"DBC",142451,"/Date(1703575463000)/",26750,5000,10854900,288372000000,450,false,1.71
"DBC",142451,"/Date(1703575463000)/",26750,200,10849900,288238000000,450,false,1.71
"DBC",142451,"/Date(1703575463000)/",26750,5000,10849700,288233000000,450,false,1.71
"DBC",142451,"/Date(1703575463000)/",26750,500,10844700,288099000000,450,false,1.71
"DBC",142451,"/Date(1703575463000)/",26750,1000,10844200,288086000000,450,false,1.71
"DBC",142451,"/Date(1703575463000)/",26750,200,10843200,288059000000,450,false,1.71
"DBC",142451,"/Date(1703575463000)/",26750,1000,10843000,288054000000,450,false,1.71
"DBC",142451,"/Date(1703575463000)/",26750,1800,10842000,288027000000,450,false,1.71
"DBC",142451,"/Date(1703575463000)/",26750,1000,10840200,287979000000,450,false,1.71
"DBC",142445,"/Date(1703575459000)/",26750,100,10839200,287952000000,450,false,1.71
"DBC",142445,"/Date(1703575457000)/",26750,6000,10839100,287949000000,450,false,1.71
"DBC",142438,"/Date(1703575450000)/",26750,100,10833100,287789000000,450,false,1.71
"DBC",142435,"/Date(1703575448000)/",26700,200,10833000,287786000000,400,true,1.52
"DBC",142429,"/Date(1703575442000)/",26700,200,10832800,287781000000,400,false,1.52
"DBC",142429,"/Date(1703575442000)/",26700,3000,10832600,287775000000,400,false,1.52
"DBC",142429,"/Date(1703575442000)/",26700,100,10829600,287695000000,400,false,1.52
"DBC",142429,"/Date(1703575442000)/",26700,100,10829500,287693000000,400,false,1.52
"DBC",142429,"/Date(1703575442000)/",26700,200,10829400,287690000000,400,false,1.52
"DBC",142429,"/Date(1703575442000)/",26700,3500,10829200,287685000000,400,false,1.52
"DBC",142429,"/Date(1703575442000)/",26700,500,10825700,287591000000,400,false,1.52
"DBC",142429,"/Date(1703575442000)/",26700,1000,10825200,287578000000,400,false,1.52
"DBC",142429,"/Date(1703575442000)/",26700,1500,10824200,287551000000,400,false,1.52
"DBC",142429,"/Date(1703575442000)/",26700,2000,10822700,287511000000,400,false,1.52
"DBC",142429,"/Date(1703575442000)/",26700,200,10820700,287458000000,400,false,1.52
"DBC",142429,"/Date(1703575442000)/",26700,10000,10820500,287452000000,400,false,1.52
"DBC",142429,"/Date(1703575442000)/",26700,5000,10810500,287185000000,400,false,1.52
"DBC",142429,"/Date(1703575442000)/",26700,200,10805500,287052000000,400,false,1.52
"DBC",142429,"/Date(1703575442000)/",26700,500,10805300,287046000000,400,false,1.52
"DBC",142429,"/Date(1703575442000)/",26700,200,10804800,287033000000,400,false,1.52
"DBC",142429,"/Date(1703575442000)/",26700,200,10804600,287028000000,400,false,1.52
"DBC",142429,"/Date(1703575442000)/",26700,500,10804400,287022000000,400,false,1.52
"DBC",142429,"/Date(1703575442000)/",26700,100,10803900,287009000000,400,false,1.52
"DBC",142429,"/Date(1703575442000)/",26700,5000,10803800,287006000000,400,false,1.52
"DBC",142429,"/Date(1703575442000)/",26700,200,10798800,286873000000,400,false,1.52
"DBC",142429,"/Date(1703575442000)/",26700,200,10798600,286868000000,400,false,1.52
"DBC",142429,"/Date(1703575442000)/",26700,2000,10798400,286862000000,400,false,1.52
"DBC",142429,"/Date(1703575442000)/",26700,5000,10796400,286809000000,400,false,1.52
"DBC",142429,"/Date(1703575442000)/",26700,2800,10791400,286675000000,400,false,1.52
"DBC",142429,"/Date(1703575442000)/",26700,500,10788600,286601000000,400,false,1.52
"DBC",142429,"/Date(1703575442000)/",26700,1000,10788100,286587000000,400,false,1.52
"DBC",142429,"/Date(1703575442000)/",26700,10000,10787100,286561000000,400,false,1.52
"DBC",142429,"/Date(1703575442000)/",26700,1000,10777100,286294000000,400,false,1.52
"DBC",142429,"/Date(1703575442000)/",26700,25300,10776100,286267000000,400,false,1.52
"DBC",142429,"/Date(1703575441000)/",26700,100,10750800,285591000000,400,false,1.52
"DBC",142425,"/Date(1703575438000)/",26700,5600,10750700,285589000000,400,false,1.52
"DBC",142425,"/Date(1703575438000)/",26700,1000,10745100,285439000000,400,false,1.52
"DBC",142425,"/Date(1703575438000)/",26700,1000,10744100,285412000000,400,false,1.52
"DBC",142425,"/Date(1703575438000)/",26700,500,10743100,285386000000,400,false,1.52
"DBC",142425,"/Date(1703575438000)/",26700,1000,10742600,285372000000,400,false,1.52
"DBC",142425,"/Date(1703575438000)/",26700,1000,10741600,285346000000,400,false,1.52
"DBC",142425,"/Date(1703575438000)/",26700,3000,10740600,285319000000,400,false,1.52
"DBC",142425,"/Date(1703575438000)/",26700,500,10737600,285239000000,400,false,1.52
"DBC",142425,"/Date(1703575438000)/",26700,500,10737100,285226000000,400,false,1.52
"DBC",142425,"/Date(1703575438000)/",26700,2100,10736600,285212000000,400,false,1.52
"DBC",142425,"/Date(1703575438000)/",26700,200,10734500,285156000000,400,false,1.52
"DBC",142425,"/Date(1703575438000)/",26700,100,10734300,285151000000,400,false,1.52
"DBC",142425,"/Date(1703575438000)/",26700,200,10734200,285148000000,400,false,1.52
"DBC",142425,"/Date(1703575438000)/",26700,500,10734000,285143000000,400,false,1.52
"DBC",142425,"/Date(1703575438000)/",26700,1000,10733500,285129000000,400,false,1.52
"DBC",142425,"/Date(1703575438000)/",26700,100,10732500,285103000000,400,false,1.52
"DBC",142425,"/Date(1703575438000)/",26700,100,10732400,285100000000,400,false,1.52
"DBC",142425,"/Date(1703575438000)/",26700,1600,10732300,285097000000,400,false,1.52
"DBC",142419,"/Date(1703575432000)/",26700,100,10730700,285055000000,400,false,1.52
"DBC",142419,"/Date(1703575432000)/",26700,28300,10730600,285052000000,400,false,1.52
"DBC",142419,"/Date(1703575432000)/",26700,200,10702300,284296000000,400,false,1.52
"DBC",142419,"/Date(1703575432000)/",26700,1500,10702100,284291000000,400,false,1.52
"DBC",142412,"/Date(1703575426000)/",26700,35300,10700600,284251000000,400,false,1.52
"DBC",142412,"/Date(1703575426000)/",26700,10000,10665300,283308000000,400,false,1.52
"DBC",142412,"/Date(1703575426000)/",26700,100,10655300,283041000000,400,false,1.52
"DBC",142412,"/Date(1703575426000)/",26700,500,10655200,283039000000,400,false,1.52
"DBC",142412,"/Date(1703575426000)/",26700,5000,10654700,283025000000,400,false,1.52
"DBC",142412,"/Date(1703575426000)/",26700,2000,10649700,282892000000,400,false,1.52
"DBC",142412,"/Date(1703575426000)/",26700,1000,10647700,282839000000,400,false,1.52
"DBC",142412,"/Date(1703575426000)/",26700,300,10646700,282812000000,400,false,1.52
"DBC",142412,"/Date(1703575426000)/",26700,5000,10646400,282804000000,400,false,1.52
"DBC",142412,"/Date(1703575426000)/",26700,1000,10641400,282670000000,400,false,1.52
"DBC",142412,"/Date(1703575426000)/",26700,100,10640400,282644000000,400,false,1.52
"DBC",142412,"/Date(1703575426000)/",26700,100,10640300,282641000000,400,false,1.52
"DBC",142412,"/Date(1703575426000)/",26700,1000,10640200,282638000000,400,false,1.52
"DBC",142412,"/Date(1703575426000)/",26700,500,10639200,282612000000,400,false,1.52
"DBC",142412,"/Date(1703575426000)/",26700,500,10638700,282598000000,400,false,1.52
"DBC",142412,"/Date(1703575426000)/",26700,5400,10638200,282585000000,400,false,1.52
"DBC",142412,"/Date(1703575426000)/",26700,7700,10632800,282441000000,400,false,1.52
"DBC",142412,"/Date(1703575426000)/",26700,1500,10625100,282235000000,400,false,1.52
"DBC",142412,"/Date(1703575426000)/",26700,2900,10623600,282195000000,400,false,1.52
"DBC",142412,"/Date(1703575426000)/",26700,7300,10620700,282118000000,400,false,1.52
"DBC",142412,"/Date(1703575426000)/",26700,100,10613400,281923000000,400,false,1.52
"DBC",142412,"/Date(1703575426000)/",26700,1000,10613300,281920000000,400,false,1.52
"DBC",142412,"/Date(1703575426000)/",26700,500,10612300,281893000000,400,false,1.52
"DBC",142412,"/Date(1703575426000)/",26700,1000,10611800,281880000000,400,false,1.52
"DBC",142412,"/Date(1703575426000)/",26700,5000,10610800,281853000000,400,false,1.52
"DBC",142412,"/Date(1703575426000)/",26700,5200,10605800,281720000000,400,false,1.52
"DBC",142409,"/Date(1703575424000)/",26650,500,10600600,281581000000,350,true,1.33
"DBC",142409,"/Date(1703575423000)/",26700,1000,10600100,281568000000,400,false,1.52
"DBC",142406,"/Date(1703575420000)/",26700,8800,10599100,281541000000,400,false,1.52
"DBC",142406,"/Date(1703575420000)/",26700,2900,10590300,281306000000,400,false,1.52
"DBC",142406,"/Date(1703575420000)/",26700,1000,10587400,281229000000,400,false,1.52
"DBC",142406,"/Date(1703575420000)/",26700,100,10586400,281202000000,400,false,1.52
"DBC",142406,"/Date(1703575420000)/",26700,2000,10586300,281199000000,400,false,1.52
"DBC",142406,"/Date(1703575420000)/",26700,200,10584300,281146000000,400,false,1.52
"DBC",142406,"/Date(1703575419000)/",26700,300,10584100,281140000000,400,false,1.52
"DBC",142406,"/Date(1703575419000)/",26700,300,10583800,281132000000,400,false,1.52
"DBC",142406,"/Date(1703575419000)/",26700,100,10583500,281124000000,400,false,1.52
"DBC",142406,"/Date(1703575419000)/",26700,1000,10583400,281122000000,400,false,1.52
"DBC",142406,"/Date(1703575419000)/",26700,200,10582400,281095000000,400,false,1.52
"DBC",142406,"/Date(1703575419000)/",26700,1000,10582200,281090000000,400,false,1.52
"DBC",142406,"/Date(1703575419000)/",26700,2000,10581200,281063000000,400,false,1.52
"DBC",142406,"/Date(1703575419000)/",26700,200,10579200,281010000000,400,false,1.52
"DBC",142406,"/Date(1703575419000)/",26700,100,10579000,281004000000,400,false,1.52
"DBC",142406,"/Date(1703575419000)/",26700,700,10578900,281002000000,400,false,1.52
"DBC",142406,"/Date(1703575419000)/",26700,5000,10578200,280983000000,400,false,1.52
"DBC",142406,"/Date(1703575419000)/",26700,4100,10573200,280849000000,400,false,1.52
"DBC",142403,"/Date(1703575414000)/",26700,100,10569100,280740000000,400,false,1.52
"DBC",142356,"/Date(1703575411000)/",26700,1800,10569000,280737000000,400,false,1.52
"DBC",142356,"/Date(1703575411000)/",26700,300,10567200,280689000000,400,false,1.52
"DBC",142356,"/Date(1703575411000)/",26700,100,10566900,280681000000,400,false,1.52
"DBC",142356,"/Date(1703575411000)/",26700,1300,10566800,280679000000,400,false,1.52
"DBC",142350,"/Date(1703575402000)/",26700,100,10565500,280644000000,400,false,1.52
"DBC",142344,"/Date(1703575396000)/",26700,100,10565400,280641000000,400,false,1.52
"DBC",142344,"/Date(1703575396000)/",26700,900,10565300,280639000000,400,false,1.52
"DBC",142344,"/Date(1703575396000)/",26700,100,10564400,280614000000,400,false,1.52
"DBC",142344,"/Date(1703575396000)/",26700,300,10564300,280612000000,400,false,1.52
"DBC",142344,"/Date(1703575396000)/",26700,400,10564000,280604000000,400,false,1.52
"DBC",142344,"/Date(1703575396000)/",26700,100,10563600,280593000000,400,false,1.52
"DBC",142344,"/Date(1703575396000)/",26700,100,10563500,280590000000,400,false,1.52
"DBC",142331,"/Date(1703575385000)/",26700,500,10563400,280588000000,400,false,1.52
"DBC",142328,"/Date(1703575380000)/",26700,1100,10562900,280574000000,400,false,1.52
"DBC",142328,"/Date(1703575380000)/",26700,900,10561800,280545000000,400,false,1.52
"DBC",142328,"/Date(1703575380000)/",26700,1000,10560900,280521000000,400,false,1.52
"DBC",142328,"/Date(1703575380000)/",26700,1500,10559900,280494000000,400,false,1.52
"DBC",142328,"/Date(1703575379000)/",26650,1000,10558400,280454000000,350,true,1.33
"DBC",142324,"/Date(1703575378000)/",26700,3500,10557400,280428000000,400,false,1.52
"DBC",142324,"/Date(1703575378000)/",26700,300,10553900,280334000000,400,false,1.52
"DBC",142324,"/Date(1703575378000)/",26700,6200,10553600,280326000000,400,false,1.52
"DBC",142324,"/Date(1703575377000)/",26700,1000,10547400,280161000000,400,false,1.52
"DBC",142321,"/Date(1703575375000)/",26650,2000,10546400,280134000000,350,true,1.33
"DBC",142321,"/Date(1703575374000)/",26650,1600,10544400,280081000000,350,true,1.33
"DBC",142318,"/Date(1703575370000)/",26650,2100,10542800,280038000000,350,false,1.33
"DBC",142311,"/Date(1703575366000)/",26650,700,10540700,279982000000,350,false,1.33
"DBC",142311,"/Date(1703575364000)/",26650,200,10540000,279963000000,350,false,1.33
"DBC",142308,"/Date(1703575361000)/",26650,200,10539800,279958000000,350,false,1.33
"DBC",142308,"/Date(1703575360000)/",26650,800,10539600,279953000000,350,false,1.33
"DBC",142305,"/Date(1703575359000)/",26650,100,10538800,279931000000,350,false,1.33
"DBC",142305,"/Date(1703575358000)/",26650,100,10538700,279929000000,350,false,1.33
"DBC",142302,"/Date(1703575356000)/",26650,5000,10538600,279926000000,350,false,1.33
"DBC",142252,"/Date(1703575344000)/",26650,100,10533600,279793000000,350,false,1.33
"DBC",142252,"/Date(1703575344000)/",26650,20000,10533500,279790000000,350,false,1.33
"DBC",142252,"/Date(1703575344000)/",26650,10000,10513500,279257000000,350,false,1.33
"DBC",142252,"/Date(1703575344000)/",26650,6700,10503500,278991000000,350,false,1.33
"DBC",142252,"/Date(1703575344000)/",26650,200,10496800,278812000000,350,false,1.33
"DBC",142252,"/Date(1703575344000)/",26650,200,10496600,278807000000,350,false,1.33
"DBC",142246,"/Date(1703575339000)/",26700,1000,10496400,278801000000,400,false,1.52
"DBC",142239,"/Date(1703575332000)/",26650,500,10495400,278775000000,350,true,1.33
"DBC",142236,"/Date(1703575329000)/",26700,100,10494900,278761000000,400,false,1.52
"DBC",142236,"/Date(1703575328000)/",26700,200,10494800,278759000000,400,false,1.52
"DBC",142230,"/Date(1703575324000)/",26650,100,10494600,278753000000,350,true,1.33
"DBC",142230,"/Date(1703575324000)/",26650,300,10494500,278751000000,350,true,1.33
"DBC",142230,"/Date(1703575324000)/",26650,900,10494200,278743000000,350,true,1.33
"DBC",142230,"/Date(1703575324000)/",26650,100,10493300,278719000000,350,true,1.33
"DBC",142230,"/Date(1703575324000)/",26650,2900,10493200,278716000000,350,true,1.33
"DBC",142227,"/Date(1703575321000)/",26650,100,10490300,278639000000,350,false,1.33
"DBC",142227,"/Date(1703575321000)/",26650,400,10490200,278636000000,350,false,1.33
"DBC",142227,"/Date(1703575319000)/",26650,20000,10489800,278625000000,350,false,1.33
"DBC",142220,"/Date(1703575313000)/",26650,1000,10469800,278092000000,350,false,1.33
"DBC",142217,"/Date(1703575311000)/",26650,1000,10468800,278066000000,350,false,1.33
"DBC",142207,"/Date(1703575302000)/",26650,1000,10467800,278039000000,350,false,1.33
"DBC",142204,"/Date(1703575298000)/",26650,8000,10466800,278013000000,350,false,1.33
"DBC",142204,"/Date(1703575298000)/",26650,100,10458800,277799000000,350,false,1.33
"DBC",142204,"/Date(1703575295000)/",26650,10000,10458700,277797000000,350,false,1.33
"DBC",142201,"/Date(1703575292000)/",26650,7000,10448700,277530000000,350,true,1.33
"DBC",142201,"/Date(1703575292000)/",26650,1500,10441700,277344000000,350,true,1.33
"DBC",142155,"/Date(1703575289000)/",26700,1500,10440200,277304000000,400,false,1.52
"DBC",142155,"/Date(1703575289000)/",26700,1000,10438700,277264000000,400,false,1.52
"DBC",142155,"/Date(1703575289000)/",26700,100,10437700,277237000000,400,false,1.52
"DBC",142155,"/Date(1703575289000)/",26700,200,10437600,277234000000,400,false,1.52
"DBC",142155,"/Date(1703575289000)/",26700,1200,10437400,277229000000,400,false,1.52
"DBC",142155,"/Date(1703575289000)/",26700,400,10436200,277197000000,400,false,1.52
"DBC",142155,"/Date(1703575289000)/",26700,900,10435800,277186000000,400,false,1.52
"DBC",142155,"/Date(1703575289000)/",26700,7100,10434900,277162000000,400,false,1.52
"DBC",142155,"/Date(1703575289000)/",26700,1800,10427800,276973000000,400,false,1.52
"DBC",142155,"/Date(1703575289000)/",26700,100,10426000,276925000000,400,false,1.52
"DBC",142155,"/Date(1703575289000)/",26700,1000,10425900,276922000000,400,false,1.52
"DBC",142151,"/Date(1703575283000)/",26650,6500,10424900,276895000000,350,true,1.33
"DBC",142151,"/Date(1703575283000)/",26650,200,10418400,276722000000,350,true,1.33
"DBC",142151,"/Date(1703575283000)/",26650,1000,10418200,276717000000,350,true,1.33
"DBC",142151,"/Date(1703575283000)/",26650,20300,10417200,276690000000,350,true,1.33
"DBC",142145,"/Date(1703575278000)/",26650,100,10396900,276149000000,350,true,1.33
"DBC",142142,"/Date(1703575273000)/",26700,500,10396800,276146000000,400,false,1.52
"DBC",142139,"/Date(1703575271000)/",26650,400,10396300,276133000000,350,true,1.33
"DBC",142129,"/Date(1703575263000)/",26700,500,10395900,276122000000,400,false,1.52
"DBC",142129,"/Date(1703575261000)/",26650,10000,10395400,276109000000,350,false,1.33
"DBC",142129,"/Date(1703575261000)/",26650,900,10385400,275842000000,350,false,1.33
"DBC",142129,"/Date(1703575261000)/",26650,500,10384500,275818000000,350,false,1.33
"DBC",142129,"/Date(1703575261000)/",26650,100,10384000,275805000000,350,false,1.33
"DBC",142129,"/Date(1703575261000)/",26650,900,10383900,275802000000,350,false,1.33
"DBC",142129,"/Date(1703575261000)/",26650,500,10383000,275778000000,350,false,1.33
"DBC",142129,"/Date(1703575261000)/",26650,300,10382500,275765000000,350,false,1.33
"DBC",142129,"/Date(1703575261000)/",26650,7700,10382200,275757000000,350,false,1.33
"DBC",142129,"/Date(1703575261000)/",26650,1000,10374500,275552000000,350,false,1.33
"DBC",142129,"/Date(1703575261000)/",26650,100,10373500,275525000000,350,false,1.33
"DBC",142129,"/Date(1703575261000)/",26650,100,10373400,275523000000,350,false,1.33
"DBC",142129,"/Date(1703575261000)/",26650,1000,10373300,275520000000,350,false,1.33
"DBC",142129,"/Date(1703575261000)/",26650,200,10372300,275493000000,350,false,1.33
"DBC",142129,"/Date(1703575261000)/",26650,100,10372100,275488000000,350,false,1.33
"DBC",142129,"/Date(1703575261000)/",26650,1000,10372000,275485000000,350,false,1.33
"DBC",142129,"/Date(1703575261000)/",26650,200,10371000,275459000000,350,false,1.33
"DBC",142129,"/Date(1703575261000)/",26650,100,10370800,275453000000,350,false,1.33
"DBC",142129,"/Date(1703575261000)/",26650,200,10370700,275451000000,350,false,1.33
"DBC",142129,"/Date(1703575261000)/",26650,500,10370500,275445000000,350,false,1.33
"DBC",142129,"/Date(1703575261000)/",26650,2000,10370000,275432000000,350,false,1.33
"DBC",142129,"/Date(1703575261000)/",26650,1800,10368000,275379000000,350,false,1.33
"DBC",142129,"/Date(1703575261000)/",26650,1000,10366200,275331000000,350,false,1.33
"DBC",142129,"/Date(1703575261000)/",26650,10000,10365200,275304000000,350,false,1.33
"DBC",142129,"/Date(1703575261000)/",26650,20000,10355200,275038000000,350,false,1.33
"DBC",142129,"/Date(1703575261000)/",26650,10000,10335200,274505000000,350,false,1.33
"DBC",142129,"/Date(1703575261000)/",26650,500,10325200,274238000000,350,false,1.33
"DBC",142129,"/Date(1703575261000)/",26650,2000,10324700,274225000000,350,false,1.33
"DBC",142129,"/Date(1703575261000)/",26650,100,10322700,274171000000,350,false,1.33
"DBC",142129,"/Date(1703575261000)/",26650,500,10322600,274169000000,350,false,1.33
"DBC",142129,"/Date(1703575261000)/",26650,1000,10322100,274155000000,350,false,1.33
"DBC",142129,"/Date(1703575261000)/",26650,4900,10321100,274129000000,350,false,1.33
"DBC",142126,"/Date(1703575260000)/",26650,100,10316200,273998000000,350,false,1.33
"DBC",142126,"/Date(1703575260000)/",26650,800,10316100,273996000000,350,false,1.33
"DBC",142123,"/Date(1703575257000)/",26650,500,10315300,273974000000,350,false,1.33
"DBC",142110,"/Date(1703575244000)/",26650,1000,10314800,273961000000,350,false,1.33
"DBC",142107,"/Date(1703575239000)/",26650,2700,10313800,273934000000,350,false,1.33
"DBC",142107,"/Date(1703575239000)/",26650,5000,10311100,273862000000,350,false,1.33
"DBC",142107,"/Date(1703575239000)/",26650,2300,10306100,273729000000,350,false,1.33
"DBC",142100,"/Date(1703575234000)/",26650,2500,10303800,273668000000,350,false,1.33
"DBC",142057,"/Date(1703575232000)/",26650,200,10301300,273601000000,350,false,1.33
"DBC",142057,"/Date(1703575231000)/",26650,5000,10301100,273596000000,350,false,1.33
"DBC",142057,"/Date(1703575231000)/",26650,1000,10296100,273463000000,350,false,1.33
"DBC",142057,"/Date(1703575231000)/",26650,1000,10295100,273436000000,350,false,1.33
"DBC",142057,"/Date(1703575231000)/",26650,300,10294100,273409000000,350,false,1.33
"DBC",142054,"/Date(1703575226000)/",26650,3700,10293800,273401000000,350,false,1.33
"DBC",142054,"/Date(1703575226000)/",26650,100,10290100,273303000000,350,false,1.33
"DBC",142054,"/Date(1703575226000)/",26650,700,10290000,273300000000,350,false,1.33
"DBC",142054,"/Date(1703575226000)/",26650,500,10289300,273281000000,350,false,1.33
"DBC",142054,"/Date(1703575226000)/",26650,5000,10288800,273268000000,350,false,1.33
"DBC",142054,"/Date(1703575226000)/",26650,2200,10283800,273135000000,350,false,1.33
"DBC",142054,"/Date(1703575226000)/",26650,5000,10281600,273076000000,350,false,1.33
"DBC",142054,"/Date(1703575226000)/",26650,2000,10276600,272943000000,350,false,1.33
"DBC",142054,"/Date(1703575226000)/",26650,800,10274600,272890000000,350,false,1.33
"DBC",142044,"/Date(1703575216000)/",26650,500,10273800,272868000000,350,false,1.33
"DBC",142041,"/Date(1703575213000)/",26650,3400,10273300,272855000000,350,false,1.33
"DBC",142038,"/Date(1703575212000)/",26650,300,10269900,272764000000,350,false,1.33
"DBC",142038,"/Date(1703575212000)/",26650,1100,10269600,272756000000,350,false,1.33
"DBC",142034,"/Date(1703575208000)/",26650,1000,10268500,272727000000,350,false,1.33
"DBC",142025,"/Date(1703575197000)/",26650,500,10267500,272700000000,350,false,1.33
"DBC",142015,"/Date(1703575188000)/",26650,1000,10267000,272687000000,350,false,1.33
"DBC",142009,"/Date(1703575182000)/",26600,1000,10266000,272660000000,300,true,1.14
"DBC",142006,"/Date(1703575180000)/",26600,1000,10265000,272634000000,300,true,1.14
"DBC",142006,"/Date(1703575178000)/",26650,300,10264000,272607000000,350,false,1.33
"DBC",142002,"/Date(1703575177000)/",26650,500,10263700,272599000000,350,false,1.33
"DBC",142002,"/Date(1703575175000)/",26600,20000,10263200,272586000000,300,true,1.14
"DBC",141959,"/Date(1703575174000)/",26650,100,10243200,272054000000,350,false,1.33
"DBC",141956,"/Date(1703575169000)/",26650,500,10243100,272051000000,350,false,1.33
"DBC",141956,"/Date(1703575169000)/",26650,500,10242600,272038000000,350,false,1.33
"DBC",141956,"/Date(1703575168000)/",26600,800,10242100,272025000000,300,true,1.14
"DBC",141953,"/Date(1703575167000)/",26600,1000,10241300,272003000000,300,true,1.14
"DBC",141950,"/Date(1703575162000)/",26600,200,10240300,271977000000,300,true,1.14
"DBC",141950,"/Date(1703575162000)/",26600,100,10240100,271971000000,300,true,1.14
"DBC",141950,"/Date(1703575162000)/",26600,1000,10240000,271969000000,300,true,1.14
"DBC",141950,"/Date(1703575162000)/",26600,1000,10239000,271942000000,300,true,1.14
"DBC",141950,"/Date(1703575162000)/",26600,1000,10238000,271916000000,300,true,1.14
"DBC",141950,"/Date(1703575162000)/",26600,100,10237000,271889000000,300,true,1.14
"DBC",141950,"/Date(1703575162000)/",26600,100,10236900,271886000000,300,true,1.14
"DBC",141950,"/Date(1703575162000)/",26600,1000,10236800,271884000000,300,true,1.14
"DBC",141950,"/Date(1703575162000)/",26600,100,10235800,271857000000,300,true,1.14
"DBC",141950,"/Date(1703575162000)/",26600,2000,10235700,271854000000,300,true,1.14
"DBC",141950,"/Date(1703575162000)/",26600,300,10233700,271801000000,300,true,1.14
"DBC",141950,"/Date(1703575162000)/",26600,300,10233400,271793000000,300,true,1.14
"DBC",141950,"/Date(1703575162000)/",26600,1000,10233100,271785000000,300,true,1.14
"DBC",141950,"/Date(1703575162000)/",26600,1000,10232100,271759000000,300,true,1.14
"DBC",141950,"/Date(1703575162000)/",26600,6000,10231100,271732000000,300,true,1.14
"DBC",141950,"/Date(1703575162000)/",26600,1000,10225100,271572000000,300,true,1.14
"DBC",141950,"/Date(1703575162000)/",26600,500,10224100,271546000000,300,true,1.14
"DBC",141950,"/Date(1703575162000)/",26600,100,10223600,271532000000,300,true,1.14
"DBC",141950,"/Date(1703575162000)/",26600,600,10223500,271530000000,300,true,1.14
"DBC",141950,"/Date(1703575162000)/",26600,100,10222900,271514000000,300,true,1.14
"DBC",141950,"/Date(1703575162000)/",26600,4500,10222800,271511000000,300,true,1.14
"DBC",141950,"/Date(1703575161000)/",26600,1300,10218300,271391000000,300,true,1.14
"DBC",141943,"/Date(1703575155000)/",26600,2000,10217000,271357000000,300,false,1.14
"DBC",141934,"/Date(1703575148000)/",26600,1000,10215000,271304000000,300,false,1.14
"DBC",141934,"/Date(1703575147000)/",26600,100,10214000,271277000000,300,false,1.14
"DBC",141930,"/Date(1703575144000)/",26600,2800,10213900,271274000000,300,false,1.14
"DBC",141927,"/Date(1703575142000)/",26600,2000,10211100,271200000000,300,false,1.14
"DBC",141927,"/Date(1703575141000)/",26600,15000,10209100,271147000000,300,false,1.14
"DBC",141924,"/Date(1703575139000)/",26600,10000,10194100,270748000000,300,false,1.14
"DBC",141924,"/Date(1703575137000)/",26550,1000,10184100,270482000000,250,true,0.95
"DBC",141924,"/Date(1703575136000)/",26600,100,10183100,270455000000,300,false,1.14
"DBC",141911,"/Date(1703575123000)/",26600,11200,10183000,270453000000,300,false,1.14
"DBC",141911,"/Date(1703575123000)/",26600,2000,10171800,270155000000,300,false,1.14
"DBC",141911,"/Date(1703575123000)/",26600,1500,10169800,270101000000,300,false,1.14
"DBC",141911,"/Date(1703575123000)/",26600,3000,10168300,270062000000,300,false,1.14
"DBC",141911,"/Date(1703575123000)/",26600,5000,10165300,269982000000,300,false,1.14
"DBC",141911,"/Date(1703575123000)/",26600,7300,10160300,269849000000,300,false,1.14
"DBC",141908,"/Date(1703575120000)/",26550,1000,10153000,269655000000,250,true,0.95
"DBC",141901,"/Date(1703575115000)/",26600,2700,10152000,269628000000,300,false,1.14
"DBC",141901,"/Date(1703575115000)/",26600,500,10149300,269556000000,300,false,1.14
"DBC",141901,"/Date(1703575115000)/",26600,300,10148800,269543000000,300,false,1.14
"DBC",141901,"/Date(1703575115000)/",26600,100,10148500,269535000000,300,false,1.14
"DBC",141901,"/Date(1703575115000)/",26600,500,10148400,269532000000,300,false,1.14
"DBC",141901,"/Date(1703575115000)/",26600,500,10147900,269519000000,300,false,1.14
"DBC",141901,"/Date(1703575115000)/",26600,2500,10147400,269506000000,300,false,1.14
"DBC",141901,"/Date(1703575115000)/",26600,2000,10144900,269439000000,300,false,1.14
"DBC",141901,"/Date(1703575115000)/",26600,1000,10142900,269386000000,300,false,1.14
"DBC",141901,"/Date(1703575115000)/",26600,400,10141900,269359000000,300,false,1.14
"DBC",141901,"/Date(1703575115000)/",26600,300,10141500,269349000000,300,false,1.14
"DBC",141901,"/Date(1703575115000)/",26600,100,10141200,269341000000,300,false,1.14
"DBC",141901,"/Date(1703575115000)/",26600,500,10141100,269338000000,300,false,1.14
"DBC",141901,"/Date(1703575115000)/",26600,200,10140600,269325000000,300,false,1.14
"DBC",141901,"/Date(1703575115000)/",26600,1000,10140400,269319000000,300,false,1.14
"DBC",141901,"/Date(1703575115000)/",26600,200,10139400,269293000000,300,false,1.14
"DBC",141901,"/Date(1703575115000)/",26600,200,10139200,269288000000,300,false,1.14
"DBC",141901,"/Date(1703575115000)/",26600,100,10139000,269282000000,300,false,1.14
"DBC",141901,"/Date(1703575115000)/",26600,16900,10138900,269280000000,300,false,1.14
"DBC",141901,"/Date(1703575113000)/",26600,3100,10122000,268830000000,300,false,1.14
"DBC",141901,"/Date(1703575113000)/",26600,100,10118900,268748000000,300,false,1.14
"DBC",141901,"/Date(1703575113000)/",26600,1000,10118800,268745000000,300,false,1.14
"DBC",141901,"/Date(1703575113000)/",26600,200,10117800,268718000000,300,false,1.14
"DBC",141901,"/Date(1703575113000)/",26600,200,10117600,268713000000,300,false,1.14
"DBC",141901,"/Date(1703575113000)/",26600,30000,10117400,268708000000,300,false,1.14
"DBC",141901,"/Date(1703575113000)/",26600,500,10087400,267910000000,300,false,1.14
"DBC",141901,"/Date(1703575113000)/",26600,4900,10086900,267896000000,300,false,1.14
"DBC",141901,"/Date(1703575113000)/",26600,25100,10082000,267766000000,300,false,1.14
"DBC",141901,"/Date(1703575113000)/",26600,6400,10056900,267098000000,300,false,1.14
"DBC",141823,"/Date(1703575076000)/",26600,700,10050500,266928000000,300,false,1.14
"DBC",141813,"/Date(1703575068000)/",26550,100,10049800,266909000000,250,true,0.95
"DBC",141813,"/Date(1703575068000)/",26550,9900,10049700,266907000000,250,true,0.95
"DBC",141813,"/Date(1703575068000)/",26550,2000,10039800,266644000000,250,true,0.95
"DBC",141813,"/Date(1703575066000)/",26550,3100,10037800,266591000000,250,true,0.95
"DBC",141813,"/Date(1703575066000)/",26550,1700,10034700,266509000000,250,true,0.95
"DBC",141807,"/Date(1703575060000)/",26600,3800,10033000,266463000000,300,false,1.14
"DBC",141754,"/Date(1703575046000)/",26550,400,10029200,266362000000,250,true,0.95
"DBC",141751,"/Date(1703575044000)/",26600,200,10028800,266352000000,300,false,1.14
"DBC",141748,"/Date(1703575041000)/",26600,200,10028600,266346000000,300,false,1.14
"DBC",141745,"/Date(1703575038000)/",26550,2000,10028400,266341000000,250,true,0.95
"DBC",141741,"/Date(1703575036000)/",26600,200,10026400,266288000000,300,false,1.14
"DBC",141738,"/Date(1703575033000)/",26600,200,10026200,266283000000,300,false,1.14
"DBC",141735,"/Date(1703575030000)/",26550,100,10026000,266277000000,250,true,0.95
"DBC",141735,"/Date(1703575030000)/",26550,1000,10025900,266275000000,250,true,0.95
"DBC",141732,"/Date(1703575024000)/",26600,200,10024900,266248000000,300,false,1.14
"DBC",141729,"/Date(1703575021000)/",26550,1000,10024700,266243000000,250,true,0.95
"DBC",141719,"/Date(1703575013000)/",26550,100,10023700,266216000000,250,true,0.95
"DBC",141719,"/Date(1703575012000)/",26550,400,10023600,266214000000,250,true,0.95
"DBC",141716,"/Date(1703575009000)/",26600,200,10023200,266203000000,300,false,1.14
"DBC",141712,"/Date(1703575007000)/",26550,200,10023000,266198000000,250,true,0.95
"DBC",141712,"/Date(1703575006000)/",26550,300,10022800,266192000000,250,true,0.95
"DBC",141706,"/Date(1703574999000)/",26550,500,10022500,266184000000,250,false,0.95
"DBC",141706,"/Date(1703574999000)/",26550,1000,10022000,266171000000,250,false,0.95
"DBC",141706,"/Date(1703574999000)/",26550,500,10021000,266145000000,250,false,0.95
"DBC",141706,"/Date(1703574999000)/",26550,500,10020500,266131000000,250,false,0.95
"DBC",141706,"/Date(1703574999000)/",26550,100,10020000,266118000000,250,false,0.95
"DBC",141706,"/Date(1703574999000)/",26550,5000,10019900,266115000000,250,false,0.95
"DBC",141706,"/Date(1703574999000)/",26550,5200,10014900,265983000000,250,false,0.95
"DBC",141703,"/Date(1703574997000)/",26550,200,10009700,265845000000,250,false,0.95
"DBC",141657,"/Date(1703574991000)/",26500,200,10009500,265839000000,200,true,0.76
"DBC",141650,"/Date(1703574983000)/",26550,4600,10009300,265834000000,250,false,0.95
"DBC",141650,"/Date(1703574983000)/",26550,100,10004700,265712000000,250,false,0.95
"DBC",141650,"/Date(1703574983000)/",26550,200,10004600,265709000000,250,false,0.95
"DBC",141650,"/Date(1703574983000)/",26550,500,10004400,265704000000,250,false,0.95
"DBC",141650,"/Date(1703574983000)/",26550,400,10003900,265691000000,250,false,0.95
"DBC",141650,"/Date(1703574983000)/",26550,49200,10003500,265680000000,250,false,0.95
"DBC",141644,"/Date(1703574979000)/",26550,800,9954300,264374000000,250,false,0.95
"DBC",141644,"/Date(1703574979000)/",26550,29200,9953500,264352000000,250,false,0.95
"DBC",141637,"/Date(1703574969000)/",26550,10800,9924300,263577000000,250,false,0.95
"DBC",141637,"/Date(1703574969000)/",26550,2000,9913500,263290000000,250,false,0.95
"DBC",141637,"/Date(1703574969000)/",26550,20000,9911500,263237000000,250,false,0.95
"DBC",141637,"/Date(1703574969000)/",26550,2000,9891500,262706000000,250,false,0.95
"DBC",141637,"/Date(1703574969000)/",26550,1000,9889500,262653000000,250,false,0.95
"DBC",141637,"/Date(1703574969000)/",26550,4200,9888500,262627000000,250,false,0.95
"DBC",141628,"/Date(1703574963000)/",26500,300,9884300,262515000000,200,true,0.76
"DBC",141615,"/Date(1703574949000)/",26550,100,9884000,262507000000,250,false,0.95
"DBC",141543,"/Date(1703574918000)/",26550,1000,9883900,262505000000,250,false,0.95
"DBC",141536,"/Date(1703574910000)/",26500,2000,9882900,262478000000,200,true,0.76
"DBC",141536,"/Date(1703574910000)/",26500,200,9880900,262425000000,200,true,0.76
"DBC",141536,"/Date(1703574910000)/",26500,3000,9880700,262420000000,200,true,0.76
"DBC",141536,"/Date(1703574910000)/",26500,100,9877700,262340000000,200,true,0.76
"DBC",141536,"/Date(1703574910000)/",26500,1200,9877600,262338000000,200,true,0.76
"DBC",141536,"/Date(1703574910000)/",26500,500,9876400,262306000000,200,true,0.76
"DBC",141536,"/Date(1703574910000)/",26500,4000,9875900,262293000000,200,true,0.76
"DBC",141536,"/Date(1703574910000)/",26500,500,9871900,262187000000,200,true,0.76
"DBC",141536,"/Date(1703574910000)/",26500,500,9871400,262173000000,200,true,0.76
"DBC",141536,"/Date(1703574910000)/",26500,13100,9870900,262160000000,200,true,0.76
"DBC",141536,"/Date(1703574910000)/",26500,13300,9857800,261813000000,200,true,0.76
"DBC",141536,"/Date(1703574910000)/",26500,19000,9844500,261460000000,200,true,0.76
"DBC",141530,"/Date(1703574905000)/",26500,1000,9825500,260957000000,200,false,0.76
"DBC",141530,"/Date(1703574904000)/",26450,500,9824500,260930000000,150,true,0.57
"DBC",141527,"/Date(1703574902000)/",26450,12600,9824000,260917000000,150,true,0.57
"DBC",141527,"/Date(1703574902000)/",26450,200,9811400,260584000000,150,true,0.57
"DBC",141527,"/Date(1703574902000)/",26450,1900,9811200,260579000000,150,true,0.57
"DBC",141524,"/Date(1703574896000)/",26500,200,9809300,260528000000,200,false,0.76
"DBC",141520,"/Date(1703574895000)/",26500,200,9809100,260523000000,200,false,0.76
"DBC",141517,"/Date(1703574891000)/",26500,800,9808900,260518000000,200,false,0.76
"DBC",141517,"/Date(1703574891000)/",26500,200,9808100,260497000000,200,false,0.76
"DBC",141514,"/Date(1703574887000)/",26500,800,9807900,260491000000,200,false,0.76
"DBC",141514,"/Date(1703574887000)/",26500,1000,9807100,260470000000,200,false,0.76
"DBC",141514,"/Date(1703574887000)/",26500,2000,9806100,260444000000,200,false,0.76
"DBC",141514,"/Date(1703574887000)/",26500,300,9804100,260391000000,200,false,0.76
"DBC",141514,"/Date(1703574887000)/",26500,900,9803800,260383000000,200,false,0.76
"DBC",141504,"/Date(1703574878000)/",26500,200,9802900,260359000000,200,false,0.76
"DBC",141504,"/Date(1703574877000)/",26500,400,9802700,260354000000,200,false,0.76
"DBC",141504,"/Date(1703574877000)/",26500,300,9802300,260343000000,200,false,0.76
"DBC",141504,"/Date(1703574877000)/",26500,200,9802000,260335000000,200,false,0.76
"DBC",141504,"/Date(1703574877000)/",26500,600,9801800,260330000000,200,false,0.76
"DBC",141504,"/Date(1703574877000)/",26500,500,9801200,260314000000,200,false,0.76
"DBC",141504,"/Date(1703574877000)/",26500,1100,9800700,260301000000,200,false,0.76
"DBC",141504,"/Date(1703574877000)/",26500,2100,9799600,260271000000,200,false,0.76
"DBC",141458,"/Date(1703574870000)/",26500,21800,9797500,260216000000,200,false,0.76
"DBC",141458,"/Date(1703574870000)/",26500,400,9775700,259638000000,200,false,0.76
"DBC",141458,"/Date(1703574870000)/",26500,1000,9775300,259627000000,200,false,0.76
"DBC",141458,"/Date(1703574870000)/",26500,25000,9774300,259601000000,200,false,0.76
"DBC",141458,"/Date(1703574870000)/",26500,1800,9749300,258938000000,200,false,0.76
"DBC",141455,"/Date(1703574870000)/",26500,15200,9747500,258891000000,200,false,0.76
"DBC",141432,"/Date(1703574846000)/",26500,1000,9732300,258488000000,200,false,0.76
"DBC",141426,"/Date(1703574839000)/",26500,1000,9731300,258461000000,200,false,0.76
"DBC",141426,"/Date(1703574838000)/",26450,1300,9730300,258435000000,150,true,0.57
"DBC",141423,"/Date(1703574837000)/",26500,1000,9729000,258401000000,200,false,0.76
"DBC",141419,"/Date(1703574835000)/",26450,4400,9728000,258374000000,150,true,0.57
"DBC",141419,"/Date(1703574835000)/",26450,5600,9723600,258258000000,150,true,0.57
"DBC",141419,"/Date(1703574833000)/",26500,3000,9718000,258110000000,200,false,0.76
"DBC",141419,"/Date(1703574833000)/",26500,1000,9715000,258030000000,200,false,0.76
"DBC",141416,"/Date(1703574829000)/",26450,10000,9714000,258004000000,150,true,0.57
"DBC",141407,"/Date(1703574822000)/",26500,1000,9704000,257739000000,200,false,0.76
"DBC",141354,"/Date(1703574806000)/",26450,200,9703000,257713000000,150,true,0.57
"DBC",141347,"/Date(1703574801000)/",26500,1000,9702800,257707000000,200,false,0.76
"DBC",141347,"/Date(1703574801000)/",26450,100,9701800,257681000000,150,true,0.57
"DBC",141338,"/Date(1703574792000)/",26450,1000,9701700,257678000000,150,true,0.57
"DBC",141338,"/Date(1703574791000)/",26500,1000,9700700,257652000000,200,false,0.76
"DBC",141328,"/Date(1703574783000)/",26450,500,9699700,257625000000,150,true,0.57
"DBC",141328,"/Date(1703574783000)/",26450,4000,9699200,257612000000,150,true,0.57
"DBC",141325,"/Date(1703574779000)/",26450,4000,9695200,257506000000,150,true,0.57
"DBC",141302,"/Date(1703574756000)/",26500,1000,9691200,257400000000,200,false,0.76
"DBC",141256,"/Date(1703574751000)/",26450,5000,9690200,257374000000,150,false,0.57
"DBC",141256,"/Date(1703574751000)/",26450,19600,9685200,257242000000,150,false,0.57
"DBC",141230,"/Date(1703574725000)/",26450,1000,9665600,256723000000,150,false,0.57
"DBC",141224,"/Date(1703574719000)/",26400,19400,9664600,256697000000,100,true,0.38
"DBC",141224,"/Date(1703574719000)/",26400,600,9645200,256185000000,100,true,0.38
"DBC",141208,"/Date(1703574703000)/",26450,200,9644600,256169000000,150,false,0.57
"DBC",141155,"/Date(1703574688000)/",26400,200,9644400,256163000000,100,true,0.38
"DBC",141136,"/Date(1703574669000)/",26450,200,9644200,256158000000,150,false,0.57
"DBC",141133,"/Date(1703574668000)/",26450,800,9644000,256153000000,150,true,0.57
"DBC",141133,"/Date(1703574668000)/",26450,100,9643200,256132000000,150,true,0.57
"DBC",141133,"/Date(1703574668000)/",26450,4100,9643100,256129000000,150,true,0.57
"DBC",141123,"/Date(1703574656000)/",26450,2800,9639000,256021000000,150,true,0.57
"DBC",141120,"/Date(1703574655000)/",26450,500,9636200,255947000000,150,true,0.57
"DBC",141107,"/Date(1703574640000)/",26450,600,9635700,255933000000,150,true,0.57
"DBC",141041,"/Date(1703574616000)/",26450,500,9635100,255917000000,150,true,0.57
"DBC",141038,"/Date(1703574612000)/",26450,2200,9634600,255904000000,150,true,0.57
"DBC",141032,"/Date(1703574605000)/",26500,1000,9632400,255846000000,200,false,0.76
"DBC",141029,"/Date(1703574602000)/",26450,10000,9631400,255820000000,150,false,0.57
"DBC",141029,"/Date(1703574602000)/",26450,1000,9621400,255555000000,150,false,0.57
"DBC",141029,"/Date(1703574602000)/",26450,6000,9620400,255529000000,150,false,0.57
"DBC",141029,"/Date(1703574602000)/",26450,1000,9614400,255370000000,150,false,0.57
"DBC",141029,"/Date(1703574602000)/",26450,21300,9613400,255343000000,150,false,0.57
"DBC",141025,"/Date(1703574598000)/",26400,200,9592100,254780000000,100,true,0.38
"DBC",140950,"/Date(1703574566000)/",26450,9700,9591900,254775000000,150,false,0.57
"DBC",140947,"/Date(1703574562000)/",26450,5000,9582200,254518000000,150,true,0.57
"DBC",140947,"/Date(1703574561000)/",26450,5300,9577200,254386000000,150,true,0.57
"DBC",140947,"/Date(1703574561000)/",26450,400,9571900,254246000000,150,true,0.57
"DBC",140947,"/Date(1703574561000)/",26450,400,9571500,254235000000,150,true,0.57
"DBC",140947,"/Date(1703574561000)/",26450,2000,9571100,254225000000,150,true,0.57
"DBC",140947,"/Date(1703574561000)/",26450,800,9569100,254172000000,150,true,0.57
"DBC",140947,"/Date(1703574561000)/",26450,1100,9568300,254151000000,150,true,0.57
"DBC",140941,"/Date(1703574554000)/",26450,19000,9567200,254121000000,150,true,0.57
"DBC",140905,"/Date(1703574519000)/",26500,1000,9548200,253619000000,200,false,0.76
"DBC",140902,"/Date(1703574515000)/",26450,10000,9547200,253592000000,150,false,0.57
"DBC",140902,"/Date(1703574515000)/",26450,1000,9537200,253328000000,150,false,0.57
"DBC",140902,"/Date(1703574515000)/",26450,3000,9536200,253301000000,150,false,0.57
"DBC",140902,"/Date(1703574515000)/",26450,1000,9533200,253222000000,150,false,0.57
"DBC",140902,"/Date(1703574515000)/",26450,4000,9532200,253196000000,150,false,0.57
"DBC",140902,"/Date(1703574515000)/",26450,10900,9528200,253090000000,150,false,0.57
"DBC",140859,"/Date(1703574513000)/",26450,500,9517300,252802000000,150,false,0.57
"DBC",140859,"/Date(1703574512000)/",26450,5000,9516800,252788000000,150,false,0.57
"DBC",140852,"/Date(1703574506000)/",26450,4600,9511800,252656000000,150,false,0.57
"DBC",140852,"/Date(1703574506000)/",26450,5400,9507200,252534000000,150,false,0.57
"DBC",140849,"/Date(1703574502000)/",26450,1000,9501800,252392000000,150,false,0.57
"DBC",140839,"/Date(1703574493000)/",26450,9000,9500800,252365000000,150,false,0.57
"DBC",140836,"/Date(1703574490000)/",26450,100,9491800,252127000000,150,false,0.57
"DBC",140814,"/Date(1703574468000)/",26450,1000,9491700,252124000000,150,false,0.57
"DBC",140811,"/Date(1703574464000)/",26400,17100,9490700,252098000000,100,true,0.38
"DBC",140811,"/Date(1703574464000)/",26400,2900,9473600,251647000000,100,true,0.38
"DBC",140804,"/Date(1703574459000)/",26450,3500,9470700,251570000000,150,false,0.57
"DBC",140804,"/Date(1703574459000)/",26450,1500,9467200,251477000000,150,false,0.57
"DBC",140801,"/Date(1703574456000)/",26450,500,9465700,251438000000,150,false,0.57
"DBC",140755,"/Date(1703574450000)/",26400,1900,9465200,251425000000,100,true,0.38
"DBC",140748,"/Date(1703574443000)/",26450,100,9463300,251374000000,150,false,0.57
"DBC",140748,"/Date(1703574442000)/",26400,100,9463200,251372000000,100,true,0.38
"DBC",140739,"/Date(1703574431000)/",26450,1000,9463100,251369000000,150,false,0.57
"DBC",140729,"/Date(1703574422000)/",26400,1000,9462100,251343000000,100,true,0.38
"DBC",140726,"/Date(1703574421000)/",26400,500,9461100,251316000000,100,true,0.38
"DBC",140719,"/Date(1703574413000)/",26400,13000,9460600,251303000000,100,true,0.38
"DBC",140716,"/Date(1703574412000)/",26400,5600,9447600,250960000000,100,true,0.38
"DBC",140716,"/Date(1703574412000)/",26400,300,9442000,250812000000,100,true,0.38
"DBC",140716,"/Date(1703574412000)/",26400,100,9441700,250804000000,100,true,0.38
"DBC",140716,"/Date(1703574412000)/",26400,1000,9441600,250801000000,100,true,0.38
"DBC",140710,"/Date(1703574403000)/",26450,200,9440600,250775000000,150,false,0.57
"DBC",140657,"/Date(1703574392000)/",26450,200,9440400,250770000000,150,false,0.57
"DBC",140654,"/Date(1703574387000)/",26450,400,9440200,250764000000,150,false,0.57
"DBC",140641,"/Date(1703574374000)/",26450,500,9439800,250754000000,150,false,0.57
"DBC",140641,"/Date(1703574374000)/",26450,2000,9439300,250741000000,150,false,0.57
"DBC",140641,"/Date(1703574374000)/",26450,1000,9437300,250688000000,150,false,0.57
"DBC",140641,"/Date(1703574374000)/",26450,32600,9436300,250661000000,150,false,0.57
"DBC",140638,"/Date(1703574371000)/",26450,27400,9403700,249799000000,150,true,0.57
"DBC",140638,"/Date(1703574371000)/",26450,100,9376300,249074000000,150,true,0.57
"DBC",140615,"/Date(1703574350000)/",26500,200,9376200,249072000000,200,false,0.76
"DBC",140615,"/Date(1703574349000)/",26500,100,9376000,249066000000,200,false,0.76
"DBC",140615,"/Date(1703574349000)/",26500,100,9375900,249064000000,200,false,0.76
"DBC",140615,"/Date(1703574349000)/",26500,800,9375800,249061000000,200,false,0.76
"DBC",140615,"/Date(1703574349000)/",26500,1000,9375000,249040000000,200,false,0.76
"DBC",140612,"/Date(1703574348000)/",26500,1200,9374000,249013000000,200,true,0.76
"DBC",140612,"/Date(1703574348000)/",26500,100,9372800,248982000000,200,true,0.76
"DBC",140612,"/Date(1703574348000)/",26500,1700,9372700,248979000000,200,true,0.76
"DBC",140612,"/Date(1703574346000)/",26500,800,9371000,248934000000,200,true,0.76
"DBC",140612,"/Date(1703574346000)/",26500,100,9370200,248913000000,200,true,0.76
"DBC",140612,"/Date(1703574346000)/",26500,100,9370100,248910000000,200,true,0.76
"DBC",140609,"/Date(1703574344000)/",26500,2000,9370000,248907000000,200,true,0.76
"DBC",140609,"/Date(1703574342000)/",26500,2800,9368000,248854000000,200,true,0.76
"DBC",140609,"/Date(1703574342000)/",26500,37200,9365200,248780000000,200,true,0.76
"DBC",140602,"/Date(1703574338000)/",26500,2000,9328000,247794000000,200,true,0.76
"DBC",140559,"/Date(1703574333000)/",26500,2000,9326000,247741000000,200,true,0.76
"DBC",140546,"/Date(1703574320000)/",26500,300,9324000,247688000000,200,true,0.76
"DBC",140543,"/Date(1703574318000)/",26550,900,9323700,247680000000,250,false,0.95
"DBC",140543,"/Date(1703574318000)/",26550,1000,9322800,247656000000,250,false,0.95
"DBC",140543,"/Date(1703574318000)/",26550,1000,9321800,247630000000,250,false,0.95
"DBC",140543,"/Date(1703574318000)/",26550,17100,9320800,247603000000,250,false,0.95
"DBC",140527,"/Date(1703574301000)/",26500,10000,9303700,247149000000,200,true,0.76
"DBC",140505,"/Date(1703574280000)/",26550,100,9293700,246884000000,250,false,0.95
"DBC",140442,"/Date(1703574258000)/",26500,4000,9293600,246882000000,200,true,0.76
"DBC",140439,"/Date(1703574252000)/",26500,500,9289600,246776000000,200,true,0.76
"DBC",140423,"/Date(1703574237000)/",26550,1000,9289100,246762000000,250,false,0.95
"DBC",140345,"/Date(1703574199000)/",26550,800,9288100,246736000000,250,false,0.95
"DBC",140345,"/Date(1703574199000)/",26550,2000,9287300,246715000000,250,false,0.95
"DBC",140341,"/Date(1703574197000)/",26600,1000,9285300,246662000000,300,false,1.14
"DBC",140329,"/Date(1703574184000)/",26600,1000,9284300,246635000000,300,false,1.14
"DBC",140303,"/Date(1703574158000)/",26600,1000,9283300,246608000000,300,false,1.14
"DBC",140300,"/Date(1703574153000)/",26550,2000,9282300,246582000000,250,true,0.95
"DBC",140253,"/Date(1703574149000)/",26550,400,9280300,246529000000,250,false,0.95
"DBC",140253,"/Date(1703574149000)/",26550,10000,9279900,246518000000,250,false,0.95
"DBC",140253,"/Date(1703574149000)/",26550,100,9269900,246253000000,250,false,0.95
"DBC",140253,"/Date(1703574149000)/",26550,1600,9269800,246250000000,250,false,0.95
"DBC",140253,"/Date(1703574149000)/",26550,500,9268200,246207000000,250,false,0.95
"DBC",140253,"/Date(1703574149000)/",26550,400,9267700,246194000000,250,false,0.95
"DBC",140253,"/Date(1703574149000)/",26550,10000,9267300,246184000000,250,false,0.95
"DBC",140253,"/Date(1703574149000)/",26550,23000,9257300,245918000000,250,false,0.95
"DBC",140253,"/Date(1703574147000)/",26550,4000,9234300,245307000000,250,false,0.95
"DBC",140215,"/Date(1703574111000)/",26550,1300,9230300,245201000000,250,false,0.95
"DBC",140212,"/Date(1703574105000)/",26550,100,9229000,245167000000,250,false,0.95
"DBC",140212,"/Date(1703574105000)/",26550,1000,9228900,245164000000,250,false,0.95
"DBC",140205,"/Date(1703574100000)/",26500,1000,9227900,245137000000,200,true,0.76
"DBC",140153,"/Date(1703574089000)/",26550,1400,9226900,245111000000,250,false,0.95
"DBC",140153,"/Date(1703574089000)/",26550,100,9225500,245074000000,250,false,0.95
"DBC",140153,"/Date(1703574089000)/",26550,100,9225400,245071000000,250,false,0.95
"DBC",140153,"/Date(1703574089000)/",26550,3000,9225300,245068000000,250,false,0.95
"DBC",140153,"/Date(1703574089000)/",26550,400,9222300,244989000000,250,false,0.95
"DBC",140153,"/Date(1703574087000)/",26550,400,9221900,244978000000,250,false,0.95
"DBC",140149,"/Date(1703574083000)/",26550,5000,9221500,244968000000,250,false,0.95
"DBC",140130,"/Date(1703574066000)/",26550,1000,9216500,244835000000,250,true,0.95
"DBC",140130,"/Date(1703574065000)/",26550,1700,9215500,244808000000,250,true,0.95
"DBC",140130,"/Date(1703574065000)/",26550,5000,9213800,244763000000,250,true,0.95
"DBC",140130,"/Date(1703574065000)/",26550,1000,9208800,244630000000,250,true,0.95
"DBC",140130,"/Date(1703574065000)/",26550,12000,9207800,244604000000,250,true,0.95
"DBC",140127,"/Date(1703574062000)/",26550,2000,9195800,244285000000,250,true,0.95
"DBC",140127,"/Date(1703574062000)/",26550,2000,9193800,244232000000,250,true,0.95
"DBC",140117,"/Date(1703574052000)/",26550,31000,9191800,244179000000,250,true,0.95
"DBC",140055,"/Date(1703574029000)/",26600,200,9160800,243356000000,300,false,1.14
"DBC",140045,"/Date(1703574019000)/",26600,4700,9160600,243351000000,300,false,1.14
"DBC",140045,"/Date(1703574019000)/",26600,500,9155900,243226000000,300,false,1.14
"DBC",140045,"/Date(1703574019000)/",26600,3000,9155400,243212000000,300,false,1.14
"DBC",140045,"/Date(1703574019000)/",26600,1800,9152400,243133000000,300,false,1.14
"DBC",140039,"/Date(1703574014000)/",26550,2000,9150600,243085000000,250,true,0.95
"DBC",140033,"/Date(1703574009000)/",26600,200,9148600,243032000000,300,false,1.14
"DBC",140017,"/Date(1703573992000)/",26600,1000,9148400,243026000000,300,false,1.14
"DBC",140007,"/Date(1703573981000)/",26550,5000,9147400,243000000000,250,true,0.95
"DBC",135957,"/Date(1703573971000)/",26550,2000,9142400,242867000000,250,true,0.95
"DBC",135954,"/Date(1703573970000)/",26550,300,9140400,242814000000,250,true,0.95
"DBC",135954,"/Date(1703573970000)/",26550,500,9140100,242806000000,250,true,0.95
"DBC",135954,"/Date(1703573970000)/",26550,100,9139600,242793000000,250,true,0.95
"DBC",135954,"/Date(1703573970000)/",26550,20000,9139500,242790000000,250,true,0.95
"DBC",135954,"/Date(1703573970000)/",26550,2300,9119500,242259000000,250,true,0.95
"DBC",135954,"/Date(1703573970000)/",26550,200,9117200,242198000000,250,true,0.95
"DBC",135954,"/Date(1703573970000)/",26550,20600,9117000,242193000000,250,true,0.95
"DBC",135948,"/Date(1703573962000)/",26550,10000,9096400,241646000000,250,false,0.95
"DBC",135941,"/Date(1703573955000)/",26550,7700,9086400,241380000000,250,false,0.95
"DBC",135941,"/Date(1703573955000)/",26500,1000,9078700,241176000000,200,true,0.76
"DBC",135922,"/Date(1703573938000)/",26550,1000,9077700,241149000000,250,false,0.95
"DBC",135909,"/Date(1703573923000)/",26550,10700,9076700,241123000000,250,false,0.95
"DBC",135909,"/Date(1703573923000)/",26550,9300,9066000,240839000000,250,false,0.95
"DBC",135906,"/Date(1703573922000)/",26550,400,9056700,240592000000,250,false,0.95
"DBC",135900,"/Date(1703573913000)/",26500,1000,9056300,240581000000,200,true,0.76
"DBC",135857,"/Date(1703573910000)/",26500,100,9055300,240555000000,200,true,0.76
"DBC",135815,"/Date(1703573870000)/",26550,11300,9055200,240552000000,250,false,0.95
"DBC",135815,"/Date(1703573870000)/",26550,700,9043900,240252000000,250,false,0.95
"DBC",135746,"/Date(1703573843000)/",26550,1000,9043200,240233000000,250,false,0.95
"DBC",135743,"/Date(1703573838000)/",26500,1000,9042200,240207000000,200,false,0.76
"DBC",135743,"/Date(1703573838000)/",26500,1000,9041200,240180000000,200,false,0.76
"DBC",135743,"/Date(1703573838000)/",26500,1000,9040200,240154000000,200,false,0.76
"DBC",135743,"/Date(1703573838000)/",26500,1000,9039200,240127000000,200,false,0.76
"DBC",135743,"/Date(1703573838000)/",26500,1100,9038200,240101000000,200,false,0.76
"DBC",135743,"/Date(1703573838000)/",26500,1000,9037100,240072000000,200,false,0.76
"DBC",135743,"/Date(1703573838000)/",26500,400,9036100,240045000000,200,false,0.76
"DBC",135743,"/Date(1703573838000)/",26500,3000,9035700,240034000000,200,false,0.76
"DBC",135743,"/Date(1703573838000)/",26500,400,9032700,239955000000,200,false,0.76
"DBC",135743,"/Date(1703573838000)/",26500,200,9032300,239944000000,200,false,0.76
"DBC",135743,"/Date(1703573838000)/",26500,12000,9032100,239939000000,200,false,0.76
"DBC",135743,"/Date(1703573838000)/",26500,1000,9020100,239621000000,200,false,0.76
"DBC",135743,"/Date(1703573838000)/",26500,500,9019100,239595000000,200,false,0.76
"DBC",135743,"/Date(1703573838000)/",26500,1000,9018600,239581000000,200,false,0.76
"DBC",135743,"/Date(1703573838000)/",26500,300,9017600,239555000000,200,false,0.76
"DBC",135743,"/Date(1703573838000)/",26500,200,9017300,239547000000,200,false,0.76
"DBC",135743,"/Date(1703573838000)/",26500,1000,9017100,239542000000,200,false,0.76
"DBC",135717,"/Date(1703573813000)/",26500,15000,9016100,239515000000,200,false,0.76
"DBC",135708,"/Date(1703573804000)/",26500,100,9001100,239118000000,200,false,0.76
"DBC",135708,"/Date(1703573803000)/",26500,5600,9001000,239115000000,200,false,0.76
"DBC",135626,"/Date(1703573761000)/",26500,1000,8995400,238967000000,200,false,0.76
"DBC",135620,"/Date(1703573755000)/",26450,8000,8994400,238940000000,150,false,0.57
"DBC",135613,"/Date(1703573749000)/",26450,5000,8986400,238728000000,150,false,0.57
"DBC",135535,"/Date(1703573710000)/",26450,1000,8981400,238596000000,150,false,0.57
"DBC",135450,"/Date(1703573666000)/",26500,1000,8980400,238570000000,200,false,0.76
"DBC",135440,"/Date(1703573657000)/",26400,3900,8979400,238543000000,100,true,0.38
"DBC",135440,"/Date(1703573657000)/",26400,200,8975500,238440000000,100,true,0.38
"DBC",135440,"/Date(1703573657000)/",26400,100,8975300,238435000000,100,true,0.38
"DBC",135440,"/Date(1703573657000)/",26400,1000,8975200,238432000000,100,true,0.38
"DBC",135440,"/Date(1703573657000)/",26400,5000,8974200,238406000000,100,true,0.38
"DBC",135440,"/Date(1703573657000)/",26400,100,8969200,238274000000,100,true,0.38
"DBC",135440,"/Date(1703573657000)/",26400,1000,8969100,238271000000,100,true,0.38
"DBC",135440,"/Date(1703573657000)/",26400,1900,8968100,238245000000,100,true,0.38
"DBC",135440,"/Date(1703573657000)/",26450,1000,8966200,238195000000,150,false,0.57
"DBC",135431,"/Date(1703573645000)/",26400,100,8965200,238168000000,100,true,0.38
"DBC",135431,"/Date(1703573645000)/",26400,5400,8965100,238166000000,100,true,0.38
"DBC",135431,"/Date(1703573645000)/",26400,200,8959700,238023000000,100,true,0.38
"DBC",135431,"/Date(1703573645000)/",26400,300,8959500,238018000000,100,true,0.38
"DBC",135431,"/Date(1703573645000)/",26450,4400,8959200,238010000000,150,true,0.57
"DBC",135431,"/Date(1703573645000)/",26450,9600,8954800,237894000000,150,true,0.57
"DBC",135421,"/Date(1703573637000)/",26500,1000,8945200,237640000000,200,false,0.76
"DBC",135418,"/Date(1703573632000)/",26450,500,8944200,237613000000,150,true,0.57
"DBC",135352,"/Date(1703573607000)/",26500,1000,8943700,237600000000,200,false,0.76
"DBC",135346,"/Date(1703573602000)/",26450,2500,8942700,237573000000,150,false,0.57
"DBC",135346,"/Date(1703573602000)/",26450,100,8940200,237507000000,150,false,0.57
"DBC",135346,"/Date(1703573602000)/",26450,7300,8940100,237505000000,150,false,0.57
"DBC",135346,"/Date(1703573600000)/",26450,500,8932800,237312000000,150,false,0.57
"DBC",135336,"/Date(1703573591000)/",26450,2000,8932300,237298000000,150,false,0.57
"DBC",135236,"/Date(1703573532000)/",26450,200,8930300,237245000000,150,false,0.57
"DBC",135232,"/Date(1703573528000)/",26450,2100,8930100,237240000000,150,false,0.57
"DBC",135232,"/Date(1703573528000)/",26450,500,8928000,237185000000,150,false,0.57
"DBC",135232,"/Date(1703573528000)/",26450,500,8927500,237171000000,150,false,0.57
"DBC",135232,"/Date(1703573528000)/",26450,5000,8927000,237158000000,150,false,0.57
"DBC",135232,"/Date(1703573528000)/",26450,1900,8922000,237026000000,150,false,0.57
"DBC",135141,"/Date(1703573476000)/",26500,1000,8920100,236976000000,200,false,0.76
"DBC",135135,"/Date(1703573472000)/",26450,500,8919100,236949000000,150,false,0.57
"DBC",135135,"/Date(1703573472000)/",26450,600,8918600,236936000000,150,false,0.57
"DBC",135131,"/Date(1703573467000)/",26450,400,8918000,236920000000,150,false,0.57
"DBC",135122,"/Date(1703573458000)/",26450,200,8917600,236909000000,150,false,0.57
"DBC",135112,"/Date(1703573449000)/",26450,800,8917400,236904000000,150,false,0.57
"DBC",135109,"/Date(1703573445000)/",26450,5400,8916600,236883000000,150,true,0.57
"DBC",135109,"/Date(1703573445000)/",26450,100,8911200,236740000000,150,true,0.57
"DBC",135109,"/Date(1703573445000)/",26450,3700,8911100,236737000000,150,true,0.57
"DBC",135109,"/Date(1703573444000)/",26450,3000,8907400,236640000000,150,true,0.57
"DBC",135100,"/Date(1703573436000)/",26450,100,8904400,236560000000,150,false,0.57
"DBC",135050,"/Date(1703573425000)/",26450,200,8904300,236558000000,150,false,0.57
"DBC",135050,"/Date(1703573425000)/",26450,500,8904100,236552000000,150,false,0.57
"DBC",135040,"/Date(1703573416000)/",26450,4600,8903600,236539000000,150,false,0.57
"DBC",135034,"/Date(1703573409000)/",26450,1000,8899000,236417000000,150,false,0.57
"DBC",135024,"/Date(1703573399000)/",26400,200,8898000,236391000000,100,true,0.38
"DBC",135024,"/Date(1703573399000)/",26400,100,8897800,236386000000,100,true,0.38
"DBC",135024,"/Date(1703573399000)/",26400,200,8897700,236383000000,100,true,0.38
"DBC",134949,"/Date(1703573363000)/",26450,1000,8897500,236378000000,150,false,0.57
"DBC",134949,"/Date(1703573363000)/",26450,100,8896500,236351000000,150,false,0.57
"DBC",134949,"/Date(1703573363000)/",26450,400,8896400,236349000000,150,false,0.57
"DBC",134949,"/Date(1703573363000)/",26450,200,8896000,236338000000,150,false,0.57
"DBC",134949,"/Date(1703573363000)/",26450,100,8895800,236333000000,150,false,0.57
"DBC",134949,"/Date(1703573363000)/",26450,100,8895700,236330000000,150,false,0.57
"DBC",134949,"/Date(1703573363000)/",26450,100,8895600,236328000000,150,false,0.57
"DBC",134949,"/Date(1703573363000)/",26450,9900,8895500,236325000000,150,false,0.57
"DBC",134943,"/Date(1703573357000)/",26450,2100,8885600,236063000000,150,true,0.57
"DBC",134943,"/Date(1703573357000)/",26450,2500,8883500,236007000000,150,true,0.57
"DBC",134943,"/Date(1703573357000)/",26450,20400,8881000,235941000000,150,true,0.57
"DBC",134917,"/Date(1703573332000)/",26500,1000,8860600,235402000000,200,false,0.76
"DBC",134917,"/Date(1703573332000)/",26500,12300,8859600,235375000000,200,false,0.76
"DBC",134914,"/Date(1703573329000)/",26550,6000,8847300,235049000000,250,false,0.95
"DBC",134904,"/Date(1703573321000)/",26500,5000,8841300,234890000000,200,true,0.76
"DBC",134848,"/Date(1703573304000)/",26550,700,8836300,234758000000,250,false,0.95
"DBC",134848,"/Date(1703573304000)/",26500,4600,8835600,234739000000,200,true,0.76
"DBC",134845,"/Date(1703573300000)/",26500,300,8831000,234617000000,200,true,0.76
"DBC",134839,"/Date(1703573295000)/",26500,100,8830700,234609000000,200,true,0.76
"DBC",134826,"/Date(1703573282000)/",26500,1000,8830600,234606000000,200,true,0.76
"DBC",134826,"/Date(1703573282000)/",26500,100,8829600,234580000000,200,true,0.76
"DBC",134826,"/Date(1703573282000)/",26500,5000,8829500,234577000000,200,true,0.76
"DBC",134826,"/Date(1703573282000)/",26500,2000,8824500,234445000000,200,true,0.76
"DBC",134826,"/Date(1703573282000)/",26500,15000,8822500,234392000000,200,true,0.76
"DBC",134826,"/Date(1703573282000)/",26500,500,8807500,233994000000,200,true,0.76
"DBC",134826,"/Date(1703573282000)/",26500,4100,8807000,233981000000,200,true,0.76
"DBC",134823,"/Date(1703573277000)/",26500,700,8802900,233872000000,200,false,0.76
"DBC",134816,"/Date(1703573270000)/",26450,500,8802200,233854000000,150,true,0.57
"DBC",134813,"/Date(1703573270000)/",26500,800,8801700,233841000000,200,false,0.76
"DBC",134813,"/Date(1703573270000)/",26500,700,8800900,233819000000,200,false,0.76
"DBC",134800,"/Date(1703573256000)/",26450,2000,8800200,233801000000,150,true,0.57
"DBC",134754,"/Date(1703573249000)/",26500,2400,8798200,233748000000,200,false,0.76
"DBC",134741,"/Date(1703573236000)/",26500,4300,8795800,233684000000,200,false,0.76
"DBC",134741,"/Date(1703573236000)/",26500,5000,8791500,233570000000,200,false,0.76
"DBC",134741,"/Date(1703573236000)/",26500,2000,8786500,233438000000,200,false,0.76
"DBC",134741,"/Date(1703573236000)/",26500,100,8784500,233385000000,200,false,0.76
"DBC",134741,"/Date(1703573236000)/",26500,100,8784400,233382000000,200,false,0.76
"DBC",134741,"/Date(1703573236000)/",26500,8500,8784300,233380000000,200,false,0.76
"DBC",134738,"/Date(1703573234000)/",26450,2000,8775800,233154000000,150,true,0.57
"DBC",134728,"/Date(1703573225000)/",26500,2700,8773800,233101000000,200,false,0.76
"DBC",134728,"/Date(1703573224000)/",26450,300,8771100,233030000000,150,true,0.57
"DBC",134725,"/Date(1703573221000)/",26500,700,8770800,233022000000,200,false,0.76
"DBC",134709,"/Date(1703573204000)/",26450,1000,8770100,233003000000,150,true,0.57
"DBC",134650,"/Date(1703573186000)/",26500,1000,8769100,232977000000,200,false,0.76
"DBC",134647,"/Date(1703573182000)/",26450,1000,8768100,232950000000,150,false,0.57
"DBC",134647,"/Date(1703573182000)/",26450,200,8767100,232924000000,150,false,0.57
"DBC",134647,"/Date(1703573182000)/",26450,5000,8766900,232919000000,150,false,0.57
"DBC",134647,"/Date(1703573182000)/",26450,17600,8761900,232787000000,150,false,0.57
"DBC",134618,"/Date(1703573154000)/",26400,1800,8744300,232321000000,100,true,0.38
"DBC",134618,"/Date(1703573154000)/",26400,100,8742500,232273000000,100,true,0.38
"DBC",134618,"/Date(1703573154000)/",26400,100,8742400,232271000000,100,true,0.38
"DBC",134618,"/Date(1703573154000)/",26400,2000,8742300,232268000000,100,true,0.38
"DBC",134615,"/Date(1703573151000)/",26400,200,8740300,232215000000,100,true,0.38
"DBC",134559,"/Date(1703573135000)/",26450,1000,8740100,232210000000,150,false,0.57
"DBC",134546,"/Date(1703573122000)/",26450,400,8739100,232184000000,150,false,0.57
"DBC",134530,"/Date(1703573105000)/",26450,500,8738700,232173000000,150,false,0.57
"DBC",134526,"/Date(1703573101000)/",26450,100,8738200,232160000000,150,false,0.57
"DBC",134517,"/Date(1703573091000)/",26450,500,8738100,232157000000,150,false,0.57
"DBC",134507,"/Date(1703573083000)/",26450,200,8737600,232144000000,150,false,0.57
"DBC",134501,"/Date(1703573078000)/",26450,2000,8737400,232139000000,150,false,0.57
"DBC",134458,"/Date(1703573072000)/",26450,300,8735400,232086000000,150,false,0.57
"DBC",134458,"/Date(1703573072000)/",26450,200,8735100,232078000000,150,false,0.57
"DBC",134458,"/Date(1703573072000)/",26450,100,8734900,232073000000,150,false,0.57
"DBC",134458,"/Date(1703573072000)/",26450,3900,8734800,232070000000,150,false,0.57
"DBC",134458,"/Date(1703573072000)/",26450,2000,8730900,231967000000,150,false,0.57
"DBC",134458,"/Date(1703573072000)/",26450,1000,8728900,231914000000,150,false,0.57
"DBC",134458,"/Date(1703573072000)/",26450,200,8727900,231887000000,150,false,0.57
"DBC",134445,"/Date(1703573060000)/",26450,19800,8727700,231882000000,150,true,0.57
"DBC",134445,"/Date(1703573060000)/",26450,30000,8707900,231358000000,150,true,0.57
"DBC",134445,"/Date(1703573060000)/",26450,100,8677900,230565000000,150,true,0.57
"DBC",134445,"/Date(1703573060000)/",26450,100,8677800,230562000000,150,true,0.57
"DBC",134442,"/Date(1703573056000)/",26450,400,8677700,230560000000,150,true,0.57
"DBC",134419,"/Date(1703573036000)/",26500,6000,8677300,230549000000,200,false,0.76
"DBC",134335,"/Date(1703572990000)/",26500,200,8671300,230390000000,200,false,0.76
"DBC",134331,"/Date(1703572988000)/",26500,1000,8671100,230385000000,200,false,0.76
"DBC",134325,"/Date(1703572982000)/",26500,1000,8670100,230358000000,200,false,0.76
"DBC",134325,"/Date(1703572980000)/",26500,400,8669100,230332000000,200,false,0.76
"DBC",134319,"/Date(1703572975000)/",26500,5000,8668700,230321000000,200,false,0.76
"DBC",134319,"/Date(1703572975000)/",26500,200,8663700,230189000000,200,false,0.76
"DBC",134319,"/Date(1703572975000)/",26500,3300,8663500,230183000000,200,false,0.76
"DBC",134312,"/Date(1703572966000)/",26500,1000,8660200,230096000000,200,true,0.76
"DBC",134303,"/Date(1703572958000)/",26550,1000,8659200,230069000000,250,false,0.95
"DBC",134250,"/Date(1703572946000)/",26500,1000,8658200,230043000000,200,true,0.76
"DBC",134243,"/Date(1703572940000)/",26550,1000,8657200,230016000000,250,false,0.95
"DBC",134240,"/Date(1703572937000)/",26500,1000,8656200,229990000000,200,true,0.76
"DBC",134227,"/Date(1703572923000)/",26500,1000,8655200,229963000000,200,false,0.76
"DBC",134227,"/Date(1703572923000)/",26500,100,8654200,229937000000,200,false,0.76
"DBC",134227,"/Date(1703572923000)/",26500,4000,8654100,229934000000,200,false,0.76
"DBC",134227,"/Date(1703572923000)/",26500,700,8650100,229828000000,200,false,0.76
"DBC",134227,"/Date(1703572923000)/",26500,17900,8649400,229810000000,200,false,0.76
"DBC",134224,"/Date(1703572919000)/",26500,200,8631500,229335000000,200,false,0.76
"DBC",134218,"/Date(1703572915000)/",26500,2000,8631300,229330000000,200,false,0.76
"DBC",134211,"/Date(1703572908000)/",26500,100,8629300,229277000000,200,false,0.76
"DBC",134155,"/Date(1703572892000)/",26500,500,8629200,229274000000,200,false,0.76
"DBC",134146,"/Date(1703572880000)/",26500,3900,8628700,229261000000,200,false,0.76
"DBC",134143,"/Date(1703572877000)/",26500,500,8624800,229158000000,200,false,0.76
"DBC",134130,"/Date(1703572864000)/",26500,2200,8624300,229144000000,200,false,0.76
"DBC",134127,"/Date(1703572861000)/",26500,100,8622100,229086000000,200,true,0.76
"DBC",134127,"/Date(1703572861000)/",26500,500,8622000,229083000000,200,true,0.76
"DBC",134127,"/Date(1703572861000)/",26500,300,8621500,229070000000,200,true,0.76
"DBC",134127,"/Date(1703572861000)/",26500,500,8621200,229062000000,200,true,0.76
"DBC",134127,"/Date(1703572861000)/",26500,100,8620700,229049000000,200,true,0.76
"DBC",134127,"/Date(1703572861000)/",26500,200,8620600,229046000000,200,true,0.76
"DBC",134127,"/Date(1703572861000)/",26500,200,8620400,229041000000,200,true,0.76
"DBC",134127,"/Date(1703572861000)/",26500,100,8620200,229036000000,200,true,0.76
"DBC",134127,"/Date(1703572861000)/",26500,1000,8620100,229033000000,200,true,0.76
"DBC",134127,"/Date(1703572861000)/",26500,500,8619100,229007000000,200,true,0.76
"DBC",134127,"/Date(1703572861000)/",26500,5000,8618600,228993000000,200,true,0.76
"DBC",134127,"/Date(1703572861000)/",26500,500,8613600,228861000000,200,true,0.76
"DBC",134127,"/Date(1703572861000)/",26500,5000,8613100,228848000000,200,true,0.76
"DBC",134127,"/Date(1703572861000)/",26500,100,8608100,228715000000,200,true,0.76
"DBC",134127,"/Date(1703572861000)/",26500,1000,8608000,228712000000,200,true,0.76
"DBC",134127,"/Date(1703572861000)/",26500,100,8607000,228686000000,200,true,0.76
"DBC",134127,"/Date(1703572861000)/",26500,400,8606900,228683000000,200,true,0.76
"DBC",134127,"/Date(1703572861000)/",26500,100,8606500,228673000000,200,true,0.76
"DBC",134127,"/Date(1703572861000)/",26500,7000,8606400,228670000000,200,true,0.76
"DBC",134123,"/Date(1703572859000)/",26500,400,8599400,228485000000,200,true,0.76
