"Stockcode","Package","TradingDate","Price","Vol","TotalVol","TotalVal","Change","IsBuy","PerChange"
"HSG",144528,"/Date(1703576701000)/",22100,412500,7153800,157690000000,150,false,0.68
"HSG",143023,"/Date(1703575796000)/",22050,3000,6741300,148574000000,100,true,0.46
"HSG",143014,"/Date(1703575788000)/",22050,100,6738300,148508000000,100,true,0.46
"HSG",143014,"/Date(1703575787000)/",22050,1500,6738200,148505000000,100,true,0.46
"HSG",143007,"/Date(1703575782000)/",22050,500,6736700,148472000000,100,true,0.46
"HSG",143001,"/Date(1703575774000)/",22050,1100,6736200,148461000000,100,true,0.46
"HSG",143001,"/Date(1703575774000)/",22050,400,6735100,148437000000,100,true,0.46
"HSG",143001,"/Date(1703575774000)/",22050,1600,6734700,148428000000,100,true,0.46
"HSG",143001,"/Date(1703575774000)/",22050,3400,6733100,148393000000,100,true,0.46
"HSG",142958,"/Date(1703575771000)/",22050,1300,6729700,148318000000,100,true,0.46
"HSG",142955,"/Date(1703575768000)/",22100,500,6728400,148289000000,150,false,0.68
"HSG",142948,"/Date(1703575761000)/",22050,100,6727900,148278000000,100,true,0.46
"HSG",142945,"/Date(1703575759000)/",22050,1200,6727800,148276000000,100,true,0.46
"HSG",142945,"/Date(1703575759000)/",22050,3800,6726600,148250000000,100,true,0.46
"HSG",142945,"/Date(1703575758000)/",22050,100,6722800,148166000000,100,true,0.46
"HSG",142932,"/Date(1703575746000)/",22100,9200,6722700,148164000000,150,false,0.68
"HSG",142932,"/Date(1703575746000)/",22100,300,6713500,147960000000,150,false,0.68
"HSG",142932,"/Date(1703575744000)/",22050,6100,6713200,147954000000,100,true,0.46
"HSG",142932,"/Date(1703575744000)/",22050,400,6707100,147819000000,100,true,0.46
"HSG",142926,"/Date(1703575741000)/",22100,2000,6706700,147810000000,150,false,0.68
"HSG",142923,"/Date(1703575737000)/",22100,100,6704700,147766000000,150,false,0.68
"HSG",142923,"/Date(1703575736000)/",22050,100,6704600,147764000000,100,true,0.46
"HSG",142923,"/Date(1703575735000)/",22050,2500,6704500,147762000000,100,true,0.46
"HSG",142923,"/Date(1703575735000)/",22050,1500,6702000,147707000000,100,true,0.46
"HSG",142910,"/Date(1703575722000)/",22100,300,6700500,147674000000,150,false,0.68
"HSG",142907,"/Date(1703575720000)/",22100,12500,6700200,147667000000,150,false,0.68
"HSG",142851,"/Date(1703575703000)/",22100,1000,6687700,147391000000,150,false,0.68
"HSG",142838,"/Date(1703575692000)/",22100,12500,6686700,147369000000,150,false,0.68
"HSG",142835,"/Date(1703575690000)/",22050,1500,6674200,147092000000,100,true,0.46
"HSG",142835,"/Date(1703575690000)/",22050,400,6672700,147059000000,100,true,0.46
"HSG",142835,"/Date(1703575690000)/",22050,400,6672300,147050000000,100,true,0.46
"HSG",142835,"/Date(1703575690000)/",22050,2700,6671900,147042000000,100,true,0.46
"HSG",142822,"/Date(1703575675000)/",22100,1000,6669200,146982000000,150,false,0.68
"HSG",142809,"/Date(1703575664000)/",22100,2800,6668200,146960000000,150,false,0.68
"HSG",142809,"/Date(1703575664000)/",22100,100,6665400,146898000000,150,false,0.68
"HSG",142809,"/Date(1703575664000)/",22100,500,6665300,146896000000,150,false,0.68
"HSG",142809,"/Date(1703575664000)/",22100,8700,6664800,146885000000,150,false,0.68
"HSG",142803,"/Date(1703575655000)/",22100,1100,6656100,146693000000,150,false,0.68
"HSG",142756,"/Date(1703575651000)/",22050,1300,6655000,146668000000,100,true,0.46
"HSG",142756,"/Date(1703575651000)/",22050,500,6653700,146640000000,100,true,0.46
"HSG",142756,"/Date(1703575651000)/",22050,200,6653200,146629000000,100,true,0.46
"HSG",142744,"/Date(1703575636000)/",22100,200,6653000,146624000000,150,false,0.68
"HSG",142744,"/Date(1703575636000)/",22100,11900,6652800,146620000000,150,false,0.68
"HSG",142734,"/Date(1703575626000)/",22050,100,6640900,146357000000,100,true,0.46
"HSG",142734,"/Date(1703575626000)/",22050,700,6640800,146355000000,100,true,0.46
"HSG",142731,"/Date(1703575623000)/",22050,300,6640100,146339000000,100,false,0.46
"HSG",142721,"/Date(1703575615000)/",22050,500,6639800,146332000000,100,true,0.46
"HSG",142721,"/Date(1703575615000)/",22050,100,6639300,146321000000,100,true,0.46
"HSG",142715,"/Date(1703575608000)/",22100,10000,6639200,146319000000,150,false,0.68
"HSG",142715,"/Date(1703575608000)/",22050,2000,6629200,146098000000,100,false,0.46
"HSG",142715,"/Date(1703575608000)/",22050,1000,6627200,146054000000,100,false,0.46
"HSG",142712,"/Date(1703575606000)/",22050,2000,6626200,146032000000,100,false,0.46
"HSG",142712,"/Date(1703575605000)/",22050,500,6624200,145988000000,100,false,0.46
"HSG",142708,"/Date(1703575600000)/",22000,700,6623700,145977000000,50,true,0.23
"HSG",142708,"/Date(1703575600000)/",22000,200,6623000,145962000000,50,true,0.23
"HSG",142708,"/Date(1703575600000)/",22000,100,6622800,145957000000,50,true,0.23
"HSG",142659,"/Date(1703575592000)/",22050,3500,6622700,145955000000,100,false,0.46
"HSG",142656,"/Date(1703575589000)/",22050,4000,6619200,145878000000,100,false,0.46
"HSG",142652,"/Date(1703575587000)/",22050,1000,6615200,145790000000,100,true,0.46
"HSG",142649,"/Date(1703575584000)/",22050,2000,6614200,145768000000,100,false,0.46
"HSG",142649,"/Date(1703575582000)/",22100,400,6612200,145723000000,150,false,0.68
"HSG",142649,"/Date(1703575582000)/",22050,10000,6611800,145715000000,100,false,0.46
"HSG",142649,"/Date(1703575582000)/",22050,2100,6601800,145494000000,100,false,0.46
"HSG",142640,"/Date(1703575574000)/",22050,100,6599700,145448000000,100,false,0.46
"HSG",142636,"/Date(1703575570000)/",22050,200,6599600,145446000000,100,false,0.46
"HSG",142633,"/Date(1703575567000)/",22050,500,6599400,145441000000,100,false,0.46
"HSG",142630,"/Date(1703575562000)/",22050,5000,6598900,145430000000,100,false,0.46
"HSG",142620,"/Date(1703575553000)/",22100,12000,6593900,145320000000,150,false,0.68
"HSG",142620,"/Date(1703575553000)/",22050,500,6581900,145055000000,100,false,0.46
"HSG",142617,"/Date(1703575549000)/",22050,500,6581400,145044000000,100,true,0.46
"HSG",142611,"/Date(1703575543000)/",22050,10000,6580900,145033000000,100,false,0.46
"HSG",142611,"/Date(1703575542000)/",22050,100,6570900,144812000000,100,false,0.46
"HSG",142611,"/Date(1703575542000)/",22050,1000,6570800,144810000000,100,false,0.46
"HSG",142611,"/Date(1703575542000)/",22050,2100,6569800,144788000000,100,false,0.46
"HSG",142611,"/Date(1703575542000)/",22050,600,6567700,144742000000,100,false,0.46
"HSG",142611,"/Date(1703575542000)/",22050,5700,6567100,144728000000,100,false,0.46
"HSG",142604,"/Date(1703575538000)/",22050,200,6561400,144603000000,100,false,0.46
"HSG",142552,"/Date(1703575526000)/",22050,12100,6561200,144598000000,100,false,0.46
"HSG",142549,"/Date(1703575521000)/",22050,1000,6549100,144331000000,100,false,0.46
"HSG",142542,"/Date(1703575515000)/",22050,1000,6548100,144309000000,100,true,0.46
"HSG",142529,"/Date(1703575502000)/",22100,2000,6547100,144287000000,150,false,0.68
"HSG",142526,"/Date(1703575499000)/",22100,1000,6545100,144243000000,150,false,0.68
"HSG",142526,"/Date(1703575498000)/",22100,500,6544100,144221000000,150,false,0.68
"HSG",142526,"/Date(1703575498000)/",22100,12200,6543600,144210000000,150,false,0.68
"HSG",142526,"/Date(1703575498000)/",22100,500,6531400,143940000000,150,false,0.68
"HSG",142526,"/Date(1703575498000)/",22050,100,6530900,143929000000,100,false,0.46
"HSG",142520,"/Date(1703575493000)/",22050,100,6530800,143927000000,100,false,0.46
"HSG",142513,"/Date(1703575488000)/",22050,500,6530700,143925000000,100,false,0.46
"HSG",142513,"/Date(1703575487000)/",22050,300,6530200,143914000000,100,false,0.46
"HSG",142510,"/Date(1703575484000)/",22050,1000,6529900,143907000000,100,true,0.46
"HSG",142510,"/Date(1703575484000)/",22050,800,6528900,143885000000,100,true,0.46
"HSG",142510,"/Date(1703575484000)/",22050,2000,6528100,143868000000,100,true,0.46
"HSG",142510,"/Date(1703575484000)/",22050,300,6526100,143824000000,100,true,0.46
"HSG",142510,"/Date(1703575484000)/",22050,100,6525800,143817000000,100,true,0.46
"HSG",142504,"/Date(1703575477000)/",22100,1000,6525700,143815000000,150,false,0.68
"HSG",142504,"/Date(1703575476000)/",22050,200,6524700,143793000000,100,true,0.46
"HSG",142501,"/Date(1703575472000)/",22050,400,6524500,143788000000,100,true,0.46
"HSG",142501,"/Date(1703575472000)/",22050,2600,6524100,143779000000,100,true,0.46
"HSG",142454,"/Date(1703575468000)/",22100,12300,6521500,143722000000,150,false,0.68
"HSG",142441,"/Date(1703575455000)/",22050,1500,6509200,143450000000,100,true,0.46
"HSG",142435,"/Date(1703575449000)/",22050,900,6507700,143417000000,100,true,0.46
"HSG",142429,"/Date(1703575441000)/",22100,11900,6506800,143397000000,150,false,0.68
"HSG",142416,"/Date(1703575430000)/",22000,100,6494900,143134000000,50,true,0.23
"HSG",142416,"/Date(1703575430000)/",22050,500,6494800,143132000000,100,true,0.46
"HSG",142416,"/Date(1703575430000)/",22050,400,6494300,143121000000,100,true,0.46
"HSG",142416,"/Date(1703575428000)/",22050,300,6493900,143112000000,100,true,0.46
"HSG",142409,"/Date(1703575421000)/",22050,100,6493600,143106000000,100,true,0.46
"HSG",142406,"/Date(1703575419000)/",22050,200,6493500,143103000000,100,true,0.46
"HSG",142406,"/Date(1703575419000)/",22050,1000,6493300,143099000000,100,true,0.46
"HSG",142406,"/Date(1703575419000)/",22050,300,6492300,143077000000,100,true,0.46
"HSG",142406,"/Date(1703575419000)/",22050,1000,6492000,143070000000,100,true,0.46
"HSG",142403,"/Date(1703575416000)/",22050,500,6491000,143048000000,100,true,0.46
"HSG",142400,"/Date(1703575413000)/",22100,12100,6490500,143037000000,150,false,0.68
"HSG",142350,"/Date(1703575404000)/",22050,1500,6478400,142770000000,100,false,0.46
"HSG",142350,"/Date(1703575403000)/",22050,1500,6476900,142737000000,100,false,0.46
"HSG",142350,"/Date(1703575403000)/",22050,400,6475400,142704000000,100,false,0.46
"HSG",142350,"/Date(1703575403000)/",22050,100,6475000,142695000000,100,false,0.46
"HSG",142344,"/Date(1703575397000)/",22050,1000,6474900,142693000000,100,false,0.46
"HSG",142340,"/Date(1703575392000)/",22050,5000,6473900,142671000000,100,false,0.46
"HSG",142334,"/Date(1703575386000)/",22050,12100,6468900,142560000000,100,false,0.46
"HSG",142331,"/Date(1703575383000)/",22050,100,6456800,142294000000,100,false,0.46
"HSG",142321,"/Date(1703575375000)/",22050,5000,6456700,142291000000,100,false,0.46
"HSG",142321,"/Date(1703575375000)/",22050,400,6451700,142181000000,100,false,0.46
"HSG",142308,"/Date(1703575363000)/",22050,200,6451300,142172000000,100,false,0.46
"HSG",142308,"/Date(1703575360000)/",22050,5000,6451100,142168000000,100,false,0.46
"HSG",142305,"/Date(1703575359000)/",22050,1200,6446100,142058000000,100,false,0.46
"HSG",142305,"/Date(1703575359000)/",22050,2000,6444900,142031000000,100,false,0.46
"HSG",142305,"/Date(1703575359000)/",22050,9200,6442900,141987000000,100,false,0.46
"HSG",142255,"/Date(1703575349000)/",22050,100,6433700,141784000000,100,false,0.46
"HSG",142246,"/Date(1703575339000)/",22050,500,6433600,141782000000,100,false,0.46
"HSG",142246,"/Date(1703575338000)/",22000,600,6433100,141771000000,50,true,0.23
"HSG",142246,"/Date(1703575338000)/",22050,200,6432500,141758000000,100,false,0.46
"HSG",142239,"/Date(1703575331000)/",22100,6200,6432300,141753000000,150,false,0.68
"HSG",142239,"/Date(1703575331000)/",22050,200,6426100,141616000000,100,false,0.46
"HSG",142239,"/Date(1703575331000)/",22050,100,6425900,141612000000,100,false,0.46
"HSG",142239,"/Date(1703575331000)/",22050,100,6425800,141610000000,100,false,0.46
"HSG",142239,"/Date(1703575331000)/",22050,1000,6425700,141608000000,100,false,0.46
"HSG",142239,"/Date(1703575331000)/",22050,500,6424700,141586000000,100,false,0.46
"HSG",142239,"/Date(1703575331000)/",22050,2300,6424200,141574000000,100,false,0.46
"HSG",142239,"/Date(1703575331000)/",22050,500,6421900,141524000000,100,false,0.46
"HSG",142239,"/Date(1703575331000)/",22050,2000,6421400,141513000000,100,false,0.46
"HSG",142239,"/Date(1703575331000)/",22050,100,6419400,141469000000,100,false,0.46
"HSG",142239,"/Date(1703575331000)/",22050,300,6419300,141466000000,100,false,0.46
"HSG",142236,"/Date(1703575329000)/",22050,200,6419000,141460000000,100,false,0.46
"HSG",142233,"/Date(1703575325000)/",22050,200,6418800,141455000000,100,false,0.46
"HSG",142230,"/Date(1703575323000)/",22050,100,6418600,141451000000,100,false,0.46
"HSG",142214,"/Date(1703575308000)/",22050,4200,6418500,141449000000,100,false,0.46
"HSG",142214,"/Date(1703575308000)/",22050,300,6414300,141356000000,100,false,0.46
"HSG",142214,"/Date(1703575308000)/",22050,800,6414000,141350000000,100,false,0.46
"HSG",142214,"/Date(1703575308000)/",22050,200,6413200,141332000000,100,false,0.46
"HSG",142214,"/Date(1703575308000)/",22050,200,6413000,141328000000,100,false,0.46
"HSG",142214,"/Date(1703575308000)/",22050,4300,6412800,141323000000,100,false,0.46
"HSG",142214,"/Date(1703575306000)/",22050,100,6408500,141228000000,100,false,0.46
"HSG",142207,"/Date(1703575301000)/",22050,1100,6408400,141226000000,100,false,0.46
"HSG",142207,"/Date(1703575301000)/",22050,100,6407300,141202000000,100,false,0.46
"HSG",142207,"/Date(1703575301000)/",22050,1000,6407200,141200000000,100,false,0.46
"HSG",142207,"/Date(1703575301000)/",22050,2000,6406200,141178000000,100,false,0.46
"HSG",142207,"/Date(1703575301000)/",22050,200,6404200,141133000000,100,false,0.46
"HSG",142207,"/Date(1703575301000)/",22050,8700,6404000,141129000000,100,false,0.46
"HSG",142158,"/Date(1703575290000)/",22050,100,6395300,140937000000,100,false,0.46
"HSG",142148,"/Date(1703575280000)/",22050,1000,6395200,140935000000,100,false,0.46
"HSG",142139,"/Date(1703575271000)/",22050,12100,6394200,140913000000,100,false,0.46
"HSG",142110,"/Date(1703575244000)/",22050,1100,6382100,140646000000,100,false,0.46
"HSG",142110,"/Date(1703575244000)/",22050,500,6381000,140622000000,100,false,0.46
"HSG",142110,"/Date(1703575244000)/",22050,100,6380500,140611000000,100,false,0.46
"HSG",142110,"/Date(1703575244000)/",22050,500,6380400,140609000000,100,false,0.46
"HSG",142110,"/Date(1703575244000)/",22050,900,6379900,140598000000,100,false,0.46
"HSG",142110,"/Date(1703575244000)/",22050,400,6379000,140578000000,100,false,0.46
"HSG",142110,"/Date(1703575244000)/",22050,300,6378600,140569000000,100,false,0.46
"HSG",142110,"/Date(1703575244000)/",22050,1000,6378300,140562000000,100,false,0.46
"HSG",142110,"/Date(1703575244000)/",22050,5000,6377300,140540000000,100,false,0.46
"HSG",142110,"/Date(1703575244000)/",22050,1500,6372300,140430000000,100,false,0.46
"HSG",142110,"/Date(1703575244000)/",22050,1200,6370800,140397000000,100,false,0.46
"HSG",142110,"/Date(1703575243000)/",22000,200,6369600,140371000000,50,true,0.23
"HSG",142103,"/Date(1703575236000)/",22050,200,6369400,140366000000,100,false,0.46
"HSG",142047,"/Date(1703575220000)/",22050,900,6369200,140362000000,100,false,0.46
"HSG",142047,"/Date(1703575220000)/",22050,1000,6368300,140342000000,100,false,0.46
"HSG",142047,"/Date(1703575220000)/",22050,5000,6367300,140320000000,100,false,0.46
"HSG",142047,"/Date(1703575220000)/",22050,500,6362300,140210000000,100,false,0.46
"HSG",142047,"/Date(1703575220000)/",22050,1000,6361800,140199000000,100,false,0.46
"HSG",142047,"/Date(1703575220000)/",22050,100,6360800,140177000000,100,false,0.46
"HSG",142047,"/Date(1703575220000)/",22050,600,6360700,140174000000,100,false,0.46
"HSG",142041,"/Date(1703575215000)/",22050,400,6360100,140161000000,100,false,0.46
"HSG",142041,"/Date(1703575215000)/",22050,500,6359700,140152000000,100,false,0.46
"HSG",142041,"/Date(1703575215000)/",22050,500,6359200,140141000000,100,false,0.46
"HSG",142041,"/Date(1703575215000)/",22050,300,6358700,140130000000,100,false,0.46
"HSG",142041,"/Date(1703575215000)/",22050,10700,6358400,140124000000,100,false,0.46
"HSG",142034,"/Date(1703575208000)/",22000,100,6347700,139888000000,50,true,0.23
"HSG",142034,"/Date(1703575208000)/",22000,100,6347600,139885000000,50,true,0.23
"HSG",142025,"/Date(1703575198000)/",22000,500,6347500,139883000000,50,true,0.23
"HSG",142015,"/Date(1703575187000)/",22000,400,6347000,139872000000,50,true,0.23
"HSG",142015,"/Date(1703575187000)/",22000,100,6346600,139863000000,50,true,0.23
"HSG",142012,"/Date(1703575187000)/",22050,9300,6346500,139861000000,100,false,0.46
"HSG",142012,"/Date(1703575187000)/",22050,4400,6337200,139656000000,100,false,0.46
"HSG",141953,"/Date(1703575167000)/",22000,500,6332800,139559000000,50,true,0.23
"HSG",141953,"/Date(1703575165000)/",22000,1000,6332300,139548000000,50,true,0.23
"HSG",141943,"/Date(1703575156000)/",22050,600,6331300,139526000000,100,false,0.46
"HSG",141943,"/Date(1703575156000)/",22050,1000,6330700,139513000000,100,false,0.46
"HSG",141943,"/Date(1703575156000)/",22050,1000,6329700,139491000000,100,false,0.46
"HSG",141943,"/Date(1703575156000)/",22050,100,6328700,139469000000,100,false,0.46
"HSG",141943,"/Date(1703575156000)/",22050,2000,6328600,139467000000,100,false,0.46
"HSG",141943,"/Date(1703575156000)/",22050,1400,6326600,139423000000,100,false,0.46
"HSG",141943,"/Date(1703575156000)/",22050,500,6325200,139392000000,100,false,0.46
"HSG",141943,"/Date(1703575156000)/",22050,100,6324700,139381000000,100,false,0.46
"HSG",141943,"/Date(1703575156000)/",22050,500,6324600,139378000000,100,false,0.46
"HSG",141943,"/Date(1703575156000)/",22050,100,6324100,139367000000,100,false,0.46
"HSG",141943,"/Date(1703575156000)/",22050,4900,6324000,139365000000,100,false,0.46
"HSG",141927,"/Date(1703575140000)/",22050,500,6319100,139257000000,100,false,0.46
"HSG",141921,"/Date(1703575135000)/",22000,1000,6318600,139246000000,50,true,0.23
"HSG",141921,"/Date(1703575133000)/",22000,900,6317600,139224000000,50,true,0.23
"HSG",141921,"/Date(1703575133000)/",22000,1000,6316700,139204000000,50,true,0.23
"HSG",141921,"/Date(1703575133000)/",22000,900,6315700,139182000000,50,true,0.23
"HSG",141914,"/Date(1703575128000)/",22050,600,6314800,139163000000,100,false,0.46
"HSG",141914,"/Date(1703575128000)/",22050,1000,6314200,139149000000,100,false,0.46
"HSG",141914,"/Date(1703575128000)/",22050,500,6313200,139127000000,100,false,0.46
"HSG",141914,"/Date(1703575128000)/",22050,1000,6312700,139116000000,100,false,0.46
"HSG",141914,"/Date(1703575128000)/",22050,9700,6311700,139094000000,100,false,0.46
"HSG",141905,"/Date(1703575117000)/",22000,100,6302000,138880000000,50,true,0.23
"HSG",141901,"/Date(1703575114000)/",22000,500,6301900,138878000000,50,true,0.23
"HSG",141858,"/Date(1703575112000)/",22000,2000,6301400,138867000000,50,true,0.23
"HSG",141858,"/Date(1703575111000)/",22000,400,6299400,138823000000,50,true,0.23
"HSG",141845,"/Date(1703575100000)/",22000,800,6299000,138814000000,50,false,0.23
"HSG",141845,"/Date(1703575100000)/",22000,300,6298200,138797000000,50,false,0.23
"HSG",141845,"/Date(1703575100000)/",22000,500,6297900,138790000000,50,false,0.23
"HSG",141845,"/Date(1703575100000)/",22000,1000,6297400,138779000000,50,false,0.23
"HSG",141845,"/Date(1703575100000)/",22000,500,6296400,138757000000,50,false,0.23
"HSG",141845,"/Date(1703575100000)/",22000,300,6295900,138746000000,50,false,0.23
"HSG",141845,"/Date(1703575100000)/",22000,4200,6295600,138740000000,50,false,0.23
"HSG",141845,"/Date(1703575099000)/",22000,14100,6291400,138647000000,50,false,0.23
"HSG",141839,"/Date(1703575094000)/",22000,100,6277300,138337000000,50,false,0.23
"HSG",141836,"/Date(1703575090000)/",22000,1600,6277200,138335000000,50,false,0.23
"HSG",141836,"/Date(1703575090000)/",22000,1400,6275600,138300000000,50,false,0.23
"HSG",141833,"/Date(1703575086000)/",22000,1000,6274200,138269000000,50,false,0.23
"HSG",141833,"/Date(1703575086000)/",22000,100,6273200,138247000000,50,false,0.23
"HSG",141829,"/Date(1703575082000)/",22000,5000,6273100,138245000000,50,false,0.23
"HSG",141826,"/Date(1703575079000)/",22000,2500,6268100,138135000000,50,false,0.23
"HSG",141826,"/Date(1703575079000)/",22000,2000,6265600,138080000000,50,false,0.23
"HSG",141826,"/Date(1703575079000)/",22000,500,6263600,138036000000,50,false,0.23
"HSG",141826,"/Date(1703575078000)/",22000,100,6263100,138025000000,50,false,0.23
"HSG",141817,"/Date(1703575069000)/",22000,2000,6263000,138022000000,50,false,0.23
"HSG",141813,"/Date(1703575067000)/",22000,12900,6261000,137978000000,50,false,0.23
"HSG",141813,"/Date(1703575066000)/",22000,1000,6248100,137695000000,50,false,0.23
"HSG",141804,"/Date(1703575057000)/",22000,300,6247100,137673000000,50,false,0.23
"HSG",141801,"/Date(1703575054000)/",22000,1000,6246800,137666000000,50,false,0.23
"HSG",141801,"/Date(1703575054000)/",22000,100,6245800,137644000000,50,false,0.23
"HSG",141754,"/Date(1703575046000)/",22000,200,6245700,137642000000,50,false,0.23
"HSG",141751,"/Date(1703575045000)/",22000,100,6245500,137637000000,50,false,0.23
"HSG",141751,"/Date(1703575045000)/",22000,500,6245400,137635000000,50,false,0.23
"HSG",141745,"/Date(1703575039000)/",22000,12600,6244900,137624000000,50,false,0.23
"HSG",141745,"/Date(1703575038000)/",22000,100,6232300,137347000000,50,false,0.23
"HSG",141745,"/Date(1703575038000)/",22000,500,6232200,137345000000,50,false,0.23
"HSG",141741,"/Date(1703575035000)/",22000,1000,6231700,137334000000,50,false,0.23
"HSG",141738,"/Date(1703575032000)/",22000,300,6230700,137312000000,50,false,0.23
"HSG",141735,"/Date(1703575027000)/",22000,2100,6230400,137305000000,50,false,0.23
"HSG",141735,"/Date(1703575027000)/",22000,400,6228300,137259000000,50,false,0.23
"HSG",141729,"/Date(1703575022000)/",22000,200,6227900,137250000000,50,false,0.23
"HSG",141729,"/Date(1703575022000)/",22000,400,6227700,137246000000,50,false,0.23
"HSG",141716,"/Date(1703575010000)/",22050,6900,6227300,137237000000,100,false,0.46
"HSG",141716,"/Date(1703575010000)/",22050,1500,6220400,137085000000,100,false,0.46
"HSG",141716,"/Date(1703575010000)/",22050,2000,6218900,137052000000,100,false,0.46
"HSG",141716,"/Date(1703575010000)/",22050,400,6216900,137008000000,100,false,0.46
"HSG",141716,"/Date(1703575010000)/",22000,1300,6216500,136999000000,50,true,0.23
"HSG",141716,"/Date(1703575009000)/",22000,2000,6215200,136970000000,50,true,0.23
"HSG",141716,"/Date(1703575009000)/",22000,100,6213200,136926000000,50,true,0.23
"HSG",141716,"/Date(1703575009000)/",22000,900,6213100,136924000000,50,true,0.23
"HSG",141716,"/Date(1703575009000)/",22000,100,6212200,136904000000,50,true,0.23
"HSG",141716,"/Date(1703575009000)/",22000,600,6212100,136902000000,50,true,0.23
"HSG",141712,"/Date(1703575005000)/",22000,4400,6211500,136889000000,50,true,0.23
"HSG",141712,"/Date(1703575005000)/",22000,2000,6207100,136792000000,50,true,0.23
"HSG",141712,"/Date(1703575005000)/",22000,700,6205100,136748000000,50,true,0.23
"HSG",141712,"/Date(1703575005000)/",22000,100,6204400,136733000000,50,true,0.23
"HSG",141712,"/Date(1703575005000)/",22000,300,6204300,136730000000,50,true,0.23
"HSG",141712,"/Date(1703575005000)/",22000,1000,6204000,136724000000,50,true,0.23
"HSG",141712,"/Date(1703575005000)/",22000,5000,6203000,136702000000,50,true,0.23
"HSG",141712,"/Date(1703575005000)/",22000,1000,6198000,136592000000,50,true,0.23
"HSG",141712,"/Date(1703575005000)/",22000,500,6197000,136570000000,50,true,0.23
"HSG",141712,"/Date(1703575005000)/",22000,10000,6196500,136559000000,50,true,0.23
"HSG",141712,"/Date(1703575005000)/",22000,8000,6186500,136339000000,50,true,0.23
"HSG",141653,"/Date(1703574987000)/",22000,700,6178500,136163000000,50,true,0.23
"HSG",141650,"/Date(1703574982000)/",22050,600,6177800,136147000000,100,false,0.46
"HSG",141650,"/Date(1703574982000)/",22050,500,6177200,136134000000,100,false,0.46
"HSG",141650,"/Date(1703574982000)/",22050,500,6176700,136123000000,100,false,0.46
"HSG",141650,"/Date(1703574982000)/",22050,200,6176200,136112000000,100,false,0.46
"HSG",141650,"/Date(1703574982000)/",22050,10000,6176000,136108000000,100,false,0.46
"HSG",141650,"/Date(1703574982000)/",22050,1700,6166000,135887000000,100,false,0.46
"HSG",141650,"/Date(1703574982000)/",22050,800,6164300,135850000000,100,false,0.46
"HSG",141634,"/Date(1703574968000)/",22000,300,6163500,135832000000,50,true,0.23
"HSG",141634,"/Date(1703574968000)/",22000,400,6163200,135825000000,50,true,0.23
"HSG",141631,"/Date(1703574963000)/",22000,100,6162800,135817000000,50,true,0.23
"HSG",141628,"/Date(1703574961000)/",22050,200,6162700,135814000000,100,false,0.46
"HSG",141628,"/Date(1703574961000)/",22050,4800,6162500,135810000000,100,false,0.46
"HSG",141618,"/Date(1703574950000)/",22050,10600,6157700,135704000000,100,false,0.46
"HSG",141618,"/Date(1703574950000)/",22050,600,6147100,135470000000,100,false,0.46
"HSG",141618,"/Date(1703574950000)/",22050,1000,6146500,135457000000,100,false,0.46
"HSG",141602,"/Date(1703574936000)/",22000,500,6145500,135435000000,50,true,0.23
"HSG",141602,"/Date(1703574934000)/",22000,3600,6145000,135424000000,50,true,0.23
"HSG",141602,"/Date(1703574934000)/",22000,1000,6141400,135345000000,50,true,0.23
"HSG",141602,"/Date(1703574934000)/",22000,400,6140400,135323000000,50,true,0.23
"HSG",141559,"/Date(1703574934000)/",22000,600,6140000,135314000000,50,false,0.23
"HSG",141559,"/Date(1703574934000)/",22000,100,6139400,135301000000,50,false,0.23
"HSG",141559,"/Date(1703574934000)/",22000,300,6139300,135299000000,50,false,0.23
"HSG",141549,"/Date(1703574922000)/",22000,700,6139000,135292000000,50,false,0.23
"HSG",141549,"/Date(1703574922000)/",22000,2000,6138300,135277000000,50,false,0.23
"HSG",141549,"/Date(1703574922000)/",22000,2000,6136300,135233000000,50,false,0.23
"HSG",141549,"/Date(1703574922000)/",22000,7700,6134300,135189000000,50,false,0.23
"HSG",141533,"/Date(1703574906000)/",22000,500,6126600,135019000000,50,false,0.23
"HSG",141527,"/Date(1703574901000)/",22000,100,6126100,135008000000,50,false,0.23
"HSG",141527,"/Date(1703574901000)/",22000,300,6126000,135006000000,50,false,0.23
"HSG",141527,"/Date(1703574901000)/",22000,1000,6125700,135000000000,50,false,0.23
"HSG",141527,"/Date(1703574901000)/",22000,400,6124700,134978000000,50,false,0.23
"HSG",141527,"/Date(1703574901000)/",22000,1600,6124300,134969000000,50,false,0.23
"HSG",141527,"/Date(1703574901000)/",22000,1000,6122700,134934000000,50,false,0.23
"HSG",141527,"/Date(1703574901000)/",22000,500,6121700,134912000000,50,false,0.23
"HSG",141527,"/Date(1703574901000)/",22000,900,6121200,134901000000,50,false,0.23
"HSG",141524,"/Date(1703574896000)/",22000,200,6120300,134881000000,50,true,0.23
"HSG",141520,"/Date(1703574895000)/",22000,900,6120100,134876000000,50,true,0.23
"HSG",141520,"/Date(1703574895000)/",22000,100,6119200,134857000000,50,true,0.23
"HSG",141520,"/Date(1703574895000)/",22000,600,6119100,134854000000,50,true,0.23
"HSG",141520,"/Date(1703574895000)/",22000,200,6118500,134841000000,50,true,0.23
"HSG",141520,"/Date(1703574895000)/",22000,4000,6118300,134837000000,50,true,0.23
"HSG",141520,"/Date(1703574895000)/",22000,9000,6114300,134749000000,50,true,0.23
"HSG",141520,"/Date(1703574895000)/",22000,100,6105300,134551000000,50,true,0.23
"HSG",141520,"/Date(1703574895000)/",22000,100,6105200,134549000000,50,true,0.23
"HSG",141520,"/Date(1703574895000)/",22000,200,6105100,134546000000,50,true,0.23
"HSG",141520,"/Date(1703574895000)/",22000,100,6104900,134542000000,50,true,0.23
"HSG",141520,"/Date(1703574895000)/",22000,1700,6104800,134540000000,50,true,0.23
"HSG",141520,"/Date(1703574894000)/",22050,300,6103100,134502000000,100,false,0.46
"HSG",141520,"/Date(1703574894000)/",22050,300,6102800,134496000000,100,false,0.46
"HSG",141520,"/Date(1703574894000)/",22050,5000,6102500,134489000000,100,false,0.46
"HSG",141520,"/Date(1703574894000)/",22050,300,6097500,134379000000,100,false,0.46
"HSG",141520,"/Date(1703574894000)/",22050,600,6097200,134372000000,100,false,0.46
"HSG",141520,"/Date(1703574894000)/",22050,100,6096600,134359000000,100,false,0.46
"HSG",141520,"/Date(1703574894000)/",22050,2000,6096500,134357000000,100,false,0.46
"HSG",141520,"/Date(1703574894000)/",22050,3500,6094500,134313000000,100,false,0.46
"HSG",141517,"/Date(1703574889000)/",22000,7300,6091000,134236000000,50,true,0.23
"HSG",141517,"/Date(1703574889000)/",22000,2000,6083700,134075000000,50,true,0.23
"HSG",141517,"/Date(1703574889000)/",22000,200,6081700,134031000000,50,true,0.23
"HSG",141514,"/Date(1703574888000)/",22000,1000,6081500,134027000000,50,true,0.23
"HSG",141514,"/Date(1703574886000)/",22000,100,6080500,134005000000,50,true,0.23
"HSG",141511,"/Date(1703574885000)/",22000,200,6080400,134002000000,50,true,0.23
"HSG",141508,"/Date(1703574881000)/",22000,700,6080200,133998000000,50,true,0.23
"HSG",141508,"/Date(1703574881000)/",22000,100,6079500,133983000000,50,true,0.23
"HSG",141508,"/Date(1703574881000)/",22000,200,6079400,133980000000,50,true,0.23
"HSG",141458,"/Date(1703574872000)/",22000,1800,6079200,133976000000,50,true,0.23
"HSG",141458,"/Date(1703574872000)/",22000,200,6077400,133936000000,50,true,0.23
"HSG",141458,"/Date(1703574872000)/",22000,100,6077200,133932000000,50,true,0.23
"HSG",141458,"/Date(1703574872000)/",22000,1000,6077100,133930000000,50,true,0.23
"HSG",141458,"/Date(1703574872000)/",22000,6900,6076100,133908000000,50,true,0.23
"HSG",141455,"/Date(1703574868000)/",22000,200,6069200,133756000000,50,true,0.23
"HSG",141455,"/Date(1703574867000)/",22050,6500,6069000,133752000000,100,false,0.46
"HSG",141455,"/Date(1703574867000)/",22050,100,6062500,133608000000,100,false,0.46
"HSG",141455,"/Date(1703574867000)/",22050,800,6062400,133606000000,100,false,0.46
"HSG",141455,"/Date(1703574867000)/",22050,6700,6061600,133588000000,100,false,0.46
"HSG",141442,"/Date(1703574857000)/",22000,2000,6054900,133441000000,50,true,0.23
"HSG",141442,"/Date(1703574856000)/",22000,10000,6052900,133397000000,50,true,0.23
"HSG",141435,"/Date(1703574850000)/",22000,200,6042900,133177000000,50,true,0.23
"HSG",141432,"/Date(1703574844000)/",22000,100,6042700,133172000000,50,true,0.23
"HSG",141429,"/Date(1703574844000)/",22050,500,6042600,133170000000,100,false,0.46
"HSG",141429,"/Date(1703574843000)/",22000,200,6042100,133159000000,50,true,0.23
"HSG",141423,"/Date(1703574835000)/",22000,400,6041900,133155000000,50,true,0.23
"HSG",141423,"/Date(1703574835000)/",22000,100,6041500,133146000000,50,true,0.23
"HSG",141423,"/Date(1703574835000)/",22000,500,6041400,133144000000,50,true,0.23
"HSG",141423,"/Date(1703574835000)/",22050,2800,6040900,133133000000,100,false,0.46
"HSG",141423,"/Date(1703574835000)/",22050,500,6038100,133071000000,100,false,0.46
"HSG",141423,"/Date(1703574835000)/",22050,100,6037600,133060000000,100,false,0.46
"HSG",141423,"/Date(1703574835000)/",22050,500,6037500,133058000000,100,false,0.46
"HSG",141423,"/Date(1703574835000)/",22050,1000,6037000,133047000000,100,false,0.46
"HSG",141423,"/Date(1703574835000)/",22050,500,6036000,133025000000,100,false,0.46
"HSG",141423,"/Date(1703574835000)/",22050,1000,6035500,133014000000,100,false,0.46
"HSG",141423,"/Date(1703574835000)/",22050,100,6034500,132992000000,100,false,0.46
"HSG",141423,"/Date(1703574835000)/",22050,500,6034400,132989000000,100,false,0.46
"HSG",141423,"/Date(1703574835000)/",22050,5000,6033900,132978000000,100,false,0.46
"HSG",141423,"/Date(1703574835000)/",22050,100,6028900,132868000000,100,false,0.46
"HSG",141357,"/Date(1703574812000)/",22050,100,6028800,132866000000,100,false,0.46
"HSG",141357,"/Date(1703574812000)/",22050,400,6028700,132864000000,100,false,0.46
"HSG",141354,"/Date(1703574809000)/",22000,1000,6028300,132855000000,50,true,0.23
"HSG",141354,"/Date(1703574808000)/",22050,12700,6027300,132833000000,100,false,0.46
"HSG",141347,"/Date(1703574800000)/",22000,1000,6014600,132553000000,50,true,0.23
"HSG",141341,"/Date(1703574795000)/",22000,200,6013600,132531000000,50,true,0.23
"HSG",141334,"/Date(1703574789000)/",22000,1000,6013400,132526000000,50,true,0.23
"HSG",141325,"/Date(1703574780000)/",22000,100,6012400,132504000000,50,true,0.23
"HSG",141325,"/Date(1703574778000)/",22050,5900,6012300,132502000000,100,false,0.46
"HSG",141325,"/Date(1703574778000)/",22050,6500,6006400,132372000000,100,false,0.46
"HSG",141322,"/Date(1703574776000)/",22000,10000,5999900,132229000000,50,true,0.23
"HSG",141322,"/Date(1703574775000)/",22000,1000,5989900,132009000000,50,true,0.23
"HSG",141318,"/Date(1703574772000)/",22000,100,5988900,131987000000,50,true,0.23
"HSG",141312,"/Date(1703574767000)/",22000,500,5988800,131985000000,50,true,0.23
"HSG",141306,"/Date(1703574760000)/",22000,100,5988300,131974000000,50,false,0.23
"HSG",141306,"/Date(1703574759000)/",22000,500,5988200,131971000000,50,false,0.23
"HSG",141306,"/Date(1703574759000)/",22000,100,5987700,131960000000,50,false,0.23
"HSG",141306,"/Date(1703574759000)/",22000,3900,5987600,131958000000,50,false,0.23
"HSG",141302,"/Date(1703574757000)/",22000,100,5983700,131872000000,50,false,0.23
"HSG",141259,"/Date(1703574754000)/",22000,1000,5983600,131870000000,50,false,0.23
"HSG",141259,"/Date(1703574754000)/",22000,100,5982600,131848000000,50,false,0.23
"HSG",141259,"/Date(1703574754000)/",22000,900,5982500,131846000000,50,false,0.23
"HSG",141259,"/Date(1703574752000)/",22000,100,5981600,131826000000,50,false,0.23
"HSG",141259,"/Date(1703574752000)/",22000,400,5981500,131824000000,50,false,0.23
"HSG",141259,"/Date(1703574752000)/",21950,2700,5981100,131815000000,0,true,0
"HSG",141256,"/Date(1703574751000)/",22000,2600,5978400,131756000000,50,false,0.23
"HSG",141256,"/Date(1703574751000)/",22000,1000,5975800,131699000000,50,false,0.23
"HSG",141256,"/Date(1703574751000)/",22000,500,5974800,131677000000,50,false,0.23
"HSG",141256,"/Date(1703574751000)/",22000,100,5974300,131666000000,50,false,0.23
"HSG",141256,"/Date(1703574751000)/",22000,5000,5974200,131664000000,50,false,0.23
"HSG",141256,"/Date(1703574751000)/",22000,2600,5969200,131554000000,50,false,0.23
"HSG",141256,"/Date(1703574751000)/",22000,300,5966600,131496000000,50,false,0.23
"HSG",141256,"/Date(1703574751000)/",22000,100,5966300,131490000000,50,false,0.23
"HSG",141256,"/Date(1703574751000)/",22000,100,5966200,131488000000,50,false,0.23
"HSG",141253,"/Date(1703574746000)/",22000,2000,5966100,131485000000,50,false,0.23
"HSG",141243,"/Date(1703574738000)/",22000,100,5964100,131441000000,50,false,0.23
"HSG",141243,"/Date(1703574737000)/",22000,500,5964000,131439000000,50,false,0.23
"HSG",141243,"/Date(1703574736000)/",22000,1000,5963500,131428000000,50,false,0.23
"HSG",141240,"/Date(1703574735000)/",22000,500,5962500,131406000000,50,false,0.23
"HSG",141240,"/Date(1703574734000)/",22000,1000,5962000,131395000000,50,false,0.23
"HSG",141237,"/Date(1703574730000)/",22000,500,5961000,131373000000,50,false,0.23
"HSG",141234,"/Date(1703574727000)/",22000,1000,5960500,131362000000,50,false,0.23
"HSG",141230,"/Date(1703574726000)/",22000,2000,5959500,131340000000,50,false,0.23
"HSG",141230,"/Date(1703574724000)/",22000,1300,5957500,131296000000,50,false,0.23
"HSG",141230,"/Date(1703574724000)/",22000,1000,5956200,131268000000,50,false,0.23
"HSG",141230,"/Date(1703574724000)/",22000,2700,5955200,131246000000,50,false,0.23
"HSG",141227,"/Date(1703574723000)/",22000,1000,5952500,131186000000,50,false,0.23
"HSG",141227,"/Date(1703574723000)/",22000,500,5951500,131164000000,50,false,0.23
"HSG",141227,"/Date(1703574723000)/",22000,100,5951000,131153000000,50,false,0.23
"HSG",141227,"/Date(1703574723000)/",22000,2000,5950900,131151000000,50,false,0.23
"HSG",141227,"/Date(1703574723000)/",22000,1500,5948900,131107000000,50,false,0.23
"HSG",141227,"/Date(1703574723000)/",22000,6000,5947400,131074000000,50,false,0.23
"HSG",141227,"/Date(1703574723000)/",22000,500,5941400,130942000000,50,false,0.23
"HSG",141227,"/Date(1703574723000)/",22000,200,5940900,130931000000,50,false,0.23
"HSG",141227,"/Date(1703574723000)/",22000,1200,5940700,130927000000,50,false,0.23
"HSG",141227,"/Date(1703574723000)/",22000,100,5939500,130900000000,50,false,0.23
"HSG",141227,"/Date(1703574721000)/",22000,1100,5939400,130898000000,50,false,0.23
"HSG",141221,"/Date(1703574714000)/",22000,800,5938300,130874000000,50,false,0.23
"HSG",141221,"/Date(1703574714000)/",22000,200,5937500,130856000000,50,false,0.23
"HSG",141214,"/Date(1703574710000)/",22000,300,5937300,130852000000,50,false,0.23
"HSG",141214,"/Date(1703574709000)/",21950,100,5937000,130845000000,0,true,0
"HSG",141211,"/Date(1703574706000)/",22000,200,5936900,130843000000,50,false,0.23
"HSG",141158,"/Date(1703574694000)/",22000,1300,5936700,130839000000,50,false,0.23
"HSG",141158,"/Date(1703574694000)/",22000,200,5935400,130810000000,50,false,0.23
"HSG",141158,"/Date(1703574694000)/",22000,1000,5935200,130806000000,50,false,0.23
"HSG",141158,"/Date(1703574694000)/",22000,2200,5934200,130784000000,50,false,0.23
"HSG",141158,"/Date(1703574694000)/",22000,3000,5932000,130735000000,50,false,0.23
"HSG",141158,"/Date(1703574694000)/",22000,1000,5929000,130669000000,50,false,0.23
"HSG",141158,"/Date(1703574694000)/",22000,1000,5928000,130647000000,50,false,0.23
"HSG",141158,"/Date(1703574694000)/",22000,100,5927000,130625000000,50,false,0.23
"HSG",141158,"/Date(1703574694000)/",22000,2000,5926900,130623000000,50,false,0.23
"HSG",141158,"/Date(1703574694000)/",22000,600,5924900,130579000000,50,false,0.23
"HSG",141158,"/Date(1703574692000)/",21950,1000,5924300,130566000000,0,true,0
"HSG",141155,"/Date(1703574690000)/",22000,600,5923300,130544000000,50,false,0.23
"HSG",141146,"/Date(1703574679000)/",21950,3000,5922700,130531000000,0,true,0
"HSG",141142,"/Date(1703574677000)/",21950,900,5919700,130465000000,0,true,0
"HSG",141139,"/Date(1703574672000)/",21950,5000,5918800,130445000000,0,true,0
"HSG",141133,"/Date(1703574667000)/",21950,2000,5913800,130335000000,0,true,0
"HSG",141130,"/Date(1703574665000)/",22000,800,5911800,130291000000,50,false,0.23
"HSG",141130,"/Date(1703574665000)/",22000,2600,5911000,130274000000,50,false,0.23
"HSG",141130,"/Date(1703574665000)/",22000,1000,5908400,130217000000,50,false,0.23
"HSG",141130,"/Date(1703574665000)/",22000,300,5907400,130195000000,50,false,0.23
"HSG",141130,"/Date(1703574665000)/",22000,500,5907100,130188000000,50,false,0.23
"HSG",141130,"/Date(1703574665000)/",22000,5000,5906600,130177000000,50,false,0.23
"HSG",141130,"/Date(1703574665000)/",22000,1000,5901600,130067000000,50,false,0.23
"HSG",141130,"/Date(1703574665000)/",22000,1000,5900600,130045000000,50,false,0.23
"HSG",141130,"/Date(1703574665000)/",22000,1000,5899600,130023000000,50,false,0.23
"HSG",141126,"/Date(1703574660000)/",22000,800,5898600,130001000000,50,false,0.23
"HSG",141117,"/Date(1703574652000)/",21950,5000,5897800,129983000000,0,true,0
"HSG",141117,"/Date(1703574652000)/",21950,500,5892800,129874000000,0,true,0
"HSG",141101,"/Date(1703574636000)/",21950,9000,5892300,129863000000,0,true,0
"HSG",141101,"/Date(1703574636000)/",22000,200,5883300,129665000000,50,false,0.23
"HSG",141101,"/Date(1703574636000)/",22000,700,5883100,129661000000,50,false,0.23
"HSG",141101,"/Date(1703574636000)/",22000,500,5882400,129645000000,50,false,0.23
"HSG",141101,"/Date(1703574636000)/",22000,500,5881900,129634000000,50,false,0.23
"HSG",141101,"/Date(1703574636000)/",22000,1000,5881400,129623000000,50,false,0.23
"HSG",141101,"/Date(1703574636000)/",22000,700,5880400,129601000000,50,false,0.23
"HSG",141101,"/Date(1703574636000)/",22000,3000,5879700,129586000000,50,false,0.23
"HSG",141101,"/Date(1703574636000)/",22000,800,5876700,129520000000,50,false,0.23
"HSG",141101,"/Date(1703574636000)/",22000,400,5875900,129502000000,50,false,0.23
"HSG",141101,"/Date(1703574636000)/",22000,200,5875500,129493000000,50,false,0.23
"HSG",141101,"/Date(1703574636000)/",22000,2000,5875300,129489000000,50,false,0.23
"HSG",141101,"/Date(1703574636000)/",22000,100,5873300,129445000000,50,false,0.23
"HSG",141101,"/Date(1703574636000)/",22000,100,5873200,129443000000,50,false,0.23
"HSG",141101,"/Date(1703574636000)/",22000,1600,5873100,129441000000,50,false,0.23
"HSG",141045,"/Date(1703574618000)/",21950,1000,5871500,129405000000,0,true,0
"HSG",141032,"/Date(1703574606000)/",21950,300,5870500,129383000000,0,true,0
"HSG",141029,"/Date(1703574602000)/",21950,1000,5870200,129377000000,0,true,0
"HSG",141022,"/Date(1703574597000)/",21950,400,5869200,129355000000,0,true,0
"HSG",141013,"/Date(1703574588000)/",21950,1000,5868800,129346000000,0,true,0
"HSG",141006,"/Date(1703574581000)/",21950,4100,5867800,129324000000,0,true,0
"HSG",141000,"/Date(1703574576000)/",21950,8000,5863700,129234000000,0,true,0
"HSG",140957,"/Date(1703574572000)/",21950,1000,5855700,129059000000,0,true,0
"HSG",140953,"/Date(1703574567000)/",21950,1000,5854700,129037000000,0,true,0
"HSG",140947,"/Date(1703574562000)/",21950,2600,5853700,129015000000,0,true,0
"HSG",140947,"/Date(1703574562000)/",21950,1400,5851100,128958000000,0,true,0
"HSG",140944,"/Date(1703574559000)/",21950,600,5849700,128927000000,0,true,0
"HSG",140944,"/Date(1703574559000)/",21950,400,5849100,128914000000,0,true,0
"HSG",140937,"/Date(1703574552000)/",21950,100,5848700,128905000000,0,true,0
"HSG",140937,"/Date(1703574550000)/",22000,900,5848600,128903000000,50,false,0.23
"HSG",140937,"/Date(1703574550000)/",22000,100,5847700,128883000000,50,false,0.23
"HSG",140931,"/Date(1703574545000)/",21950,1500,5847600,128881000000,0,true,0
"HSG",140931,"/Date(1703574545000)/",21950,200,5846100,128848000000,0,true,0
"HSG",140931,"/Date(1703574545000)/",21950,800,5845900,128843000000,0,true,0
"HSG",140931,"/Date(1703574544000)/",21950,1500,5845100,128826000000,0,true,0
"HSG",140931,"/Date(1703574544000)/",21950,500,5843600,128793000000,0,true,0
"HSG",140908,"/Date(1703574521000)/",21950,500,5843100,128782000000,0,true,0
"HSG",140908,"/Date(1703574521000)/",21950,200,5842600,128771000000,0,true,0
"HSG",140902,"/Date(1703574518000)/",22000,1000,5842400,128767000000,50,false,0.23
"HSG",140833,"/Date(1703574488000)/",21950,300,5841400,128745000000,0,true,0
"HSG",140833,"/Date(1703574488000)/",21950,200,5841100,128738000000,0,true,0
"HSG",140833,"/Date(1703574488000)/",22000,1900,5840900,128734000000,50,false,0.23
"HSG",140833,"/Date(1703574488000)/",22000,200,5839000,128692000000,50,false,0.23
"HSG",140833,"/Date(1703574488000)/",22000,1400,5838800,128687000000,50,false,0.23
"HSG",140833,"/Date(1703574488000)/",22000,1500,5837400,128657000000,50,false,0.23
"HSG",140804,"/Date(1703574460000)/",22000,200,5835900,128624000000,50,false,0.23
"HSG",140755,"/Date(1703574450000)/",22000,100,5835700,128619000000,50,false,0.23
"HSG",140755,"/Date(1703574449000)/",22000,200,5835600,128617000000,50,false,0.23
"HSG",140755,"/Date(1703574449000)/",22000,1000,5835400,128613000000,50,false,0.23
"HSG",140748,"/Date(1703574441000)/",22000,200,5834400,128591000000,50,false,0.23
"HSG",140723,"/Date(1703574416000)/",22000,100,5834200,128586000000,50,true,0.23
"HSG",140723,"/Date(1703574416000)/",22000,1000,5834100,128584000000,50,true,0.23
"HSG",140723,"/Date(1703574416000)/",22000,1000,5833100,128562000000,50,true,0.23
"HSG",140723,"/Date(1703574416000)/",22000,500,5832100,128540000000,50,true,0.23
"HSG",140723,"/Date(1703574416000)/",22000,1000,5831600,128529000000,50,true,0.23
"HSG",140723,"/Date(1703574416000)/",22000,200,5830600,128507000000,50,true,0.23
"HSG",140723,"/Date(1703574416000)/",22000,5000,5830400,128503000000,50,true,0.23
"HSG",140723,"/Date(1703574415000)/",22000,100,5825400,128393000000,50,true,0.23
"HSG",140723,"/Date(1703574415000)/",22000,900,5825300,128390000000,50,true,0.23
"HSG",140719,"/Date(1703574415000)/",22000,100,5824400,128371000000,50,true,0.23
"HSG",140719,"/Date(1703574415000)/",22000,1000,5824300,128368000000,50,true,0.23
"HSG",140719,"/Date(1703574415000)/",22000,1000,5823300,128346000000,50,true,0.23
"HSG",140719,"/Date(1703574415000)/",22000,100,5822300,128324000000,50,true,0.23
"HSG",140719,"/Date(1703574414000)/",22000,200,5822200,128322000000,50,true,0.23
"HSG",140719,"/Date(1703574414000)/",22000,2700,5822000,128318000000,50,true,0.23
"HSG",140719,"/Date(1703574414000)/",22000,2300,5819300,128258000000,50,true,0.23
"HSG",140719,"/Date(1703574412000)/",22000,300,5817000,128208000000,50,true,0.23
"HSG",140716,"/Date(1703574409000)/",22000,10000,5816700,128201000000,50,true,0.23
"HSG",140716,"/Date(1703574409000)/",22000,1700,5806700,127981000000,50,true,0.23
"HSG",140713,"/Date(1703574406000)/",22000,2000,5805000,127944000000,50,true,0.23
"HSG",140710,"/Date(1703574404000)/",22000,3700,5803000,127900000000,50,true,0.23
"HSG",140710,"/Date(1703574404000)/",22000,100,5799300,127818000000,50,true,0.23
"HSG",140710,"/Date(1703574404000)/",22000,5000,5799200,127816000000,50,true,0.23
"HSG",140710,"/Date(1703574404000)/",22000,100,5794200,127706000000,50,true,0.23
"HSG",140710,"/Date(1703574404000)/",22000,100,5794100,127704000000,50,true,0.23
"HSG",140710,"/Date(1703574404000)/",22000,14000,5794000,127702000000,50,true,0.23
"HSG",140703,"/Date(1703574399000)/",22000,2000,5780000,127394000000,50,true,0.23
"HSG",140703,"/Date(1703574398000)/",22000,4000,5778000,127350000000,50,true,0.23
"HSG",140703,"/Date(1703574398000)/",22000,100,5774000,127262000000,50,true,0.23
"HSG",140703,"/Date(1703574398000)/",22000,400,5773900,127260000000,50,true,0.23
"HSG",140703,"/Date(1703574398000)/",22000,200,5773500,127251000000,50,true,0.23
"HSG",140703,"/Date(1703574398000)/",22000,2000,5773300,127246000000,50,true,0.23
"HSG",140703,"/Date(1703574398000)/",22000,200,5771300,127202000000,50,true,0.23
"HSG",140703,"/Date(1703574398000)/",22000,100,5771100,127198000000,50,true,0.23
"HSG",140703,"/Date(1703574398000)/",22000,300,5771000,127196000000,50,true,0.23
"HSG",140703,"/Date(1703574398000)/",22000,20000,5770700,127189000000,50,true,0.23
"HSG",140703,"/Date(1703574398000)/",22000,10000,5750700,126749000000,50,true,0.23
"HSG",140703,"/Date(1703574398000)/",22000,1000,5740700,126529000000,50,true,0.23
"HSG",140703,"/Date(1703574398000)/",22000,100,5739700,126507000000,50,true,0.23
"HSG",140703,"/Date(1703574398000)/",22000,1000,5739600,126505000000,50,true,0.23
"HSG",140703,"/Date(1703574398000)/",22000,3000,5738600,126483000000,50,true,0.23
"HSG",140703,"/Date(1703574398000)/",22000,100,5735600,126417000000,50,true,0.23
"HSG",140703,"/Date(1703574398000)/",22000,1000,5735500,126415000000,50,true,0.23
"HSG",140703,"/Date(1703574398000)/",22000,100,5734500,126393000000,50,true,0.23
"HSG",140703,"/Date(1703574398000)/",22000,300,5734400,126391000000,50,true,0.23
"HSG",140703,"/Date(1703574398000)/",22000,200,5734100,126384000000,50,true,0.23
"HSG",140703,"/Date(1703574398000)/",22000,500,5733900,126380000000,50,true,0.23
"HSG",140703,"/Date(1703574398000)/",22000,100,5733400,126369000000,50,true,0.23
"HSG",140703,"/Date(1703574398000)/",22000,200,5733300,126366000000,50,true,0.23
"HSG",140703,"/Date(1703574398000)/",22000,100,5733100,126362000000,50,true,0.23
"HSG",140703,"/Date(1703574398000)/",22000,200,5733000,126360000000,50,true,0.23
"HSG",140703,"/Date(1703574398000)/",22000,2000,5732800,126355000000,50,true,0.23
"HSG",140703,"/Date(1703574398000)/",22000,100,5730800,126311000000,50,true,0.23
"HSG",140703,"/Date(1703574398000)/",22000,500,5730700,126309000000,50,true,0.23
"HSG",140703,"/Date(1703574398000)/",22000,200,5730200,126298000000,50,true,0.23
"HSG",140700,"/Date(1703574394000)/",22000,1500,5730000,126294000000,50,true,0.23
"HSG",140700,"/Date(1703574393000)/",22000,300,5728500,126261000000,50,true,0.23
"HSG",140700,"/Date(1703574393000)/",22000,1000,5728200,126254000000,50,true,0.23
"HSG",140700,"/Date(1703574393000)/",22000,200,5727200,126232000000,50,true,0.23
"HSG",140700,"/Date(1703574393000)/",22000,100,5727000,126228000000,50,true,0.23
"HSG",140700,"/Date(1703574393000)/",22000,2400,5726900,126226000000,50,true,0.23
"HSG",140650,"/Date(1703574384000)/",22000,100,5724500,126173000000,50,true,0.23
"HSG",140634,"/Date(1703574368000)/",22000,100,5724400,126171000000,50,true,0.23
"HSG",140556,"/Date(1703574330000)/",22050,3500,5724300,126168000000,100,false,0.46
"HSG",140556,"/Date(1703574330000)/",22050,1500,5720800,126091000000,100,false,0.46
"HSG",140553,"/Date(1703574329000)/",22000,3000,5719300,126058000000,50,true,0.23
"HSG",140553,"/Date(1703574329000)/",22000,200,5716300,125992000000,50,true,0.23
"HSG",140553,"/Date(1703574328000)/",22000,1000,5716100,125988000000,50,true,0.23
"HSG",140553,"/Date(1703574326000)/",22000,200,5715100,125966000000,50,true,0.23
"HSG",140546,"/Date(1703574321000)/",22000,500,5714900,125961000000,50,true,0.23
"HSG",140543,"/Date(1703574319000)/",22000,800,5714400,125950000000,50,true,0.23
"HSG",140540,"/Date(1703574316000)/",22000,2000,5713600,125933000000,50,true,0.23
"HSG",140540,"/Date(1703574314000)/",22000,4500,5711600,125889000000,50,true,0.23
"HSG",140530,"/Date(1703574305000)/",22000,200,5707100,125790000000,50,true,0.23
"HSG",140530,"/Date(1703574305000)/",22000,500,5706900,125785000000,50,true,0.23
"HSG",140530,"/Date(1703574305000)/",22000,500,5706400,125774000000,50,true,0.23
"HSG",140530,"/Date(1703574305000)/",22000,1000,5705900,125763000000,50,true,0.23
"HSG",140530,"/Date(1703574305000)/",22000,500,5704900,125741000000,50,true,0.23
"HSG",140530,"/Date(1703574305000)/",22000,500,5704400,125730000000,50,true,0.23
"HSG",140527,"/Date(1703574303000)/",22000,500,5703900,125719000000,50,true,0.23
"HSG",140527,"/Date(1703574303000)/",22000,100,5703400,125708000000,50,true,0.23
"HSG",140527,"/Date(1703574303000)/",22000,300,5703300,125706000000,50,true,0.23
"HSG",140527,"/Date(1703574303000)/",22000,1500,5703000,125700000000,50,true,0.23
"HSG",140527,"/Date(1703574303000)/",22000,500,5701500,125667000000,50,true,0.23
"HSG",140527,"/Date(1703574303000)/",22000,300,5701000,125656000000,50,true,0.23
"HSG",140527,"/Date(1703574303000)/",22000,100,5700700,125649000000,50,true,0.23
"HSG",140527,"/Date(1703574303000)/",22000,500,5700600,125647000000,50,true,0.23
"HSG",140527,"/Date(1703574303000)/",22000,5000,5700100,125636000000,50,true,0.23
"HSG",140527,"/Date(1703574303000)/",22000,1200,5695100,125526000000,50,true,0.23
"HSG",140524,"/Date(1703574299000)/",22050,900,5693900,125499000000,100,false,0.46
"HSG",140524,"/Date(1703574299000)/",22050,2100,5693000,125480000000,100,false,0.46
"HSG",140524,"/Date(1703574298000)/",22000,1500,5690900,125433000000,50,true,0.23
"HSG",140521,"/Date(1703574297000)/",22000,300,5689400,125400000000,50,true,0.23
"HSG",140521,"/Date(1703574297000)/",22000,200,5689100,125394000000,50,true,0.23
"HSG",140521,"/Date(1703574297000)/",22000,200,5688900,125389000000,50,true,0.23
"HSG",140521,"/Date(1703574297000)/",22000,3000,5688700,125385000000,50,true,0.23
"HSG",140521,"/Date(1703574297000)/",22000,3000,5685700,125319000000,50,true,0.23
"HSG",140521,"/Date(1703574297000)/",22000,1000,5682700,125253000000,50,true,0.23
"HSG",140521,"/Date(1703574297000)/",22000,2300,5681700,125231000000,50,true,0.23
"HSG",140518,"/Date(1703574293000)/",22000,200,5679400,125180000000,50,true,0.23
"HSG",140518,"/Date(1703574293000)/",22000,300,5679200,125176000000,50,true,0.23
"HSG",140511,"/Date(1703574285000)/",22000,500,5678900,125169000000,50,true,0.23
"HSG",140508,"/Date(1703574283000)/",22000,100,5678400,125158000000,50,true,0.23
"HSG",140505,"/Date(1703574280000)/",22000,2000,5678300,125156000000,50,true,0.23
"HSG",140505,"/Date(1703574279000)/",22000,1000,5676300,125112000000,50,true,0.23
"HSG",140426,"/Date(1703574242000)/",22000,100,5675300,125090000000,50,true,0.23
"HSG",140426,"/Date(1703574240000)/",22000,3000,5675200,125088000000,50,true,0.23
"HSG",140423,"/Date(1703574238000)/",22000,2000,5672200,125022000000,50,true,0.23
"HSG",140423,"/Date(1703574237000)/",22000,1000,5670200,124978000000,50,true,0.23
"HSG",140407,"/Date(1703574222000)/",22000,10000,5669200,124956000000,50,true,0.23
"HSG",140404,"/Date(1703574219000)/",22000,500,5659200,124736000000,50,true,0.23
"HSG",140404,"/Date(1703574219000)/",22000,200,5658700,124725000000,50,true,0.23
"HSG",140404,"/Date(1703574219000)/",22000,200,5658500,124720000000,50,true,0.23
"HSG",140404,"/Date(1703574219000)/",22000,200,5658300,124716000000,50,true,0.23
"HSG",140404,"/Date(1703574218000)/",22000,100,5658100,124712000000,50,true,0.23
"HSG",140404,"/Date(1703574218000)/",22000,200,5658000,124709000000,50,true,0.23
"HSG",140404,"/Date(1703574218000)/",22000,100,5657800,124705000000,50,true,0.23
"HSG",140404,"/Date(1703574218000)/",22000,200,5657700,124703000000,50,true,0.23
"HSG",140404,"/Date(1703574218000)/",22000,300,5657500,124698000000,50,true,0.23
"HSG",140404,"/Date(1703574218000)/",22000,500,5657200,124692000000,50,true,0.23
"HSG",140404,"/Date(1703574218000)/",22000,100,5656700,124681000000,50,true,0.23
"HSG",140404,"/Date(1703574218000)/",22000,300,5656600,124679000000,50,true,0.23
"HSG",140404,"/Date(1703574218000)/",22000,200,5656300,124672000000,50,true,0.23
"HSG",140354,"/Date(1703574210000)/",22000,100,5656100,124668000000,50,true,0.23
"HSG",140351,"/Date(1703574206000)/",22050,500,5656000,124665000000,100,false,0.46
"HSG",140348,"/Date(1703574203000)/",22000,700,5655500,124654000000,50,true,0.23
"HSG",140348,"/Date(1703574203000)/",22000,200,5654800,124639000000,50,true,0.23
"HSG",140348,"/Date(1703574203000)/",22000,500,5654600,124635000000,50,true,0.23
"HSG",140348,"/Date(1703574203000)/",22000,500,5654100,124624000000,50,true,0.23
"HSG",140348,"/Date(1703574203000)/",22000,100,5653600,124613000000,50,true,0.23
"HSG",140348,"/Date(1703574203000)/",22000,200,5653500,124610000000,50,true,0.23
"HSG",140348,"/Date(1703574203000)/",22000,100,5653300,124606000000,50,true,0.23
"HSG",140348,"/Date(1703574203000)/",22000,400,5653200,124604000000,50,true,0.23
"HSG",140348,"/Date(1703574203000)/",22000,300,5652800,124595000000,50,true,0.23
"HSG",140348,"/Date(1703574203000)/",22000,300,5652500,124588000000,50,true,0.23
"HSG",140348,"/Date(1703574203000)/",22000,2000,5652200,124582000000,50,true,0.23
"HSG",140348,"/Date(1703574203000)/",22000,100,5650200,124538000000,50,true,0.23
"HSG",140348,"/Date(1703574203000)/",22000,100,5650100,124536000000,50,true,0.23
"HSG",140348,"/Date(1703574203000)/",22000,1000,5650000,124533000000,50,true,0.23
"HSG",140348,"/Date(1703574203000)/",22000,100,5649000,124511000000,50,true,0.23
"HSG",140348,"/Date(1703574203000)/",22000,100,5648900,124509000000,50,true,0.23
"HSG",140348,"/Date(1703574203000)/",22000,100,5648800,124507000000,50,true,0.23
"HSG",140348,"/Date(1703574203000)/",22000,2000,5648700,124505000000,50,true,0.23
"HSG",140348,"/Date(1703574203000)/",22000,200,5646700,124461000000,50,true,0.23
"HSG",140348,"/Date(1703574203000)/",22000,300,5646500,124456000000,50,true,0.23
"HSG",140348,"/Date(1703574203000)/",22000,700,5646200,124450000000,50,true,0.23
"HSG",140338,"/Date(1703574194000)/",22000,2000,5645500,124434000000,50,true,0.23
"HSG",140313,"/Date(1703574167000)/",22050,100,5643500,124390000000,100,false,0.46
"HSG",140231,"/Date(1703574126000)/",22050,2000,5643400,124388000000,100,false,0.46
"HSG",140231,"/Date(1703574125000)/",22050,200,5641400,124344000000,100,false,0.46
"HSG",140209,"/Date(1703574104000)/",22000,1000,5641200,124340000000,50,true,0.23
"HSG",140202,"/Date(1703574097000)/",22000,700,5640200,124318000000,50,true,0.23
"HSG",140202,"/Date(1703574096000)/",22000,1600,5639500,124302000000,50,true,0.23
"HSG",140143,"/Date(1703574077000)/",22000,1000,5637900,124267000000,50,true,0.23
"HSG",140114,"/Date(1703574049000)/",22000,3000,5636900,124245000000,50,true,0.23
"HSG",140114,"/Date(1703574049000)/",22000,1000,5633900,124179000000,50,true,0.23
"HSG",140114,"/Date(1703574049000)/",22000,1000,5632900,124157000000,50,true,0.23
"HSG",140108,"/Date(1703574041000)/",22000,500,5631900,124135000000,50,true,0.23
"HSG",140101,"/Date(1703574035000)/",22000,100,5631400,124124000000,50,true,0.23
"HSG",140101,"/Date(1703574035000)/",22000,200,5631300,124122000000,50,true,0.23
"HSG",140058,"/Date(1703574032000)/",22000,1500,5631100,124118000000,50,true,0.23
"HSG",140055,"/Date(1703574030000)/",22000,500,5629600,124085000000,50,true,0.23
"HSG",140055,"/Date(1703574030000)/",22000,500,5629100,124074000000,50,true,0.23
"HSG",140055,"/Date(1703574030000)/",22000,100,5628600,124063000000,50,true,0.23
"HSG",140055,"/Date(1703574030000)/",22000,1000,5628500,124060000000,50,true,0.23
"HSG",140055,"/Date(1703574030000)/",22000,1000,5627500,124038000000,50,true,0.23
"HSG",140055,"/Date(1703574030000)/",22000,500,5626500,124016000000,50,true,0.23
"HSG",140055,"/Date(1703574030000)/",22000,6400,5626000,124005000000,50,true,0.23
"HSG",140045,"/Date(1703574019000)/",22000,100,5619600,123865000000,50,true,0.23
"HSG",140026,"/Date(1703574001000)/",22000,30000,5619500,123862000000,50,true,0.23
"HSG",140026,"/Date(1703574000000)/",22000,200,5589500,123202000000,50,true,0.23
"HSG",140023,"/Date(1703573996000)/",22050,100,5589300,123198000000,100,false,0.46
"HSG",140023,"/Date(1703573996000)/",22050,600,5589200,123196000000,100,false,0.46
"HSG",140023,"/Date(1703573996000)/",22050,3000,5588600,123182000000,100,false,0.46
"HSG",140023,"/Date(1703573996000)/",22050,100,5585600,123116000000,100,false,0.46
"HSG",140023,"/Date(1703573996000)/",22050,6200,5585500,123114000000,100,false,0.46
"HSG",140020,"/Date(1703573993000)/",22000,400,5579300,122977000000,50,true,0.23
"HSG",140007,"/Date(1703573982000)/",22000,1400,5578900,122969000000,50,true,0.23
"HSG",140007,"/Date(1703573981000)/",22000,20000,5577500,122938000000,50,true,0.23
"HSG",140004,"/Date(1703573978000)/",22000,100,5557500,122498000000,50,true,0.23
"HSG",135941,"/Date(1703573956000)/",22000,1000,5557400,122496000000,50,true,0.23
"HSG",135935,"/Date(1703573949000)/",22050,1000,5556400,122474000000,100,false,0.46
"HSG",135925,"/Date(1703573941000)/",22050,2800,5555400,122452000000,100,false,0.46
"HSG",135925,"/Date(1703573941000)/",22050,300,5552600,122390000000,100,false,0.46
"HSG",135925,"/Date(1703573941000)/",22050,6900,5552300,122383000000,100,false,0.46
"HSG",135837,"/Date(1703573891000)/",22050,2000,5545400,122231000000,100,false,0.46
"HSG",135825,"/Date(1703573880000)/",22000,1100,5543400,122187000000,50,true,0.23
"HSG",135815,"/Date(1703573869000)/",22050,500,5542300,122163000000,100,false,0.46
"HSG",135743,"/Date(1703573838000)/",22050,10000,5541800,122152000000,100,false,0.46
"HSG",135743,"/Date(1703573836000)/",22000,7000,5531800,121931000000,50,true,0.23
"HSG",135740,"/Date(1703573834000)/",22050,300,5524800,121777000000,100,false,0.46
"HSG",135736,"/Date(1703573832000)/",22050,300,5524500,121771000000,100,false,0.46
"HSG",135727,"/Date(1703573823000)/",22050,500,5524200,121764000000,100,false,0.46
"HSG",135724,"/Date(1703573819000)/",22000,1000,5523700,121753000000,50,true,0.23
"HSG",135704,"/Date(1703573799000)/",22050,200,5522700,121731000000,100,false,0.46
"HSG",135655,"/Date(1703573790000)/",22050,1000,5522500,121727000000,100,false,0.46
"HSG",135655,"/Date(1703573790000)/",22050,300,5521500,121705000000,100,false,0.46
"HSG",135655,"/Date(1703573789000)/",22050,200,5521200,121698000000,100,false,0.46
"HSG",135655,"/Date(1703573789000)/",22050,100,5521000,121694000000,100,false,0.46
"HSG",135655,"/Date(1703573789000)/",22050,700,5520900,121691000000,100,false,0.46
"HSG",135648,"/Date(1703573785000)/",22050,2300,5520200,121676000000,100,true,0.46
"HSG",135648,"/Date(1703573785000)/",22050,700,5517900,121625000000,100,true,0.46
"HSG",135648,"/Date(1703573785000)/",22050,200,5517200,121610000000,100,true,0.46
"HSG",135648,"/Date(1703573785000)/",22050,1000,5517000,121605000000,100,true,0.46
"HSG",135648,"/Date(1703573785000)/",22050,100,5516000,121583000000,100,true,0.46
"HSG",135648,"/Date(1703573785000)/",22050,500,5515900,121581000000,100,true,0.46
"HSG",135648,"/Date(1703573785000)/",22050,5000,5515400,121570000000,100,true,0.46
"HSG",135648,"/Date(1703573785000)/",22050,200,5510400,121460000000,100,true,0.46
"HSG",135648,"/Date(1703573784000)/",22050,200,5510200,121455000000,100,true,0.46
"HSG",135633,"/Date(1703573768000)/",22050,500,5510000,121451000000,100,true,0.46
"HSG",135633,"/Date(1703573767000)/",22050,600,5509500,121440000000,100,true,0.46
"HSG",135633,"/Date(1703573767000)/",22050,900,5508900,121427000000,100,true,0.46
"HSG",135633,"/Date(1703573767000)/",22050,400,5508000,121407000000,100,true,0.46
"HSG",135633,"/Date(1703573767000)/",22050,2000,5507600,121398000000,100,true,0.46
"HSG",135633,"/Date(1703573767000)/",22050,2000,5505600,121354000000,100,true,0.46
"HSG",135633,"/Date(1703573767000)/",22050,3000,5503600,121310000000,100,true,0.46
"HSG",135633,"/Date(1703573767000)/",22050,4000,5500600,121244000000,100,true,0.46
"HSG",135633,"/Date(1703573767000)/",22050,400,5496600,121155000000,100,true,0.46
"HSG",135633,"/Date(1703573767000)/",22050,1000,5496200,121147000000,100,true,0.46
"HSG",135633,"/Date(1703573767000)/",22050,300,5495200,121125000000,100,true,0.46
"HSG",135633,"/Date(1703573767000)/",22050,1000,5494900,121118000000,100,true,0.46
"HSG",135633,"/Date(1703573767000)/",22050,100,5493900,121096000000,100,true,0.46
"HSG",135633,"/Date(1703573767000)/",22050,1000,5493800,121094000000,100,true,0.46
"HSG",135633,"/Date(1703573767000)/",22050,100,5492800,121072000000,100,true,0.46
"HSG",135633,"/Date(1703573767000)/",22050,1000,5492700,121069000000,100,true,0.46
"HSG",135633,"/Date(1703573767000)/",22050,500,5491700,121047000000,100,true,0.46
"HSG",135633,"/Date(1703573767000)/",22050,500,5491200,121036000000,100,true,0.46
"HSG",135633,"/Date(1703573767000)/",22050,500,5490700,121025000000,100,true,0.46
"HSG",135633,"/Date(1703573767000)/",22050,1000,5490200,121014000000,100,true,0.46
"HSG",135633,"/Date(1703573767000)/",22050,1000,5489200,120992000000,100,true,0.46
"HSG",135633,"/Date(1703573767000)/",22050,1000,5488200,120970000000,100,true,0.46
"HSG",135633,"/Date(1703573767000)/",22050,3000,5487200,120948000000,100,true,0.46
"HSG",135633,"/Date(1703573767000)/",22050,2000,5484200,120882000000,100,true,0.46
"HSG",135633,"/Date(1703573767000)/",22050,2000,5482200,120838000000,100,true,0.46
"HSG",135633,"/Date(1703573767000)/",22050,300,5480200,120794000000,100,true,0.46
"HSG",135633,"/Date(1703573767000)/",22050,100,5479900,120787000000,100,true,0.46
"HSG",135633,"/Date(1703573767000)/",22050,3000,5479800,120785000000,100,true,0.46
"HSG",135633,"/Date(1703573767000)/",22050,100,5476800,120719000000,100,true,0.46
"HSG",135633,"/Date(1703573767000)/",22050,300,5476700,120717000000,100,true,0.46
"HSG",135633,"/Date(1703573767000)/",22050,100,5476400,120710000000,100,true,0.46
"HSG",135633,"/Date(1703573767000)/",22050,1000,5476300,120708000000,100,true,0.46
"HSG",135633,"/Date(1703573767000)/",22050,6400,5475300,120686000000,100,true,0.46
"HSG",135629,"/Date(1703573765000)/",22050,100,5468900,120545000000,100,true,0.46
"HSG",135629,"/Date(1703573765000)/",22050,20000,5468800,120542000000,100,true,0.46
"HSG",135626,"/Date(1703573760000)/",22050,200,5448800,120101000000,100,true,0.46
"HSG",135623,"/Date(1703573756000)/",22050,2000,5448600,120097000000,100,true,0.46
"HSG",135620,"/Date(1703573756000)/",22050,3000,5446600,120053000000,100,true,0.46
"HSG",135616,"/Date(1703573753000)/",22050,15000,5443600,119987000000,100,true,0.46
"HSG",135610,"/Date(1703573744000)/",22050,200,5428600,119656000000,100,true,0.46
"HSG",135600,"/Date(1703573737000)/",22050,20000,5428400,119652000000,100,true,0.46
"HSG",135600,"/Date(1703573737000)/",22050,10000,5408400,119211000000,100,true,0.46
"HSG",135600,"/Date(1703573736000)/",22050,200,5398400,118990000000,100,true,0.46
"HSG",135557,"/Date(1703573732000)/",22050,5100,5398200,118986000000,100,true,0.46
"HSG",135557,"/Date(1703573732000)/",22050,2000,5393100,118873000000,100,true,0.46
"HSG",135554,"/Date(1703573728000)/",22050,1500,5391100,118829000000,100,true,0.46
"HSG",135548,"/Date(1703573722000)/",22050,20000,5389600,118796000000,100,true,0.46
"HSG",135548,"/Date(1703573722000)/",22050,3000,5369600,118355000000,100,true,0.46
"HSG",135544,"/Date(1703573720000)/",22050,800,5366600,118289000000,100,true,0.46
"HSG",135544,"/Date(1703573720000)/",22050,1300,5365800,118271000000,100,true,0.46
"HSG",135532,"/Date(1703573707000)/",22050,1900,5364500,118243000000,100,true,0.46
"HSG",135532,"/Date(1703573707000)/",22050,20000,5362600,118201000000,100,true,0.46
"HSG",135525,"/Date(1703573699000)/",22050,100,5342600,117760000000,100,true,0.46
"HSG",135519,"/Date(1703573693000)/",22050,3000,5342500,117758000000,100,true,0.46
"HSG",135506,"/Date(1703573683000)/",22050,500,5339500,117691000000,100,true,0.46
"HSG",135453,"/Date(1703573668000)/",22050,1000,5339000,117680000000,100,true,0.46
"HSG",135440,"/Date(1703573657000)/",22100,2700,5338000,117658000000,150,false,0.68
"HSG",135424,"/Date(1703573641000)/",22100,200,5335300,117599000000,150,false,0.68
"HSG",135412,"/Date(1703573626000)/",22100,1500,5335100,117594000000,150,false,0.68
"HSG",135402,"/Date(1703573616000)/",22100,300,5333600,117561000000,150,false,0.68
"HSG",135352,"/Date(1703573608000)/",22050,300,5333300,117554000000,100,true,0.46
"HSG",135349,"/Date(1703573604000)/",22100,200,5333000,117548000000,150,false,0.68
"HSG",135343,"/Date(1703573599000)/",22100,300,5332800,117543000000,150,false,0.68
"HSG",135340,"/Date(1703573596000)/",22100,500,5332500,117537000000,150,false,0.68
"HSG",135324,"/Date(1703573580000)/",22100,100,5332000,117526000000,150,false,0.68
"HSG",135324,"/Date(1703573579000)/",22100,200,5331900,117524000000,150,false,0.68
"HSG",135258,"/Date(1703573552000)/",22050,38500,5331700,117519000000,100,true,0.46
"HSG",135258,"/Date(1703573552000)/",22100,11500,5293200,116670000000,150,true,0.68
"HSG",135255,"/Date(1703573551000)/",22100,2000,5281700,116416000000,150,true,0.68
"HSG",135255,"/Date(1703573551000)/",22100,1000,5279700,116372000000,150,true,0.68
"HSG",135255,"/Date(1703573551000)/",22100,2000,5278700,116350000000,150,true,0.68
"HSG",135255,"/Date(1703573551000)/",22100,1000,5276700,116306000000,150,true,0.68
"HSG",135255,"/Date(1703573551000)/",22100,1000,5275700,116283000000,150,true,0.68
"HSG",135255,"/Date(1703573551000)/",22100,600,5274700,116261000000,150,true,0.68
"HSG",135255,"/Date(1703573551000)/",22100,100,5274100,116248000000,150,true,0.68
"HSG",135255,"/Date(1703573551000)/",22100,4500,5274000,116246000000,150,true,0.68
"HSG",135255,"/Date(1703573551000)/",22100,100,5269500,116146000000,150,true,0.68
"HSG",135255,"/Date(1703573551000)/",22100,1500,5269400,116144000000,150,true,0.68
"HSG",135255,"/Date(1703573551000)/",22100,500,5267900,116111000000,150,true,0.68
"HSG",135255,"/Date(1703573551000)/",22100,9500,5267400,116100000000,150,true,0.68
"HSG",135255,"/Date(1703573551000)/",22100,500,5257900,115890000000,150,true,0.68
"HSG",135255,"/Date(1703573551000)/",22100,4500,5257400,115879000000,150,true,0.68
"HSG",135255,"/Date(1703573551000)/",22100,5000,5252900,115780000000,150,true,0.68
"HSG",135255,"/Date(1703573551000)/",22100,400,5247900,115669000000,150,true,0.68
"HSG",135255,"/Date(1703573551000)/",22100,5000,5247500,115660000000,150,true,0.68
"HSG",135255,"/Date(1703573551000)/",22100,100,5242500,115550000000,150,true,0.68
"HSG",135255,"/Date(1703573551000)/",22100,1500,5242400,115548000000,150,true,0.68
"HSG",135255,"/Date(1703573551000)/",22100,100,5240900,115514000000,150,true,0.68
"HSG",135255,"/Date(1703573551000)/",22100,900,5240800,115512000000,150,true,0.68
"HSG",135255,"/Date(1703573551000)/",22100,3000,5239900,115492000000,150,true,0.68
"HSG",135255,"/Date(1703573551000)/",22100,800,5236900,115426000000,150,true,0.68
"HSG",135255,"/Date(1703573551000)/",22100,2000,5236100,115408000000,150,true,0.68
"HSG",135255,"/Date(1703573551000)/",22100,2000,5234100,115364000000,150,true,0.68
"HSG",135255,"/Date(1703573551000)/",22100,4000,5232100,115320000000,150,true,0.68
"HSG",135255,"/Date(1703573551000)/",22100,3800,5228100,115232000000,150,true,0.68
"HSG",135255,"/Date(1703573551000)/",22100,200,5224300,115148000000,150,true,0.68
"HSG",135255,"/Date(1703573551000)/",22100,200,5224100,115143000000,150,true,0.68
"HSG",135255,"/Date(1703573551000)/",22100,500,5223900,115139000000,150,true,0.68
"HSG",135255,"/Date(1703573551000)/",22100,100,5223400,115128000000,150,true,0.68
"HSG",135255,"/Date(1703573551000)/",22100,300,5223300,115125000000,150,true,0.68
"HSG",135255,"/Date(1703573551000)/",22100,3000,5223000,115119000000,150,true,0.68
"HSG",135255,"/Date(1703573551000)/",22100,500,5220000,115052000000,150,true,0.68
"HSG",135255,"/Date(1703573551000)/",22100,200,5219500,115041000000,150,true,0.68
"HSG",135255,"/Date(1703573551000)/",22100,5000,5219300,115037000000,150,true,0.68
"HSG",135255,"/Date(1703573551000)/",22100,100,5214300,114927000000,150,true,0.68
"HSG",135255,"/Date(1703573551000)/",22100,500,5214200,114924000000,150,true,0.68
"HSG",135255,"/Date(1703573551000)/",22100,200,5213700,114913000000,150,true,0.68
"HSG",135255,"/Date(1703573551000)/",22100,200,5213500,114909000000,150,true,0.68
"HSG",135255,"/Date(1703573551000)/",22100,100,5213300,114904000000,150,true,0.68
"HSG",135255,"/Date(1703573551000)/",22100,1000,5213200,114902000000,150,true,0.68
"HSG",135255,"/Date(1703573551000)/",22100,4000,5212200,114880000000,150,true,0.68
"HSG",135255,"/Date(1703573551000)/",22100,500,5208200,114792000000,150,true,0.68
"HSG",135255,"/Date(1703573551000)/",22100,500,5207700,114781000000,150,true,0.68
"HSG",135255,"/Date(1703573551000)/",22100,3000,5207200,114770000000,150,true,0.68
"HSG",135255,"/Date(1703573551000)/",22100,100,5204200,114703000000,150,true,0.68
"HSG",135255,"/Date(1703573551000)/",22100,5000,5204100,114701000000,150,true,0.68
"HSG",135255,"/Date(1703573551000)/",22100,900,5199100,114591000000,150,true,0.68
"HSG",135255,"/Date(1703573551000)/",22100,800,5198200,114571000000,150,true,0.68
"HSG",135255,"/Date(1703573551000)/",22100,100,5197400,114553000000,150,true,0.68
"HSG",135255,"/Date(1703573551000)/",22100,1000,5197300,114551000000,150,true,0.68
"HSG",135255,"/Date(1703573551000)/",22100,10000,5196300,114529000000,150,true,0.68
"HSG",135255,"/Date(1703573551000)/",22100,2000,5186300,114308000000,150,true,0.68
"HSG",135255,"/Date(1703573551000)/",22100,20000,5184300,114264000000,150,true,0.68
"HSG",135255,"/Date(1703573551000)/",22100,5000,5164300,113822000000,150,true,0.68
"HSG",135255,"/Date(1703573551000)/",22100,300,5159300,113711000000,150,true,0.68
"HSG",135255,"/Date(1703573551000)/",22100,5000,5159000,113704000000,150,true,0.68
"HSG",135255,"/Date(1703573551000)/",22100,1600,5154000,113594000000,150,true,0.68
"HSG",135255,"/Date(1703573551000)/",22100,500,5152400,113559000000,150,true,0.68
"HSG",135255,"/Date(1703573551000)/",22100,500,5151900,113547000000,150,true,0.68
"HSG",135255,"/Date(1703573551000)/",22100,43000,5151400,113536000000,150,true,0.68
"HSG",135255,"/Date(1703573551000)/",22100,300,5108400,112586000000,150,true,0.68
"HSG",135255,"/Date(1703573551000)/",22100,1000,5108100,112580000000,150,true,0.68
"HSG",135255,"/Date(1703573551000)/",22100,2000,5107100,112557000000,150,true,0.68
"HSG",135255,"/Date(1703573551000)/",22100,5000,5105100,112513000000,150,true,0.68
"HSG",135255,"/Date(1703573551000)/",22100,2000,5100100,112403000000,150,true,0.68
"HSG",135255,"/Date(1703573551000)/",22100,1000,5098100,112359000000,150,true,0.68
"HSG",135255,"/Date(1703573551000)/",22100,3900,5097100,112336000000,150,true,0.68
"HSG",135255,"/Date(1703573551000)/",22050,6800,5093200,112250000000,100,true,0.46
"HSG",135242,"/Date(1703573538000)/",22050,1000,5086400,112100000000,100,true,0.46
"HSG",135232,"/Date(1703573528000)/",22050,3800,5085400,112078000000,100,true,0.46
"HSG",135223,"/Date(1703573519000)/",22050,400,5081600,111994000000,100,true,0.46
"HSG",135216,"/Date(1703573511000)/",22050,2000,5081200,111986000000,100,true,0.46
"HSG",135204,"/Date(1703573497000)/",22050,30000,5079200,111942000000,100,true,0.46
"HSG",135154,"/Date(1703573490000)/",22050,1000,5049200,111280000000,100,true,0.46
"HSG",135135,"/Date(1703573470000)/",22050,1000,5048200,111258000000,100,true,0.46
"HSG",135128,"/Date(1703573465000)/",22100,100,5047200,111236000000,150,false,0.68
"HSG",135125,"/Date(1703573460000)/",22050,1000,5047100,111234000000,100,true,0.46
"HSG",135116,"/Date(1703573452000)/",22050,500,5046100,111212000000,100,true,0.46
"HSG",135116,"/Date(1703573451000)/",22050,3000,5045600,111201000000,100,true,0.46
"HSG",135116,"/Date(1703573450000)/",22050,3400,5042600,111134000000,100,true,0.46
"HSG",135116,"/Date(1703573450000)/",22050,800,5039200,111060000000,100,true,0.46
"HSG",135116,"/Date(1703573450000)/",22050,100,5038400,111042000000,100,true,0.46
"HSG",135116,"/Date(1703573450000)/",22050,2000,5038300,111040000000,100,true,0.46
"HSG",135116,"/Date(1703573450000)/",22050,2000,5036300,110996000000,100,true,0.46
"HSG",135116,"/Date(1703573450000)/",22050,400,5034300,110951000000,100,true,0.46
"HSG",135116,"/Date(1703573450000)/",22050,1000,5033900,110943000000,100,true,0.46
"HSG",135116,"/Date(1703573450000)/",22050,2500,5032900,110921000000,100,true,0.46
"HSG",135116,"/Date(1703573450000)/",22050,100,5030400,110865000000,100,true,0.46
"HSG",135116,"/Date(1703573450000)/",22050,7700,5030300,110863000000,100,true,0.46
"HSG",135109,"/Date(1703573444000)/",22050,12300,5022600,110693000000,100,true,0.46
"HSG",135109,"/Date(1703573444000)/",22050,100,5010300,110422000000,100,true,0.46
"HSG",135109,"/Date(1703573444000)/",22050,2000,5010200,110420000000,100,true,0.46
"HSG",135109,"/Date(1703573444000)/",22050,1000,5008200,110376000000,100,true,0.46
"HSG",135109,"/Date(1703573444000)/",22050,1000,5007200,110354000000,100,true,0.46
"HSG",135109,"/Date(1703573444000)/",22050,3600,5006200,110332000000,100,true,0.46
"HSG",135056,"/Date(1703573432000)/",22100,1000,5002600,110252000000,150,false,0.68
"HSG",135053,"/Date(1703573429000)/",22100,100,5001600,110230000000,150,false,0.68
"HSG",135047,"/Date(1703573422000)/",22050,100,5001500,110228000000,100,true,0.46
"HSG",135047,"/Date(1703573422000)/",22050,1000,5001400,110226000000,100,true,0.46
"HSG",135037,"/Date(1703573413000)/",22050,500,5000400,110204000000,100,true,0.46
"HSG",135034,"/Date(1703573408000)/",22050,5000,4999900,110193000000,100,true,0.46
"HSG",135031,"/Date(1703573407000)/",22100,1900,4994900,110083000000,150,false,0.68
"HSG",135031,"/Date(1703573407000)/",22100,3000,4993000,110041000000,150,false,0.68
"HSG",135031,"/Date(1703573407000)/",22100,3000,4990000,109974000000,150,false,0.68
"HSG",135031,"/Date(1703573407000)/",22100,2100,4987000,109908000000,150,false,0.68
"HSG",135024,"/Date(1703573401000)/",22050,800,4984900,109862000000,100,true,0.46
"HSG",135024,"/Date(1703573399000)/",22050,2000,4984100,109844000000,100,true,0.46
"HSG",135015,"/Date(1703573389000)/",22050,2000,4982100,109800000000,100,true,0.46
"HSG",135005,"/Date(1703573382000)/",22050,3000,4980100,109756000000,100,true,0.46
"HSG",134920,"/Date(1703573335000)/",22100,1000,4977100,109690000000,150,false,0.68
"HSG",134917,"/Date(1703573331000)/",22100,300,4976100,109668000000,150,false,0.68
"HSG",134839,"/Date(1703573293000)/",22100,1000,4975800,109661000000,150,false,0.68
"HSG",134836,"/Date(1703573292000)/",22100,300,4974800,109639000000,150,false,0.68
"HSG",134820,"/Date(1703573275000)/",22100,300,4974500,109632000000,150,false,0.68
"HSG",134820,"/Date(1703573275000)/",22100,200,4974200,109626000000,150,false,0.68
"HSG",134807,"/Date(1703573263000)/",22100,600,4974000,109621000000,150,false,0.68
"HSG",134735,"/Date(1703573230000)/",22100,4400,4973400,109608000000,150,false,0.68
"HSG",134735,"/Date(1703573230000)/",22100,500,4969000,109511000000,150,false,0.68
"HSG",134735,"/Date(1703573230000)/",22100,100,4968500,109500000000,150,false,0.68
"HSG",134709,"/Date(1703573204000)/",22100,500,4968400,109497000000,150,false,0.68
"HSG",134653,"/Date(1703573187000)/",22100,100,4967900,109486000000,150,false,0.68
"HSG",134650,"/Date(1703573185000)/",22050,1100,4967800,109484000000,100,true,0.46
"HSG",134611,"/Date(1703573148000)/",22100,600,4966700,109460000000,150,false,0.68
"HSG",134555,"/Date(1703573130000)/",22100,500,4966100,109447000000,150,false,0.68
"HSG",134546,"/Date(1703573120000)/",22100,1300,4965600,109436000000,150,false,0.68
"HSG",134546,"/Date(1703573120000)/",22100,1300,4964300,109407000000,150,false,0.68
"HSG",134533,"/Date(1703573110000)/",22050,900,4963000,109378000000,100,true,0.46
"HSG",134530,"/Date(1703573105000)/",22100,500,4962100,109358000000,150,false,0.68
"HSG",134523,"/Date(1703573099000)/",22100,200,4961600,109347000000,150,false,0.68
"HSG",134523,"/Date(1703573099000)/",22100,1600,4961400,109343000000,150,false,0.68
"HSG",134504,"/Date(1703573080000)/",22100,600,4959800,109307000000,150,false,0.68
"HSG",134504,"/Date(1703573080000)/",22100,400,4959200,109294000000,150,false,0.68
"HSG",134504,"/Date(1703573080000)/",22100,1000,4958800,109285000000,150,false,0.68
"HSG",134504,"/Date(1703573080000)/",22100,1400,4957800,109263000000,150,false,0.68
"HSG",134501,"/Date(1703573078000)/",22100,600,4956400,109232000000,150,true,0.68
"HSG",134501,"/Date(1703573078000)/",22100,400,4955800,109219000000,150,true,0.68
"HSG",134501,"/Date(1703573078000)/",22100,2000,4955400,109210000000,150,true,0.68
"HSG",134455,"/Date(1703573071000)/",22100,2500,4953400,109166000000,150,true,0.68
"HSG",134451,"/Date(1703573068000)/",22100,2000,4950900,109111000000,150,true,0.68
"HSG",134451,"/Date(1703573065000)/",22100,300,4948900,109067000000,150,true,0.68
"HSG",134448,"/Date(1703573064000)/",22100,5000,4948600,109060000000,150,true,0.68
"HSG",134445,"/Date(1703573061000)/",22100,300,4943600,108949000000,150,true,0.68
"HSG",134442,"/Date(1703573056000)/",22100,800,4943300,108943000000,150,true,0.68
"HSG",134435,"/Date(1703573052000)/",22100,500,4942500,108925000000,150,true,0.68
"HSG",134432,"/Date(1703573047000)/",22100,2000,4942000,108914000000,150,true,0.68
"HSG",134416,"/Date(1703573033000)/",22100,200,4940000,108870000000,150,true,0.68
"HSG",134416,"/Date(1703573031000)/",22100,1900,4939800,108865000000,150,true,0.68
"HSG",134416,"/Date(1703573031000)/",22100,100,4937900,108823000000,150,true,0.68
"HSG",134413,"/Date(1703573029000)/",22100,100,4937800,108821000000,150,true,0.68
"HSG",134407,"/Date(1703573024000)/",22100,1800,4937700,108819000000,150,true,0.68
"HSG",134407,"/Date(1703573022000)/",22100,200,4935900,108779000000,150,true,0.68
"HSG",134357,"/Date(1703573013000)/",22100,800,4935700,108775000000,150,true,0.68
"HSG",134354,"/Date(1703573011000)/",22100,2000,4934900,108757000000,150,true,0.68
"HSG",134351,"/Date(1703573008000)/",22100,7700,4932900,108713000000,150,false,0.68
"HSG",134347,"/Date(1703573004000)/",22100,300,4925200,108543000000,150,false,0.68
"HSG",134347,"/Date(1703573004000)/",22100,4000,4924900,108536000000,150,false,0.68
"HSG",134347,"/Date(1703573004000)/",22100,1000,4920900,108448000000,150,false,0.68
"HSG",134344,"/Date(1703573002000)/",22100,10000,4919900,108426000000,150,true,0.68
"HSG",134344,"/Date(1703573000000)/",22100,2000,4909900,108205000000,150,true,0.68
"HSG",134338,"/Date(1703572992000)/",22100,500,4907900,108160000000,150,true,0.68
"HSG",134328,"/Date(1703572983000)/",22100,400,4907400,108149000000,150,true,0.68
"HSG",134328,"/Date(1703572983000)/",22100,100,4907000,108141000000,150,true,0.68
"HSG",134328,"/Date(1703572983000)/",22100,200,4906900,108138000000,150,true,0.68
"HSG",134328,"/Date(1703572983000)/",22100,300,4906700,108134000000,150,true,0.68
"HSG",134319,"/Date(1703572975000)/",22150,500,4906400,108127000000,200,false,0.91
"HSG",134312,"/Date(1703572969000)/",22100,700,4905900,108116000000,150,true,0.68
"HSG",134312,"/Date(1703572969000)/",22100,5000,4905200,108101000000,150,true,0.68
"HSG",134312,"/Date(1703572969000)/",22100,600,4900200,107990000000,150,true,0.68
"HSG",134312,"/Date(1703572969000)/",22100,200,4899600,107977000000,150,true,0.68
"HSG",134312,"/Date(1703572969000)/",22100,100,4899400,107973000000,150,true,0.68
"HSG",134312,"/Date(1703572969000)/",22100,3400,4899300,107970000000,150,true,0.68
"HSG",134312,"/Date(1703572968000)/",22100,1000,4895900,107895000000,150,true,0.68
"HSG",134312,"/Date(1703572968000)/",22100,600,4894900,107873000000,150,true,0.68
"HSG",134312,"/Date(1703572968000)/",22100,600,4894300,107860000000,150,true,0.68
"HSG",134312,"/Date(1703572968000)/",22100,100,4893700,107847000000,150,true,0.68
"HSG",134312,"/Date(1703572968000)/",22100,700,4893600,107844000000,150,true,0.68
"HSG",134309,"/Date(1703572965000)/",22100,1000,4892900,107829000000,150,true,0.68
"HSG",134306,"/Date(1703572962000)/",22100,200,4891900,107807000000,150,true,0.68
"HSG",134303,"/Date(1703572959000)/",22100,2000,4891700,107802000000,150,true,0.68
"HSG",134303,"/Date(1703572957000)/",22100,2200,4889700,107758000000,150,true,0.68
"HSG",134259,"/Date(1703572955000)/",22100,600,4887500,107710000000,150,true,0.68
"HSG",134259,"/Date(1703572955000)/",22100,4400,4886900,107696000000,150,true,0.68
"HSG",134253,"/Date(1703572947000)/",22100,2500,4882500,107599000000,150,true,0.68
"HSG",134250,"/Date(1703572946000)/",22100,500,4880000,107544000000,150,true,0.68
"HSG",134250,"/Date(1703572946000)/",22150,200,4879500,107533000000,200,false,0.91
"HSG",134247,"/Date(1703572942000)/",22100,200,4879300,107528000000,150,true,0.68
"HSG",134243,"/Date(1703572938000)/",22100,1000,4879100,107524000000,150,true,0.68
"HSG",134240,"/Date(1703572936000)/",22100,200,4878100,107502000000,150,true,0.68
"HSG",134240,"/Date(1703572935000)/",22100,1200,4877900,107497000000,150,true,0.68
"HSG",134240,"/Date(1703572935000)/",22100,200,4876700,107471000000,150,true,0.68
"HSG",134240,"/Date(1703572935000)/",22100,300,4876500,107466000000,150,true,0.68
"HSG",134240,"/Date(1703572935000)/",22100,300,4876200,107460000000,150,true,0.68
"HSG",134237,"/Date(1703572932000)/",22100,500,4875900,107453000000,150,true,0.68
"HSG",134234,"/Date(1703572929000)/",22100,200,4875400,107442000000,150,true,0.68
"HSG",134234,"/Date(1703572929000)/",22100,100,4875200,107438000000,150,true,0.68
"HSG",134234,"/Date(1703572929000)/",22100,1700,4875100,107436000000,150,true,0.68
"HSG",134234,"/Date(1703572929000)/",22100,1000,4873400,107398000000,150,true,0.68
"HSG",134234,"/Date(1703572929000)/",22100,2000,4872400,107376000000,150,true,0.68
"HSG",134230,"/Date(1703572927000)/",22100,3000,4870400,107332000000,150,true,0.68
"HSG",134230,"/Date(1703572927000)/",22100,1000,4867400,107265000000,150,true,0.68
"HSG",134230,"/Date(1703572927000)/",22100,500,4866400,107243000000,150,true,0.68
"HSG",134227,"/Date(1703572923000)/",22100,100,4865900,107232000000,150,true,0.68
"HSG",134224,"/Date(1703572920000)/",22100,1000,4865800,107230000000,150,true,0.68
"HSG",134214,"/Date(1703572911000)/",22100,400,4864800,107208000000,150,true,0.68
"HSG",134214,"/Date(1703572911000)/",22100,100,4864400,107199000000,150,true,0.68
"HSG",134214,"/Date(1703572909000)/",22100,100,4864300,107197000000,150,true,0.68
"HSG",134214,"/Date(1703572909000)/",22100,900,4864200,107195000000,150,true,0.68
"HSG",134211,"/Date(1703572904000)/",22150,1000,4863300,107175000000,200,false,0.91
"HSG",134211,"/Date(1703572901000)/",22100,100,4862300,107153000000,150,true,0.68
"HSG",134205,"/Date(1703572901000)/",22100,100,4862200,107150000000,150,true,0.68
"HSG",134202,"/Date(1703572898000)/",22100,200,4862100,107148000000,150,true,0.68
"HSG",134202,"/Date(1703572898000)/",22100,300,4861900,107144000000,150,true,0.68
"HSG",134202,"/Date(1703572898000)/",22100,700,4861600,107137000000,150,true,0.68
"HSG",134202,"/Date(1703572898000)/",22100,2000,4860900,107122000000,150,true,0.68
"HSG",134202,"/Date(1703572898000)/",22100,300,4858900,107077000000,150,true,0.68
"HSG",134159,"/Date(1703572895000)/",22100,100,4858600,107071000000,150,true,0.68
"HSG",134159,"/Date(1703572894000)/",22100,600,4858500,107069000000,150,true,0.68
"HSG",134159,"/Date(1703572894000)/",22100,400,4857900,107055000000,150,true,0.68
"HSG",134159,"/Date(1703572893000)/",22100,100,4857500,107047000000,150,true,0.68
"HSG",134155,"/Date(1703572892000)/",22100,500,4857400,107044000000,150,true,0.68
"HSG",134155,"/Date(1703572892000)/",22100,200,4856900,107033000000,150,true,0.68
"HSG",134155,"/Date(1703572892000)/",22100,300,4856700,107029000000,150,true,0.68
"HSG",134152,"/Date(1703572887000)/",22100,100,4856400,107022000000,150,true,0.68
"HSG",134149,"/Date(1703572885000)/",22100,500,4856300,107020000000,150,true,0.68
"HSG",134149,"/Date(1703572884000)/",22100,500,4855800,107009000000,150,true,0.68
"HSG",134146,"/Date(1703572882000)/",22100,6500,4855300,106998000000,150,true,0.68
"HSG",134146,"/Date(1703572882000)/",22100,300,4848800,106854000000,150,true,0.68
"HSG",134143,"/Date(1703572880000)/",22100,500,4848500,106848000000,150,true,0.68
"HSG",134143,"/Date(1703572879000)/",22100,3000,4848000,106837000000,150,true,0.68
"HSG",134136,"/Date(1703572873000)/",22100,10000,4845000,106770000000,150,true,0.68
"HSG",134133,"/Date(1703572870000)/",22100,300,4835000,106549000000,150,true,0.68
"HSG",134133,"/Date(1703572869000)/",22100,5000,4834700,106543000000,150,true,0.68
"HSG",134127,"/Date(1703572863000)/",22100,2600,4829700,106432000000,150,true,0.68
"HSG",134123,"/Date(1703572859000)/",22100,800,4827100,106375000000,150,true,0.68
"HSG",134120,"/Date(1703572857000)/",22100,8000,4826300,106357000000,150,true,0.68
"HSG",134120,"/Date(1703572855000)/",22100,2000,4818300,106180000000,150,true,0.68
"HSG",134107,"/Date(1703572844000)/",22100,800,4816300,106136000000,150,true,0.68
"HSG",134107,"/Date(1703572844000)/",22100,1000,4815500,106118000000,150,true,0.68
"HSG",134054,"/Date(1703572830000)/",22100,1000,4814500,106096000000,150,true,0.68
"HSG",134054,"/Date(1703572830000)/",22100,2000,4813500,106074000000,150,true,0.68
"HSG",134048,"/Date(1703572824000)/",22100,4000,4811500,106030000000,150,true,0.68
"HSG",134035,"/Date(1703572810000)/",22100,1000,4807500,105942000000,150,true,0.68
"HSG",134016,"/Date(1703572791000)/",22100,1000,4806500,105919000000,150,true,0.68
"HSG",134007,"/Date(1703572784000)/",22100,1500,4805500,105897000000,150,true,0.68
"HSG",134003,"/Date(1703572778000)/",22100,5500,4804000,105864000000,150,true,0.68
"HSG",133947,"/Date(1703572764000)/",22100,1000,4798500,105743000000,150,true,0.68
"HSG",133941,"/Date(1703572758000)/",22150,400,4797500,105721000000,200,false,0.91
"HSG",133938,"/Date(1703572754000)/",22100,1000,4797100,105712000000,150,true,0.68
"HSG",133925,"/Date(1703572741000)/",22100,1000,4796100,105690000000,150,true,0.68
"HSG",133915,"/Date(1703572732000)/",22100,500,4795100,105667000000,150,true,0.68
"HSG",133840,"/Date(1703572696000)/",22100,100,4794600,105656000000,150,true,0.68
"HSG",133727,"/Date(1703572622000)/",22100,100,4794500,105654000000,150,true,0.68
"HSG",133711,"/Date(1703572608000)/",22100,2000,4794400,105652000000,150,true,0.68
"HSG",133658,"/Date(1703572595000)/",22100,1200,4792400,105608000000,150,true,0.68
"HSG",133658,"/Date(1703572594000)/",22100,600,4791200,105581000000,150,true,0.68
"HSG",133658,"/Date(1703572594000)/",22100,3900,4790600,105568000000,150,true,0.68
"HSG",133652,"/Date(1703572587000)/",22150,1500,4786700,105482000000,200,false,0.91
"HSG",133629,"/Date(1703572566000)/",22100,2100,4785200,105449000000,150,true,0.68
"HSG",133629,"/Date(1703572565000)/",22100,5000,4783100,105402000000,150,true,0.68
"HSG",133613,"/Date(1703572551000)/",22100,2000,4778100,105292000000,150,true,0.68
"HSG",133613,"/Date(1703572550000)/",22100,10000,4776100,105247000000,150,true,0.68
"HSG",133544,"/Date(1703572521000)/",22100,700,4766100,105026000000,150,true,0.68
"HSG",133535,"/Date(1703572511000)/",22150,200,4765400,105011000000,200,false,0.91
"HSG",133525,"/Date(1703572502000)/",22100,100,4765200,105007000000,150,true,0.68
"HSG",133444,"/Date(1703572462000)/",22150,100,4765100,105004000000,200,false,0.91
"HSG",133431,"/Date(1703572447000)/",22150,200,4765000,105002000000,200,false,0.91
"HSG",133421,"/Date(1703572436000)/",22150,500,4764800,104998000000,200,false,0.91
"HSG",133412,"/Date(1703572429000)/",22150,100,4764300,104987000000,200,false,0.91
"HSG",133412,"/Date(1703572428000)/",22150,200,4764200,104984000000,200,false,0.91
"HSG",133412,"/Date(1703572427000)/",22150,1000,4764000,104980000000,200,false,0.91
"HSG",133408,"/Date(1703572426000)/",22150,600,4763000,104958000000,200,false,0.91
"HSG",133402,"/Date(1703572417000)/",22150,400,4762400,104945000000,200,false,0.91
"HSG",133359,"/Date(1703572414000)/",22150,200,4762000,104936000000,200,false,0.91
"HSG",133359,"/Date(1703572414000)/",22150,4000,4761800,104931000000,200,false,0.91
"HSG",133349,"/Date(1703572405000)/",22150,1000,4757800,104843000000,200,false,0.91
"HSG",133330,"/Date(1703572388000)/",22150,700,4756800,104821000000,200,false,0.91
"HSG",133305,"/Date(1703572363000)/",22150,800,4756100,104805000000,200,false,0.91
"HSG",133255,"/Date(1703572352000)/",22150,1200,4755300,104787000000,200,true,0.91
"HSG",133255,"/Date(1703572352000)/",22150,4700,4754100,104761000000,200,true,0.91
"HSG",133255,"/Date(1703572352000)/",22150,2000,4749400,104657000000,200,true,0.91
"HSG",133255,"/Date(1703572352000)/",22150,10000,4747400,104612000000,200,true,0.91
"HSG",133252,"/Date(1703572348000)/",22150,100,4737400,104391000000,200,true,0.91
"HSG",133252,"/Date(1703572348000)/",22150,7900,4737300,104389000000,200,true,0.91
"HSG",133252,"/Date(1703572348000)/",22150,900,4729400,104214000000,200,true,0.91
"HSG",133252,"/Date(1703572348000)/",22150,300,4728500,104194000000,200,true,0.91
"HSG",133252,"/Date(1703572348000)/",22150,600,4728200,104187000000,200,true,0.91
"HSG",133252,"/Date(1703572348000)/",22150,6000,4727600,104174000000,200,true,0.91
"HSG",133252,"/Date(1703572348000)/",22150,700,4721600,104041000000,200,true,0.91
"HSG",133252,"/Date(1703572348000)/",22150,3000,4720900,104025000000,200,true,0.91
"HSG",133252,"/Date(1703572348000)/",22150,500,4717900,103959000000,200,true,0.91
"HSG",133252,"/Date(1703572348000)/",22150,100,4717400,103948000000,200,true,0.91
"HSG",133249,"/Date(1703572346000)/",22150,300,4717300,103946000000,200,true,0.91
"HSG",133249,"/Date(1703572346000)/",22150,15200,4717000,103939000000,200,true,0.91
"HSG",133249,"/Date(1703572345000)/",22150,700,4701800,103602000000,200,true,0.91
"HSG",133245,"/Date(1703572343000)/",22150,30000,4701100,103587000000,200,true,0.91
"HSG",133245,"/Date(1703572341000)/",22150,200,4671100,102922000000,200,true,0.91
"HSG",133242,"/Date(1703572339000)/",22150,100,4670900,102918000000,200,true,0.91
"HSG",133236,"/Date(1703572333000)/",22150,1500,4670800,102916000000,200,true,0.91
"HSG",133233,"/Date(1703572328000)/",22150,2300,4669300,102882000000,200,true,0.91
"HSG",133233,"/Date(1703572328000)/",22150,1200,4667000,102831000000,200,true,0.91
"HSG",133233,"/Date(1703572328000)/",22150,20000,4665800,102805000000,200,true,0.91
"HSG",133233,"/Date(1703572328000)/",22150,26500,4645800,102362000000,200,true,0.91
"HSG",133229,"/Date(1703572327000)/",22150,200,4619300,101775000000,200,true,0.91
"HSG",133220,"/Date(1703572315000)/",22150,2000,4619100,101770000000,200,true,0.91
"HSG",133210,"/Date(1703572305000)/",22150,200,4617100,101726000000,200,true,0.91
"HSG",133157,"/Date(1703572294000)/",22150,11200,4616900,101722000000,200,true,0.91
"HSG",133138,"/Date(1703572275000)/",22150,1000,4605700,101474000000,200,true,0.91
"HSG",133138,"/Date(1703572274000)/",22150,1000,4604700,101452000000,200,true,0.91
"HSG",133135,"/Date(1703572273000)/",22200,1200,4603700,101429000000,250,false,1.14
"HSG",133135,"/Date(1703572273000)/",22200,200,4602500,101403000000,250,false,1.14
"HSG",133135,"/Date(1703572273000)/",22200,200,4602300,101398000000,250,false,1.14
"HSG",133135,"/Date(1703572273000)/",22200,400,4602100,101394000000,250,false,1.14
"HSG",133135,"/Date(1703572273000)/",22200,600,4601700,101385000000,250,false,1.14
"HSG",133132,"/Date(1703572267000)/",22150,200,4601100,101372000000,200,true,0.91
"HSG",133119,"/Date(1703572255000)/",22150,5000,4600900,101367000000,200,true,0.91
"HSG",133113,"/Date(1703572250000)/",22150,900,4595900,101256000000,200,true,0.91
"HSG",133100,"/Date(1703572236000)/",22150,10000,4595000,101237000000,200,true,0.91
"HSG",133057,"/Date(1703572234000)/",22150,400,4585000,101015000000,200,true,0.91
"HSG",133053,"/Date(1703572231000)/",22200,700,4584600,101006000000,250,false,1.14
"HSG",133053,"/Date(1703572229000)/",22150,10000,4583900,100991000000,200,true,0.91
"HSG",133044,"/Date(1703572219000)/",22150,1000,4573900,100769000000,200,true,0.91
"HSG",133021,"/Date(1703572197000)/",22150,1500,4572900,100747000000,200,true,0.91
"HSG",133021,"/Date(1703572197000)/",22200,1000,4571400,100714000000,250,false,1.14
"HSG",132959,"/Date(1703572174000)/",22200,7700,4570400,100692000000,250,false,1.14
"HSG",132959,"/Date(1703572174000)/",22200,100,4562700,100521000000,250,false,1.14
"HSG",132959,"/Date(1703572174000)/",22200,1000,4562600,100518000000,250,false,1.14
"HSG",132959,"/Date(1703572174000)/",22200,100,4561600,100496000000,250,false,1.14
"HSG",132959,"/Date(1703572174000)/",22200,500,4561500,100494000000,250,false,1.14
"HSG",132959,"/Date(1703572174000)/",22200,600,4561000,100483000000,250,false,1.14
"HSG",132937,"/Date(1703572153000)/",22200,500,4560400,100470000000,250,false,1.14
"HSG",132927,"/Date(1703572145000)/",22150,4500,4559900,100458000000,200,true,0.91
"HSG",132924,"/Date(1703572141000)/",22200,1000,4555400,100359000000,250,false,1.14
"HSG",132921,"/Date(1703572138000)/",22150,800,4554400,100337000000,200,true,0.91
"HSG",132908,"/Date(1703572126000)/",22200,600,4553600,100319000000,250,false,1.14
"HSG",132908,"/Date(1703572126000)/",22200,100,4553000,100306000000,250,false,1.14
"HSG",132908,"/Date(1703572126000)/",22200,100,4552900,100303000000,250,false,1.14
"HSG",132908,"/Date(1703572126000)/",22200,100,4552800,100301000000,250,false,1.14
"HSG",132908,"/Date(1703572126000)/",22200,200,4552700,100299000000,250,false,1.14
"HSG",132908,"/Date(1703572126000)/",22200,1000,4552500,100294000000,250,false,1.14
"HSG",132908,"/Date(1703572126000)/",22200,5000,4551500,100272000000,250,false,1.14
"HSG",132908,"/Date(1703572126000)/",22200,2900,4546500,100161000000,250,false,1.14
"HSG",132905,"/Date(1703572120000)/",22200,100,4543600,100097000000,250,false,1.14
"HSG",132849,"/Date(1703572104000)/",22200,500,4543500,100095000000,250,false,1.14
"HSG",132842,"/Date(1703572100000)/",22150,3000,4543000,100084000000,200,true,0.91
"HSG",132839,"/Date(1703572096000)/",22200,5000,4540000,100017000000,250,false,1.14
"HSG",132826,"/Date(1703572084000)/",22200,500,4535000,99906000000,250,true,1.14
"HSG",132826,"/Date(1703572084000)/",22200,1000,4534500,99895000000,250,true,1.14
"HSG",132826,"/Date(1703572084000)/",22200,200,4533500,99873000000,250,true,1.14
"HSG",132826,"/Date(1703572084000)/",22200,100,4533300,99868000000,250,true,1.14
"HSG",132826,"/Date(1703572082000)/",22200,700,4533200,99866000000,250,true,1.14
"HSG",132826,"/Date(1703572082000)/",22200,300,4532500,99851000000,250,true,1.14
"HSG",132823,"/Date(1703572080000)/",22200,100,4532200,99844000000,250,true,1.14
"HSG",132823,"/Date(1703572080000)/",22200,100,4532100,99842000000,250,true,1.14
"HSG",132823,"/Date(1703572080000)/",22200,500,4532000,99839000000,250,true,1.14
"HSG",132823,"/Date(1703572080000)/",22200,500,4531500,99828000000,250,true,1.14
"HSG",132817,"/Date(1703572074000)/",22200,200,4531000,99817000000,250,true,1.14
"HSG",132817,"/Date(1703572074000)/",22200,3200,4530800,99813000000,250,true,1.14
"HSG",132817,"/Date(1703572074000)/",22200,100,4527600,99742000000,250,true,1.14
"HSG",132817,"/Date(1703572074000)/",22200,200,4527500,99740000000,250,true,1.14
"HSG",132817,"/Date(1703572074000)/",22200,6500,4527300,99735000000,250,true,1.14
"HSG",132817,"/Date(1703572074000)/",22200,300,4520800,99591000000,250,true,1.14
"HSG",132814,"/Date(1703572070000)/",22200,2000,4520500,99584000000,250,true,1.14
"HSG",132810,"/Date(1703572068000)/",22200,1000,4518500,99540000000,250,true,1.14
"HSG",132807,"/Date(1703572064000)/",22200,100,4517500,99518000000,250,true,1.14
"HSG",132807,"/Date(1703572064000)/",22200,100,4517400,99515000000,250,true,1.14
"HSG",132807,"/Date(1703572064000)/",22200,8400,4517300,99513000000,250,true,1.14
"HSG",132801,"/Date(1703572058000)/",22200,1000,4508900,99327000000,250,true,1.14
"HSG",132754,"/Date(1703572052000)/",22200,3000,4507900,99304000000,250,true,1.14
"HSG",132754,"/Date(1703572051000)/",22200,5000,4504900,99238000000,250,true,1.14
"HSG",132754,"/Date(1703572050000)/",22200,2000,4499900,99127000000,250,true,1.14
"HSG",132751,"/Date(1703572048000)/",22200,100,4497900,99082000000,250,true,1.14
"HSG",132751,"/Date(1703572048000)/",22200,500,4497800,99080000000,250,true,1.14
"HSG",132751,"/Date(1703572048000)/",22200,300,4497300,99069000000,250,true,1.14
"HSG",132751,"/Date(1703572048000)/",22200,1000,4497000,99062000000,250,true,1.14
"HSG",132751,"/Date(1703572048000)/",22200,3600,4496000,99040000000,250,true,1.14
"HSG",132742,"/Date(1703572038000)/",22200,1000,4492400,98960000000,250,true,1.14
"HSG",132738,"/Date(1703572036000)/",22200,200,4491400,98938000000,250,true,1.14
"HSG",132738,"/Date(1703572035000)/",22200,100,4491200,98934000000,250,true,1.14
"HSG",132735,"/Date(1703572033000)/",22200,500,4491100,98931000000,250,true,1.14
"HSG",132735,"/Date(1703572032000)/",22200,400,4490600,98920000000,250,true,1.14
"HSG",132735,"/Date(1703572032000)/",22200,500,4490200,98912000000,250,true,1.14
"HSG",132735,"/Date(1703572032000)/",22200,2000,4489700,98900000000,250,true,1.14
"HSG",132735,"/Date(1703572032000)/",22200,500,4487700,98856000000,250,true,1.14
"HSG",132735,"/Date(1703572032000)/",22200,1000,4487200,98845000000,250,true,1.14
"HSG",132735,"/Date(1703572032000)/",22200,1000,4486200,98823000000,250,true,1.14
"HSG",132735,"/Date(1703572032000)/",22200,500,4485200,98801000000,250,true,1.14
"HSG",132735,"/Date(1703572032000)/",22200,18700,4484700,98789000000,250,true,1.14
"HSG",132732,"/Date(1703572029000)/",22200,800,4466000,98374000000,250,false,1.14
"HSG",132732,"/Date(1703572027000)/",22200,100,4465200,98357000000,250,false,1.14
"HSG",132722,"/Date(1703572018000)/",22200,600,4465100,98354000000,250,true,1.14
"HSG",132722,"/Date(1703572018000)/",22200,20000,4464500,98341000000,250,true,1.14
"HSG",132722,"/Date(1703572018000)/",22200,2000,4444500,97897000000,250,true,1.14
"HSG",132722,"/Date(1703572018000)/",22200,200,4442500,97853000000,250,true,1.14
"HSG",132722,"/Date(1703572018000)/",22200,5000,4442300,97848000000,250,true,1.14
"HSG",132722,"/Date(1703572018000)/",22200,500,4437300,97737000000,250,true,1.14
"HSG",132722,"/Date(1703572018000)/",22200,2100,4436800,97726000000,250,true,1.14
"HSG",132719,"/Date(1703572017000)/",22200,3000,4434700,97679000000,250,true,1.14
"HSG",132719,"/Date(1703572015000)/",22200,1000,4431700,97613000000,250,true,1.14
"HSG",132710,"/Date(1703572007000)/",22200,1700,4430700,97591000000,250,true,1.14
"HSG",132710,"/Date(1703572006000)/",22200,200,4429000,97553000000,250,true,1.14
"HSG",132710,"/Date(1703572005000)/",22200,1000,4428800,97548000000,250,true,1.14
"HSG",132706,"/Date(1703572004000)/",22200,100,4427800,97526000000,250,true,1.14
"HSG",132706,"/Date(1703572004000)/",22200,700,4427700,97524000000,250,true,1.14
"HSG",132706,"/Date(1703572003000)/",22200,4000,4427000,97508000000,250,true,1.14
"HSG",132703,"/Date(1703572002000)/",22200,1000,4423000,97420000000,250,true,1.14
"HSG",132703,"/Date(1703572001000)/",22200,5000,4422000,97397000000,250,true,1.14
"HSG",132703,"/Date(1703572001000)/",22200,1000,4417000,97286000000,250,true,1.14
"HSG",132700,"/Date(1703571998000)/",22200,100,4416000,97264000000,250,true,1.14
"HSG",132700,"/Date(1703571997000)/",22200,200,4415900,97262000000,250,true,1.14
"HSG",132700,"/Date(1703571996000)/",22200,100,4415700,97258000000,250,true,1.14
"HSG",132700,"/Date(1703571996000)/",22200,8800,4415600,97255000000,250,true,1.14
"HSG",132700,"/Date(1703571995000)/",22200,600,4406800,97060000000,250,true,1.14
"HSG",132700,"/Date(1703571995000)/",22200,600,4406200,97047000000,250,true,1.14
"HSG",132654,"/Date(1703571991000)/",22200,100,4405600,97033000000,250,true,1.14
"HSG",132654,"/Date(1703571990000)/",22200,4300,4405500,97031000000,250,true,1.14
"HSG",132654,"/Date(1703571990000)/",22200,200,4401200,96936000000,250,true,1.14
"HSG",132654,"/Date(1703571990000)/",22200,2000,4401000,96931000000,250,true,1.14
"HSG",132654,"/Date(1703571990000)/",22200,8000,4399000,96887000000,250,true,1.14
"HSG",132654,"/Date(1703571990000)/",22200,5500,4391000,96709000000,250,true,1.14
"HSG",132647,"/Date(1703571985000)/",22200,9000,4385500,96587000000,250,true,1.14
"HSG",132644,"/Date(1703571980000)/",22200,50000,4376500,96387000000,250,true,1.14
