"Stockcode","Package","TradingDate","Price","Vol","TotalVol","TotalVal","Change","IsBuy","PerChange"
"MSN",144525,"/Date(1703576700000)/",66200,61300,2681200,176864000000,-200,false,-0.3
"MSN",143017,"/Date(1703575792000)/",66200,1200,2619900,172806000000,-200,false,-0.3
"MSN",143017,"/Date(1703575790000)/",66200,700,2618700,172727000000,-200,false,-0.3
"MSN",143017,"/Date(1703575790000)/",66200,100,2618000,172680000000,-200,false,-0.3
"MSN",143017,"/Date(1703575790000)/",66200,100,2617900,172674000000,-200,false,-0.3
"MSN",143017,"/Date(1703575790000)/",66200,100,2617800,172667000000,-200,false,-0.3
"MSN",143001,"/Date(1703575774000)/",66200,1500,2617700,172660000000,-200,false,-0.3
"MSN",143001,"/Date(1703575773000)/",66200,1000,2616200,172561000000,-200,false,-0.3
"MSN",142958,"/Date(1703575771000)/",66000,200,2615200,172495000000,-400,true,-0.6
"MSN",142958,"/Date(1703575770000)/",66200,100,2615000,172482000000,-200,false,-0.3
"MSN",142955,"/Date(1703575768000)/",66200,600,2614900,172475000000,-200,false,-0.3
"MSN",142955,"/Date(1703575768000)/",66000,1200,2614300,172435000000,-400,true,-0.6
"MSN",142955,"/Date(1703575768000)/",66000,1000,2613100,172356000000,-400,true,-0.6
"MSN",142955,"/Date(1703575768000)/",66000,1000,2612100,172290000000,-400,true,-0.6
"MSN",142955,"/Date(1703575768000)/",66000,100,2611100,172224000000,-400,true,-0.6
"MSN",142955,"/Date(1703575768000)/",66000,300,2611000,172218000000,-400,true,-0.6
"MSN",142955,"/Date(1703575768000)/",66100,900,2610700,172198000000,-300,true,-0.45
"MSN",142955,"/Date(1703575768000)/",66100,500,2609800,172138000000,-300,true,-0.45
"MSN",142955,"/Date(1703575768000)/",66100,5100,2609300,172105000000,-300,true,-0.45
"MSN",142955,"/Date(1703575767000)/",66100,1000,2604200,171768000000,-300,true,-0.45
"MSN",142945,"/Date(1703575759000)/",66100,100,2603200,171702000000,-300,true,-0.45
"MSN",142945,"/Date(1703575758000)/",66200,100,2603100,171695000000,-200,false,-0.3
"MSN",142936,"/Date(1703575749000)/",66100,100,2603000,171689000000,-300,true,-0.45
"MSN",142932,"/Date(1703575745000)/",66100,700,2602900,171682000000,-300,true,-0.45
"MSN",142913,"/Date(1703575727000)/",66000,100,2602200,171636000000,-400,true,-0.6
"MSN",142913,"/Date(1703575727000)/",66000,100,2602100,171629000000,-400,true,-0.6
"MSN",142913,"/Date(1703575727000)/",66000,500,2602000,171623000000,-400,true,-0.6
"MSN",142913,"/Date(1703575727000)/",66000,700,2601500,171590000000,-400,true,-0.6
"MSN",142913,"/Date(1703575727000)/",66100,500,2600800,171544000000,-300,true,-0.45
"MSN",142913,"/Date(1703575727000)/",66100,1100,2600300,171510000000,-300,true,-0.45
"MSN",142913,"/Date(1703575726000)/",66100,200,2599200,171438000000,-300,true,-0.45
"MSN",142851,"/Date(1703575704000)/",66000,100,2599000,171425000000,-400,true,-0.6
"MSN",142835,"/Date(1703575687000)/",66200,500,2598900,171418000000,-200,false,-0.3
"MSN",142828,"/Date(1703575681000)/",66000,200,2598400,171385000000,-400,true,-0.6
"MSN",142806,"/Date(1703575659000)/",66000,200,2598200,171372000000,-400,true,-0.6
"MSN",142744,"/Date(1703575637000)/",66000,100,2598000,171358000000,-400,true,-0.6
"MSN",142731,"/Date(1703575623000)/",66200,200,2597900,171352000000,-200,false,-0.3
"MSN",142731,"/Date(1703575623000)/",66200,200,2597700,171339000000,-200,false,-0.3
"MSN",142731,"/Date(1703575623000)/",66200,400,2597500,171325000000,-200,false,-0.3
"MSN",142731,"/Date(1703575623000)/",66200,1000,2597100,171299000000,-200,false,-0.3
"MSN",142731,"/Date(1703575623000)/",66200,200,2596100,171233000000,-200,false,-0.3
"MSN",142731,"/Date(1703575623000)/",66100,1000,2595900,171219000000,-300,false,-0.45
"MSN",142731,"/Date(1703575623000)/",66100,500,2594900,171153000000,-300,false,-0.45
"MSN",142731,"/Date(1703575623000)/",66100,1000,2594400,171120000000,-300,false,-0.45
"MSN",142731,"/Date(1703575623000)/",66100,100,2593400,171054000000,-300,false,-0.45
"MSN",142731,"/Date(1703575623000)/",66100,900,2593300,171048000000,-300,false,-0.45
"MSN",142721,"/Date(1703575614000)/",66100,200,2592400,170988000000,-300,true,-0.45
"MSN",142718,"/Date(1703575612000)/",66100,400,2592200,170975000000,-300,true,-0.45
"MSN",142718,"/Date(1703575612000)/",66100,600,2591800,170948000000,-300,true,-0.45
"MSN",142718,"/Date(1703575612000)/",66100,400,2591200,170909000000,-300,true,-0.45
"MSN",142718,"/Date(1703575612000)/",66100,700,2590800,170882000000,-300,true,-0.45
"MSN",142718,"/Date(1703575612000)/",66100,700,2590100,170836000000,-300,true,-0.45
"MSN",142718,"/Date(1703575612000)/",66100,1200,2589400,170790000000,-300,true,-0.45
"MSN",142715,"/Date(1703575607000)/",66200,300,2588200,170710000000,-200,false,-0.3
"MSN",142715,"/Date(1703575607000)/",66200,500,2587900,170691000000,-200,false,-0.3
"MSN",142715,"/Date(1703575607000)/",66200,200,2587400,170657000000,-200,false,-0.3
"MSN",142708,"/Date(1703575601000)/",66200,100,2587200,170644000000,-200,false,-0.3
"MSN",142708,"/Date(1703575601000)/",66200,1900,2587100,170638000000,-200,false,-0.3
"MSN",142659,"/Date(1703575592000)/",66100,200,2585200,170512000000,-300,true,-0.45
"MSN",142649,"/Date(1703575582000)/",66200,1500,2585000,170499000000,-200,false,-0.3
"MSN",142636,"/Date(1703575569000)/",66100,100,2583500,170399000000,-300,true,-0.45
"MSN",142614,"/Date(1703575548000)/",66200,2400,2583400,170393000000,-200,false,-0.3
"MSN",142614,"/Date(1703575548000)/",66200,200,2581000,170234000000,-200,false,-0.3
"MSN",142614,"/Date(1703575548000)/",66200,500,2580800,170221000000,-200,false,-0.3
"MSN",142614,"/Date(1703575548000)/",66200,500,2580300,170188000000,-200,false,-0.3
"MSN",142614,"/Date(1703575548000)/",66200,100,2579800,170154000000,-200,false,-0.3
"MSN",142614,"/Date(1703575548000)/",66200,500,2579700,170148000000,-200,false,-0.3
"MSN",142614,"/Date(1703575548000)/",66200,800,2579200,170115000000,-200,false,-0.3
"MSN",142614,"/Date(1703575547000)/",66100,200,2578400,170062000000,-300,true,-0.45
"MSN",142555,"/Date(1703575528000)/",66100,800,2578200,170049000000,-300,true,-0.45
"MSN",142555,"/Date(1703575528000)/",66100,2500,2577400,169996000000,-300,true,-0.45
"MSN",142555,"/Date(1703575528000)/",66100,1900,2574900,169830000000,-300,true,-0.45
"MSN",142555,"/Date(1703575528000)/",66100,2000,2573000,169705000000,-300,true,-0.45
"MSN",142555,"/Date(1703575528000)/",66100,2800,2571000,169573000000,-300,true,-0.45
"MSN",142552,"/Date(1703575525000)/",66100,200,2568200,169388000000,-300,true,-0.45
"MSN",142529,"/Date(1703575502000)/",66100,100,2568000,169374000000,-300,true,-0.45
"MSN",142507,"/Date(1703575480000)/",66100,200,2567900,169368000000,-300,true,-0.45
"MSN",142501,"/Date(1703575475000)/",66200,200,2567700,169354000000,-200,false,-0.3
"MSN",142501,"/Date(1703575475000)/",66200,600,2567500,169341000000,-200,false,-0.3
"MSN",142501,"/Date(1703575475000)/",66200,1600,2566900,169301000000,-200,false,-0.3
"MSN",142501,"/Date(1703575475000)/",66200,600,2565300,169196000000,-200,false,-0.3
"MSN",142501,"/Date(1703575475000)/",66200,100,2564700,169156000000,-200,false,-0.3
"MSN",142501,"/Date(1703575475000)/",66200,300,2564600,169149000000,-200,false,-0.3
"MSN",142501,"/Date(1703575475000)/",66200,1500,2564300,169129000000,-200,false,-0.3
"MSN",142501,"/Date(1703575475000)/",66200,100,2562800,169030000000,-200,false,-0.3
"MSN",142501,"/Date(1703575475000)/",66200,500,2562700,169023000000,-200,false,-0.3
"MSN",142501,"/Date(1703575475000)/",66200,100,2562200,168990000000,-200,false,-0.3
"MSN",142501,"/Date(1703575475000)/",66200,300,2562100,168984000000,-200,false,-0.3
"MSN",142501,"/Date(1703575475000)/",66200,2000,2561800,168964000000,-200,false,-0.3
"MSN",142501,"/Date(1703575475000)/",66200,1100,2559800,168831000000,-200,false,-0.3
"MSN",142445,"/Date(1703575457000)/",66100,200,2558700,168759000000,-300,true,-0.45
"MSN",142432,"/Date(1703575445000)/",66200,800,2558500,168745000000,-200,false,-0.3
"MSN",142422,"/Date(1703575435000)/",66100,100,2557700,168692000000,-300,true,-0.45
"MSN",142409,"/Date(1703575423000)/",66200,500,2557600,168686000000,-200,false,-0.3
"MSN",142409,"/Date(1703575423000)/",66200,500,2557100,168653000000,-200,false,-0.3
"MSN",142409,"/Date(1703575421000)/",66100,2400,2556600,168620000000,-300,true,-0.45
"MSN",142403,"/Date(1703575416000)/",66100,500,2554200,168461000000,-300,true,-0.45
"MSN",142403,"/Date(1703575416000)/",66100,200,2553700,168428000000,-300,true,-0.45
"MSN",142403,"/Date(1703575416000)/",66100,1500,2553500,168415000000,-300,true,-0.45
"MSN",142403,"/Date(1703575416000)/",66100,200,2552000,168316000000,-300,true,-0.45
"MSN",142403,"/Date(1703575415000)/",66100,100,2551800,168302000000,-300,true,-0.45
"MSN",142400,"/Date(1703575413000)/",66100,200,2551700,168296000000,-300,true,-0.45
"MSN",142344,"/Date(1703575398000)/",66100,100,2551500,168283000000,-300,true,-0.45
"MSN",142344,"/Date(1703575398000)/",66100,200,2551400,168276000000,-300,true,-0.45
"MSN",142337,"/Date(1703575390000)/",66100,200,2551200,168263000000,-300,true,-0.45
"MSN",142318,"/Date(1703575370000)/",66100,200,2551000,168250000000,-300,true,-0.45
"MSN",142318,"/Date(1703575370000)/",66100,1000,2550800,168236000000,-300,true,-0.45
"MSN",142318,"/Date(1703575370000)/",66100,2000,2549800,168170000000,-300,true,-0.45
"MSN",142318,"/Date(1703575370000)/",66100,100,2547800,168038000000,-300,true,-0.45
"MSN",142315,"/Date(1703575368000)/",66100,100,2547700,168031000000,-300,true,-0.45
"MSN",142252,"/Date(1703575345000)/",66100,200,2547600,168025000000,-300,false,-0.45
"MSN",142249,"/Date(1703575343000)/",66100,100,2547400,168012000000,-300,false,-0.45
"MSN",142249,"/Date(1703575343000)/",66100,200,2547300,168005000000,-300,false,-0.45
"MSN",142249,"/Date(1703575343000)/",66100,500,2547100,167992000000,-300,false,-0.45
"MSN",142249,"/Date(1703575343000)/",66100,100,2546600,167959000000,-300,false,-0.45
"MSN",142249,"/Date(1703575343000)/",66100,900,2546500,167952000000,-300,false,-0.45
"MSN",142249,"/Date(1703575341000)/",66100,1000,2545600,167893000000,-300,false,-0.45
"MSN",142243,"/Date(1703575337000)/",66100,200,2544600,167826000000,-300,false,-0.45
"MSN",142243,"/Date(1703575337000)/",66100,700,2544400,167813000000,-300,false,-0.45
"MSN",142230,"/Date(1703575323000)/",66100,2000,2543700,167767000000,-300,false,-0.45
"MSN",142230,"/Date(1703575323000)/",66000,200,2541700,167635000000,-400,true,-0.6
"MSN",142230,"/Date(1703575323000)/",66100,500,2541500,167622000000,-300,false,-0.45
"MSN",142220,"/Date(1703575312000)/",66000,500,2541000,167589000000,-400,true,-0.6
"MSN",142220,"/Date(1703575312000)/",66000,200,2540500,167556000000,-400,true,-0.6
"MSN",142207,"/Date(1703575301000)/",66000,100,2540300,167542000000,-400,true,-0.6
"MSN",142151,"/Date(1703575284000)/",66000,200,2540200,167536000000,-400,true,-0.6
"MSN",142145,"/Date(1703575278000)/",66000,2000,2540000,167523000000,-400,true,-0.6
"MSN",142145,"/Date(1703575278000)/",66000,200,2538000,167391000000,-400,true,-0.6
"MSN",142145,"/Date(1703575278000)/",66100,1100,2537800,167377000000,-300,false,-0.45
"MSN",142145,"/Date(1703575277000)/",66100,1100,2536700,167305000000,-300,false,-0.45
"MSN",142129,"/Date(1703575262000)/",66100,500,2535600,167232000000,-300,false,-0.45
"MSN",142123,"/Date(1703575256000)/",66000,200,2535100,167199000000,-400,true,-0.6
"MSN",142110,"/Date(1703575243000)/",66000,100,2534900,167186000000,-400,true,-0.6
"MSN",142100,"/Date(1703575235000)/",66100,1100,2534800,167179000000,-300,false,-0.45
"MSN",142100,"/Date(1703575235000)/",66100,3000,2533700,167106000000,-300,false,-0.45
"MSN",142100,"/Date(1703575235000)/",66100,100,2530700,166908000000,-300,false,-0.45
"MSN",142100,"/Date(1703575233000)/",66000,100,2530600,166901000000,-400,true,-0.6
"MSN",142057,"/Date(1703575232000)/",66000,900,2530500,166895000000,-400,true,-0.6
"MSN",142057,"/Date(1703575232000)/",66000,2300,2529600,166835000000,-400,true,-0.6
"MSN",142057,"/Date(1703575232000)/",66000,1800,2527300,166684000000,-400,true,-0.6
"MSN",142038,"/Date(1703575211000)/",66000,200,2525500,166565000000,-400,true,-0.6
"MSN",142025,"/Date(1703575200000)/",66000,100,2525300,166552000000,-400,true,-0.6
"MSN",142015,"/Date(1703575189000)/",66000,200,2525200,166545000000,-400,true,-0.6
"MSN",142012,"/Date(1703575187000)/",66100,300,2525000,166532000000,-300,false,-0.45
"MSN",142012,"/Date(1703575187000)/",66100,300,2524700,166512000000,-300,false,-0.45
"MSN",142012,"/Date(1703575187000)/",66100,400,2524400,166492000000,-300,false,-0.45
"MSN",142009,"/Date(1703575183000)/",66000,2100,2524000,166466000000,-400,true,-0.6
"MSN",141953,"/Date(1703575166000)/",66000,100,2521900,166327000000,-400,true,-0.6
"MSN",141950,"/Date(1703575163000)/",66100,100,2521800,166321000000,-300,false,-0.45
"MSN",141943,"/Date(1703575158000)/",66100,500,2521700,166314000000,-300,false,-0.45
"MSN",141943,"/Date(1703575158000)/",66100,100,2521200,166281000000,-300,false,-0.45
"MSN",141943,"/Date(1703575158000)/",66100,600,2521100,166274000000,-300,false,-0.45
"MSN",141940,"/Date(1703575153000)/",66100,2000,2520500,166235000000,-300,false,-0.45
"MSN",141930,"/Date(1703575144000)/",66000,200,2518500,166102000000,-400,true,-0.6
"MSN",141924,"/Date(1703575137000)/",66100,500,2518300,166089000000,-300,false,-0.45
"MSN",141908,"/Date(1703575121000)/",66000,200,2517800,166056000000,-400,true,-0.6
"MSN",141849,"/Date(1703575103000)/",66100,2000,2517600,166043000000,-300,false,-0.45
"MSN",141845,"/Date(1703575099000)/",66000,100,2515600,165911000000,-400,true,-0.6
"MSN",141839,"/Date(1703575093000)/",66000,200,2515500,165904000000,-400,true,-0.6
"MSN",141823,"/Date(1703575077000)/",66000,200,2515300,165891000000,-400,true,-0.6
"MSN",141813,"/Date(1703575066000)/",66000,1000,2515100,165878000000,-400,true,-0.6
"MSN",141801,"/Date(1703575054000)/",66000,200,2514100,165812000000,-400,true,-0.6
"MSN",141738,"/Date(1703575032000)/",66000,100,2513900,165799000000,-400,true,-0.6
"MSN",141729,"/Date(1703575023000)/",66100,600,2513800,165792000000,-300,false,-0.45
"MSN",141729,"/Date(1703575023000)/",66100,600,2513200,165752000000,-300,false,-0.45
"MSN",141716,"/Date(1703575009000)/",66100,200,2512600,165713000000,-300,false,-0.45
"MSN",141716,"/Date(1703575008000)/",66100,200,2512400,165699000000,-300,false,-0.45
"MSN",141716,"/Date(1703575008000)/",66100,400,2512200,165686000000,-300,false,-0.45
"MSN",141716,"/Date(1703575008000)/",66100,1000,2511800,165660000000,-300,false,-0.45
"MSN",141716,"/Date(1703575008000)/",66100,100,2510800,165594000000,-300,false,-0.45
"MSN",141653,"/Date(1703574987000)/",66000,200,2510700,165587000000,-400,true,-0.6
"MSN",141641,"/Date(1703574974000)/",66100,500,2510500,165574000000,-300,false,-0.45
"MSN",141637,"/Date(1703574970000)/",66100,100,2510000,165541000000,-300,false,-0.45
"MSN",141631,"/Date(1703574965000)/",66000,100,2509900,165534000000,-400,true,-0.6
"MSN",141631,"/Date(1703574963000)/",66100,100,2509800,165528000000,-300,false,-0.45
"MSN",141631,"/Date(1703574963000)/",66100,100,2509700,165521000000,-300,false,-0.45
"MSN",141631,"/Date(1703574963000)/",66100,500,2509600,165514000000,-300,false,-0.45
"MSN",141631,"/Date(1703574963000)/",66100,1000,2509100,165481000000,-300,false,-0.45
"MSN",141631,"/Date(1703574963000)/",66100,100,2508100,165415000000,-300,false,-0.45
"MSN",141631,"/Date(1703574963000)/",66100,400,2508000,165409000000,-300,false,-0.45
"MSN",141631,"/Date(1703574963000)/",66100,700,2507600,165382000000,-300,false,-0.45
"MSN",141631,"/Date(1703574963000)/",66100,100,2506900,165336000000,-300,false,-0.45
"MSN",141608,"/Date(1703574942000)/",66000,200,2506800,165329000000,-400,true,-0.6
"MSN",141556,"/Date(1703574930000)/",66100,100,2506600,165316000000,-300,false,-0.45
"MSN",141546,"/Date(1703574920000)/",66000,200,2506500,165309000000,-400,true,-0.6
"MSN",141524,"/Date(1703574898000)/",66100,1800,2506300,165296000000,-300,false,-0.45
"MSN",141524,"/Date(1703574898000)/",66100,1200,2504500,165177000000,-300,false,-0.45
"MSN",141524,"/Date(1703574898000)/",66100,300,2503300,165098000000,-300,false,-0.45
"MSN",141524,"/Date(1703574898000)/",66100,1600,2503000,165078000000,-300,false,-0.45
"MSN",141524,"/Date(1703574898000)/",66100,300,2501400,164972000000,-300,false,-0.45
"MSN",141524,"/Date(1703574898000)/",66100,700,2501100,164953000000,-300,false,-0.45
"MSN",141524,"/Date(1703574898000)/",66100,6100,2500400,164906000000,-300,false,-0.45
"MSN",141524,"/Date(1703574897000)/",66000,100,2494300,164503000000,-400,true,-0.6
"MSN",141514,"/Date(1703574889000)/",66000,200,2494200,164496000000,-400,true,-0.6
"MSN",141514,"/Date(1703574889000)/",66000,600,2494000,164483000000,-400,true,-0.6
"MSN",141511,"/Date(1703574883000)/",66000,500,2493400,164444000000,-400,false,-0.6
"MSN",141511,"/Date(1703574883000)/",66000,600,2492900,164411000000,-400,false,-0.6
"MSN",141511,"/Date(1703574883000)/",66000,900,2492300,164371000000,-400,false,-0.6
"MSN",141504,"/Date(1703574878000)/",66000,100,2491400,164312000000,-400,false,-0.6
"MSN",141504,"/Date(1703574878000)/",66000,100,2491300,164305000000,-400,false,-0.6
"MSN",141504,"/Date(1703574878000)/",66000,1000,2491200,164298000000,-400,false,-0.6
"MSN",141504,"/Date(1703574878000)/",66000,100,2490200,164232000000,-400,false,-0.6
"MSN",141504,"/Date(1703574878000)/",66000,200,2490100,164226000000,-400,false,-0.6
"MSN",141504,"/Date(1703574878000)/",66000,2000,2489900,164213000000,-400,false,-0.6
"MSN",141504,"/Date(1703574878000)/",66000,100,2487900,164081000000,-400,false,-0.6
"MSN",141504,"/Date(1703574878000)/",66000,4000,2487800,164074000000,-400,false,-0.6
"MSN",141504,"/Date(1703574878000)/",66000,100,2483800,163810000000,-400,false,-0.6
"MSN",141504,"/Date(1703574878000)/",66000,100,2483700,163803000000,-400,false,-0.6
"MSN",141504,"/Date(1703574878000)/",66000,200,2483600,163797000000,-400,false,-0.6
"MSN",141501,"/Date(1703574875000)/",65900,200,2483400,163784000000,-500,true,-0.75
"MSN",141501,"/Date(1703574874000)/",66000,500,2483200,163770000000,-400,false,-0.6
"MSN",141501,"/Date(1703574874000)/",66000,400,2482700,163737000000,-400,false,-0.6
"MSN",141501,"/Date(1703574874000)/",66000,1100,2482300,163711000000,-400,false,-0.6
"MSN",141458,"/Date(1703574871000)/",66000,6000,2481200,163638000000,-400,false,-0.6
"MSN",141455,"/Date(1703574869000)/",66000,2900,2475200,163242000000,-400,false,-0.6
"MSN",141455,"/Date(1703574869000)/",66000,300,2472300,163051000000,-400,false,-0.6
"MSN",141455,"/Date(1703574869000)/",66000,1800,2472000,163031000000,-400,false,-0.6
"MSN",141445,"/Date(1703574858000)/",66000,200,2470200,162912000000,-400,false,-0.6
"MSN",141445,"/Date(1703574858000)/",66000,1300,2470000,162899000000,-400,false,-0.6
"MSN",141439,"/Date(1703574853000)/",65900,200,2468700,162813000000,-500,true,-0.75
"MSN",141429,"/Date(1703574842000)/",66000,300,2468500,162800000000,-400,false,-0.6
"MSN",141426,"/Date(1703574840000)/",65900,1000,2468200,162781000000,-500,true,-0.75
"MSN",141416,"/Date(1703574831000)/",65900,1000,2467200,162715000000,-500,true,-0.75
"MSN",141416,"/Date(1703574830000)/",65900,100,2466200,162649000000,-500,true,-0.75
"MSN",141410,"/Date(1703574824000)/",65900,1200,2466100,162642000000,-500,true,-0.75
"MSN",141354,"/Date(1703574808000)/",65900,200,2464900,162563000000,-500,true,-0.75
"MSN",141347,"/Date(1703574800000)/",66000,400,2464700,162550000000,-400,false,-0.6
"MSN",141347,"/Date(1703574800000)/",66000,600,2464300,162523000000,-400,false,-0.6
"MSN",141331,"/Date(1703574785000)/",65900,200,2463700,162484000000,-500,true,-0.75
"MSN",141309,"/Date(1703574763000)/",65900,900,2463500,162471000000,-500,true,-0.75
"MSN",141309,"/Date(1703574763000)/",65900,600,2462600,162411000000,-500,true,-0.75
"MSN",141309,"/Date(1703574763000)/",65900,300,2462000,162372000000,-500,true,-0.75
"MSN",141309,"/Date(1703574763000)/",65900,100,2461700,162352000000,-500,true,-0.75
"MSN",141309,"/Date(1703574763000)/",65900,1000,2461600,162345000000,-500,true,-0.75
"MSN",141309,"/Date(1703574763000)/",65900,100,2460600,162280000000,-500,true,-0.75
"MSN",141302,"/Date(1703574756000)/",66000,300,2460500,162273000000,-400,false,-0.6
"MSN",141256,"/Date(1703574749000)/",65900,1000,2460200,162253000000,-500,true,-0.75
"MSN",141246,"/Date(1703574741000)/",65900,200,2459200,162187000000,-500,true,-0.75
"MSN",141237,"/Date(1703574730000)/",66000,100,2459000,162174000000,-400,false,-0.6
"MSN",141237,"/Date(1703574730000)/",66000,900,2458900,162168000000,-400,false,-0.6
"MSN",141224,"/Date(1703574718000)/",65900,200,2458000,162108000000,-500,true,-0.75
"MSN",141214,"/Date(1703574710000)/",65900,200,2457800,162095000000,-500,true,-0.75
"MSN",141202,"/Date(1703574696000)/",66000,2500,2457600,162082000000,-400,false,-0.6
"MSN",141202,"/Date(1703574696000)/",65900,100,2455100,161917000000,-500,true,-0.75
"MSN",141152,"/Date(1703574687000)/",66000,600,2455000,161910000000,-400,false,-0.6
"MSN",141152,"/Date(1703574687000)/",66000,600,2454400,161871000000,-400,false,-0.6
"MSN",141146,"/Date(1703574678000)/",66000,4200,2453800,161831000000,-400,false,-0.6
"MSN",141146,"/Date(1703574678000)/",66000,300,2449600,161554000000,-400,false,-0.6
"MSN",141146,"/Date(1703574678000)/",66000,100,2449300,161534000000,-400,false,-0.6
"MSN",141146,"/Date(1703574678000)/",66000,400,2449200,161527000000,-400,false,-0.6
"MSN",141142,"/Date(1703574677000)/",65900,100,2448800,161501000000,-500,true,-0.75
"MSN",141139,"/Date(1703574673000)/",65900,200,2448700,161494000000,-500,true,-0.75
"MSN",141130,"/Date(1703574663000)/",65900,100,2448500,161481000000,-500,true,-0.75
"MSN",141117,"/Date(1703574651000)/",65900,200,2448400,161475000000,-500,true,-0.75
"MSN",141107,"/Date(1703574642000)/",65900,1500,2448200,161461000000,-500,true,-0.75
"MSN",141107,"/Date(1703574642000)/",65900,500,2446700,161363000000,-500,true,-0.75
"MSN",141107,"/Date(1703574642000)/",65900,1000,2446200,161330000000,-500,true,-0.75
"MSN",141107,"/Date(1703574642000)/",65900,1900,2445200,161264000000,-500,true,-0.75
"MSN",141107,"/Date(1703574642000)/",65900,100,2443300,161139000000,-500,true,-0.75
"MSN",141104,"/Date(1703574637000)/",66000,100,2443200,161132000000,-400,false,-0.6
"MSN",141058,"/Date(1703574632000)/",66000,1500,2443100,161125000000,-400,false,-0.6
"MSN",141054,"/Date(1703574628000)/",65900,100,2441600,161026000000,-500,true,-0.75
"MSN",141048,"/Date(1703574623000)/",66000,4000,2441500,161020000000,-400,false,-0.6
"MSN",141045,"/Date(1703574620000)/",66000,600,2437500,160756000000,-400,false,-0.6
"MSN",141045,"/Date(1703574620000)/",66000,600,2436900,160716000000,-400,false,-0.6
"MSN",141032,"/Date(1703574606000)/",66000,100,2436300,160677000000,-400,false,-0.6
"MSN",141032,"/Date(1703574606000)/",65900,200,2436200,160670000000,-500,true,-0.75
"MSN",141029,"/Date(1703574603000)/",66000,1300,2436000,160657000000,-400,false,-0.6
"MSN",141025,"/Date(1703574599000)/",65900,600,2434700,160571000000,-500,true,-0.75
"MSN",141025,"/Date(1703574599000)/",65900,400,2434100,160531000000,-500,true,-0.75
"MSN",141019,"/Date(1703574594000)/",65900,100,2433700,160505000000,-500,true,-0.75
"MSN",141019,"/Date(1703574594000)/",65900,100,2433600,160498000000,-500,true,-0.75
"MSN",141009,"/Date(1703574584000)/",65900,100,2433500,160492000000,-500,true,-0.75
"MSN",141009,"/Date(1703574584000)/",65900,100,2433400,160485000000,-500,true,-0.75
"MSN",140947,"/Date(1703574561000)/",65900,100,2433300,160479000000,-500,true,-0.75
"MSN",140937,"/Date(1703574553000)/",66000,600,2433200,160472000000,-400,false,-0.6
"MSN",140937,"/Date(1703574553000)/",66000,600,2432600,160432000000,-400,false,-0.6
"MSN",140937,"/Date(1703574551000)/",66000,200,2432000,160393000000,-400,false,-0.6
"MSN",140937,"/Date(1703574551000)/",66000,200,2431800,160380000000,-400,false,-0.6
"MSN",140937,"/Date(1703574551000)/",66000,100,2431600,160366000000,-400,false,-0.6
"MSN",140937,"/Date(1703574551000)/",66000,500,2431500,160360000000,-400,false,-0.6
"MSN",140925,"/Date(1703574539000)/",65900,200,2431000,160327000000,-500,true,-0.75
"MSN",140902,"/Date(1703574516000)/",65900,200,2430800,160314000000,-500,true,-0.75
"MSN",140846,"/Date(1703574499000)/",66000,1500,2430600,160301000000,-400,false,-0.6
"MSN",140846,"/Date(1703574499000)/",66000,200,2429100,160202000000,-400,false,-0.6
"MSN",140839,"/Date(1703574494000)/",65900,100,2428900,160188000000,-500,true,-0.75
"MSN",140836,"/Date(1703574491000)/",66000,500,2428800,160182000000,-400,false,-0.6
"MSN",140830,"/Date(1703574485000)/",66000,600,2428300,160149000000,-400,false,-0.6
"MSN",140830,"/Date(1703574485000)/",66000,200,2427700,160109000000,-400,false,-0.6
"MSN",140830,"/Date(1703574485000)/",66000,400,2427500,160096000000,-400,false,-0.6
"MSN",140823,"/Date(1703574477000)/",66000,200,2427100,160070000000,-400,false,-0.6
"MSN",140817,"/Date(1703574472000)/",65900,200,2426900,160056000000,-500,true,-0.75
"MSN",140811,"/Date(1703574464000)/",65900,100,2426700,160043000000,-500,true,-0.75
"MSN",140811,"/Date(1703574464000)/",65900,100,2426600,160037000000,-500,true,-0.75
"MSN",140804,"/Date(1703574457000)/",65900,600,2426500,160030000000,-500,true,-0.75
"MSN",140755,"/Date(1703574449000)/",65900,200,2425900,159990000000,-500,true,-0.75
"MSN",140751,"/Date(1703574445000)/",65900,100,2425700,159977000000,-500,true,-0.75
"MSN",140751,"/Date(1703574445000)/",65900,100,2425600,159971000000,-500,true,-0.75
"MSN",140751,"/Date(1703574445000)/",66000,200,2425500,159964000000,-400,true,-0.6
"MSN",140751,"/Date(1703574445000)/",66000,100,2425300,159951000000,-400,true,-0.6
"MSN",140745,"/Date(1703574440000)/",66000,1000,2425200,159944000000,-400,false,-0.6
"MSN",140745,"/Date(1703574440000)/",66000,400,2424200,159878000000,-400,false,-0.6
"MSN",140745,"/Date(1703574440000)/",66000,300,2423800,159852000000,-400,false,-0.6
"MSN",140745,"/Date(1703574440000)/",66000,200,2423500,159832000000,-400,false,-0.6
"MSN",140732,"/Date(1703574427000)/",65900,100,2423300,159819000000,-500,true,-0.75
"MSN",140719,"/Date(1703574412000)/",65900,100,2423200,159812000000,-500,true,-0.75
"MSN",140719,"/Date(1703574412000)/",65900,100,2423100,159806000000,-500,true,-0.75
"MSN",140713,"/Date(1703574407000)/",66000,2000,2423000,159799000000,-400,false,-0.6
"MSN",140710,"/Date(1703574404000)/",65900,100,2421000,159667000000,-500,true,-0.75
"MSN",140710,"/Date(1703574404000)/",65900,100,2420900,159661000000,-500,true,-0.75
"MSN",140710,"/Date(1703574403000)/",65900,800,2420800,159654000000,-500,true,-0.75
"MSN",140647,"/Date(1703574382000)/",65900,200,2420000,159601000000,-500,true,-0.75
"MSN",140644,"/Date(1703574378000)/",66000,1000,2419800,159588000000,-400,false,-0.6
"MSN",140641,"/Date(1703574377000)/",66000,400,2418800,159522000000,-400,true,-0.6
"MSN",140638,"/Date(1703574373000)/",66000,100,2418400,159496000000,-400,true,-0.6
"MSN",140631,"/Date(1703574367000)/",66000,100,2418300,159489000000,-400,true,-0.6
"MSN",140631,"/Date(1703574367000)/",66000,600,2418200,159482000000,-400,true,-0.6
"MSN",140631,"/Date(1703574367000)/",66000,500,2417600,159443000000,-400,true,-0.6
"MSN",140631,"/Date(1703574367000)/",66000,900,2417100,159410000000,-400,true,-0.6
"MSN",140631,"/Date(1703574367000)/",66000,700,2416200,159350000000,-400,true,-0.6
"MSN",140631,"/Date(1703574367000)/",66000,100,2415500,159304000000,-400,true,-0.6
"MSN",140631,"/Date(1703574367000)/",66000,1400,2415400,159298000000,-400,true,-0.6
"MSN",140631,"/Date(1703574367000)/",66000,600,2414000,159205000000,-400,true,-0.6
"MSN",140631,"/Date(1703574367000)/",66000,300,2413400,159166000000,-400,true,-0.6
"MSN",140631,"/Date(1703574367000)/",66000,5000,2413100,159146000000,-400,true,-0.6
"MSN",140631,"/Date(1703574367000)/",66000,4000,2408100,158816000000,-400,true,-0.6
"MSN",140631,"/Date(1703574367000)/",66000,500,2404100,158552000000,-400,true,-0.6
"MSN",140631,"/Date(1703574367000)/",66000,500,2403600,158519000000,-400,true,-0.6
"MSN",140631,"/Date(1703574367000)/",66000,400,2403100,158486000000,-400,true,-0.6
"MSN",140631,"/Date(1703574367000)/",66000,400,2402700,158459000000,-400,true,-0.6
"MSN",140631,"/Date(1703574367000)/",66000,1000,2402300,158433000000,-400,true,-0.6
"MSN",140631,"/Date(1703574367000)/",66000,400,2401300,158367000000,-400,true,-0.6
"MSN",140631,"/Date(1703574367000)/",66000,400,2400900,158341000000,-400,true,-0.6
"MSN",140631,"/Date(1703574367000)/",66000,500,2400500,158314000000,-400,true,-0.6
"MSN",140631,"/Date(1703574367000)/",66000,400,2400000,158281000000,-400,true,-0.6
"MSN",140631,"/Date(1703574367000)/",66000,400,2399600,158255000000,-400,true,-0.6
"MSN",140631,"/Date(1703574367000)/",66000,2000,2399200,158228000000,-400,true,-0.6
"MSN",140631,"/Date(1703574367000)/",66000,100,2397200,158096000000,-400,true,-0.6
"MSN",140631,"/Date(1703574367000)/",66000,2000,2397100,158090000000,-400,true,-0.6
"MSN",140631,"/Date(1703574367000)/",66000,100,2395100,157958000000,-400,true,-0.6
"MSN",140631,"/Date(1703574367000)/",66000,500,2395000,157951000000,-400,true,-0.6
"MSN",140631,"/Date(1703574367000)/",66000,500,2394500,157918000000,-400,true,-0.6
"MSN",140631,"/Date(1703574367000)/",66000,100,2394000,157885000000,-400,true,-0.6
"MSN",140631,"/Date(1703574367000)/",66000,200,2393900,157879000000,-400,true,-0.6
"MSN",140631,"/Date(1703574367000)/",66000,400,2393700,157865000000,-400,true,-0.6
"MSN",140625,"/Date(1703574360000)/",66000,100,2393300,157839000000,-400,true,-0.6
"MSN",140618,"/Date(1703574352000)/",66000,100,2393200,157832000000,-400,true,-0.6
"MSN",140606,"/Date(1703574341000)/",66000,200,2393100,157826000000,-400,true,-0.6
"MSN",140606,"/Date(1703574341000)/",66000,4000,2392900,157813000000,-400,true,-0.6
"MSN",140606,"/Date(1703574341000)/",66000,1500,2388900,157549000000,-400,true,-0.6
"MSN",140606,"/Date(1703574341000)/",66000,1300,2387400,157450000000,-400,true,-0.6
"MSN",140602,"/Date(1703574337000)/",66000,200,2386100,157364000000,-400,true,-0.6
"MSN",140546,"/Date(1703574321000)/",66000,400,2385900,157351000000,-400,true,-0.6
"MSN",140540,"/Date(1703574315000)/",66100,500,2385500,157324000000,-300,false,-0.45
"MSN",140540,"/Date(1703574315000)/",66100,200,2385000,157291000000,-300,false,-0.45
"MSN",140540,"/Date(1703574315000)/",66100,600,2384800,157278000000,-300,false,-0.45
"MSN",140540,"/Date(1703574315000)/",66100,600,2384200,157238000000,-300,false,-0.45
"MSN",140540,"/Date(1703574315000)/",66100,2000,2383600,157199000000,-300,false,-0.45
"MSN",140540,"/Date(1703574315000)/",66100,600,2381600,157066000000,-300,false,-0.45
"MSN",140540,"/Date(1703574315000)/",66100,600,2381000,157027000000,-300,false,-0.45
"MSN",140540,"/Date(1703574315000)/",66100,500,2380400,156987000000,-300,false,-0.45
"MSN",140540,"/Date(1703574315000)/",66100,600,2379900,156954000000,-300,false,-0.45
"MSN",140540,"/Date(1703574315000)/",66100,600,2379300,156914000000,-300,false,-0.45
"MSN",140540,"/Date(1703574315000)/",66100,600,2378700,156875000000,-300,false,-0.45
"MSN",140540,"/Date(1703574315000)/",66100,5000,2378100,156835000000,-300,false,-0.45
"MSN",140540,"/Date(1703574315000)/",66100,2000,2373100,156505000000,-300,false,-0.45
"MSN",140540,"/Date(1703574315000)/",66100,600,2371100,156372000000,-300,false,-0.45
"MSN",140540,"/Date(1703574315000)/",66100,600,2370500,156333000000,-300,false,-0.45
"MSN",140540,"/Date(1703574315000)/",66100,500,2369900,156293000000,-300,false,-0.45
"MSN",140540,"/Date(1703574315000)/",66100,600,2369400,156260000000,-300,false,-0.45
"MSN",140540,"/Date(1703574315000)/",66100,600,2368800,156220000000,-300,false,-0.45
"MSN",140540,"/Date(1703574315000)/",66100,600,2368200,156181000000,-300,false,-0.45
"MSN",140540,"/Date(1703574315000)/",66100,5000,2367600,156141000000,-300,false,-0.45
"MSN",140540,"/Date(1703574315000)/",66100,600,2362600,155811000000,-300,false,-0.45
"MSN",140540,"/Date(1703574315000)/",66100,400,2362000,155771000000,-300,false,-0.45
"MSN",140540,"/Date(1703574315000)/",66100,200,2361600,155744000000,-300,false,-0.45
"MSN",140537,"/Date(1703574311000)/",66100,500,2361400,155731000000,-300,true,-0.45
"MSN",140537,"/Date(1703574311000)/",66100,3000,2360900,155698000000,-300,true,-0.45
"MSN",140537,"/Date(1703574311000)/",66100,600,2357900,155500000000,-300,true,-0.45
"MSN",140537,"/Date(1703574311000)/",66100,600,2357300,155460000000,-300,true,-0.45
"MSN",140537,"/Date(1703574311000)/",66100,300,2356700,155421000000,-300,true,-0.45
"MSN",140534,"/Date(1703574309000)/",66200,2000,2356400,155401000000,-200,false,-0.3
"MSN",140530,"/Date(1703574306000)/",66200,500,2354400,155268000000,-200,false,-0.3
"MSN",140530,"/Date(1703574306000)/",66200,100,2353900,155235000000,-200,false,-0.3
"MSN",140530,"/Date(1703574306000)/",66200,100,2353800,155229000000,-200,false,-0.3
"MSN",140530,"/Date(1703574306000)/",66200,300,2353700,155222000000,-200,false,-0.3
"MSN",140518,"/Date(1703574292000)/",66100,100,2353400,155202000000,-300,true,-0.45
"MSN",140518,"/Date(1703574291000)/",66100,1000,2353300,155196000000,-300,true,-0.45
"MSN",140511,"/Date(1703574286000)/",66100,100,2352300,155129000000,-300,true,-0.45
"MSN",140505,"/Date(1703574281000)/",66100,2000,2352200,155123000000,-300,true,-0.45
"MSN",140455,"/Date(1703574270000)/",66100,200,2350200,154991000000,-300,true,-0.45
"MSN",140439,"/Date(1703574254000)/",66100,300,2350000,154977000000,-300,true,-0.45
"MSN",140436,"/Date(1703574250000)/",66200,2700,2349700,154958000000,-200,false,-0.3
"MSN",140436,"/Date(1703574250000)/",66200,300,2347000,154779000000,-200,false,-0.3
"MSN",140436,"/Date(1703574250000)/",66200,2000,2346700,154759000000,-200,false,-0.3
"MSN",140433,"/Date(1703574248000)/",66100,200,2344700,154627000000,-300,true,-0.45
"MSN",140410,"/Date(1703574225000)/",66100,200,2344500,154613000000,-300,true,-0.45
"MSN",140407,"/Date(1703574223000)/",66200,500,2344300,154600000000,-200,false,-0.3
"MSN",140407,"/Date(1703574223000)/",66200,4500,2343800,154567000000,-200,false,-0.3
"MSN",140348,"/Date(1703574203000)/",66100,100,2339300,154269000000,-300,true,-0.45
"MSN",140335,"/Date(1703574188000)/",66200,2500,2339200,154263000000,-200,false,-0.3
"MSN",140335,"/Date(1703574188000)/",66200,1800,2336700,154097000000,-200,false,-0.3
"MSN",140335,"/Date(1703574188000)/",66200,500,2334900,153978000000,-200,false,-0.3
"MSN",140335,"/Date(1703574188000)/",66200,200,2334400,153945000000,-200,false,-0.3
"MSN",140325,"/Date(1703574180000)/",66100,100,2334200,153932000000,-300,true,-0.45
"MSN",140325,"/Date(1703574180000)/",66100,100,2334100,153925000000,-300,true,-0.45
"MSN",140303,"/Date(1703574158000)/",66100,200,2334000,153918000000,-300,true,-0.45
"MSN",140257,"/Date(1703574151000)/",66200,200,2333800,153905000000,-200,true,-0.3
"MSN",140257,"/Date(1703574151000)/",66200,600,2333600,153892000000,-200,true,-0.3
"MSN",140253,"/Date(1703574148000)/",66200,100,2333000,153852000000,-200,true,-0.3
"MSN",140253,"/Date(1703574148000)/",66200,1400,2332900,153845000000,-200,true,-0.3
"MSN",140241,"/Date(1703574136000)/",66200,100,2331500,153753000000,-200,true,-0.3
"MSN",140241,"/Date(1703574136000)/",66200,1500,2331400,153746000000,-200,true,-0.3
"MSN",140241,"/Date(1703574136000)/",66200,2000,2329900,153647000000,-200,true,-0.3
"MSN",140241,"/Date(1703574136000)/",66200,3000,2327900,153514000000,-200,true,-0.3
"MSN",140241,"/Date(1703574136000)/",66200,3500,2324900,153316000000,-200,true,-0.3
"MSN",140218,"/Date(1703574113000)/",66200,200,2321400,153084000000,-200,true,-0.3
"MSN",140156,"/Date(1703574091000)/",66200,200,2321200,153071000000,-200,true,-0.3
"MSN",140153,"/Date(1703574088000)/",66200,600,2321000,153058000000,-200,true,-0.3
"MSN",140149,"/Date(1703574084000)/",66200,5200,2320400,153018000000,-200,true,-0.3
"MSN",140133,"/Date(1703574068000)/",66200,100,2315200,152674000000,-200,false,-0.3
"MSN",140133,"/Date(1703574067000)/",66200,200,2315100,152667000000,-200,false,-0.3
"MSN",140124,"/Date(1703574060000)/",66200,1300,2314900,152654000000,-200,false,-0.3
"MSN",140124,"/Date(1703574060000)/",66200,500,2313600,152568000000,-200,false,-0.3
"MSN",140124,"/Date(1703574060000)/",66200,200,2313100,152535000000,-200,false,-0.3
"MSN",140124,"/Date(1703574059000)/",66200,300,2312900,152521000000,-200,false,-0.3
"MSN",140124,"/Date(1703574059000)/",66200,100,2312600,152502000000,-200,false,-0.3
"MSN",140124,"/Date(1703574059000)/",66200,1600,2312500,152495000000,-200,false,-0.3
"MSN",140124,"/Date(1703574057000)/",66100,300,2310900,152389000000,-300,true,-0.45
"MSN",140124,"/Date(1703574057000)/",66100,500,2310600,152369000000,-300,true,-0.45
"MSN",140124,"/Date(1703574057000)/",66100,800,2310100,152336000000,-300,true,-0.45
"MSN",140124,"/Date(1703574057000)/",66100,400,2309300,152283000000,-300,true,-0.45
"MSN",140117,"/Date(1703574051000)/",66200,400,2308900,152257000000,-200,false,-0.3
"MSN",140117,"/Date(1703574051000)/",66200,500,2308500,152230000000,-200,false,-0.3
"MSN",140117,"/Date(1703574051000)/",66200,200,2308000,152197000000,-200,false,-0.3
"MSN",140117,"/Date(1703574051000)/",66200,3100,2307800,152184000000,-200,false,-0.3
"MSN",140111,"/Date(1703574046000)/",66100,200,2304700,151979000000,-300,true,-0.45
"MSN",140049,"/Date(1703574024000)/",66100,200,2304500,151966000000,-300,true,-0.45
"MSN",140026,"/Date(1703574001000)/",66100,100,2304300,151952000000,-300,true,-0.45
"MSN",140007,"/Date(1703573981000)/",66200,900,2304200,151946000000,-200,true,-0.3
"MSN",140007,"/Date(1703573981000)/",66200,200,2303300,151886000000,-200,true,-0.3
"MSN",140007,"/Date(1703573981000)/",66200,100,2303100,151873000000,-200,true,-0.3
"MSN",140007,"/Date(1703573981000)/",66200,700,2303000,151866000000,-200,true,-0.3
"MSN",140004,"/Date(1703573979000)/",66200,200,2302300,151820000000,-200,true,-0.3
"MSN",135941,"/Date(1703573956000)/",66200,200,2302100,151807000000,-200,true,-0.3
"MSN",135932,"/Date(1703573948000)/",66200,1000,2301900,151794000000,-200,true,-0.3
"MSN",135922,"/Date(1703573937000)/",66200,100,2300900,151727000000,-200,true,-0.3
"MSN",135919,"/Date(1703573934000)/",66200,100,2300800,151721000000,-200,true,-0.3
"MSN",135857,"/Date(1703573912000)/",66200,200,2300700,151714000000,-200,true,-0.3
"MSN",135847,"/Date(1703573903000)/",66300,1700,2300500,151701000000,-100,false,-0.15
"MSN",135847,"/Date(1703573903000)/",66300,300,2298800,151588000000,-100,false,-0.15
"MSN",135844,"/Date(1703573899000)/",66200,100,2298500,151568000000,-200,true,-0.3
"MSN",135834,"/Date(1703573889000)/",66100,100,2298400,151562000000,-300,true,-0.45
"MSN",135834,"/Date(1703573889000)/",66200,100,2298300,151555000000,-200,false,-0.3
"MSN",135812,"/Date(1703573868000)/",66300,2000,2298200,151548000000,-100,false,-0.15
"MSN",135812,"/Date(1703573867000)/",66100,100,2296200,151416000000,-300,true,-0.45
"MSN",135749,"/Date(1703573844000)/",66100,100,2296100,151409000000,-300,true,-0.45
"MSN",135749,"/Date(1703573844000)/",66100,100,2296000,151403000000,-300,true,-0.45
"MSN",135727,"/Date(1703573822000)/",66100,200,2295900,151396000000,-300,true,-0.45
"MSN",135724,"/Date(1703573819000)/",66100,1700,2295700,151383000000,-300,true,-0.45
"MSN",135724,"/Date(1703573819000)/",66100,900,2294000,151270000000,-300,true,-0.45
"MSN",135724,"/Date(1703573819000)/",66200,100,2293100,151211000000,-200,false,-0.3
"MSN",135724,"/Date(1703573819000)/",66200,400,2293000,151204000000,-200,false,-0.3
"MSN",135724,"/Date(1703573819000)/",66200,500,2292600,151178000000,-200,false,-0.3
"MSN",135724,"/Date(1703573819000)/",66300,500,2292100,151145000000,-100,false,-0.15
"MSN",135724,"/Date(1703573819000)/",66300,900,2291600,151112000000,-100,false,-0.15
"MSN",135704,"/Date(1703573800000)/",66300,100,2290700,151052000000,-100,false,-0.15
"MSN",135704,"/Date(1703573800000)/",66300,1700,2290600,151045000000,-100,false,-0.15
"MSN",135704,"/Date(1703573800000)/",66300,1900,2288900,150933000000,-100,false,-0.15
"MSN",135645,"/Date(1703573779000)/",66300,100,2287000,150807000000,-100,false,-0.15
"MSN",135645,"/Date(1703573779000)/",66300,500,2286900,150800000000,-100,false,-0.15
"MSN",135645,"/Date(1703573779000)/",66300,300,2286400,150767000000,-100,false,-0.15
"MSN",135642,"/Date(1703573777000)/",66300,1900,2286100,150747000000,-100,false,-0.15
"MSN",135642,"/Date(1703573777000)/",66300,100,2284200,150621000000,-100,false,-0.15
"MSN",135642,"/Date(1703573777000)/",66300,200,2284100,150614000000,-100,false,-0.15
"MSN",135642,"/Date(1703573777000)/",66300,100,2283900,150601000000,-100,false,-0.15
"MSN",135642,"/Date(1703573777000)/",66300,4000,2283800,150594000000,-100,false,-0.15
"MSN",135642,"/Date(1703573777000)/",66300,100,2279800,150329000000,-100,false,-0.15
"MSN",135642,"/Date(1703573777000)/",66300,2000,2279700,150323000000,-100,false,-0.15
"MSN",135642,"/Date(1703573777000)/",66300,500,2277700,150190000000,-100,false,-0.15
"MSN",135642,"/Date(1703573777000)/",66200,500,2277200,150157000000,-200,false,-0.3
"MSN",135642,"/Date(1703573777000)/",66200,400,2276700,150124000000,-200,false,-0.3
"MSN",135642,"/Date(1703573777000)/",66100,200,2276300,150097000000,-300,true,-0.45
"MSN",135636,"/Date(1703573771000)/",66100,200,2276100,150084000000,-300,true,-0.45
"MSN",135620,"/Date(1703573755000)/",66100,200,2275900,150071000000,-300,true,-0.45
"MSN",135616,"/Date(1703573750000)/",66200,2600,2275700,150058000000,-200,true,-0.3
"MSN",135557,"/Date(1703573732000)/",66200,100,2273100,149885000000,-200,true,-0.3
"MSN",135551,"/Date(1703573725000)/",66200,100,2273000,149879000000,-200,false,-0.3
"MSN",135551,"/Date(1703573725000)/",66200,1500,2272900,149872000000,-200,false,-0.3
"MSN",135551,"/Date(1703573725000)/",66200,500,2271400,149773000000,-200,false,-0.3
"MSN",135551,"/Date(1703573725000)/",66200,2000,2270900,149740000000,-200,false,-0.3
"MSN",135551,"/Date(1703573725000)/",66200,100,2268900,149607000000,-200,false,-0.3
"MSN",135551,"/Date(1703573725000)/",66200,100,2268800,149601000000,-200,false,-0.3
"MSN",135551,"/Date(1703573725000)/",66200,100,2268700,149594000000,-200,false,-0.3
"MSN",135551,"/Date(1703573725000)/",66200,1000,2268600,149588000000,-200,false,-0.3
"MSN",135551,"/Date(1703573725000)/",66200,1000,2267600,149521000000,-200,false,-0.3
"MSN",135551,"/Date(1703573725000)/",66200,200,2266600,149455000000,-200,false,-0.3
"MSN",135551,"/Date(1703573725000)/",66200,700,2266400,149442000000,-200,false,-0.3
"MSN",135535,"/Date(1703573710000)/",66100,200,2265700,149396000000,-300,true,-0.45
"MSN",135522,"/Date(1703573698000)/",66200,800,2265500,149382000000,-200,false,-0.3
"MSN",135522,"/Date(1703573698000)/",66200,200,2264700,149329000000,-200,false,-0.3
"MSN",135522,"/Date(1703573698000)/",66200,1000,2264500,149316000000,-200,false,-0.3
"MSN",135512,"/Date(1703573688000)/",66100,200,2263500,149250000000,-300,true,-0.45
"MSN",135450,"/Date(1703573665000)/",66100,100,2263300,149237000000,-300,true,-0.45
"MSN",135444,"/Date(1703573660000)/",66100,2100,2263200,149230000000,-300,true,-0.45
"MSN",135444,"/Date(1703573660000)/",66100,100,2261100,149091000000,-300,true,-0.45
"MSN",135428,"/Date(1703573643000)/",66100,200,2261000,149085000000,-300,true,-0.45
"MSN",135424,"/Date(1703573640000)/",66100,100,2260800,149071000000,-300,true,-0.45
"MSN",135405,"/Date(1703573622000)/",66100,900,2260700,149065000000,-300,true,-0.45
"MSN",135405,"/Date(1703573620000)/",66100,200,2259800,149005000000,-300,true,-0.45
"MSN",135352,"/Date(1703573608000)/",66100,1000,2259600,148992000000,-300,true,-0.45
"MSN",135343,"/Date(1703573598000)/",66100,100,2258600,148926000000,-300,true,-0.45
"MSN",135343,"/Date(1703573596000)/",66100,500,2258500,148919000000,-300,true,-0.45
"MSN",135320,"/Date(1703573576000)/",66100,200,2258000,148886000000,-300,true,-0.45
"MSN",135308,"/Date(1703573564000)/",66100,1000,2257800,148873000000,-300,true,-0.45
"MSN",135304,"/Date(1703573559000)/",66100,700,2256800,148807000000,-300,true,-0.45
"MSN",135304,"/Date(1703573559000)/",66100,400,2256100,148761000000,-300,true,-0.45
"MSN",135304,"/Date(1703573559000)/",66100,400,2255700,148734000000,-300,true,-0.45
"MSN",135304,"/Date(1703573559000)/",66100,2000,2255300,148708000000,-300,true,-0.45
"MSN",135304,"/Date(1703573559000)/",66100,500,2253300,148576000000,-300,true,-0.45
"MSN",135301,"/Date(1703573555000)/",66100,400,2252800,148543000000,-300,true,-0.45
"MSN",135258,"/Date(1703573553000)/",66100,100,2252400,148516000000,-300,true,-0.45
"MSN",135258,"/Date(1703573553000)/",66100,100,2252300,148510000000,-300,true,-0.45
"MSN",135252,"/Date(1703573545000)/",66100,500,2252200,148503000000,-300,true,-0.45
"MSN",135245,"/Date(1703573540000)/",66100,500,2251700,148470000000,-300,true,-0.45
"MSN",135245,"/Date(1703573540000)/",66100,4800,2251200,148437000000,-300,true,-0.45
"MSN",135242,"/Date(1703573538000)/",66100,200,2246400,148120000000,-300,true,-0.45
"MSN",135242,"/Date(1703573538000)/",66100,300,2246200,148106000000,-300,true,-0.45
"MSN",135242,"/Date(1703573538000)/",66100,100,2245900,148087000000,-300,true,-0.45
"MSN",135236,"/Date(1703573531000)/",66100,100,2245800,148080000000,-300,true,-0.45
"MSN",135229,"/Date(1703573525000)/",66100,3500,2245700,148073000000,-300,true,-0.45
"MSN",135229,"/Date(1703573525000)/",66100,1500,2242200,147842000000,-300,true,-0.45
"MSN",135213,"/Date(1703573508000)/",66100,200,2240700,147743000000,-300,true,-0.45
"MSN",135210,"/Date(1703573506000)/",66100,300,2240500,147730000000,-300,true,-0.45
"MSN",135210,"/Date(1703573506000)/",66100,6700,2240200,147710000000,-300,true,-0.45
"MSN",135157,"/Date(1703573494000)/",66100,600,2233500,147267000000,-300,false,-0.45
"MSN",135157,"/Date(1703573494000)/",66100,2700,2232900,147227000000,-300,false,-0.45
"MSN",135151,"/Date(1703573486000)/",66000,200,2230200,147049000000,-400,true,-0.6
"MSN",135144,"/Date(1703573478000)/",66100,200,2230000,147036000000,-300,false,-0.45
"MSN",135141,"/Date(1703573477000)/",66100,400,2229800,147022000000,-300,false,-0.45
"MSN",135141,"/Date(1703573477000)/",66100,400,2229400,146996000000,-300,false,-0.45
"MSN",135135,"/Date(1703573469000)/",66100,1000,2229000,146970000000,-300,false,-0.45
"MSN",135135,"/Date(1703573469000)/",66100,300,2228000,146903000000,-300,false,-0.45
"MSN",135128,"/Date(1703573464000)/",66100,100,2227700,146884000000,-300,true,-0.45
"MSN",135122,"/Date(1703573459000)/",66100,4600,2227600,146877000000,-300,true,-0.45
"MSN",135122,"/Date(1703573459000)/",66100,400,2223000,146573000000,-300,true,-0.45
"MSN",135122,"/Date(1703573458000)/",66100,100,2222600,146546000000,-300,true,-0.45
"MSN",135122,"/Date(1703573458000)/",66100,600,2222500,146540000000,-300,true,-0.45
"MSN",135122,"/Date(1703573458000)/",66100,300,2221900,146500000000,-300,true,-0.45
"MSN",135122,"/Date(1703573456000)/",66100,500,2221600,146480000000,-300,true,-0.45
"MSN",135116,"/Date(1703573452000)/",66100,100,2221100,146447000000,-300,true,-0.45
"MSN",135116,"/Date(1703573452000)/",66100,100,2221000,146441000000,-300,true,-0.45
"MSN",135116,"/Date(1703573452000)/",66100,4800,2220900,146434000000,-300,true,-0.45
"MSN",135109,"/Date(1703573443000)/",66100,100,2216100,146117000000,-300,true,-0.45
"MSN",135106,"/Date(1703573441000)/",66100,200,2216000,146110000000,-300,true,-0.45
"MSN",135100,"/Date(1703573435000)/",66100,200,2215800,146097000000,-300,false,-0.45
"MSN",135100,"/Date(1703573435000)/",66100,4700,2215600,146084000000,-300,false,-0.45
"MSN",135050,"/Date(1703573425000)/",66000,100,2210900,145773000000,-400,true,-0.6
"MSN",135044,"/Date(1703573419000)/",66000,200,2210800,145767000000,-400,true,-0.6
"MSN",135040,"/Date(1703573415000)/",66000,200,2210600,145753000000,-400,true,-0.6
"MSN",135031,"/Date(1703573407000)/",66000,1000,2210400,145740000000,-400,true,-0.6
"MSN",135031,"/Date(1703573406000)/",66100,300,2209400,145674000000,-300,true,-0.45
"MSN",135024,"/Date(1703573399000)/",66100,400,2209100,145654000000,-300,false,-0.45
"MSN",135024,"/Date(1703573399000)/",66100,1000,2208700,145628000000,-300,false,-0.45
"MSN",135024,"/Date(1703573399000)/",66100,3300,2207700,145562000000,-300,false,-0.45
"MSN",135021,"/Date(1703573396000)/",66000,100,2204400,145344000000,-400,true,-0.6
"MSN",135008,"/Date(1703573384000)/",66100,1000,2204300,145337000000,-300,false,-0.45
"MSN",134959,"/Date(1703573374000)/",66000,200,2203300,145271000000,-400,true,-0.6
"MSN",134956,"/Date(1703573370000)/",66100,700,2203100,145258000000,-300,false,-0.45
"MSN",134956,"/Date(1703573370000)/",66100,100,2202400,145211000000,-300,false,-0.45
"MSN",134956,"/Date(1703573370000)/",66100,100,2202300,145205000000,-300,false,-0.45
"MSN",134956,"/Date(1703573370000)/",66100,100,2202200,145198000000,-300,false,-0.45
"MSN",134936,"/Date(1703573352000)/",66000,100,2202100,145192000000,-400,true,-0.6
"MSN",134936,"/Date(1703573352000)/",66100,100,2202000,145185000000,-300,true,-0.45
"MSN",134933,"/Date(1703573350000)/",66200,100,2201900,145178000000,-200,false,-0.3
"MSN",134933,"/Date(1703573350000)/",66200,900,2201800,145172000000,-200,false,-0.3
"MSN",134933,"/Date(1703573348000)/",66100,900,2200900,145112000000,-300,false,-0.45
"MSN",134927,"/Date(1703573342000)/",66100,400,2200000,145053000000,-300,false,-0.45
"MSN",134927,"/Date(1703573342000)/",66100,400,2199600,145026000000,-300,false,-0.45
"MSN",134927,"/Date(1703573341000)/",66100,300,2199200,145000000000,-300,false,-0.45
"MSN",134927,"/Date(1703573341000)/",66100,700,2198900,144980000000,-300,false,-0.45
"MSN",134917,"/Date(1703573334000)/",66100,100,2198200,144934000000,-300,false,-0.45
"MSN",134914,"/Date(1703573329000)/",66100,1400,2198100,144927000000,-300,false,-0.45
"MSN",134914,"/Date(1703573329000)/",66100,800,2196700,144835000000,-300,false,-0.45
"MSN",134914,"/Date(1703573329000)/",66100,400,2195900,144782000000,-300,false,-0.45
"MSN",134914,"/Date(1703573329000)/",66100,100,2195500,144755000000,-300,false,-0.45
"MSN",134914,"/Date(1703573329000)/",66100,7100,2195400,144749000000,-300,false,-0.45
"MSN",134914,"/Date(1703573329000)/",66100,200,2188300,144279000000,-300,false,-0.45
"MSN",134914,"/Date(1703573329000)/",66000,100,2188100,144266000000,-400,true,-0.6
"MSN",134904,"/Date(1703573320000)/",66100,500,2188000,144260000000,-300,false,-0.45
"MSN",134904,"/Date(1703573320000)/",66100,3000,2187500,144226000000,-300,false,-0.45
"MSN",134904,"/Date(1703573320000)/",66100,500,2184500,144028000000,-300,false,-0.45
"MSN",134855,"/Date(1703573309000)/",66100,1000,2184000,143995000000,-300,false,-0.45
"MSN",134852,"/Date(1703573307000)/",66000,200,2183000,143929000000,-400,true,-0.6
"MSN",134848,"/Date(1703573304000)/",66100,200,2182800,143916000000,-300,false,-0.45
"MSN",134848,"/Date(1703573304000)/",66100,200,2182600,143903000000,-300,false,-0.45
"MSN",134848,"/Date(1703573304000)/",66100,1600,2182400,143889000000,-300,false,-0.45
"MSN",134842,"/Date(1703573299000)/",66100,100,2180800,143784000000,-300,false,-0.45
"MSN",134842,"/Date(1703573298000)/",66100,2000,2180700,143777000000,-300,false,-0.45
"MSN",134832,"/Date(1703573289000)/",66100,100,2178700,143645000000,-300,false,-0.45
"MSN",134829,"/Date(1703573284000)/",66000,200,2178600,143638000000,-400,true,-0.6
"MSN",134826,"/Date(1703573281000)/",66000,1000,2178400,143625000000,-400,true,-0.6
"MSN",134807,"/Date(1703573262000)/",66000,100,2177400,143559000000,-400,true,-0.6
"MSN",134803,"/Date(1703573260000)/",66100,3200,2177300,143552000000,-300,false,-0.45
"MSN",134754,"/Date(1703573250000)/",66100,100,2174100,143341000000,-300,false,-0.45
"MSN",134754,"/Date(1703573250000)/",66100,2900,2174000,143334000000,-300,false,-0.45
"MSN",134747,"/Date(1703573245000)/",66100,2000,2171100,143143000000,-300,true,-0.45
"MSN",134744,"/Date(1703573240000)/",66100,200,2169100,143010000000,-300,true,-0.45
"MSN",134744,"/Date(1703573240000)/",66100,2000,2168900,142997000000,-300,true,-0.45
"MSN",134744,"/Date(1703573240000)/",66100,500,2166900,142865000000,-300,true,-0.45
"MSN",134744,"/Date(1703573240000)/",66100,500,2166400,142832000000,-300,true,-0.45
"MSN",134744,"/Date(1703573240000)/",66100,800,2165900,142799000000,-300,true,-0.45
"MSN",134744,"/Date(1703573240000)/",66100,1100,2165100,142746000000,-300,true,-0.45
"MSN",134722,"/Date(1703573217000)/",66100,1000,2164000,142673000000,-300,false,-0.45
"MSN",134722,"/Date(1703573217000)/",66000,200,2163000,142607000000,-400,true,-0.6
"MSN",134659,"/Date(1703573195000)/",66000,100,2162800,142594000000,-400,true,-0.6
"MSN",134637,"/Date(1703573172000)/",66000,200,2162700,142587000000,-400,true,-0.6
"MSN",134631,"/Date(1703573165000)/",66000,200,2162500,142574000000,-400,true,-0.6
"MSN",134615,"/Date(1703573150000)/",66000,200,2162300,142561000000,-400,true,-0.6
"MSN",134608,"/Date(1703573144000)/",66100,100,2162100,142548000000,-300,false,-0.45
"MSN",134552,"/Date(1703573128000)/",66000,100,2162000,142541000000,-400,true,-0.6
"MSN",134530,"/Date(1703573105000)/",66000,200,2161900,142535000000,-400,true,-0.6
"MSN",134530,"/Date(1703573104000)/",66100,500,2161700,142521000000,-300,true,-0.45
"MSN",134530,"/Date(1703573104000)/",66100,400,2161200,142488000000,-300,true,-0.45
"MSN",134530,"/Date(1703573104000)/",66100,500,2160800,142462000000,-300,true,-0.45
"MSN",134530,"/Date(1703573104000)/",66100,400,2160300,142429000000,-300,true,-0.45
"MSN",134514,"/Date(1703573091000)/",66100,400,2159900,142402000000,-300,true,-0.45
"MSN",134514,"/Date(1703573091000)/",66100,400,2159500,142376000000,-300,true,-0.45
"MSN",134514,"/Date(1703573091000)/",66100,200,2159100,142350000000,-300,true,-0.45
"MSN",134507,"/Date(1703573083000)/",66100,200,2158900,142336000000,-300,true,-0.45
"MSN",134501,"/Date(1703573076000)/",66100,300,2158700,142323000000,-300,true,-0.45
"MSN",134451,"/Date(1703573066000)/",66200,300,2158400,142303000000,-200,false,-0.3
"MSN",134451,"/Date(1703573066000)/",66200,500,2158100,142283000000,-200,false,-0.3
"MSN",134451,"/Date(1703573066000)/",66200,100,2157600,142250000000,-200,false,-0.3
"MSN",134445,"/Date(1703573060000)/",66100,100,2157500,142244000000,-300,true,-0.45
"MSN",134439,"/Date(1703573054000)/",66200,1500,2157400,142237000000,-200,false,-0.3
"MSN",134439,"/Date(1703573054000)/",66200,3400,2155900,142138000000,-200,false,-0.3
"MSN",134435,"/Date(1703573052000)/",66200,100,2152500,141913000000,-200,true,-0.3
"MSN",134432,"/Date(1703573047000)/",66200,3000,2152400,141906000000,-200,true,-0.3
"MSN",134423,"/Date(1703573038000)/",66200,200,2149400,141707000000,-200,true,-0.3
"MSN",134416,"/Date(1703573033000)/",66200,3300,2149200,141694000000,-200,true,-0.3
"MSN",134416,"/Date(1703573033000)/",66200,1700,2145900,141476000000,-200,true,-0.3
"MSN",134413,"/Date(1703573028000)/",66200,100,2144200,141363000000,-200,true,-0.3
"MSN",134403,"/Date(1703573019000)/",66200,500,2144100,141357000000,-200,true,-0.3
"MSN",134400,"/Date(1703573016000)/",66200,200,2143600,141323000000,-200,true,-0.3
"MSN",134351,"/Date(1703573007000)/",66200,100,2143400,141310000000,-200,false,-0.3
"MSN",134351,"/Date(1703573007000)/",66200,900,2143300,141304000000,-200,false,-0.3
"MSN",134351,"/Date(1703573007000)/",66200,200,2142400,141244000000,-200,false,-0.3
"MSN",134351,"/Date(1703573007000)/",66200,200,2142200,141231000000,-200,false,-0.3
"MSN",134351,"/Date(1703573007000)/",66200,100,2142000,141218000000,-200,false,-0.3
"MSN",134351,"/Date(1703573007000)/",66200,2600,2141900,141211000000,-200,false,-0.3
"MSN",134351,"/Date(1703573007000)/",66200,100,2139300,141039000000,-200,false,-0.3
"MSN",134351,"/Date(1703573007000)/",66200,100,2139200,141032000000,-200,false,-0.3
"MSN",134351,"/Date(1703573007000)/",66200,2000,2139100,141026000000,-200,false,-0.3
"MSN",134351,"/Date(1703573006000)/",66200,300,2137100,140893000000,-200,false,-0.3
"MSN",134351,"/Date(1703573005000)/",66200,1000,2136800,140873000000,-200,false,-0.3
"MSN",134338,"/Date(1703572994000)/",66200,100,2135800,140807000000,-200,true,-0.3
"MSN",134338,"/Date(1703572993000)/",66200,100,2135700,140801000000,-200,true,-0.3
"MSN",134338,"/Date(1703572992000)/",66200,5000,2135600,140794000000,-200,true,-0.3
"MSN",134338,"/Date(1703572992000)/",66200,100,2130600,140463000000,-200,true,-0.3
"MSN",134331,"/Date(1703572988000)/",66200,100,2130500,140456000000,-200,true,-0.3
"MSN",134328,"/Date(1703572984000)/",66200,100,2130400,140450000000,-200,true,-0.3
"MSN",134315,"/Date(1703572971000)/",66200,200,2130300,140443000000,-200,true,-0.3
"MSN",134306,"/Date(1703572962000)/",66300,800,2130100,140430000000,-100,true,-0.15
"MSN",134306,"/Date(1703572962000)/",66300,500,2129300,140377000000,-100,true,-0.15
"MSN",134306,"/Date(1703572962000)/",66300,200,2128800,140344000000,-100,true,-0.15
"MSN",134306,"/Date(1703572962000)/",66300,200,2128600,140330000000,-100,true,-0.15
"MSN",134306,"/Date(1703572962000)/",66300,100,2128400,140317000000,-100,true,-0.15
"MSN",134306,"/Date(1703572962000)/",66300,900,2128300,140310000000,-100,true,-0.15
"MSN",134306,"/Date(1703572960000)/",66300,1000,2127400,140251000000,-100,true,-0.15
"MSN",134303,"/Date(1703572960000)/",66300,500,2126400,140184000000,-100,true,-0.15
"MSN",134256,"/Date(1703572953000)/",66300,1000,2125900,140151000000,-100,true,-0.15
"MSN",134253,"/Date(1703572948000)/",66300,200,2124900,140085000000,-100,true,-0.15
"MSN",134240,"/Date(1703572936000)/",66300,300,2124700,140072000000,-100,true,-0.15
"MSN",134240,"/Date(1703572935000)/",66300,100,2124400,140052000000,-100,true,-0.15
"MSN",134230,"/Date(1703572926000)/",66200,200,2124300,140045000000,-200,true,-0.3
"MSN",134230,"/Date(1703572926000)/",66200,100,2124100,140032000000,-200,true,-0.3
"MSN",134230,"/Date(1703572925000)/",66400,3700,2124000,140025000000,0,false,0
"MSN",134230,"/Date(1703572925000)/",66400,100,2120300,139780000000,0,false,0
"MSN",134230,"/Date(1703572925000)/",66400,500,2120200,139773000000,0,false,0
"MSN",134230,"/Date(1703572925000)/",66400,200,2119700,139740000000,0,false,0
"MSN",134230,"/Date(1703572925000)/",66400,200,2119500,139727000000,0,false,0
"MSN",134230,"/Date(1703572925000)/",66300,500,2119300,139713000000,-100,false,-0.15
"MSN",134230,"/Date(1703572925000)/",66300,100,2118800,139680000000,-100,false,-0.15
"MSN",134230,"/Date(1703572925000)/",66300,200,2118700,139674000000,-100,false,-0.15
"MSN",134230,"/Date(1703572925000)/",66300,1600,2118500,139660000000,-100,false,-0.15
"MSN",134230,"/Date(1703572925000)/",66300,1000,2116900,139554000000,-100,false,-0.15
"MSN",134230,"/Date(1703572925000)/",66300,200,2115900,139488000000,-100,false,-0.15
"MSN",134230,"/Date(1703572925000)/",66300,500,2115700,139475000000,-100,false,-0.15
"MSN",134230,"/Date(1703572925000)/",66300,500,2115200,139441000000,-100,false,-0.15
"MSN",134230,"/Date(1703572925000)/",66300,700,2114700,139408000000,-100,false,-0.15
"MSN",134230,"/Date(1703572925000)/",66300,200,2114000,139362000000,-100,false,-0.15
"MSN",134230,"/Date(1703572925000)/",66300,100,2113800,139349000000,-100,false,-0.15
"MSN",134230,"/Date(1703572925000)/",66300,200,2113700,139342000000,-100,false,-0.15
"MSN",134230,"/Date(1703572925000)/",66300,500,2113500,139329000000,-100,false,-0.15
"MSN",134211,"/Date(1703572904000)/",66200,200,2113000,139296000000,-200,true,-0.3
"MSN",134152,"/Date(1703572887000)/",66200,1000,2112800,139282000000,-200,true,-0.3
"MSN",134146,"/Date(1703572881000)/",66200,200,2111800,139216000000,-200,true,-0.3
"MSN",134139,"/Date(1703572876000)/",66200,100,2111600,139203000000,-200,true,-0.3
"MSN",134139,"/Date(1703572875000)/",66300,500,2111500,139196000000,-100,false,-0.15
"MSN",134139,"/Date(1703572875000)/",66300,100,2111000,139163000000,-100,false,-0.15
"MSN",134139,"/Date(1703572875000)/",66300,300,2110900,139157000000,-100,false,-0.15
"MSN",134139,"/Date(1703572875000)/",66300,500,2110600,139137000000,-100,false,-0.15
"MSN",134139,"/Date(1703572875000)/",66300,500,2110100,139104000000,-100,false,-0.15
"MSN",134130,"/Date(1703572866000)/",66200,4000,2109600,139070000000,-200,true,-0.3
"MSN",134130,"/Date(1703572866000)/",66300,100,2105600,138806000000,-100,false,-0.15
"MSN",134130,"/Date(1703572866000)/",66300,100,2105500,138799000000,-100,false,-0.15
"MSN",134130,"/Date(1703572866000)/",66300,200,2105400,138792000000,-100,false,-0.15
"MSN",134127,"/Date(1703572862000)/",66300,500,2105200,138779000000,-100,false,-0.15
"MSN",134123,"/Date(1703572859000)/",66200,100,2104700,138746000000,-200,true,-0.3
"MSN",134123,"/Date(1703572858000)/",66200,1200,2104600,138739000000,-200,true,-0.3
"MSN",134107,"/Date(1703572842000)/",66200,300,2103400,138660000000,-200,true,-0.3
"MSN",134104,"/Date(1703572840000)/",66200,100,2103100,138640000000,-200,false,-0.3
"MSN",134104,"/Date(1703572840000)/",66200,1200,2103000,138633000000,-200,false,-0.3
"MSN",134104,"/Date(1703572840000)/",66200,1000,2101800,138554000000,-200,false,-0.3
"MSN",134104,"/Date(1703572840000)/",66200,500,2100800,138488000000,-200,false,-0.3
"MSN",134104,"/Date(1703572840000)/",66200,1000,2100300,138455000000,-200,false,-0.3
"MSN",134104,"/Date(1703572840000)/",66200,4000,2099300,138388000000,-200,false,-0.3
"MSN",134104,"/Date(1703572840000)/",66200,1000,2095300,138124000000,-200,false,-0.3
"MSN",134104,"/Date(1703572840000)/",66200,400,2094300,138057000000,-200,false,-0.3
"MSN",134104,"/Date(1703572840000)/",66200,100,2093900,138031000000,-200,false,-0.3
"MSN",134104,"/Date(1703572840000)/",66200,100,2093800,138024000000,-200,false,-0.3
"MSN",134104,"/Date(1703572840000)/",66200,100,2093700,138018000000,-200,false,-0.3
"MSN",134104,"/Date(1703572840000)/",66200,200,2093600,138011000000,-200,false,-0.3
"MSN",134104,"/Date(1703572840000)/",66200,100,2093400,137998000000,-200,false,-0.3
"MSN",134104,"/Date(1703572840000)/",66200,100,2093300,137991000000,-200,false,-0.3
"MSN",134104,"/Date(1703572840000)/",66200,200,2093200,137985000000,-200,false,-0.3
"MSN",134104,"/Date(1703572840000)/",66200,200,2093000,137971000000,-200,false,-0.3
"MSN",134104,"/Date(1703572840000)/",66200,500,2092800,137958000000,-200,false,-0.3
"MSN",134104,"/Date(1703572840000)/",66200,200,2092300,137925000000,-200,false,-0.3
"MSN",134104,"/Date(1703572840000)/",66200,300,2092100,137912000000,-200,false,-0.3
"MSN",134104,"/Date(1703572840000)/",66200,200,2091800,137892000000,-200,false,-0.3
"MSN",134104,"/Date(1703572840000)/",66200,100,2091600,137879000000,-200,false,-0.3
"MSN",134104,"/Date(1703572840000)/",66200,1100,2091500,137872000000,-200,false,-0.3
"MSN",134104,"/Date(1703572840000)/",66200,100,2090400,137799000000,-200,false,-0.3
"MSN",134104,"/Date(1703572840000)/",66200,200,2090300,137793000000,-200,false,-0.3
"MSN",134104,"/Date(1703572840000)/",66200,3000,2090100,137779000000,-200,false,-0.3
"MSN",134104,"/Date(1703572840000)/",66200,100,2087100,137581000000,-200,false,-0.3
"MSN",134104,"/Date(1703572840000)/",66200,300,2087000,137574000000,-200,false,-0.3
"MSN",134104,"/Date(1703572840000)/",66200,200,2086700,137554000000,-200,false,-0.3
"MSN",134104,"/Date(1703572840000)/",66200,1100,2086500,137541000000,-200,false,-0.3
"MSN",134104,"/Date(1703572840000)/",66200,100,2085400,137468000000,-200,false,-0.3
"MSN",134104,"/Date(1703572840000)/",66200,200,2085300,137462000000,-200,false,-0.3
"MSN",134104,"/Date(1703572840000)/",66200,3000,2085100,137448000000,-200,false,-0.3
"MSN",134104,"/Date(1703572840000)/",66200,100,2082100,137250000000,-200,false,-0.3
"MSN",134104,"/Date(1703572840000)/",66200,300,2082000,137243000000,-200,false,-0.3
"MSN",134104,"/Date(1703572840000)/",66200,200,2081700,137223000000,-200,false,-0.3
"MSN",134104,"/Date(1703572840000)/",66200,100,2081500,137210000000,-200,false,-0.3
"MSN",134104,"/Date(1703572840000)/",66200,1200,2081400,137203000000,-200,false,-0.3
"MSN",134104,"/Date(1703572840000)/",66200,100,2080200,137124000000,-200,false,-0.3
"MSN",134104,"/Date(1703572840000)/",66200,500,2080100,137117000000,-200,false,-0.3
"MSN",134104,"/Date(1703572840000)/",66200,100,2079600,137084000000,-200,false,-0.3
"MSN",134104,"/Date(1703572840000)/",66100,200,2079500,137078000000,-300,false,-0.45
"MSN",134104,"/Date(1703572840000)/",66100,100,2079300,137064000000,-300,false,-0.45
"MSN",134104,"/Date(1703572840000)/",66100,100,2079200,137058000000,-300,false,-0.45
"MSN",134104,"/Date(1703572840000)/",66100,500,2079100,137051000000,-300,false,-0.45
"MSN",134104,"/Date(1703572840000)/",66100,500,2078600,137018000000,-300,false,-0.45
"MSN",134104,"/Date(1703572840000)/",66100,1600,2078100,136985000000,-300,false,-0.45
"MSN",134104,"/Date(1703572840000)/",66100,400,2076500,136879000000,-300,false,-0.45
"MSN",134104,"/Date(1703572840000)/",66100,100,2076100,136853000000,-300,false,-0.45
"MSN",134104,"/Date(1703572840000)/",66100,100,2076000,136846000000,-300,false,-0.45
"MSN",134104,"/Date(1703572840000)/",66100,100,2075900,136840000000,-300,false,-0.45
"MSN",134104,"/Date(1703572840000)/",66100,100,2075800,136833000000,-300,false,-0.45
"MSN",134104,"/Date(1703572840000)/",66100,500,2075700,136826000000,-300,false,-0.45
"MSN",134104,"/Date(1703572840000)/",66100,100,2075200,136793000000,-300,false,-0.45
"MSN",134104,"/Date(1703572840000)/",66100,300,2075100,136787000000,-300,false,-0.45
"MSN",134104,"/Date(1703572840000)/",66100,1100,2074800,136767000000,-300,false,-0.45
"MSN",134101,"/Date(1703572836000)/",66000,200,2073700,136694000000,-400,true,-0.6
"MSN",134058,"/Date(1703572833000)/",66000,200,2073500,136681000000,-400,true,-0.6
"MSN",134051,"/Date(1703572828000)/",66000,100,2073300,136668000000,-400,true,-0.6
"MSN",134051,"/Date(1703572828000)/",66000,100,2073200,136661000000,-400,true,-0.6
"MSN",134039,"/Date(1703572814000)/",66000,200,2073100,136655000000,-400,true,-0.6
"MSN",134032,"/Date(1703572809000)/",66000,200,2072900,136641000000,-400,true,-0.6
"MSN",134032,"/Date(1703572809000)/",66000,400,2072700,136628000000,-400,true,-0.6
"MSN",134016,"/Date(1703572792000)/",66000,200,2072300,136602000000,-400,true,-0.6
"MSN",134007,"/Date(1703572781000)/",66000,300,2072100,136589000000,-400,true,-0.6
"MSN",134007,"/Date(1703572781000)/",66000,200,2071800,136569000000,-400,true,-0.6
"MSN",133954,"/Date(1703572769000)/",66000,100,2071600,136556000000,-400,true,-0.6
"MSN",133938,"/Date(1703572752000)/",66000,100,2071500,136549000000,-400,false,-0.6
"MSN",133935,"/Date(1703572750000)/",66100,5000,2071400,136542000000,-300,false,-0.45
"MSN",133935,"/Date(1703572750000)/",66100,200,2066400,136212000000,-300,false,-0.45
"MSN",133935,"/Date(1703572750000)/",66100,2300,2066200,136199000000,-300,false,-0.45
"MSN",133935,"/Date(1703572750000)/",66100,500,2063900,136047000000,-300,false,-0.45
"MSN",133935,"/Date(1703572750000)/",66100,100,2063400,136014000000,-300,false,-0.45
"MSN",133935,"/Date(1703572750000)/",66100,300,2063300,136007000000,-300,false,-0.45
"MSN",133935,"/Date(1703572750000)/",66100,100,2063000,135987000000,-300,false,-0.45
"MSN",133935,"/Date(1703572750000)/",66100,2200,2062900,135981000000,-300,false,-0.45
"MSN",133935,"/Date(1703572750000)/",66100,400,2060700,135835000000,-300,false,-0.45
"MSN",133935,"/Date(1703572750000)/",66100,200,2060300,135809000000,-300,false,-0.45
"MSN",133935,"/Date(1703572750000)/",66100,500,2060100,135796000000,-300,false,-0.45
"MSN",133935,"/Date(1703572750000)/",66100,500,2059600,135762000000,-300,false,-0.45
"MSN",133935,"/Date(1703572750000)/",66100,6100,2059100,135729000000,-300,false,-0.45
"MSN",133935,"/Date(1703572750000)/",66100,1000,2053000,135326000000,-300,false,-0.45
"MSN",133935,"/Date(1703572750000)/",66100,200,2052000,135260000000,-300,false,-0.45
"MSN",133935,"/Date(1703572750000)/",66100,100,2051800,135247000000,-300,false,-0.45
"MSN",133935,"/Date(1703572750000)/",66100,200,2051700,135240000000,-300,false,-0.45
"MSN",133935,"/Date(1703572750000)/",66100,100,2051500,135227000000,-300,false,-0.45
"MSN",133935,"/Date(1703572750000)/",66100,500,2051400,135220000000,-300,false,-0.45
"MSN",133935,"/Date(1703572750000)/",66100,100,2050900,135187000000,-300,false,-0.45
"MSN",133935,"/Date(1703572750000)/",66100,400,2050800,135181000000,-300,false,-0.45
"MSN",133935,"/Date(1703572750000)/",66100,200,2050400,135154000000,-300,false,-0.45
"MSN",133935,"/Date(1703572750000)/",66100,6000,2050200,135141000000,-300,false,-0.45
"MSN",133935,"/Date(1703572750000)/",66100,2300,2044200,134745000000,-300,false,-0.45
"MSN",133935,"/Date(1703572750000)/",66100,500,2041900,134593000000,-300,false,-0.45
"MSN",133935,"/Date(1703572750000)/",66100,100,2041400,134559000000,-300,false,-0.45
"MSN",133935,"/Date(1703572750000)/",66100,500,2041300,134553000000,-300,false,-0.45
"MSN",133935,"/Date(1703572750000)/",66100,100,2040800,134520000000,-300,false,-0.45
"MSN",133935,"/Date(1703572750000)/",66100,400,2040700,134513000000,-300,false,-0.45
"MSN",133935,"/Date(1703572750000)/",66100,200,2040300,134487000000,-300,false,-0.45
"MSN",133935,"/Date(1703572750000)/",66100,2000,2040100,134474000000,-300,false,-0.45
"MSN",133935,"/Date(1703572750000)/",66000,100,2038100,134341000000,-400,false,-0.6
"MSN",133935,"/Date(1703572750000)/",66000,1000,2038000,134335000000,-400,false,-0.6
"MSN",133935,"/Date(1703572750000)/",66000,100,2037000,134269000000,-400,false,-0.6
"MSN",133935,"/Date(1703572750000)/",66000,500,2036900,134262000000,-400,false,-0.6
"MSN",133935,"/Date(1703572750000)/",66000,3000,2036400,134229000000,-400,false,-0.6
"MSN",133935,"/Date(1703572750000)/",66000,1300,2033400,134031000000,-400,false,-0.6
"MSN",133935,"/Date(1703572750000)/",66000,1000,2032100,133945000000,-400,false,-0.6
"MSN",133935,"/Date(1703572750000)/",66000,1600,2031100,133879000000,-400,false,-0.6
"MSN",133935,"/Date(1703572750000)/",66000,100,2029500,133774000000,-400,false,-0.6
"MSN",133935,"/Date(1703572750000)/",66000,3000,2029400,133767000000,-400,false,-0.6
"MSN",133935,"/Date(1703572750000)/",66000,200,2026400,133569000000,-400,false,-0.6
"MSN",133935,"/Date(1703572750000)/",66000,100,2026200,133556000000,-400,false,-0.6
"MSN",133935,"/Date(1703572750000)/",66000,1000,2026100,133549000000,-400,false,-0.6
"MSN",133935,"/Date(1703572750000)/",66000,700,2025100,133483000000,-400,false,-0.6
"MSN",133935,"/Date(1703572750000)/",66000,200,2024400,133437000000,-400,false,-0.6
"MSN",133935,"/Date(1703572750000)/",66000,2800,2024200,133424000000,-400,false,-0.6
"MSN",133931,"/Date(1703572747000)/",66000,5000,2021400,133239000000,-400,false,-0.6
"MSN",133931,"/Date(1703572747000)/",65900,200,2016400,132909000000,-500,true,-0.75
"MSN",133925,"/Date(1703572741000)/",66000,200,2016200,132896000000,-400,false,-0.6
"MSN",133922,"/Date(1703572737000)/",66000,400,2016000,132883000000,-400,false,-0.6
"MSN",133922,"/Date(1703572737000)/",66000,500,2015600,132856000000,-400,false,-0.6
"MSN",133919,"/Date(1703572736000)/",66000,100,2015100,132823000000,-400,false,-0.6
"MSN",133912,"/Date(1703572728000)/",66000,100,2015000,132817000000,-400,false,-0.6
"MSN",133909,"/Date(1703572724000)/",65900,200,2014900,132810000000,-500,true,-0.75
"MSN",133847,"/Date(1703572702000)/",65900,100,2014700,132797000000,-500,true,-0.75
"MSN",133824,"/Date(1703572680000)/",65900,200,2014600,132790000000,-500,true,-0.75
"MSN",133815,"/Date(1703572670000)/",66000,400,2014400,132777000000,-400,false,-0.6
"MSN",133815,"/Date(1703572670000)/",66000,400,2014000,132751000000,-400,false,-0.6
"MSN",133815,"/Date(1703572669000)/",66000,1000,2013600,132724000000,-400,false,-0.6
"MSN",133802,"/Date(1703572657000)/",65900,200,2012600,132658000000,-500,true,-0.75
"MSN",133749,"/Date(1703572646000)/",66000,1300,2012400,132645000000,-400,false,-0.6
"MSN",133749,"/Date(1703572646000)/",66000,500,2011100,132559000000,-400,false,-0.6
"MSN",133749,"/Date(1703572646000)/",66000,900,2010600,132526000000,-400,false,-0.6
"MSN",133749,"/Date(1703572646000)/",66000,4500,2009700,132467000000,-400,false,-0.6
"MSN",133749,"/Date(1703572646000)/",66000,100,2005200,132170000000,-400,false,-0.6
"MSN",133749,"/Date(1703572646000)/",66000,300,2005100,132163000000,-400,false,-0.6
"MSN",133749,"/Date(1703572646000)/",66000,2400,2004800,132144000000,-400,false,-0.6
"MSN",133740,"/Date(1703572635000)/",65900,100,2002400,131985000000,-500,true,-0.75
"MSN",133727,"/Date(1703572623000)/",66000,400,2002300,131979000000,-400,false,-0.6
"MSN",133720,"/Date(1703572617000)/",66000,100,2001900,131952000000,-400,false,-0.6
"MSN",133717,"/Date(1703572613000)/",66000,100,2001800,131946000000,-400,false,-0.6
"MSN",133717,"/Date(1703572613000)/",66000,400,2001700,131939000000,-400,false,-0.6
"MSN",133717,"/Date(1703572613000)/",66000,500,2001300,131913000000,-400,false,-0.6
"MSN",133717,"/Date(1703572613000)/",66000,200,2000800,131880000000,-400,false,-0.6
"MSN",133714,"/Date(1703572612000)/",65900,200,2000600,131866000000,-500,true,-0.75
"MSN",133655,"/Date(1703572590000)/",65900,200,2000400,131853000000,-500,true,-0.75
"MSN",133632,"/Date(1703572568000)/",65900,100,2000200,131840000000,-500,true,-0.75
"MSN",133616,"/Date(1703572552000)/",66000,100,2000100,131833000000,-400,false,-0.6
"MSN",133610,"/Date(1703572545000)/",65900,200,2000000,131827000000,-500,true,-0.75
"MSN",133607,"/Date(1703572544000)/",66000,5000,1999800,131814000000,-400,false,-0.6
"MSN",133557,"/Date(1703572532000)/",65900,300,1994800,131484000000,-500,true,-0.75
"MSN",133551,"/Date(1703572526000)/",66000,2000,1994500,131464000000,-400,false,-0.6
"MSN",133551,"/Date(1703572526000)/",66000,100,1992500,131332000000,-400,false,-0.6
"MSN",133548,"/Date(1703572523000)/",65900,200,1992400,131325000000,-500,true,-0.75
"MSN",133525,"/Date(1703572500000)/",65900,100,1992200,131312000000,-500,true,-0.75
"MSN",133522,"/Date(1703572497000)/",66000,5000,1992100,131306000000,-400,false,-0.6
"MSN",133503,"/Date(1703572480000)/",66000,1000,1987100,130976000000,-400,false,-0.6
"MSN",133500,"/Date(1703572478000)/",65900,200,1986100,130910000000,-500,true,-0.75
"MSN",133456,"/Date(1703572472000)/",66000,3000,1985900,130896000000,-400,false,-0.6
"MSN",133456,"/Date(1703572472000)/",66000,2000,1982900,130698000000,-400,false,-0.6
"MSN",133440,"/Date(1703572456000)/",65900,200,1980900,130566000000,-500,true,-0.75
"MSN",133440,"/Date(1703572455000)/",66000,300,1980700,130553000000,-400,false,-0.6
"MSN",133440,"/Date(1703572455000)/",66000,600,1980400,130533000000,-400,false,-0.6
"MSN",133440,"/Date(1703572455000)/",66000,100,1979800,130494000000,-400,false,-0.6
"MSN",133437,"/Date(1703572454000)/",66000,3900,1979700,130487000000,-400,false,-0.6
"MSN",133415,"/Date(1703572433000)/",65900,100,1975800,130230000000,-500,true,-0.75
"MSN",133402,"/Date(1703572418000)/",66000,2200,1975700,130223000000,-400,false,-0.6
"MSN",133402,"/Date(1703572418000)/",66000,400,1973500,130078000000,-400,false,-0.6
"MSN",133402,"/Date(1703572418000)/",66000,2200,1973100,130052000000,-400,false,-0.6
"MSN",133402,"/Date(1703572418000)/",66000,200,1970900,129906000000,-400,false,-0.6
"MSN",133402,"/Date(1703572417000)/",66000,100,1970700,129893000000,-400,false,-0.6
"MSN",133402,"/Date(1703572417000)/",66000,500,1970600,129887000000,-400,false,-0.6
"MSN",133359,"/Date(1703572417000)/",66000,500,1970100,129854000000,-400,false,-0.6
"MSN",133356,"/Date(1703572411000)/",65900,200,1969600,129821000000,-500,true,-0.75
"MSN",133352,"/Date(1703572409000)/",66000,100,1969400,129807000000,-400,false,-0.6
"MSN",133352,"/Date(1703572409000)/",66000,400,1969300,129801000000,-400,false,-0.6
"MSN",133349,"/Date(1703572405000)/",66000,5400,1968900,129774000000,-400,false,-0.6
"MSN",133349,"/Date(1703572405000)/",66000,100,1963500,129418000000,-400,false,-0.6
"MSN",133349,"/Date(1703572405000)/",66000,500,1963400,129411000000,-400,false,-0.6
"MSN",133343,"/Date(1703572401000)/",66000,400,1962900,129378000000,-400,false,-0.6
"MSN",133343,"/Date(1703572401000)/",66000,200,1962500,129352000000,-400,false,-0.6
"MSN",133343,"/Date(1703572401000)/",66000,200,1962300,129339000000,-400,false,-0.6
"MSN",133333,"/Date(1703572391000)/",66000,100,1962100,129326000000,-400,false,-0.6
"MSN",133330,"/Date(1703572388000)/",65900,200,1962000,129319000000,-500,true,-0.75
"MSN",133308,"/Date(1703572366000)/",65900,100,1961800,129306000000,-500,true,-0.75
"MSN",133305,"/Date(1703572361000)/",66000,200,1961700,129299000000,-400,false,-0.6
"MSN",133305,"/Date(1703572361000)/",66000,300,1961500,129286000000,-400,false,-0.6
"MSN",133258,"/Date(1703572354000)/",66000,2800,1961200,129266000000,-400,false,-0.6
"MSN",133258,"/Date(1703572354000)/",66000,600,1958400,129081000000,-400,false,-0.6
"MSN",133258,"/Date(1703572354000)/",66000,1000,1957800,129042000000,-400,false,-0.6
"MSN",133258,"/Date(1703572354000)/",66000,500,1956800,128976000000,-400,false,-0.6
"MSN",133258,"/Date(1703572354000)/",66000,100,1956300,128943000000,-400,false,-0.6
"MSN",133255,"/Date(1703572352000)/",66000,1400,1956200,128936000000,-400,false,-0.6
"MSN",133249,"/Date(1703572346000)/",66000,800,1954800,128844000000,-400,false,-0.6
"MSN",133249,"/Date(1703572346000)/",66000,200,1954000,128791000000,-400,false,-0.6
"MSN",133245,"/Date(1703572343000)/",66000,300,1953800,128778000000,-400,false,-0.6
"MSN",133245,"/Date(1703572343000)/",66000,400,1953500,128758000000,-400,false,-0.6
"MSN",133245,"/Date(1703572343000)/",66000,1300,1953100,128732000000,-400,false,-0.6
"MSN",133245,"/Date(1703572343000)/",65900,200,1951800,128646000000,-500,true,-0.75
"MSN",133242,"/Date(1703572338000)/",66000,500,1951600,128633000000,-400,false,-0.6
"MSN",133242,"/Date(1703572337000)/",66000,4300,1951100,128600000000,-400,false,-0.6
"MSN",133242,"/Date(1703572337000)/",66000,200,1946800,128316000000,-400,false,-0.6
"MSN",133242,"/Date(1703572337000)/",66000,500,1946600,128303000000,-400,false,-0.6
"MSN",133242,"/Date(1703572337000)/",66000,800,1946100,128270000000,-400,false,-0.6
"MSN",133242,"/Date(1703572337000)/",66000,100,1945300,128217000000,-400,false,-0.6
"MSN",133242,"/Date(1703572337000)/",66000,200,1945200,128210000000,-400,false,-0.6
"MSN",133242,"/Date(1703572337000)/",66000,300,1945000,128197000000,-400,false,-0.6
"MSN",133242,"/Date(1703572337000)/",66000,6100,1944700,128177000000,-400,false,-0.6
"MSN",133242,"/Date(1703572337000)/",66000,400,1938600,127775000000,-400,false,-0.6
"MSN",133242,"/Date(1703572337000)/",66000,2300,1938200,127748000000,-400,false,-0.6
"MSN",133242,"/Date(1703572337000)/",66000,600,1935900,127596000000,-400,false,-0.6
"MSN",133242,"/Date(1703572337000)/",66000,1000,1935300,127557000000,-400,false,-0.6
"MSN",133242,"/Date(1703572337000)/",66000,3200,1934300,127491000000,-400,false,-0.6
"MSN",133239,"/Date(1703572334000)/",66000,400,1931100,127280000000,-400,false,-0.6
"MSN",133236,"/Date(1703572334000)/",66000,400,1930700,127253000000,-400,false,-0.6
"MSN",133229,"/Date(1703572327000)/",66000,1300,1930300,127227000000,-400,false,-0.6
"MSN",133223,"/Date(1703572321000)/",65900,200,1929000,127141000000,-500,true,-0.75
"MSN",133223,"/Date(1703572319000)/",65900,100,1928800,127128000000,-500,true,-0.75
"MSN",133217,"/Date(1703572314000)/",66000,1000,1928700,127121000000,-400,false,-0.6
"MSN",133210,"/Date(1703572308000)/",66000,4000,1927700,127055000000,-400,false,-0.6
"MSN",133204,"/Date(1703572301000)/",66000,3300,1923700,126791000000,-400,false,-0.6
"MSN",133204,"/Date(1703572299000)/",65900,100,1920400,126574000000,-500,true,-0.75
"MSN",133157,"/Date(1703572294000)/",66000,800,1920300,126567000000,-400,true,-0.6
"MSN",133157,"/Date(1703572294000)/",66000,100,1919500,126514000000,-400,true,-0.6
"MSN",133157,"/Date(1703572294000)/",66000,400,1919400,126508000000,-400,true,-0.6
"MSN",133157,"/Date(1703572294000)/",66000,400,1919000,126481000000,-400,true,-0.6
"MSN",133157,"/Date(1703572294000)/",66000,1000,1918600,126455000000,-400,true,-0.6
"MSN",133157,"/Date(1703572294000)/",66000,600,1917600,126389000000,-400,true,-0.6
"MSN",133157,"/Date(1703572294000)/",66000,400,1917000,126349000000,-400,true,-0.6
"MSN",133157,"/Date(1703572294000)/",66000,400,1916600,126323000000,-400,true,-0.6
"MSN",133157,"/Date(1703572294000)/",66000,500,1916200,126296000000,-400,true,-0.6
"MSN",133157,"/Date(1703572294000)/",66000,1300,1915700,126263000000,-400,true,-0.6
"MSN",133157,"/Date(1703572294000)/",66000,100,1914400,126178000000,-400,true,-0.6
"MSN",133157,"/Date(1703572294000)/",66000,200,1914300,126171000000,-400,true,-0.6
"MSN",133157,"/Date(1703572294000)/",66000,1000,1914100,126158000000,-400,true,-0.6
"MSN",133157,"/Date(1703572294000)/",66000,9200,1913100,126092000000,-400,true,-0.6
"MSN",133154,"/Date(1703572292000)/",66100,900,1903900,125485000000,-300,false,-0.45
"MSN",133145,"/Date(1703572281000)/",66000,10000,1903000,125425000000,-400,true,-0.6
"MSN",133138,"/Date(1703572276000)/",66000,200,1893000,124765000000,-400,true,-0.6
"MSN",133122,"/Date(1703572259000)/",66000,100,1892800,124752000000,-400,true,-0.6
"MSN",133119,"/Date(1703572256000)/",66000,100,1892700,124745000000,-400,true,-0.6
"MSN",133119,"/Date(1703572254000)/",66000,200,1892600,124739000000,-400,true,-0.6
"MSN",133109,"/Date(1703572246000)/",66000,1000,1892400,124725000000,-400,true,-0.6
"MSN",133109,"/Date(1703572245000)/",66100,400,1891400,124659000000,-300,false,-0.45
"MSN",133053,"/Date(1703572231000)/",66000,100,1891000,124633000000,-400,true,-0.6
"MSN",133044,"/Date(1703572221000)/",66000,1000,1890900,124626000000,-400,true,-0.6
"MSN",133031,"/Date(1703572209000)/",66000,200,1889900,124560000000,-400,true,-0.6
"MSN",133031,"/Date(1703572207000)/",66000,500,1889700,124547000000,-400,true,-0.6
"MSN",133012,"/Date(1703572190000)/",66000,100,1889200,124514000000,-400,true,-0.6
"MSN",133012,"/Date(1703572190000)/",66000,1500,1889100,124508000000,-400,true,-0.6
"MSN",133012,"/Date(1703572187000)/",66000,200,1887600,124409000000,-400,true,-0.6
"MSN",133009,"/Date(1703572185000)/",66000,100,1887400,124395000000,-400,true,-0.6
"MSN",133005,"/Date(1703572181000)/",66000,100,1887300,124389000000,-400,true,-0.6
"MSN",133002,"/Date(1703572177000)/",66000,100,1887200,124382000000,-400,true,-0.6
"MSN",132959,"/Date(1703572175000)/",66000,1100,1887100,124376000000,-400,true,-0.6
"MSN",132959,"/Date(1703572174000)/",66000,500,1886000,124303000000,-400,true,-0.6
"MSN",132949,"/Date(1703572166000)/",66000,500,1885500,124270000000,-400,true,-0.6
"MSN",132946,"/Date(1703572164000)/",66000,100,1885000,124237000000,-400,true,-0.6
"MSN",132933,"/Date(1703572151000)/",66000,100,1884900,124230000000,-400,true,-0.6
"MSN",132924,"/Date(1703572142000)/",66000,200,1884800,124224000000,-400,true,-0.6
"MSN",132917,"/Date(1703572133000)/",66000,500,1884600,124211000000,-400,true,-0.6
"MSN",132917,"/Date(1703572133000)/",66000,200,1884100,124178000000,-400,true,-0.6
"MSN",132917,"/Date(1703572133000)/",66000,2000,1883900,124164000000,-400,true,-0.6
"MSN",132917,"/Date(1703572133000)/",66000,1200,1881900,124032000000,-400,true,-0.6
"MSN",132917,"/Date(1703572133000)/",66000,500,1880700,123953000000,-400,true,-0.6
"MSN",132917,"/Date(1703572133000)/",66000,100,1880200,123920000000,-400,true,-0.6
"MSN",132917,"/Date(1703572133000)/",66000,400,1880100,123914000000,-400,true,-0.6
"MSN",132917,"/Date(1703572133000)/",66000,200,1879700,123887000000,-400,true,-0.6
"MSN",132917,"/Date(1703572133000)/",66000,3000,1879500,123874000000,-400,true,-0.6
"MSN",132917,"/Date(1703572133000)/",66000,500,1876500,123676000000,-400,true,-0.6
"MSN",132917,"/Date(1703572133000)/",66000,100,1876000,123643000000,-400,true,-0.6
"MSN",132917,"/Date(1703572133000)/",66000,1600,1875900,123636000000,-400,true,-0.6
"MSN",132917,"/Date(1703572133000)/",66000,100,1874300,123531000000,-400,true,-0.6
"MSN",132917,"/Date(1703572133000)/",66000,400,1874200,123524000000,-400,true,-0.6
"MSN",132917,"/Date(1703572133000)/",66000,500,1873800,123498000000,-400,true,-0.6
"MSN",132917,"/Date(1703572133000)/",66000,2200,1873300,123465000000,-400,true,-0.6
"MSN",132917,"/Date(1703572133000)/",66000,6100,1871100,123320000000,-400,true,-0.6
"MSN",132917,"/Date(1703572133000)/",66000,300,1865000,122917000000,-400,true,-0.6
"MSN",132917,"/Date(1703572133000)/",66000,400,1864700,122897000000,-400,true,-0.6
"MSN",132917,"/Date(1703572133000)/",66000,100,1864300,122871000000,-400,true,-0.6
"MSN",132917,"/Date(1703572133000)/",66000,2400,1864200,122864000000,-400,true,-0.6
"MSN",132914,"/Date(1703572132000)/",66000,500,1861800,122706000000,-400,false,-0.6
"MSN",132914,"/Date(1703572132000)/",66000,100,1861300,122673000000,-400,false,-0.6
"MSN",132914,"/Date(1703572132000)/",66000,100,1861200,122666000000,-400,false,-0.6
"MSN",132914,"/Date(1703572132000)/",66000,300,1861100,122660000000,-400,false,-0.6
"MSN",132911,"/Date(1703572129000)/",66000,200,1860800,122640000000,-400,false,-0.6
"MSN",132901,"/Date(1703572119000)/",65900,200,1860600,122627000000,-500,true,-0.75
"MSN",132839,"/Date(1703572097000)/",65900,100,1860400,122613000000,-500,true,-0.75
"MSN",132830,"/Date(1703572088000)/",66000,300,1860300,122607000000,-400,false,-0.6
"MSN",132830,"/Date(1703572088000)/",66000,2100,1860000,122587000000,-400,false,-0.6
"MSN",132826,"/Date(1703572083000)/",66000,200,1857900,122448000000,-400,false,-0.6
"MSN",132826,"/Date(1703572083000)/",66000,800,1857700,122435000000,-400,false,-0.6
"MSN",132817,"/Date(1703572075000)/",65900,200,1856900,122382000000,-500,true,-0.75
"MSN",132810,"/Date(1703572066000)/",66000,1000,1856700,122369000000,-400,false,-0.6
"MSN",132807,"/Date(1703572064000)/",65900,4200,1855700,122303000000,-500,true,-0.75
"MSN",132807,"/Date(1703572063000)/",66000,500,1851500,122026000000,-400,false,-0.6
"MSN",132807,"/Date(1703572063000)/",66000,500,1851000,121993000000,-400,false,-0.6
"MSN",132804,"/Date(1703572061000)/",66000,2300,1850500,121960000000,-400,false,-0.6
"MSN",132804,"/Date(1703572060000)/",66000,1000,1848200,121809000000,-400,false,-0.6
"MSN",132804,"/Date(1703572060000)/",66000,200,1847200,121743000000,-400,false,-0.6
"MSN",132804,"/Date(1703572060000)/",66000,500,1847000,121729000000,-400,false,-0.6
"MSN",132804,"/Date(1703572060000)/",66000,3000,1846500,121696000000,-400,false,-0.6
"MSN",132804,"/Date(1703572060000)/",66000,300,1843500,121498000000,-400,false,-0.6
"MSN",132804,"/Date(1703572060000)/",66000,1700,1843200,121479000000,-400,false,-0.6
"MSN",132804,"/Date(1703572060000)/",66000,3300,1841500,121366000000,-400,false,-0.6
"MSN",132801,"/Date(1703572056000)/",66000,700,1838200,121149000000,-400,false,-0.6
"MSN",132801,"/Date(1703572056000)/",66000,4300,1837500,121102000000,-400,false,-0.6
"MSN",132801,"/Date(1703572056000)/",66000,100,1833200,120819000000,-400,false,-0.6
"MSN",132801,"/Date(1703572056000)/",66000,500,1833100,120812000000,-400,false,-0.6
"MSN",132801,"/Date(1703572056000)/",66000,1000,1832600,120779000000,-400,false,-0.6
"MSN",132801,"/Date(1703572056000)/",66000,3400,1831600,120713000000,-400,false,-0.6
"MSN",132758,"/Date(1703572054000)/",66000,900,1828200,120489000000,-400,false,-0.6
"MSN",132758,"/Date(1703572054000)/",66000,100,1827300,120429000000,-400,false,-0.6
"MSN",132758,"/Date(1703572054000)/",66000,100,1827200,120423000000,-400,false,-0.6
"MSN",132758,"/Date(1703572054000)/",66000,900,1827100,120416000000,-400,false,-0.6
"MSN",132758,"/Date(1703572054000)/",66000,300,1826200,120357000000,-400,false,-0.6
"MSN",132758,"/Date(1703572054000)/",66000,100,1825900,120337000000,-400,false,-0.6
"MSN",132758,"/Date(1703572054000)/",66000,100,1825800,120330000000,-400,false,-0.6
"MSN",132758,"/Date(1703572054000)/",66000,800,1825700,120324000000,-400,false,-0.6
"MSN",132758,"/Date(1703572054000)/",66000,200,1824900,120271000000,-400,false,-0.6
"MSN",132758,"/Date(1703572054000)/",66000,100,1824700,120258000000,-400,false,-0.6
"MSN",132758,"/Date(1703572054000)/",66000,500,1824600,120251000000,-400,false,-0.6
"MSN",132758,"/Date(1703572054000)/",66000,900,1824100,120218000000,-400,false,-0.6
"MSN",132758,"/Date(1703572054000)/",66000,2600,1823200,120159000000,-400,false,-0.6
"MSN",132758,"/Date(1703572054000)/",66000,100,1820600,119987000000,-400,false,-0.6
"MSN",132758,"/Date(1703572054000)/",66000,400,1820500,119980000000,-400,false,-0.6
"MSN",132758,"/Date(1703572054000)/",66000,200,1820100,119954000000,-400,false,-0.6
"MSN",132758,"/Date(1703572054000)/",66000,100,1819900,119941000000,-400,false,-0.6
"MSN",132758,"/Date(1703572054000)/",66000,100,1819800,119934000000,-400,false,-0.6
"MSN",132758,"/Date(1703572054000)/",66000,1500,1819700,119928000000,-400,false,-0.6
"MSN",132754,"/Date(1703572052000)/",65900,200,1818200,119829000000,-500,true,-0.75
"MSN",132754,"/Date(1703572051000)/",66000,1300,1818000,119815000000,-400,false,-0.6
"MSN",132754,"/Date(1703572051000)/",66000,100,1816700,119730000000,-400,false,-0.6
"MSN",132754,"/Date(1703572051000)/",66000,500,1816600,119723000000,-400,false,-0.6
"MSN",132754,"/Date(1703572051000)/",66000,100,1816100,119690000000,-400,false,-0.6
"MSN",132754,"/Date(1703572051000)/",66000,400,1816000,119683000000,-400,false,-0.6
"MSN",132754,"/Date(1703572051000)/",66000,200,1815600,119657000000,-400,false,-0.6
"MSN",132754,"/Date(1703572051000)/",66000,2200,1815400,119644000000,-400,false,-0.6
"MSN",132754,"/Date(1703572051000)/",66000,200,1813200,119499000000,-400,false,-0.6
"MSN",132754,"/Date(1703572051000)/",66000,300,1813000,119485000000,-400,false,-0.6
"MSN",132754,"/Date(1703572051000)/",66000,4700,1812700,119466000000,-400,false,-0.6
"MSN",132754,"/Date(1703572050000)/",66000,600,1808000,119155000000,-400,false,-0.6
"MSN",132735,"/Date(1703572034000)/",66000,200,1807400,119116000000,-400,false,-0.6
"MSN",132732,"/Date(1703572030000)/",65900,100,1807200,119103000000,-500,true,-0.75
"MSN",132710,"/Date(1703572007000)/",65900,200,1807100,119096000000,-500,true,-0.75
"MSN",132657,"/Date(1703571994000)/",65900,300,1806900,119083000000,-500,true,-0.75
"MSN",132654,"/Date(1703571989000)/",65900,800,1806600,119063000000,-500,false,-0.75
"MSN",132647,"/Date(1703571985000)/",65800,200,1805800,119010000000,-600,true,-0.9
"MSN",132647,"/Date(1703571984000)/",65900,100,1805600,118997000000,-500,true,-0.75
"MSN",132647,"/Date(1703571984000)/",65900,100,1805500,118991000000,-500,true,-0.75
"MSN",132634,"/Date(1703571971000)/",65900,800,1805400,118984000000,-500,true,-0.75
"MSN",132634,"/Date(1703571971000)/",65900,800,1804600,118931000000,-500,true,-0.75
"MSN",132634,"/Date(1703571971000)/",65900,800,1803800,118879000000,-500,true,-0.75
"MSN",132634,"/Date(1703571971000)/",65900,1000,1803000,118826000000,-500,true,-0.75
"MSN",132625,"/Date(1703571963000)/",65900,100,1802000,118760000000,-500,true,-0.75
"MSN",132606,"/Date(1703571942000)/",65900,500,1801900,118753000000,-500,true,-0.75
"MSN",132602,"/Date(1703571940000)/",65900,200,1801400,118720000000,-500,true,-0.75
"MSN",132550,"/Date(1703571927000)/",65900,100,1801200,118707000000,-500,true,-0.75
"MSN",132540,"/Date(1703571918000)/",65900,200,1801100,118701000000,-500,true,-0.75
"MSN",132537,"/Date(1703571912000)/",66000,600,1800900,118688000000,-400,false,-0.6
"MSN",132537,"/Date(1703571912000)/",66000,4400,1800300,118648000000,-400,false,-0.6
"MSN",132530,"/Date(1703571907000)/",65900,300,1795900,118358000000,-500,true,-0.75
"MSN",132530,"/Date(1703571907000)/",65900,200,1795600,118338000000,-500,true,-0.75
"MSN",132518,"/Date(1703571895000)/",65900,100,1795400,118325000000,-500,true,-0.75
"MSN",132455,"/Date(1703571874000)/",65900,100,1795300,118318000000,-500,true,-0.75
"MSN",132455,"/Date(1703571873000)/",65900,200,1795200,118311000000,-500,true,-0.75
"MSN",132446,"/Date(1703571863000)/",65900,200,1795000,118298000000,-500,true,-0.75
"MSN",132436,"/Date(1703571854000)/",65900,200,1794800,118285000000,-500,false,-0.75
"MSN",132433,"/Date(1703571851000)/",65900,200,1794600,118272000000,-500,true,-0.75
"MSN",132433,"/Date(1703571850000)/",65900,100,1794400,118259000000,-500,true,-0.75
"MSN",132433,"/Date(1703571848000)/",66000,1000,1794300,118252000000,-400,false,-0.6
"MSN",132423,"/Date(1703571842000)/",66000,600,1793300,118186000000,-400,false,-0.6
"MSN",132423,"/Date(1703571842000)/",66000,400,1792700,118146000000,-400,false,-0.6
"MSN",132414,"/Date(1703571831000)/",66000,700,1792300,118120000000,-400,false,-0.6
"MSN",132414,"/Date(1703571831000)/",65900,500,1791600,118074000000,-500,false,-0.75
"MSN",132410,"/Date(1703571828000)/",65800,100,1791100,118041000000,-600,true,-0.9
"MSN",132410,"/Date(1703571827000)/",65900,500,1791000,118034000000,-500,false,-0.75
"MSN",132404,"/Date(1703571820000)/",66000,1600,1790500,118001000000,-400,false,-0.6
"MSN",132404,"/Date(1703571820000)/",66000,300,1788900,117896000000,-400,false,-0.6
"MSN",132404,"/Date(1703571820000)/",66000,2000,1788600,117876000000,-400,false,-0.6
"MSN",132404,"/Date(1703571820000)/",66000,200,1786600,117744000000,-400,false,-0.6
"MSN",132404,"/Date(1703571820000)/",66000,100,1786400,117731000000,-400,false,-0.6
"MSN",132404,"/Date(1703571820000)/",66000,1100,1786300,117724000000,-400,false,-0.6
"MSN",132404,"/Date(1703571820000)/",66000,2900,1785200,117652000000,-400,false,-0.6
"MSN",132401,"/Date(1703571819000)/",65900,1000,1782300,117460000000,-500,false,-0.75
"MSN",132401,"/Date(1703571819000)/",65900,1100,1781300,117394000000,-500,false,-0.75
"MSN",132358,"/Date(1703571813000)/",65900,700,1780200,117322000000,-500,false,-0.75
"MSN",132354,"/Date(1703571812000)/",65900,1000,1779500,117276000000,-500,false,-0.75
"MSN",132348,"/Date(1703571806000)/",65800,200,1778500,117210000000,-600,true,-0.9
"MSN",132345,"/Date(1703571803000)/",65900,100,1778300,117197000000,-500,false,-0.75
"MSN",132345,"/Date(1703571803000)/",65900,800,1778200,117190000000,-500,false,-0.75
"MSN",132345,"/Date(1703571803000)/",65900,800,1777400,117137000000,-500,false,-0.75
"MSN",132345,"/Date(1703571803000)/",65900,7500,1776600,117085000000,-500,false,-0.75
"MSN",132345,"/Date(1703571803000)/",65900,200,1769100,116590000000,-500,false,-0.75
"MSN",132345,"/Date(1703571803000)/",65900,1000,1768900,116577000000,-500,false,-0.75
"MSN",132345,"/Date(1703571803000)/",65900,6800,1767900,116511000000,-500,false,-0.75
"MSN",132335,"/Date(1703571793000)/",65900,100,1761100,116063000000,-500,true,-0.75
"MSN",132332,"/Date(1703571789000)/",65900,500,1761000,116057000000,-500,true,-0.75
"MSN",132326,"/Date(1703571783000)/",65900,200,1760500,116024000000,-500,true,-0.75
"MSN",132303,"/Date(1703571761000)/",65900,100,1760300,116010000000,-500,true,-0.75
"MSN",132254,"/Date(1703571752000)/",65900,200,1760200,116004000000,-500,true,-0.75
"MSN",132254,"/Date(1703571751000)/",65900,2000,1760000,115991000000,-500,true,-0.75
"MSN",132251,"/Date(1703571746000)/",65900,100,1758000,115859000000,-500,true,-0.75
"MSN",132241,"/Date(1703571739000)/",65900,200,1757900,115852000000,-500,true,-0.75
"MSN",132231,"/Date(1703571729000)/",65900,600,1757700,115839000000,-500,false,-0.75
"MSN",132231,"/Date(1703571729000)/",65900,400,1757100,115800000000,-500,false,-0.75
"MSN",132231,"/Date(1703571729000)/",65900,400,1756700,115773000000,-500,false,-0.75
"MSN",132225,"/Date(1703571721000)/",65900,100,1756300,115747000000,-500,false,-0.75
"MSN",132225,"/Date(1703571721000)/",65900,100,1756200,115740000000,-500,false,-0.75
"MSN",132219,"/Date(1703571716000)/",65800,100,1756100,115734000000,-600,true,-0.9
"MSN",132219,"/Date(1703571716000)/",65900,100,1756000,115727000000,-500,false,-0.75
"MSN",132215,"/Date(1703571711000)/",65900,200,1755900,115720000000,-500,false,-0.75
"MSN",132215,"/Date(1703571711000)/",65900,200,1755700,115707000000,-500,false,-0.75
"MSN",132215,"/Date(1703571711000)/",65900,400,1755500,115694000000,-500,false,-0.75
"MSN",132212,"/Date(1703571710000)/",65900,100,1755100,115668000000,-500,false,-0.75
"MSN",132212,"/Date(1703571710000)/",65900,100,1755000,115661000000,-500,false,-0.75
"MSN",132203,"/Date(1703571699000)/",65900,500,1754900,115655000000,-500,false,-0.75
"MSN",132156,"/Date(1703571694000)/",65800,400,1754400,115622000000,-600,true,-0.9
"MSN",132156,"/Date(1703571694000)/",65800,100,1754000,115595000000,-600,true,-0.9
"MSN",132156,"/Date(1703571692000)/",65900,1000,1753900,115589000000,-500,false,-0.75
"MSN",132153,"/Date(1703571691000)/",65900,400,1752900,115523000000,-500,false,-0.75
"MSN",132153,"/Date(1703571691000)/",65900,13000,1752500,115496000000,-500,false,-0.75
"MSN",132153,"/Date(1703571691000)/",65900,200,1739500,114640000000,-500,false,-0.75
"MSN",132153,"/Date(1703571691000)/",65900,300,1739300,114627000000,-500,false,-0.75
"MSN",132153,"/Date(1703571691000)/",65900,300,1739000,114607000000,-500,false,-0.75
"MSN",132153,"/Date(1703571691000)/",65900,300,1738700,114587000000,-500,false,-0.75
"MSN",132153,"/Date(1703571691000)/",65900,800,1738400,114567000000,-500,false,-0.75
"MSN",132153,"/Date(1703571691000)/",65900,1700,1737600,114515000000,-500,false,-0.75
"MSN",132153,"/Date(1703571691000)/",65900,500,1735900,114403000000,-500,false,-0.75
"MSN",132153,"/Date(1703571691000)/",65900,500,1735400,114370000000,-500,false,-0.75
"MSN",132153,"/Date(1703571691000)/",65900,100,1734900,114337000000,-500,false,-0.75
"MSN",132153,"/Date(1703571691000)/",65900,1900,1734800,114330000000,-500,false,-0.75
"MSN",132140,"/Date(1703571677000)/",65800,100,1732900,114205000000,-600,true,-0.9
"MSN",132134,"/Date(1703571671000)/",65800,200,1732800,114198000000,-600,true,-0.9
"MSN",132118,"/Date(1703571655000)/",65800,600,1732600,114185000000,-600,true,-0.9
"MSN",132111,"/Date(1703571649000)/",65800,200,1732000,114146000000,-600,true,-0.9
"MSN",132049,"/Date(1703571627000)/",65800,100,1731800,114132000000,-600,true,-0.9
"MSN",132027,"/Date(1703571604000)/",65800,200,1731700,114126000000,-600,true,-0.9
"MSN",132027,"/Date(1703571603000)/",65900,300,1731500,114113000000,-500,false,-0.75
"MSN",132027,"/Date(1703571603000)/",65900,300,1731200,114093000000,-500,false,-0.75
"MSN",132027,"/Date(1703571603000)/",65900,400,1730900,114073000000,-500,false,-0.75
"MSN",132020,"/Date(1703571598000)/",65900,100,1730500,114047000000,-500,false,-0.75
"MSN",132020,"/Date(1703571598000)/",65900,100,1730400,114040000000,-500,false,-0.75
"MSN",132004,"/Date(1703571582000)/",65800,200,1730300,114034000000,-600,true,-0.9
"MSN",132001,"/Date(1703571577000)/",65800,2000,1730100,114020000000,-600,true,-0.9
"MSN",131958,"/Date(1703571575000)/",65900,200,1728100,113889000000,-500,false,-0.75
"MSN",131958,"/Date(1703571575000)/",65900,500,1727900,113876000000,-500,false,-0.75
"MSN",131958,"/Date(1703571575000)/",65900,200,1727400,113843000000,-500,false,-0.75
"MSN",131958,"/Date(1703571574000)/",65800,300,1727200,113830000000,-600,true,-0.9
"MSN",131942,"/Date(1703571559000)/",65800,100,1726900,113810000000,-600,true,-0.9
"MSN",131942,"/Date(1703571558000)/",65900,1000,1726800,113803000000,-500,false,-0.75
"MSN",131935,"/Date(1703571553000)/",65900,4900,1725800,113737000000,-500,false,-0.75
"MSN",131935,"/Date(1703571553000)/",65900,500,1720900,113414000000,-500,false,-0.75
"MSN",131935,"/Date(1703571553000)/",65900,500,1720400,113381000000,-500,false,-0.75
"MSN",131935,"/Date(1703571553000)/",65900,1000,1719900,113349000000,-500,false,-0.75
"MSN",131935,"/Date(1703571553000)/",65900,500,1718900,113283000000,-500,false,-0.75
"MSN",131935,"/Date(1703571553000)/",65900,100,1718400,113250000000,-500,false,-0.75
"MSN",131935,"/Date(1703571553000)/",65900,400,1718300,113243000000,-500,false,-0.75
"MSN",131935,"/Date(1703571553000)/",65900,2100,1717900,113217000000,-500,false,-0.75
"MSN",131926,"/Date(1703571543000)/",65900,100,1715800,113078000000,-500,false,-0.75
"MSN",131926,"/Date(1703571543000)/",65900,200,1715700,113072000000,-500,false,-0.75
"MSN",131926,"/Date(1703571543000)/",65900,500,1715500,113059000000,-500,false,-0.75
"MSN",131926,"/Date(1703571543000)/",65900,1700,1715000,113026000000,-500,false,-0.75
"MSN",131926,"/Date(1703571543000)/",65900,2500,1713300,112914000000,-500,false,-0.75
"MSN",131926,"/Date(1703571543000)/",65900,1900,1710800,112749000000,-500,false,-0.75
"MSN",131926,"/Date(1703571543000)/",65900,100,1708900,112624000000,-500,false,-0.75
"MSN",131923,"/Date(1703571538000)/",65900,100,1708800,112617000000,-500,false,-0.75
"MSN",131923,"/Date(1703571538000)/",65900,300,1708700,112610000000,-500,false,-0.75
"MSN",131923,"/Date(1703571538000)/",65900,1500,1708400,112591000000,-500,false,-0.75
"MSN",131923,"/Date(1703571538000)/",65900,100,1706900,112492000000,-500,false,-0.75
"MSN",131923,"/Date(1703571538000)/",65900,500,1706800,112485000000,-500,false,-0.75
"MSN",131923,"/Date(1703571538000)/",65900,1000,1706300,112452000000,-500,false,-0.75
"MSN",131923,"/Date(1703571538000)/",65900,500,1705300,112386000000,-500,false,-0.75
"MSN",131923,"/Date(1703571538000)/",65900,100,1704800,112353000000,-500,false,-0.75
"MSN",131923,"/Date(1703571538000)/",65900,300,1704700,112347000000,-500,false,-0.75
