"Stockcode","Package","TradingDate","Price","Vol","TotalVol","TotalVal","Change","IsBuy","PerChange"
"PDR",144525,"/Date(1703576701000)/",27800,313200,7019300,194271000000,250,false,0.91
"PDR",143023,"/Date(1703575795000)/",27750,200,6706100,185564000000,200,true,0.73
"PDR",143020,"/Date(1703575794000)/",27800,1000,6705900,185559000000,250,false,0.91
"PDR",143020,"/Date(1703575793000)/",27800,100,6704900,185531000000,250,false,0.91
"PDR",143014,"/Date(1703575788000)/",27800,700,6704800,185528000000,250,false,0.91
"PDR",143014,"/Date(1703575788000)/",27800,1000,6704100,185509000000,250,false,0.91
"PDR",143014,"/Date(1703575786000)/",27800,500,6703100,185481000000,250,false,0.91
"PDR",143011,"/Date(1703575785000)/",27800,1300,6702600,185467000000,250,false,0.91
"PDR",143011,"/Date(1703575784000)/",27800,800,6701300,185431000000,250,false,0.91
"PDR",143011,"/Date(1703575784000)/",27800,100,6700500,185409000000,250,false,0.91
"PDR",143011,"/Date(1703575783000)/",27800,100,6700400,185406000000,250,false,0.91
"PDR",143011,"/Date(1703575783000)/",27800,100,6700300,185403000000,250,false,0.91
"PDR",143011,"/Date(1703575783000)/",27800,200,6700200,185400000000,250,false,0.91
"PDR",143011,"/Date(1703575783000)/",27800,200,6700000,185395000000,250,false,0.91
"PDR",143007,"/Date(1703575781000)/",27800,100,6699800,185389000000,250,true,0.91
"PDR",143007,"/Date(1703575781000)/",27800,1000,6699700,185386000000,250,true,0.91
"PDR",143007,"/Date(1703575780000)/",27800,1000,6698700,185359000000,250,true,0.91
"PDR",143007,"/Date(1703575780000)/",27800,1700,6697700,185331000000,250,true,0.91
"PDR",143007,"/Date(1703575780000)/",27800,300,6696000,185283000000,250,true,0.91
"PDR",143004,"/Date(1703575779000)/",27800,700,6695700,185275000000,250,false,0.91
"PDR",143004,"/Date(1703575779000)/",27800,3200,6695000,185256000000,250,false,0.91
"PDR",143004,"/Date(1703575778000)/",27800,1000,6691800,185167000000,250,false,0.91
"PDR",143004,"/Date(1703575777000)/",27800,100,6690800,185139000000,250,false,0.91
"PDR",143004,"/Date(1703575777000)/",27800,5000,6690700,185136000000,250,false,0.91
"PDR",143004,"/Date(1703575777000)/",27800,100,6685700,184997000000,250,false,0.91
"PDR",143004,"/Date(1703575776000)/",27800,100,6685600,184994000000,250,false,0.91
"PDR",143004,"/Date(1703575776000)/",27800,200,6685500,184992000000,250,false,0.91
"PDR",143004,"/Date(1703575776000)/",27800,300,6685300,184986000000,250,false,0.91
"PDR",142958,"/Date(1703575773000)/",27800,500,6685000,184978000000,250,true,0.91
"PDR",142958,"/Date(1703575772000)/",27800,300,6684500,184964000000,250,true,0.91
"PDR",142958,"/Date(1703575772000)/",27800,700,6684200,184955000000,250,true,0.91
"PDR",142958,"/Date(1703575771000)/",27800,300,6683500,184936000000,250,true,0.91
"PDR",142958,"/Date(1703575771000)/",27800,200,6683200,184928000000,250,true,0.91
"PDR",142955,"/Date(1703575768000)/",27800,100,6683000,184922000000,250,true,0.91
"PDR",142955,"/Date(1703575768000)/",27800,2700,6682900,184919000000,250,true,0.91
"PDR",142955,"/Date(1703575768000)/",27800,1400,6680200,184844000000,250,true,0.91
"PDR",142955,"/Date(1703575768000)/",27800,900,6678800,184805000000,250,true,0.91
"PDR",142952,"/Date(1703575766000)/",27800,1700,6677900,184780000000,250,true,0.91
"PDR",142952,"/Date(1703575764000)/",27800,100,6676200,184733000000,250,true,0.91
"PDR",142948,"/Date(1703575763000)/",27800,600,6676100,184730000000,250,true,0.91
"PDR",142948,"/Date(1703575762000)/",27800,500,6675500,184714000000,250,true,0.91
"PDR",142948,"/Date(1703575760000)/",27800,200,6675000,184700000000,250,true,0.91
"PDR",142945,"/Date(1703575760000)/",27800,2000,6674800,184694000000,250,true,0.91
"PDR",142945,"/Date(1703575760000)/",27800,100,6672800,184638000000,250,true,0.91
"PDR",142945,"/Date(1703575760000)/",27800,100,6672700,184636000000,250,true,0.91
"PDR",142945,"/Date(1703575760000)/",27800,3800,6672600,184633000000,250,true,0.91
"PDR",142945,"/Date(1703575758000)/",27800,1000,6668800,184527000000,250,true,0.91
"PDR",142945,"/Date(1703575757000)/",27800,200,6667800,184499000000,250,true,0.91
"PDR",142945,"/Date(1703575757000)/",27800,1600,6667600,184494000000,250,true,0.91
"PDR",142945,"/Date(1703575757000)/",27800,400,6666000,184449000000,250,true,0.91
"PDR",142945,"/Date(1703575757000)/",27800,500,6665600,184438000000,250,true,0.91
"PDR",142945,"/Date(1703575757000)/",27800,100,6665100,184424000000,250,true,0.91
"PDR",142945,"/Date(1703575757000)/",27800,500,6665000,184422000000,250,true,0.91
"PDR",142945,"/Date(1703575757000)/",27800,3500,6664500,184408000000,250,true,0.91
"PDR",142942,"/Date(1703575757000)/",27800,1400,6661000,184310000000,250,false,0.91
"PDR",142942,"/Date(1703575757000)/",27800,600,6659600,184272000000,250,false,0.91
"PDR",142942,"/Date(1703575755000)/",27800,1000,6659000,184255000000,250,false,0.91
"PDR",142942,"/Date(1703575754000)/",27800,400,6658000,184227000000,250,false,0.91
"PDR",142939,"/Date(1703575753000)/",27800,3000,6657600,184216000000,250,false,0.91
"PDR",142939,"/Date(1703575753000)/",27800,5000,6654600,184133000000,250,false,0.91
"PDR",142939,"/Date(1703575753000)/",27800,1000,6649600,183994000000,250,false,0.91
"PDR",142939,"/Date(1703575753000)/",27800,3800,6648600,183966000000,250,false,0.91
"PDR",142939,"/Date(1703575753000)/",27800,500,6644800,183860000000,250,false,0.91
"PDR",142939,"/Date(1703575753000)/",27800,1400,6644300,183846000000,250,false,0.91
"PDR",142939,"/Date(1703575753000)/",27800,1000,6642900,183807000000,250,false,0.91
"PDR",142939,"/Date(1703575753000)/",27800,3700,6641900,183779000000,250,false,0.91
"PDR",142939,"/Date(1703575753000)/",27800,2000,6638200,183677000000,250,false,0.91
"PDR",142939,"/Date(1703575753000)/",27800,300,6636200,183621000000,250,false,0.91
"PDR",142939,"/Date(1703575753000)/",27800,1100,6635900,183613000000,250,false,0.91
"PDR",142939,"/Date(1703575753000)/",27800,3000,6634800,183582000000,250,false,0.91
"PDR",142939,"/Date(1703575753000)/",27800,100,6631800,183499000000,250,false,0.91
"PDR",142939,"/Date(1703575753000)/",27800,4100,6631700,183496000000,250,false,0.91
"PDR",142939,"/Date(1703575752000)/",27800,500,6627600,183382000000,250,false,0.91
"PDR",142936,"/Date(1703575748000)/",27800,700,6627100,183368000000,250,false,0.91
"PDR",142936,"/Date(1703575747000)/",27800,700,6626400,183349000000,250,false,0.91
"PDR",142936,"/Date(1703575747000)/",27800,300,6625700,183329000000,250,false,0.91
"PDR",142932,"/Date(1703575747000)/",27800,200,6625400,183321000000,250,false,0.91
"PDR",142932,"/Date(1703575747000)/",27800,500,6625200,183315000000,250,false,0.91
"PDR",142932,"/Date(1703575746000)/",27800,200,6624700,183301000000,250,false,0.91
"PDR",142932,"/Date(1703575745000)/",27800,300,6624500,183296000000,250,false,0.91
"PDR",142932,"/Date(1703575745000)/",27800,100,6624200,183287000000,250,false,0.91
"PDR",142932,"/Date(1703575745000)/",27800,100,6624100,183285000000,250,false,0.91
"PDR",142929,"/Date(1703575743000)/",27800,300,6624000,183282000000,250,false,0.91
"PDR",142929,"/Date(1703575743000)/",27800,100,6623700,183274000000,250,false,0.91
"PDR",142929,"/Date(1703575741000)/",27800,500,6623600,183271000000,250,false,0.91
"PDR",142929,"/Date(1703575741000)/",27800,300,6623100,183257000000,250,false,0.91
"PDR",142926,"/Date(1703575740000)/",27800,2100,6622800,183248000000,250,false,0.91
"PDR",142926,"/Date(1703575740000)/",27800,2000,6620700,183190000000,250,false,0.91
"PDR",142926,"/Date(1703575740000)/",27800,2000,6618700,183135000000,250,false,0.91
"PDR",142926,"/Date(1703575740000)/",27800,5000,6616700,183079000000,250,false,0.91
"PDR",142926,"/Date(1703575740000)/",27800,1100,6611700,182940000000,250,false,0.91
"PDR",142926,"/Date(1703575740000)/",27800,800,6610600,182909000000,250,false,0.91
"PDR",142923,"/Date(1703575735000)/",27800,4000,6609800,182887000000,250,false,0.91
"PDR",142920,"/Date(1703575734000)/",27800,3000,6605800,182776000000,250,false,0.91
"PDR",142920,"/Date(1703575733000)/",27800,500,6602800,182692000000,250,false,0.91
"PDR",142920,"/Date(1703575732000)/",27800,600,6602300,182679000000,250,false,0.91
"PDR",142920,"/Date(1703575732000)/",27800,500,6601700,182662000000,250,false,0.91
"PDR",142920,"/Date(1703575732000)/",27800,700,6601200,182648000000,250,false,0.91
"PDR",142920,"/Date(1703575732000)/",27800,300,6600500,182629000000,250,false,0.91
"PDR",142920,"/Date(1703575732000)/",27800,2900,6600200,182620000000,250,false,0.91
"PDR",142916,"/Date(1703575731000)/",27800,1100,6597300,182540000000,250,false,0.91
"PDR",142916,"/Date(1703575731000)/",27800,700,6596200,182509000000,250,false,0.91
"PDR",142916,"/Date(1703575730000)/",27800,300,6595500,182490000000,250,false,0.91
"PDR",142916,"/Date(1703575730000)/",27800,100,6595200,182481000000,250,false,0.91
"PDR",142916,"/Date(1703575730000)/",27800,600,6595100,182478000000,250,false,0.91
"PDR",142916,"/Date(1703575729000)/",27800,2500,6594500,182462000000,250,false,0.91
"PDR",142916,"/Date(1703575729000)/",27800,100,6592000,182392000000,250,false,0.91
"PDR",142916,"/Date(1703575729000)/",27800,800,6591900,182389000000,250,false,0.91
"PDR",142916,"/Date(1703575729000)/",27800,200,6591100,182367000000,250,false,0.91
"PDR",142916,"/Date(1703575728000)/",27800,300,6590900,182362000000,250,false,0.91
"PDR",142916,"/Date(1703575728000)/",27800,200,6590600,182353000000,250,false,0.91
"PDR",142913,"/Date(1703575728000)/",27800,1300,6590400,182348000000,250,false,0.91
"PDR",142913,"/Date(1703575728000)/",27800,500,6589100,182312000000,250,false,0.91
"PDR",142913,"/Date(1703575728000)/",27800,5700,6588600,182298000000,250,false,0.91
"PDR",142913,"/Date(1703575728000)/",27800,200,6582900,182139000000,250,false,0.91
"PDR",142913,"/Date(1703575727000)/",27800,1000,6582700,182134000000,250,false,0.91
"PDR",142913,"/Date(1703575725000)/",27800,500,6581700,182106000000,250,false,0.91
"PDR",142910,"/Date(1703575725000)/",27800,100,6581200,182092000000,250,false,0.91
"PDR",142910,"/Date(1703575723000)/",27800,400,6581100,182089000000,250,false,0.91
"PDR",142910,"/Date(1703575723000)/",27800,500,6580700,182078000000,250,false,0.91
"PDR",142910,"/Date(1703575723000)/",27800,500,6580200,182064000000,250,false,0.91
"PDR",142910,"/Date(1703575722000)/",27800,100,6579700,182050000000,250,false,0.91
"PDR",142907,"/Date(1703575721000)/",27800,600,6579600,182048000000,250,false,0.91
"PDR",142907,"/Date(1703575720000)/",27800,1000,6579000,182031000000,250,false,0.91
"PDR",142907,"/Date(1703575720000)/",27800,1000,6578000,182003000000,250,false,0.91
"PDR",142907,"/Date(1703575719000)/",27800,1000,6577000,181975000000,250,false,0.91
"PDR",142904,"/Date(1703575718000)/",27800,100,6576000,181947000000,250,false,0.91
"PDR",142904,"/Date(1703575718000)/",27800,500,6575900,181945000000,250,false,0.91
"PDR",142904,"/Date(1703575717000)/",27800,1000,6575400,181931000000,250,false,0.91
"PDR",142904,"/Date(1703575716000)/",27800,2000,6574400,181903000000,250,false,0.91
"PDR",142900,"/Date(1703575714000)/",27800,2000,6572400,181847000000,250,true,0.91
"PDR",142900,"/Date(1703575714000)/",27800,1000,6570400,181792000000,250,true,0.91
"PDR",142900,"/Date(1703575714000)/",27800,3100,6569400,181764000000,250,true,0.91
"PDR",142900,"/Date(1703575714000)/",27800,600,6566300,181678000000,250,true,0.91
"PDR",142900,"/Date(1703575714000)/",27800,400,6565700,181661000000,250,true,0.91
"PDR",142900,"/Date(1703575714000)/",27800,2000,6565300,181650000000,250,true,0.91
"PDR",142900,"/Date(1703575714000)/",27800,2000,6563300,181594000000,250,true,0.91
"PDR",142900,"/Date(1703575714000)/",27800,900,6561300,181539000000,250,true,0.91
"PDR",142900,"/Date(1703575714000)/",27800,3000,6560400,181514000000,250,true,0.91
"PDR",142900,"/Date(1703575714000)/",27800,400,6557400,181430000000,250,true,0.91
"PDR",142900,"/Date(1703575714000)/",27800,500,6557000,181419000000,250,true,0.91
"PDR",142900,"/Date(1703575714000)/",27800,200,6556500,181405000000,250,true,0.91
"PDR",142900,"/Date(1703575714000)/",27800,100,6556300,181400000000,250,true,0.91
"PDR",142900,"/Date(1703575714000)/",27800,1000,6556200,181397000000,250,true,0.91
"PDR",142900,"/Date(1703575714000)/",27800,200,6555200,181369000000,250,true,0.91
"PDR",142900,"/Date(1703575714000)/",27800,5000,6555000,181364000000,250,true,0.91
"PDR",142900,"/Date(1703575714000)/",27800,500,6550000,181225000000,250,true,0.91
"PDR",142900,"/Date(1703575714000)/",27800,3300,6549500,181211000000,250,true,0.91
"PDR",142900,"/Date(1703575714000)/",27800,5000,6546200,181119000000,250,true,0.91
"PDR",142900,"/Date(1703575714000)/",27800,300,6541200,180980000000,250,true,0.91
"PDR",142900,"/Date(1703575714000)/",27800,100,6540900,180972000000,250,true,0.91
"PDR",142900,"/Date(1703575714000)/",27800,100,6540800,180969000000,250,true,0.91
"PDR",142900,"/Date(1703575714000)/",27800,500,6540700,180966000000,250,true,0.91
"PDR",142900,"/Date(1703575714000)/",27800,4000,6540200,180952000000,250,true,0.91
"PDR",142900,"/Date(1703575714000)/",27800,1000,6536200,180841000000,250,true,0.91
"PDR",142900,"/Date(1703575714000)/",27800,5000,6535200,180813000000,250,true,0.91
"PDR",142900,"/Date(1703575714000)/",27800,100,6530200,180674000000,250,true,0.91
"PDR",142900,"/Date(1703575714000)/",27800,200,6530100,180671000000,250,true,0.91
"PDR",142900,"/Date(1703575714000)/",27800,2000,6529900,180666000000,250,true,0.91
"PDR",142900,"/Date(1703575714000)/",27800,200,6527900,180610000000,250,true,0.91
"PDR",142900,"/Date(1703575714000)/",27800,2200,6527700,180605000000,250,true,0.91
"PDR",142900,"/Date(1703575714000)/",27800,1000,6525500,180544000000,250,true,0.91
"PDR",142900,"/Date(1703575714000)/",27800,1000,6524500,180516000000,250,true,0.91
"PDR",142900,"/Date(1703575714000)/",27800,3000,6523500,180488000000,250,true,0.91
"PDR",142900,"/Date(1703575714000)/",27800,1000,6520500,180405000000,250,true,0.91
"PDR",142900,"/Date(1703575714000)/",27800,2000,6519500,180377000000,250,true,0.91
"PDR",142900,"/Date(1703575714000)/",27800,300,6517500,180321000000,250,true,0.91
"PDR",142900,"/Date(1703575714000)/",27800,100,6517200,180313000000,250,true,0.91
"PDR",142900,"/Date(1703575714000)/",27800,500,6517100,180310000000,250,true,0.91
"PDR",142900,"/Date(1703575714000)/",27800,200,6516600,180296000000,250,true,0.91
"PDR",142900,"/Date(1703575714000)/",27800,27800,6516400,180291000000,250,true,0.91
"PDR",142900,"/Date(1703575713000)/",27850,6800,6488600,179518000000,300,false,1.09
"PDR",142900,"/Date(1703575713000)/",27850,6200,6481800,179328000000,300,false,1.09
"PDR",142900,"/Date(1703575713000)/",27800,300,6475600,179156000000,250,true,0.91
"PDR",142857,"/Date(1703575709000)/",27850,10000,6475300,179147000000,300,false,1.09
"PDR",142857,"/Date(1703575709000)/",27850,800,6465300,178869000000,300,false,1.09
"PDR",142854,"/Date(1703575707000)/",27800,1900,6464500,178847000000,250,true,0.91
"PDR",142854,"/Date(1703575707000)/",27800,100,6462600,178794000000,250,true,0.91
"PDR",142854,"/Date(1703575706000)/",27800,400,6462500,178791000000,250,true,0.91
"PDR",142854,"/Date(1703575706000)/",27800,700,6462100,178780000000,250,true,0.91
"PDR",142851,"/Date(1703575706000)/",27850,1000,6461400,178760000000,300,false,1.09
"PDR",142851,"/Date(1703575705000)/",27800,100,6460400,178733000000,250,true,0.91
"PDR",142851,"/Date(1703575704000)/",27800,200,6460300,178730000000,250,true,0.91
"PDR",142851,"/Date(1703575704000)/",27800,400,6460100,178724000000,250,true,0.91
"PDR",142851,"/Date(1703575704000)/",27800,100,6459700,178713000000,250,true,0.91
"PDR",142851,"/Date(1703575704000)/",27800,5000,6459600,178710000000,250,true,0.91
"PDR",142851,"/Date(1703575703000)/",27850,300,6454600,178571000000,300,false,1.09
"PDR",142851,"/Date(1703575702000)/",27850,2000,6454300,178563000000,300,false,1.09
"PDR",142844,"/Date(1703575699000)/",27850,29700,6452300,178507000000,300,false,1.09
"PDR",142844,"/Date(1703575699000)/",27850,100,6422600,177680000000,300,false,1.09
"PDR",142844,"/Date(1703575699000)/",27850,200,6422500,177677000000,300,false,1.09
"PDR",142844,"/Date(1703575699000)/",27850,100,6422300,177672000000,300,false,1.09
"PDR",142844,"/Date(1703575699000)/",27850,100,6422200,177669000000,300,false,1.09
"PDR",142844,"/Date(1703575699000)/",27850,100,6422100,177666000000,300,false,1.09
"PDR",142844,"/Date(1703575699000)/",27850,3000,6422000,177663000000,300,false,1.09
"PDR",142844,"/Date(1703575699000)/",27850,2000,6419000,177580000000,300,false,1.09
"PDR",142844,"/Date(1703575699000)/",27850,1000,6417000,177524000000,300,false,1.09
"PDR",142844,"/Date(1703575699000)/",27850,200,6416000,177496000000,300,false,1.09
"PDR",142844,"/Date(1703575699000)/",27850,700,6415800,177491000000,300,false,1.09
"PDR",142844,"/Date(1703575699000)/",27850,5000,6415100,177471000000,300,false,1.09
"PDR",142844,"/Date(1703575699000)/",27850,100,6410100,177332000000,300,false,1.09
"PDR",142844,"/Date(1703575699000)/",27850,4500,6410000,177329000000,300,false,1.09
"PDR",142844,"/Date(1703575699000)/",27850,1000,6405500,177204000000,300,false,1.09
"PDR",142844,"/Date(1703575699000)/",27850,2400,6404500,177176000000,300,false,1.09
"PDR",142844,"/Date(1703575699000)/",27850,100,6402100,177109000000,300,false,1.09
"PDR",142844,"/Date(1703575699000)/",27850,800,6402000,177106000000,300,false,1.09
"PDR",142844,"/Date(1703575699000)/",27850,100,6401200,177084000000,300,false,1.09
"PDR",142844,"/Date(1703575699000)/",27850,300,6401100,177081000000,300,false,1.09
"PDR",142844,"/Date(1703575699000)/",27850,100,6400800,177073000000,300,false,1.09
"PDR",142844,"/Date(1703575699000)/",27850,100,6400700,177070000000,300,false,1.09
"PDR",142844,"/Date(1703575699000)/",27850,300,6400600,177067000000,300,false,1.09
"PDR",142844,"/Date(1703575699000)/",27850,3000,6400300,177059000000,300,false,1.09
"PDR",142844,"/Date(1703575699000)/",27850,500,6397300,176975000000,300,false,1.09
"PDR",142844,"/Date(1703575699000)/",27850,300,6396800,176962000000,300,false,1.09
"PDR",142844,"/Date(1703575699000)/",27850,5000,6396500,176953000000,300,false,1.09
"PDR",142844,"/Date(1703575699000)/",27850,100,6391500,176814000000,300,false,1.09
"PDR",142844,"/Date(1703575699000)/",27850,100,6391400,176811000000,300,false,1.09
"PDR",142844,"/Date(1703575699000)/",27850,5000,6391300,176808000000,300,false,1.09
"PDR",142844,"/Date(1703575699000)/",27850,100,6386300,176669000000,300,false,1.09
"PDR",142844,"/Date(1703575699000)/",27850,1000,6386200,176666000000,300,false,1.09
"PDR",142844,"/Date(1703575699000)/",27850,600,6385200,176638000000,300,false,1.09
"PDR",142844,"/Date(1703575699000)/",27850,500,6384600,176622000000,300,false,1.09
"PDR",142844,"/Date(1703575699000)/",27850,500,6384100,176608000000,300,false,1.09
"PDR",142844,"/Date(1703575699000)/",27850,5000,6383600,176594000000,300,false,1.09
"PDR",142844,"/Date(1703575699000)/",27850,3000,6378600,176455000000,300,false,1.09
"PDR",142844,"/Date(1703575699000)/",27850,100,6375600,176371000000,300,false,1.09
"PDR",142844,"/Date(1703575699000)/",27850,200,6375500,176368000000,300,false,1.09
"PDR",142844,"/Date(1703575699000)/",27850,1800,6375300,176363000000,300,false,1.09
"PDR",142844,"/Date(1703575699000)/",27850,100,6373500,176313000000,300,false,1.09
"PDR",142844,"/Date(1703575699000)/",27850,500,6373400,176310000000,300,false,1.09
"PDR",142844,"/Date(1703575699000)/",27850,20000,6372900,176296000000,300,false,1.09
"PDR",142844,"/Date(1703575699000)/",27850,100,6352900,175739000000,300,false,1.09
"PDR",142844,"/Date(1703575699000)/",27850,300,6352800,175736000000,300,false,1.09
"PDR",142844,"/Date(1703575699000)/",27850,100,6352500,175728000000,300,false,1.09
"PDR",142844,"/Date(1703575699000)/",27850,100,6352400,175725000000,300,false,1.09
"PDR",142844,"/Date(1703575698000)/",27800,2000,6352300,175722000000,250,true,0.91
"PDR",142844,"/Date(1703575696000)/",27850,100,6350300,175667000000,300,false,1.09
"PDR",142844,"/Date(1703575696000)/",27850,100,6350200,175664000000,300,false,1.09
"PDR",142844,"/Date(1703575696000)/",27850,100,6350100,175661000000,300,false,1.09
"PDR",142844,"/Date(1703575696000)/",27800,2000,6350000,175658000000,250,true,0.91
"PDR",142844,"/Date(1703575696000)/",27800,100,6348000,175603000000,250,true,0.91
"PDR",142844,"/Date(1703575696000)/",27800,500,6347900,175600000000,250,true,0.91
"PDR",142844,"/Date(1703575696000)/",27800,2400,6347400,175586000000,250,true,0.91
"PDR",142841,"/Date(1703575693000)/",27800,600,6345000,175519000000,250,true,0.91
"PDR",142841,"/Date(1703575693000)/",27800,5000,6344400,175503000000,250,true,0.91
"PDR",142841,"/Date(1703575693000)/",27800,4400,6339400,175364000000,250,true,0.91
"PDR",142841,"/Date(1703575693000)/",27800,600,6335000,175241000000,250,true,0.91
"PDR",142841,"/Date(1703575693000)/",27800,400,6334400,175225000000,250,true,0.91
"PDR",142838,"/Date(1703575692000)/",27800,100,6334000,175213000000,250,true,0.91
"PDR",142838,"/Date(1703575692000)/",27800,200,6333900,175211000000,250,true,0.91
"PDR",142838,"/Date(1703575690000)/",27800,200,6333700,175205000000,250,true,0.91
"PDR",142835,"/Date(1703575686000)/",27800,100,6333500,175200000000,250,true,0.91
"PDR",142832,"/Date(1703575686000)/",27800,100,6333400,175197000000,250,true,0.91
"PDR",142832,"/Date(1703575685000)/",27850,900,6333300,175194000000,300,false,1.09
"PDR",142832,"/Date(1703575685000)/",27850,200,6332400,175169000000,300,false,1.09
"PDR",142832,"/Date(1703575685000)/",27850,100,6332200,175163000000,300,false,1.09
"PDR",142832,"/Date(1703575685000)/",27850,100,6332100,175161000000,300,false,1.09
"PDR",142832,"/Date(1703575685000)/",27850,1300,6332000,175158000000,300,false,1.09
"PDR",142832,"/Date(1703575685000)/",27850,500,6330700,175122000000,300,false,1.09
"PDR",142832,"/Date(1703575685000)/",27850,10500,6330200,175108000000,300,false,1.09
"PDR",142832,"/Date(1703575684000)/",27800,500,6319700,174815000000,250,true,0.91
"PDR",142832,"/Date(1703575684000)/",27800,1200,6319200,174801000000,250,true,0.91
"PDR",142828,"/Date(1703575683000)/",27800,8200,6318000,174768000000,250,true,0.91
"PDR",142828,"/Date(1703575683000)/",27800,6400,6309800,174540000000,250,true,0.91
"PDR",142828,"/Date(1703575683000)/",27800,200,6303400,174362000000,250,true,0.91
"PDR",142828,"/Date(1703575683000)/",27800,2000,6303200,174357000000,250,true,0.91
"PDR",142828,"/Date(1703575683000)/",27800,3000,6301200,174301000000,250,true,0.91
"PDR",142828,"/Date(1703575683000)/",27800,200,6298200,174218000000,250,true,0.91
"PDR",142828,"/Date(1703575681000)/",27850,1000,6298000,174212000000,300,false,1.09
"PDR",142828,"/Date(1703575681000)/",27800,1700,6297000,174184000000,250,true,0.91
"PDR",142828,"/Date(1703575681000)/",27800,400,6295300,174137000000,250,true,0.91
"PDR",142828,"/Date(1703575681000)/",27800,500,6294900,174126000000,250,true,0.91
"PDR",142825,"/Date(1703575679000)/",27800,500,6294400,174112000000,250,true,0.91
"PDR",142825,"/Date(1703575679000)/",27800,1500,6293900,174098000000,250,true,0.91
"PDR",142822,"/Date(1703575674000)/",27850,1000,6292400,174056000000,300,false,1.09
"PDR",142822,"/Date(1703575674000)/",27800,700,6291400,174028000000,250,true,0.91
"PDR",142819,"/Date(1703575671000)/",27800,1800,6290700,174009000000,250,true,0.91
"PDR",142816,"/Date(1703575669000)/",27800,2000,6288900,173959000000,250,true,0.91
"PDR",142816,"/Date(1703575669000)/",27800,500,6286900,173903000000,250,true,0.91
"PDR",142816,"/Date(1703575669000)/",27800,100,6286400,173889000000,250,true,0.91
"PDR",142816,"/Date(1703575669000)/",27800,100,6286300,173887000000,250,true,0.91
"PDR",142816,"/Date(1703575669000)/",27800,2300,6286200,173884000000,250,true,0.91
"PDR",142816,"/Date(1703575669000)/",27850,5000,6283900,173820000000,300,false,1.09
"PDR",142812,"/Date(1703575666000)/",27800,500,6278900,173681000000,250,true,0.91
"PDR",142812,"/Date(1703575665000)/",27800,200,6278400,173667000000,250,true,0.91
"PDR",142809,"/Date(1703575664000)/",27800,200,6278200,173661000000,250,true,0.91
"PDR",142809,"/Date(1703575661000)/",27800,5000,6278000,173656000000,250,true,0.91
"PDR",142806,"/Date(1703575659000)/",27800,300,6273000,173517000000,250,true,0.91
"PDR",142803,"/Date(1703575657000)/",27800,200,6272700,173508000000,250,true,0.91
"PDR",142803,"/Date(1703575657000)/",27850,500,6272500,173503000000,300,false,1.09
"PDR",142803,"/Date(1703575655000)/",27850,12000,6272000,173489000000,300,false,1.09
"PDR",142803,"/Date(1703575655000)/",27850,500,6260000,173155000000,300,false,1.09
"PDR",142803,"/Date(1703575655000)/",27850,200,6259500,173141000000,300,false,1.09
"PDR",142800,"/Date(1703575654000)/",27800,1300,6259300,173135000000,250,true,0.91
"PDR",142800,"/Date(1703575654000)/",27800,1700,6258000,173099000000,250,true,0.91
"PDR",142800,"/Date(1703575653000)/",27850,100,6256300,173052000000,300,false,1.09
"PDR",142800,"/Date(1703575651000)/",27850,1000,6256200,173049000000,300,false,1.09
"PDR",142756,"/Date(1703575650000)/",27850,600,6255200,173021000000,300,false,1.09
"PDR",142756,"/Date(1703575649000)/",27800,300,6254600,173004000000,250,true,0.91
"PDR",142756,"/Date(1703575649000)/",27800,400,6254300,172996000000,250,true,0.91
"PDR",142756,"/Date(1703575649000)/",27800,1000,6253900,172985000000,250,true,0.91
"PDR",142756,"/Date(1703575649000)/",27800,100,6252900,172957000000,250,true,0.91
"PDR",142756,"/Date(1703575649000)/",27800,1000,6252800,172954000000,250,true,0.91
"PDR",142756,"/Date(1703575649000)/",27800,500,6251800,172927000000,250,true,0.91
"PDR",142756,"/Date(1703575649000)/",27800,1100,6251300,172913000000,250,true,0.91
"PDR",142756,"/Date(1703575649000)/",27800,600,6250200,172882000000,250,true,0.91
"PDR",142756,"/Date(1703575649000)/",27850,100,6249600,172865000000,300,false,1.09
"PDR",142756,"/Date(1703575649000)/",27800,2300,6249500,172863000000,250,true,0.91
"PDR",142747,"/Date(1703575639000)/",27850,500,6247200,172799000000,300,false,1.09
"PDR",142747,"/Date(1703575639000)/",27800,100,6246700,172785000000,250,true,0.91
"PDR",142747,"/Date(1703575639000)/",27800,100,6246600,172782000000,250,true,0.91
"PDR",142747,"/Date(1703575639000)/",27800,1700,6246500,172779000000,250,true,0.91
"PDR",142747,"/Date(1703575639000)/",27800,1000,6244800,172732000000,250,true,0.91
"PDR",142747,"/Date(1703575639000)/",27800,200,6243800,172704000000,250,true,0.91
"PDR",142747,"/Date(1703575639000)/",27800,500,6243600,172699000000,250,true,0.91
"PDR",142747,"/Date(1703575639000)/",27800,1400,6243100,172685000000,250,true,0.91
"PDR",142744,"/Date(1703575638000)/",27850,100,6241700,172646000000,300,false,1.09
"PDR",142744,"/Date(1703575637000)/",27850,2000,6241600,172643000000,300,false,1.09
"PDR",142744,"/Date(1703575636000)/",27850,600,6239600,172587000000,300,false,1.09
"PDR",142744,"/Date(1703575636000)/",27850,500,6239000,172571000000,300,false,1.09
"PDR",142744,"/Date(1703575636000)/",27850,2000,6238500,172557000000,300,false,1.09
"PDR",142744,"/Date(1703575636000)/",27850,100,6236500,172501000000,300,false,1.09
"PDR",142744,"/Date(1703575636000)/",27850,200,6236400,172498000000,300,false,1.09
"PDR",142744,"/Date(1703575636000)/",27850,100,6236200,172493000000,300,false,1.09
"PDR",142744,"/Date(1703575636000)/",27850,100,6236100,172490000000,300,false,1.09
"PDR",142737,"/Date(1703575632000)/",27800,3600,6236000,172487000000,250,true,0.91
"PDR",142737,"/Date(1703575632000)/",27800,100,6232400,172387000000,250,true,0.91
"PDR",142737,"/Date(1703575632000)/",27800,4900,6232300,172384000000,250,true,0.91
"PDR",142737,"/Date(1703575632000)/",27800,600,6227400,172248000000,250,true,0.91
"PDR",142737,"/Date(1703575632000)/",27800,800,6226800,172231000000,250,true,0.91
"PDR",142737,"/Date(1703575631000)/",27800,100,6226000,172209000000,250,true,0.91
"PDR",142734,"/Date(1703575626000)/",27850,900,6225900,172206000000,300,false,1.09
"PDR",142734,"/Date(1703575626000)/",27850,1500,6225000,172181000000,300,false,1.09
"PDR",142734,"/Date(1703575626000)/",27850,500,6223500,172139000000,300,false,1.09
"PDR",142734,"/Date(1703575626000)/",27850,100,6223000,172125000000,300,false,1.09
"PDR",142734,"/Date(1703575626000)/",27850,500,6222900,172123000000,300,false,1.09
"PDR",142734,"/Date(1703575626000)/",27850,2000,6222400,172109000000,300,false,1.09
"PDR",142734,"/Date(1703575626000)/",27850,1200,6220400,172053000000,300,false,1.09
"PDR",142734,"/Date(1703575626000)/",27850,1900,6219200,172020000000,300,false,1.09
"PDR",142734,"/Date(1703575626000)/",27850,100,6217300,171967000000,300,false,1.09
"PDR",142734,"/Date(1703575626000)/",27850,100,6217200,171964000000,300,false,1.09
"PDR",142734,"/Date(1703575626000)/",27850,700,6217100,171961000000,300,false,1.09
"PDR",142734,"/Date(1703575626000)/",27850,400,6216400,171942000000,300,false,1.09
"PDR",142734,"/Date(1703575626000)/",27850,100,6216000,171930000000,300,false,1.09
"PDR",142734,"/Date(1703575626000)/",27850,100,6215900,171928000000,300,false,1.09
"PDR",142734,"/Date(1703575626000)/",27850,2600,6215800,171925000000,300,false,1.09
"PDR",142734,"/Date(1703575626000)/",27800,100,6213200,171853000000,250,true,0.91
"PDR",142731,"/Date(1703575623000)/",27850,2000,6213100,171850000000,300,false,1.09
"PDR",142728,"/Date(1703575622000)/",27800,1000,6211100,171794000000,250,true,0.91
"PDR",142728,"/Date(1703575622000)/",27800,1000,6210100,171766000000,250,true,0.91
"PDR",142728,"/Date(1703575621000)/",27850,200,6209100,171738000000,300,false,1.09
"PDR",142724,"/Date(1703575618000)/",27850,2000,6208900,171733000000,300,false,1.09
"PDR",142724,"/Date(1703575617000)/",27800,500,6206900,171677000000,250,true,0.91
"PDR",142724,"/Date(1703575616000)/",27800,100,6206400,171663000000,250,true,0.91
"PDR",142721,"/Date(1703575614000)/",27850,200,6206300,171660000000,300,false,1.09
"PDR",142721,"/Date(1703575614000)/",27800,200,6206100,171655000000,250,true,0.91
"PDR",142721,"/Date(1703575614000)/",27800,500,6205900,171649000000,250,true,0.91
"PDR",142721,"/Date(1703575614000)/",27800,300,6205400,171635000000,250,true,0.91
"PDR",142718,"/Date(1703575610000)/",27800,500,6205100,171627000000,250,true,0.91
"PDR",142718,"/Date(1703575610000)/",27800,100,6204600,171613000000,250,true,0.91
"PDR",142712,"/Date(1703575606000)/",27850,200,6204500,171610000000,300,false,1.09
"PDR",142708,"/Date(1703575603000)/",27800,100,6204300,171605000000,250,true,0.91
"PDR",142708,"/Date(1703575603000)/",27800,500,6204200,171602000000,250,true,0.91
"PDR",142708,"/Date(1703575603000)/",27800,400,6203700,171588000000,250,true,0.91
"PDR",142705,"/Date(1703575599000)/",27800,1000,6203300,171577000000,250,true,0.91
"PDR",142705,"/Date(1703575599000)/",27850,2800,6202300,171549000000,300,false,1.09
"PDR",142705,"/Date(1703575599000)/",27850,300,6199500,171471000000,300,false,1.09
"PDR",142705,"/Date(1703575599000)/",27850,100,6199200,171463000000,300,false,1.09
"PDR",142705,"/Date(1703575599000)/",27850,9700,6199100,171460000000,300,false,1.09
"PDR",142705,"/Date(1703575597000)/",27800,2000,6189400,171190000000,250,true,0.91
"PDR",142702,"/Date(1703575596000)/",27800,1600,6187400,171134000000,250,true,0.91
"PDR",142702,"/Date(1703575596000)/",27800,3000,6185800,171090000000,250,true,0.91
"PDR",142702,"/Date(1703575596000)/",27800,400,6182800,171007000000,250,true,0.91
"PDR",142702,"/Date(1703575596000)/",27800,5000,6182400,170995000000,250,true,0.91
"PDR",142702,"/Date(1703575594000)/",27850,2000,6177400,170856000000,300,false,1.09
"PDR",142702,"/Date(1703575594000)/",27800,100,6175400,170801000000,250,true,0.91
"PDR",142659,"/Date(1703575592000)/",27800,300,6175300,170798000000,250,true,0.91
"PDR",142659,"/Date(1703575592000)/",27800,2700,6175000,170790000000,250,true,0.91
"PDR",142656,"/Date(1703575588000)/",27800,1000,6172300,170715000000,250,true,0.91
"PDR",142656,"/Date(1703575587000)/",27800,500,6171300,170687000000,250,true,0.91
"PDR",142652,"/Date(1703575585000)/",27850,600,6170800,170673000000,300,false,1.09
"PDR",142652,"/Date(1703575585000)/",27800,800,6170200,170656000000,250,true,0.91
"PDR",142652,"/Date(1703575585000)/",27800,2000,6169400,170634000000,250,true,0.91
"PDR",142652,"/Date(1703575585000)/",27800,2000,6167400,170578000000,250,true,0.91
"PDR",142652,"/Date(1703575585000)/",27800,200,6165400,170523000000,250,true,0.91
"PDR",142652,"/Date(1703575584000)/",27800,100,6165200,170517000000,250,true,0.91
"PDR",142649,"/Date(1703575582000)/",27800,100,6165100,170514000000,250,true,0.91
"PDR",142649,"/Date(1703575582000)/",27800,100,6165000,170512000000,250,true,0.91
"PDR",142646,"/Date(1703575579000)/",27800,100,6164900,170509000000,250,true,0.91
"PDR",142646,"/Date(1703575578000)/",27800,100,6164800,170506000000,250,true,0.91
"PDR",142640,"/Date(1703575571000)/",27800,1300,6164700,170503000000,250,true,0.91
"PDR",142640,"/Date(1703575571000)/",27800,200,6163400,170467000000,250,true,0.91
"PDR",142640,"/Date(1703575571000)/",27800,100,6163200,170462000000,250,true,0.91
"PDR",142636,"/Date(1703575570000)/",27850,7700,6163100,170459000000,300,false,1.09
"PDR",142636,"/Date(1703575570000)/",27850,200,6155400,170244000000,300,false,1.09
"PDR",142636,"/Date(1703575570000)/",27850,500,6155200,170239000000,300,false,1.09
"PDR",142636,"/Date(1703575570000)/",27850,700,6154700,170225000000,300,false,1.09
"PDR",142636,"/Date(1703575570000)/",27850,100,6154000,170205000000,300,false,1.09
"PDR",142636,"/Date(1703575570000)/",27850,2000,6153900,170203000000,300,false,1.09
"PDR",142636,"/Date(1703575570000)/",27800,1000,6151900,170147000000,250,false,0.91
"PDR",142636,"/Date(1703575570000)/",27800,400,6150900,170119000000,250,false,0.91
"PDR",142636,"/Date(1703575570000)/",27800,300,6150500,170108000000,250,false,0.91
"PDR",142636,"/Date(1703575570000)/",27800,500,6150200,170100000000,250,false,0.91
"PDR",142636,"/Date(1703575570000)/",27800,700,6149700,170086000000,250,false,0.91
"PDR",142636,"/Date(1703575570000)/",27800,2000,6149000,170066000000,250,false,0.91
"PDR",142636,"/Date(1703575569000)/",27800,300,6147000,170011000000,250,false,0.91
"PDR",142636,"/Date(1703575569000)/",27800,2700,6146700,170002000000,250,false,0.91
"PDR",142636,"/Date(1703575568000)/",27800,300,6144000,169927000000,250,false,0.91
"PDR",142633,"/Date(1703575567000)/",27800,2000,6143700,169919000000,250,false,0.91
"PDR",142633,"/Date(1703575567000)/",27800,500,6141700,169863000000,250,false,0.91
"PDR",142633,"/Date(1703575567000)/",27800,600,6141200,169849000000,250,false,0.91
"PDR",142633,"/Date(1703575565000)/",27800,400,6140600,169833000000,250,false,0.91
"PDR",142633,"/Date(1703575565000)/",27800,10000,6140200,169822000000,250,false,0.91
"PDR",142633,"/Date(1703575565000)/",27800,1300,6130200,169544000000,250,false,0.91
"PDR",142630,"/Date(1703575564000)/",27750,1700,6128900,169507000000,200,true,0.73
"PDR",142630,"/Date(1703575564000)/",27800,1000,6127200,169460000000,250,false,0.91
"PDR",142630,"/Date(1703575563000)/",27800,100,6126200,169432000000,250,false,0.91
"PDR",142630,"/Date(1703575563000)/",27800,400,6126100,169430000000,250,false,0.91
"PDR",142630,"/Date(1703575562000)/",27800,100,6125700,169419000000,250,false,0.91
"PDR",142630,"/Date(1703575562000)/",27800,400,6125600,169416000000,250,false,0.91
"PDR",142630,"/Date(1703575562000)/",27800,100,6125200,169405000000,250,false,0.91
"PDR",142630,"/Date(1703575561000)/",27800,100,6125100,169402000000,250,false,0.91
"PDR",142630,"/Date(1703575561000)/",27800,3800,6125000,169399000000,250,false,0.91
"PDR",142630,"/Date(1703575561000)/",27800,100,6121200,169293000000,250,false,0.91
"PDR",142630,"/Date(1703575561000)/",27800,2000,6121100,169291000000,250,false,0.91
"PDR",142630,"/Date(1703575561000)/",27800,1500,6119100,169235000000,250,false,0.91
"PDR",142630,"/Date(1703575561000)/",27800,100,6117600,169193000000,250,false,0.91
"PDR",142630,"/Date(1703575561000)/",27800,1000,6117500,169191000000,250,false,0.91
"PDR",142630,"/Date(1703575561000)/",27800,500,6116500,169163000000,250,false,0.91
"PDR",142630,"/Date(1703575561000)/",27800,100,6116000,169149000000,250,false,0.91
"PDR",142630,"/Date(1703575561000)/",27800,500,6115900,169146000000,250,false,0.91
"PDR",142630,"/Date(1703575561000)/",27800,100,6115400,169132000000,250,false,0.91
"PDR",142630,"/Date(1703575561000)/",27800,3000,6115300,169129000000,250,false,0.91
"PDR",142630,"/Date(1703575561000)/",27800,100,6112300,169046000000,250,false,0.91
"PDR",142630,"/Date(1703575561000)/",27800,400,6112200,169043000000,250,false,0.91
"PDR",142630,"/Date(1703575561000)/",27800,2000,6111800,169032000000,250,false,0.91
"PDR",142630,"/Date(1703575561000)/",27800,100,6109800,168977000000,250,false,0.91
"PDR",142630,"/Date(1703575561000)/",27800,500,6109700,168974000000,250,false,0.91
"PDR",142630,"/Date(1703575561000)/",27800,400,6109200,168960000000,250,false,0.91
"PDR",142630,"/Date(1703575561000)/",27800,1000,6108800,168949000000,250,false,0.91
"PDR",142630,"/Date(1703575561000)/",27800,1000,6107800,168921000000,250,false,0.91
"PDR",142630,"/Date(1703575561000)/",27800,200,6106800,168893000000,250,false,0.91
"PDR",142630,"/Date(1703575561000)/",27800,600,6106600,168888000000,250,false,0.91
"PDR",142630,"/Date(1703575561000)/",27800,100,6106000,168871000000,250,false,0.91
"PDR",142630,"/Date(1703575561000)/",27800,10000,6105900,168868000000,250,false,0.91
"PDR",142630,"/Date(1703575561000)/",27800,30000,6095900,168590000000,250,false,0.91
"PDR",142630,"/Date(1703575561000)/",27800,18800,6065900,167756000000,250,false,0.91
"PDR",142630,"/Date(1703575561000)/",27800,300,6047100,167233000000,250,false,0.91
"PDR",142630,"/Date(1703575561000)/",27800,1000,6046800,167225000000,250,false,0.91
"PDR",142630,"/Date(1703575561000)/",27800,100,6045800,167197000000,250,false,0.91
"PDR",142630,"/Date(1703575561000)/",27800,100,6045700,167195000000,250,false,0.91
"PDR",142630,"/Date(1703575561000)/",27800,1000,6045600,167192000000,250,false,0.91
"PDR",142630,"/Date(1703575561000)/",27800,200,6044600,167164000000,250,false,0.91
"PDR",142630,"/Date(1703575561000)/",27800,100,6044400,167158000000,250,false,0.91
"PDR",142630,"/Date(1703575561000)/",27800,1000,6044300,167156000000,250,false,0.91
"PDR",142630,"/Date(1703575561000)/",27800,300,6043300,167128000000,250,false,0.91
"PDR",142630,"/Date(1703575561000)/",27800,1400,6043000,167119000000,250,false,0.91
"PDR",142630,"/Date(1703575561000)/",27800,1000,6041600,167081000000,250,false,0.91
"PDR",142630,"/Date(1703575561000)/",27800,100,6040600,167053000000,250,false,0.91
"PDR",142630,"/Date(1703575561000)/",27800,1000,6040500,167050000000,250,false,0.91
"PDR",142630,"/Date(1703575561000)/",27800,2000,6039500,167022000000,250,false,0.91
"PDR",142630,"/Date(1703575561000)/",27800,100,6037500,166967000000,250,false,0.91
"PDR",142630,"/Date(1703575561000)/",27800,1000,6037400,166964000000,250,false,0.91
"PDR",142630,"/Date(1703575561000)/",27800,100,6036400,166936000000,250,false,0.91
"PDR",142630,"/Date(1703575561000)/",27800,400,6036300,166933000000,250,false,0.91
"PDR",142630,"/Date(1703575561000)/",27800,1000,6035900,166922000000,250,false,0.91
"PDR",142630,"/Date(1703575561000)/",27800,300,6034900,166894000000,250,false,0.91
"PDR",142630,"/Date(1703575561000)/",27800,100,6034600,166886000000,250,false,0.91
"PDR",142630,"/Date(1703575561000)/",27800,1300,6034500,166883000000,250,false,0.91
"PDR",142630,"/Date(1703575561000)/",27800,200,6033200,166847000000,250,false,0.91
"PDR",142630,"/Date(1703575561000)/",27800,1000,6033000,166841000000,250,false,0.91
"PDR",142630,"/Date(1703575561000)/",27800,100,6032000,166814000000,250,false,0.91
"PDR",142630,"/Date(1703575561000)/",27800,500,6031900,166811000000,250,false,0.91
"PDR",142630,"/Date(1703575561000)/",27800,500,6031400,166797000000,250,false,0.91
"PDR",142630,"/Date(1703575561000)/",27800,600,6030900,166783000000,250,false,0.91
"PDR",142630,"/Date(1703575561000)/",27800,500,6030300,166766000000,250,false,0.91
"PDR",142630,"/Date(1703575561000)/",27800,1000,6029800,166753000000,250,false,0.91
"PDR",142630,"/Date(1703575561000)/",27800,500,6028800,166725000000,250,false,0.91
"PDR",142630,"/Date(1703575561000)/",27800,100,6028300,166711000000,250,false,0.91
"PDR",142630,"/Date(1703575561000)/",27800,3100,6028200,166708000000,250,false,0.91
"PDR",142627,"/Date(1703575561000)/",27800,1800,6025100,166622000000,250,false,0.91
"PDR",142627,"/Date(1703575559000)/",27800,4600,6023300,166572000000,250,false,0.91
"PDR",142627,"/Date(1703575559000)/",27800,1000,6018700,166444000000,250,false,0.91
"PDR",142627,"/Date(1703575559000)/",27800,4400,6017700,166416000000,250,false,0.91
"PDR",142627,"/Date(1703575559000)/",27800,100,6013300,166294000000,250,false,0.91
"PDR",142627,"/Date(1703575559000)/",27800,100,6013200,166291000000,250,false,0.91
"PDR",142627,"/Date(1703575559000)/",27800,500,6013100,166288000000,250,false,0.91
"PDR",142627,"/Date(1703575559000)/",27800,300,6012600,166274000000,250,false,0.91
"PDR",142627,"/Date(1703575559000)/",27800,200,6012300,166266000000,250,false,0.91
"PDR",142624,"/Date(1703575557000)/",27800,100,6012100,166260000000,250,false,0.91
"PDR",142624,"/Date(1703575556000)/",27800,700,6012000,166258000000,250,false,0.91
"PDR",142624,"/Date(1703575556000)/",27800,300,6011300,166238000000,250,false,0.91
"PDR",142620,"/Date(1703575553000)/",27800,1000,6011000,166230000000,250,false,0.91
"PDR",142620,"/Date(1703575553000)/",27800,2000,6010000,166202000000,250,false,0.91
"PDR",142620,"/Date(1703575552000)/",27800,5000,6008000,166146000000,250,false,0.91
"PDR",142620,"/Date(1703575552000)/",27800,100,6003000,166007000000,250,false,0.91
"PDR",142617,"/Date(1703575549000)/",27800,200,6002900,166005000000,250,false,0.91
"PDR",142617,"/Date(1703575549000)/",27800,800,6002700,165999000000,250,false,0.91
"PDR",142617,"/Date(1703575549000)/",27800,2400,6001900,165977000000,250,false,0.91
"PDR",142614,"/Date(1703575548000)/",27800,1000,5999500,165910000000,250,false,0.91
"PDR",142614,"/Date(1703575547000)/",27750,2000,5998500,165882000000,200,true,0.73
"PDR",142611,"/Date(1703575544000)/",27800,6700,5996500,165827000000,250,false,0.91
"PDR",142611,"/Date(1703575544000)/",27800,200,5989800,165641000000,250,false,0.91
"PDR",142611,"/Date(1703575544000)/",27800,600,5989600,165635000000,250,false,0.91
"PDR",142611,"/Date(1703575544000)/",27800,1000,5989000,165618000000,250,false,0.91
"PDR",142611,"/Date(1703575544000)/",27800,100,5988000,165591000000,250,false,0.91
"PDR",142611,"/Date(1703575544000)/",27800,900,5987900,165588000000,250,false,0.91
"PDR",142611,"/Date(1703575544000)/",27800,100,5987000,165563000000,250,false,0.91
"PDR",142611,"/Date(1703575544000)/",27800,400,5986900,165560000000,250,false,0.91
"PDR",142604,"/Date(1703575538000)/",27800,2600,5986500,165549000000,250,false,0.91
"PDR",142604,"/Date(1703575538000)/",27800,6000,5983900,165477000000,250,false,0.91
"PDR",142604,"/Date(1703575538000)/",27800,100,5977900,165310000000,250,false,0.91
"PDR",142604,"/Date(1703575538000)/",27800,300,5977800,165307000000,250,false,0.91
"PDR",142604,"/Date(1703575538000)/",27800,1000,5977500,165299000000,250,false,0.91
"PDR",142604,"/Date(1703575538000)/",27800,300,5976500,165271000000,250,false,0.91
"PDR",142604,"/Date(1703575538000)/",27800,200,5976200,165263000000,250,false,0.91
"PDR",142604,"/Date(1703575538000)/",27800,200,5976000,165257000000,250,false,0.91
"PDR",142604,"/Date(1703575538000)/",27800,200,5975800,165251000000,250,false,0.91
"PDR",142604,"/Date(1703575538000)/",27800,1100,5975600,165246000000,250,false,0.91
"PDR",142604,"/Date(1703575538000)/",27800,500,5974500,165215000000,250,false,0.91
"PDR",142604,"/Date(1703575538000)/",27800,400,5974000,165201000000,250,false,0.91
"PDR",142604,"/Date(1703575537000)/",27800,100,5973600,165190000000,250,false,0.91
"PDR",142604,"/Date(1703575537000)/",27800,1000,5973500,165187000000,250,false,0.91
"PDR",142558,"/Date(1703575532000)/",27800,200,5972500,165160000000,250,false,0.91
"PDR",142558,"/Date(1703575531000)/",27800,500,5972300,165154000000,250,false,0.91
"PDR",142552,"/Date(1703575526000)/",27800,1800,5971800,165140000000,250,false,0.91
"PDR",142552,"/Date(1703575526000)/",27800,1000,5970000,165090000000,250,false,0.91
"PDR",142552,"/Date(1703575526000)/",27800,600,5969000,165062000000,250,false,0.91
"PDR",142552,"/Date(1703575526000)/",27800,1000,5968400,165046000000,250,false,0.91
"PDR",142552,"/Date(1703575526000)/",27800,500,5967400,165018000000,250,false,0.91
"PDR",142552,"/Date(1703575526000)/",27800,300,5966900,165004000000,250,false,0.91
"PDR",142552,"/Date(1703575526000)/",27800,1600,5966600,164996000000,250,false,0.91
"PDR",142552,"/Date(1703575526000)/",27800,1200,5965000,164951000000,250,false,0.91
"PDR",142552,"/Date(1703575526000)/",27800,500,5963800,164918000000,250,false,0.91
"PDR",142552,"/Date(1703575526000)/",27800,100,5963300,164904000000,250,false,0.91
"PDR",142552,"/Date(1703575526000)/",27800,100,5963200,164901000000,250,false,0.91
"PDR",142552,"/Date(1703575526000)/",27800,200,5963100,164898000000,250,false,0.91
"PDR",142552,"/Date(1703575526000)/",27800,100,5962900,164893000000,250,false,0.91
"PDR",142552,"/Date(1703575525000)/",27800,600,5962800,164890000000,250,false,0.91
"PDR",142549,"/Date(1703575521000)/",27750,2100,5962200,164873000000,200,true,0.73
"PDR",142549,"/Date(1703575520000)/",27800,100,5960100,164815000000,250,false,0.91
"PDR",142545,"/Date(1703575519000)/",27800,100,5960000,164812000000,250,false,0.91
"PDR",142545,"/Date(1703575517000)/",27800,300,5959900,164809000000,250,false,0.91
"PDR",142542,"/Date(1703575516000)/",27800,500,5959600,164801000000,250,false,0.91
"PDR",142542,"/Date(1703575516000)/",27800,200,5959100,164787000000,250,false,0.91
"PDR",142542,"/Date(1703575515000)/",27800,100,5958900,164782000000,250,false,0.91
"PDR",142542,"/Date(1703575515000)/",27800,200,5958800,164779000000,250,false,0.91
"PDR",142542,"/Date(1703575514000)/",27800,400,5958600,164773000000,250,false,0.91
"PDR",142539,"/Date(1703575510000)/",27800,1000,5958200,164762000000,250,false,0.91
"PDR",142539,"/Date(1703575510000)/",27800,1000,5957200,164734000000,250,false,0.91
"PDR",142539,"/Date(1703575510000)/",27800,300,5956200,164707000000,250,false,0.91
"PDR",142539,"/Date(1703575510000)/",27800,1000,5955900,164698000000,250,false,0.91
"PDR",142539,"/Date(1703575510000)/",27800,200,5954900,164670000000,250,false,0.91
"PDR",142539,"/Date(1703575510000)/",27800,200,5954700,164665000000,250,false,0.91
"PDR",142539,"/Date(1703575510000)/",27800,100,5954500,164659000000,250,false,0.91
"PDR",142536,"/Date(1703575510000)/",27800,100,5954400,164657000000,250,false,0.91
"PDR",142536,"/Date(1703575510000)/",27800,300,5954300,164654000000,250,false,0.91
"PDR",142536,"/Date(1703575510000)/",27800,300,5954000,164645000000,250,false,0.91
"PDR",142536,"/Date(1703575510000)/",27800,5000,5953700,164637000000,250,false,0.91
"PDR",142536,"/Date(1703575510000)/",27800,2500,5948700,164498000000,250,false,0.91
"PDR",142536,"/Date(1703575510000)/",27800,100,5946200,164429000000,250,false,0.91
"PDR",142536,"/Date(1703575510000)/",27800,500,5946100,164426000000,250,false,0.91
"PDR",142536,"/Date(1703575510000)/",27800,300,5945600,164412000000,250,false,0.91
"PDR",142536,"/Date(1703575509000)/",27750,100,5945300,164404000000,200,true,0.73
"PDR",142529,"/Date(1703575503000)/",27750,100,5945200,164401000000,200,true,0.73
"PDR",142526,"/Date(1703575500000)/",27750,100,5945100,164398000000,200,false,0.73
"PDR",142526,"/Date(1703575500000)/",27750,1000,5945000,164395000000,200,false,0.73
"PDR",142526,"/Date(1703575500000)/",27750,10000,5944000,164368000000,200,false,0.73
"PDR",142526,"/Date(1703575500000)/",27750,100,5934000,164090000000,200,false,0.73
"PDR",142526,"/Date(1703575500000)/",27750,19800,5933900,164087000000,200,false,0.73
"PDR",142526,"/Date(1703575498000)/",27750,200,5914100,163538000000,200,false,0.73
"PDR",142526,"/Date(1703575498000)/",27750,400,5913900,163532000000,200,false,0.73
"PDR",142523,"/Date(1703575496000)/",27750,500,5913500,163521000000,200,false,0.73
"PDR",142520,"/Date(1703575494000)/",27750,2000,5913000,163507000000,200,false,0.73
"PDR",142520,"/Date(1703575493000)/",27750,100,5911000,163452000000,200,false,0.73
"PDR",142517,"/Date(1703575488000)/",27750,200,5910900,163449000000,200,false,0.73
"PDR",142513,"/Date(1703575487000)/",27750,1500,5910700,163443000000,200,true,0.73
"PDR",142513,"/Date(1703575486000)/",27750,100,5909200,163402000000,200,true,0.73
"PDR",142513,"/Date(1703575486000)/",27750,300,5909100,163399000000,200,true,0.73
"PDR",142513,"/Date(1703575486000)/",27750,500,5908800,163391000000,200,true,0.73
"PDR",142513,"/Date(1703575486000)/",27750,400,5908300,163377000000,200,true,0.73
"PDR",142510,"/Date(1703575483000)/",27750,200,5907900,163366000000,200,true,0.73
"PDR",142510,"/Date(1703575483000)/",27750,400,5907700,163360000000,200,true,0.73
"PDR",142510,"/Date(1703575483000)/",27750,300,5907300,163349000000,200,true,0.73
"PDR",142507,"/Date(1703575481000)/",27800,200,5907000,163341000000,250,false,0.91
"PDR",142507,"/Date(1703575481000)/",27800,500,5906800,163335000000,250,false,0.91
"PDR",142507,"/Date(1703575481000)/",27800,100,5906300,163321000000,250,false,0.91
"PDR",142507,"/Date(1703575481000)/",27800,300,5906200,163319000000,250,false,0.91
"PDR",142507,"/Date(1703575481000)/",27800,100,5905900,163310000000,250,false,0.91
"PDR",142507,"/Date(1703575481000)/",27800,100,5905800,163307000000,250,false,0.91
"PDR",142507,"/Date(1703575481000)/",27800,100,5905700,163305000000,250,false,0.91
"PDR",142507,"/Date(1703575481000)/",27800,300,5905600,163302000000,250,false,0.91
"PDR",142507,"/Date(1703575481000)/",27800,200,5905300,163294000000,250,false,0.91
"PDR",142507,"/Date(1703575481000)/",27800,500,5905100,163288000000,250,false,0.91
"PDR",142507,"/Date(1703575481000)/",27800,100,5904600,163274000000,250,false,0.91
"PDR",142507,"/Date(1703575481000)/",27800,100,5904500,163271000000,250,false,0.91
"PDR",142507,"/Date(1703575481000)/",27800,100,5904400,163269000000,250,false,0.91
"PDR",142507,"/Date(1703575481000)/",27800,100,5904300,163266000000,250,false,0.91
"PDR",142507,"/Date(1703575481000)/",27800,100,5904200,163263000000,250,false,0.91
"PDR",142507,"/Date(1703575481000)/",27800,400,5904100,163260000000,250,false,0.91
"PDR",142507,"/Date(1703575481000)/",27800,200,5903700,163249000000,250,false,0.91
"PDR",142507,"/Date(1703575481000)/",27800,200,5903500,163243000000,250,false,0.91
"PDR",142507,"/Date(1703575481000)/",27800,100,5903300,163238000000,250,false,0.91
"PDR",142507,"/Date(1703575481000)/",27800,800,5903200,163235000000,250,false,0.91
"PDR",142507,"/Date(1703575481000)/",27800,200,5902400,163213000000,250,false,0.91
"PDR",142507,"/Date(1703575481000)/",27800,100,5902200,163207000000,250,false,0.91
"PDR",142507,"/Date(1703575481000)/",27800,500,5902100,163205000000,250,false,0.91
"PDR",142507,"/Date(1703575481000)/",27800,100,5901600,163191000000,250,false,0.91
"PDR",142507,"/Date(1703575481000)/",27800,1000,5901500,163188000000,250,false,0.91
"PDR",142507,"/Date(1703575481000)/",27800,1500,5900500,163160000000,250,false,0.91
"PDR",142507,"/Date(1703575481000)/",27800,500,5899000,163118000000,250,false,0.91
"PDR",142507,"/Date(1703575481000)/",27800,300,5898500,163104000000,250,false,0.91
"PDR",142507,"/Date(1703575481000)/",27800,200,5898200,163096000000,250,false,0.91
"PDR",142507,"/Date(1703575481000)/",27800,300,5898000,163091000000,250,false,0.91
"PDR",142507,"/Date(1703575481000)/",27800,1000,5897700,163082000000,250,false,0.91
"PDR",142507,"/Date(1703575481000)/",27800,2000,5896700,163054000000,250,false,0.91
"PDR",142507,"/Date(1703575481000)/",27800,200,5894700,162999000000,250,false,0.91
"PDR",142507,"/Date(1703575479000)/",27750,700,5894500,162993000000,200,true,0.73
"PDR",142507,"/Date(1703575479000)/",27750,300,5893800,162974000000,200,true,0.73
"PDR",142504,"/Date(1703575476000)/",27750,100,5893500,162966000000,200,true,0.73
"PDR",142504,"/Date(1703575476000)/",27750,100,5893400,162963000000,200,true,0.73
"PDR",142454,"/Date(1703575468000)/",27750,100,5893300,162960000000,200,true,0.73
"PDR",142454,"/Date(1703575468000)/",27750,2000,5893200,162957000000,200,true,0.73
"PDR",142454,"/Date(1703575468000)/",27750,900,5891200,162902000000,200,true,0.73
"PDR",142451,"/Date(1703575463000)/",27750,100,5890300,162877000000,200,false,0.73
"PDR",142448,"/Date(1703575462000)/",27750,100,5890200,162874000000,200,false,0.73
"PDR",142448,"/Date(1703575461000)/",27750,1000,5890100,162871000000,200,false,0.73
"PDR",142448,"/Date(1703575461000)/",27750,1000,5889100,162843000000,200,false,0.73
"PDR",142445,"/Date(1703575459000)/",27800,1800,5888100,162816000000,250,false,0.91
"PDR",142445,"/Date(1703575459000)/",27800,700,5886300,162766000000,250,false,0.91
"PDR",142445,"/Date(1703575459000)/",27800,200,5885600,162746000000,250,false,0.91
"PDR",142445,"/Date(1703575459000)/",27800,1000,5885400,162741000000,250,false,0.91
"PDR",142445,"/Date(1703575459000)/",27800,200,5884400,162713000000,250,false,0.91
"PDR",142445,"/Date(1703575459000)/",27800,500,5884200,162707000000,250,false,0.91
"PDR",142445,"/Date(1703575459000)/",27800,1000,5883700,162693000000,250,false,0.91
"PDR",142445,"/Date(1703575459000)/",27800,500,5882700,162666000000,250,false,0.91
"PDR",142445,"/Date(1703575459000)/",27800,5000,5882200,162652000000,250,false,0.91
"PDR",142445,"/Date(1703575459000)/",27800,500,5877200,162513000000,250,false,0.91
"PDR",142445,"/Date(1703575459000)/",27800,100,5876700,162499000000,250,false,0.91
"PDR",142445,"/Date(1703575459000)/",27800,500,5876600,162496000000,250,false,0.91
"PDR",142445,"/Date(1703575459000)/",27800,1000,5876100,162482000000,250,false,0.91
"PDR",142445,"/Date(1703575459000)/",27800,1000,5875100,162454000000,250,false,0.91
"PDR",142445,"/Date(1703575459000)/",27800,2000,5874100,162426000000,250,false,0.91
"PDR",142445,"/Date(1703575459000)/",27800,100,5872100,162371000000,250,false,0.91
"PDR",142445,"/Date(1703575459000)/",27800,100,5872000,162368000000,250,false,0.91
"PDR",142445,"/Date(1703575459000)/",27750,500,5871900,162365000000,200,false,0.73
"PDR",142445,"/Date(1703575459000)/",27750,1000,5871400,162351000000,200,false,0.73
"PDR",142445,"/Date(1703575459000)/",27750,100,5870400,162324000000,200,false,0.73
"PDR",142445,"/Date(1703575459000)/",27750,7000,5870300,162321000000,200,false,0.73
"PDR",142445,"/Date(1703575459000)/",27750,2000,5863300,162127000000,200,false,0.73
"PDR",142445,"/Date(1703575459000)/",27750,200,5861300,162071000000,200,false,0.73
"PDR",142445,"/Date(1703575459000)/",27750,100,5861100,162066000000,200,false,0.73
"PDR",142445,"/Date(1703575459000)/",27750,1000,5861000,162063000000,200,false,0.73
"PDR",142445,"/Date(1703575459000)/",27750,100,5860000,162035000000,200,false,0.73
"PDR",142445,"/Date(1703575459000)/",27750,1000,5859900,162032000000,200,false,0.73
"PDR",142445,"/Date(1703575459000)/",27750,800,5858900,162005000000,200,false,0.73
"PDR",142445,"/Date(1703575458000)/",27750,200,5858100,161982000000,200,false,0.73
"PDR",142445,"/Date(1703575457000)/",27750,1000,5857900,161977000000,200,false,0.73
"PDR",142445,"/Date(1703575457000)/",27750,500,5856900,161949000000,200,false,0.73
"PDR",142441,"/Date(1703575453000)/",27750,500,5856400,161935000000,200,false,0.73
"PDR",142441,"/Date(1703575453000)/",27750,5000,5855900,161921000000,200,false,0.73
"PDR",142441,"/Date(1703575453000)/",27750,7700,5850900,161783000000,200,false,0.73
"PDR",142438,"/Date(1703575452000)/",27750,5600,5843200,161569000000,200,false,0.73
"PDR",142438,"/Date(1703575451000)/",27700,2000,5837600,161414000000,150,true,0.54
"PDR",142438,"/Date(1703575451000)/",27750,300,5835600,161358000000,200,false,0.73
"PDR",142438,"/Date(1703575450000)/",27750,100,5835300,161350000000,200,false,0.73
"PDR",142432,"/Date(1703575444000)/",27750,5000,5835200,161347000000,200,false,0.73
"PDR",142432,"/Date(1703575443000)/",27750,500,5830200,161208000000,200,false,0.73
"PDR",142429,"/Date(1703575441000)/",27750,400,5829700,161194000000,200,false,0.73
"PDR",142425,"/Date(1703575437000)/",27750,1000,5829300,161183000000,200,true,0.73
"PDR",142425,"/Date(1703575437000)/",27750,200,5828300,161156000000,200,true,0.73
"PDR",142425,"/Date(1703575437000)/",27750,100,5828100,161150000000,200,true,0.73
"PDR",142425,"/Date(1703575437000)/",27750,400,5828000,161147000000,200,true,0.73
"PDR",142425,"/Date(1703575437000)/",27750,100,5827600,161136000000,200,true,0.73
"PDR",142425,"/Date(1703575437000)/",27750,1000,5827500,161133000000,200,true,0.73
"PDR",142425,"/Date(1703575437000)/",27750,1000,5826500,161106000000,200,true,0.73
"PDR",142425,"/Date(1703575437000)/",27750,100,5825500,161078000000,200,true,0.73
"PDR",142425,"/Date(1703575437000)/",27750,3900,5825400,161075000000,200,true,0.73
"PDR",142425,"/Date(1703575437000)/",27750,2000,5821500,160967000000,200,true,0.73
"PDR",142425,"/Date(1703575437000)/",27750,700,5819500,160911000000,200,true,0.73
"PDR",142425,"/Date(1703575437000)/",27750,800,5818800,160892000000,200,true,0.73
"PDR",142425,"/Date(1703575437000)/",27750,1000,5818000,160870000000,200,true,0.73
"PDR",142425,"/Date(1703575437000)/",27750,1000,5817000,160842000000,200,true,0.73
"PDR",142425,"/Date(1703575437000)/",27750,5000,5816000,160814000000,200,true,0.73
"PDR",142425,"/Date(1703575437000)/",27750,1000,5811000,160675000000,200,true,0.73
"PDR",142425,"/Date(1703575437000)/",27750,100,5810000,160648000000,200,true,0.73
"PDR",142425,"/Date(1703575437000)/",27750,9000,5809900,160645000000,200,true,0.73
"PDR",142425,"/Date(1703575437000)/",27750,500,5800900,160395000000,200,true,0.73
"PDR",142425,"/Date(1703575437000)/",27750,900,5800400,160381000000,200,true,0.73
"PDR",142425,"/Date(1703575437000)/",27750,600,5799500,160356000000,200,true,0.73
"PDR",142419,"/Date(1703575433000)/",27750,300,5798900,160340000000,200,true,0.73
"PDR",142419,"/Date(1703575433000)/",27750,300,5798600,160331000000,200,true,0.73
"PDR",142419,"/Date(1703575433000)/",27750,200,5798300,160323000000,200,true,0.73
"PDR",142419,"/Date(1703575433000)/",27750,1000,5798100,160317000000,200,true,0.73
"PDR",142419,"/Date(1703575433000)/",27750,700,5797100,160290000000,200,true,0.73
"PDR",142419,"/Date(1703575433000)/",27750,200,5796400,160270000000,200,true,0.73
"PDR",142419,"/Date(1703575433000)/",27750,2300,5796200,160265000000,200,true,0.73
"PDR",142419,"/Date(1703575432000)/",27750,2400,5793900,160201000000,200,true,0.73
"PDR",142419,"/Date(1703575432000)/",27800,300,5791500,160134000000,250,false,0.91
"PDR",142419,"/Date(1703575432000)/",27800,100,5791200,160126000000,250,false,0.91
"PDR",142419,"/Date(1703575432000)/",27800,100,5791100,160123000000,250,false,0.91
"PDR",142412,"/Date(1703575425000)/",27750,200,5791000,160120000000,200,true,0.73
"PDR",142412,"/Date(1703575425000)/",27800,400,5790800,160115000000,250,false,0.91
"PDR",142412,"/Date(1703575425000)/",27800,1000,5790400,160104000000,250,false,0.91
"PDR",142412,"/Date(1703575425000)/",27800,200,5789400,160076000000,250,false,0.91
"PDR",142412,"/Date(1703575425000)/",27800,500,5789200,160070000000,250,false,0.91
"PDR",142412,"/Date(1703575425000)/",27800,200,5788700,160057000000,250,false,0.91
"PDR",142412,"/Date(1703575425000)/",27800,500,5788500,160051000000,250,false,0.91
"PDR",142412,"/Date(1703575425000)/",27800,5000,5788000,160037000000,250,false,0.91
"PDR",142412,"/Date(1703575425000)/",27800,2000,5783000,159898000000,250,false,0.91
"PDR",142412,"/Date(1703575425000)/",27800,200,5781000,159842000000,250,false,0.91
"PDR",142412,"/Date(1703575425000)/",27800,200,5780800,159837000000,250,false,0.91
"PDR",142412,"/Date(1703575425000)/",27800,300,5780600,159831000000,250,false,0.91
"PDR",142412,"/Date(1703575425000)/",27800,100,5780300,159823000000,250,false,0.91
"PDR",142412,"/Date(1703575425000)/",27800,700,5780200,159820000000,250,false,0.91
"PDR",142412,"/Date(1703575425000)/",27800,200,5779500,159801000000,250,false,0.91
"PDR",142412,"/Date(1703575425000)/",27800,100,5779300,159795000000,250,false,0.91
"PDR",142412,"/Date(1703575425000)/",27800,900,5779200,159792000000,250,false,0.91
"PDR",142412,"/Date(1703575425000)/",27750,100,5778300,159767000000,200,true,0.73
"PDR",142406,"/Date(1703575419000)/",27750,20000,5778200,159765000000,200,true,0.73
"PDR",142406,"/Date(1703575418000)/",27750,200,5758200,159210000000,200,true,0.73
"PDR",142403,"/Date(1703575417000)/",27750,1000,5758000,159204000000,200,true,0.73
"PDR",142403,"/Date(1703575416000)/",27750,1400,5757000,159176000000,200,true,0.73
"PDR",142400,"/Date(1703575411000)/",27800,100,5755600,159137000000,250,false,0.91
"PDR",142353,"/Date(1703575407000)/",27750,1400,5755500,159135000000,200,true,0.73
"PDR",142353,"/Date(1703575406000)/",27750,1000,5754100,159096000000,200,true,0.73
"PDR",142353,"/Date(1703575406000)/",27750,1000,5753100,159068000000,200,true,0.73
"PDR",142350,"/Date(1703575403000)/",27800,1000,5752100,159040000000,250,false,0.91
"PDR",142347,"/Date(1703575400000)/",27750,200,5751100,159013000000,200,true,0.73
"PDR",142347,"/Date(1703575400000)/",27750,1600,5750900,159007000000,200,true,0.73
"PDR",142344,"/Date(1703575397000)/",27800,100,5749300,158963000000,250,false,0.91
"PDR",142344,"/Date(1703575397000)/",27800,1000,5749200,158960000000,250,false,0.91
"PDR",142344,"/Date(1703575397000)/",27800,200,5748200,158932000000,250,false,0.91
"PDR",142344,"/Date(1703575397000)/",27800,200,5748000,158926000000,250,false,0.91
"PDR",142344,"/Date(1703575397000)/",27800,3000,5747800,158921000000,250,false,0.91
"PDR",142344,"/Date(1703575397000)/",27800,800,5744800,158837000000,250,false,0.91
"PDR",142344,"/Date(1703575397000)/",27800,1000,5744000,158815000000,250,false,0.91
"PDR",142344,"/Date(1703575397000)/",27800,300,5743000,158787000000,250,false,0.91
"PDR",142344,"/Date(1703575397000)/",27800,100,5742700,158779000000,250,false,0.91
"PDR",142344,"/Date(1703575397000)/",27800,100,5742600,158776000000,250,false,0.91
"PDR",142344,"/Date(1703575397000)/",27800,200,5742500,158774000000,250,false,0.91
"PDR",142344,"/Date(1703575397000)/",27800,200,5742300,158768000000,250,false,0.91
"PDR",142344,"/Date(1703575397000)/",27800,200,5742100,158762000000,250,false,0.91
"PDR",142344,"/Date(1703575397000)/",27800,2000,5741900,158757000000,250,false,0.91
"PDR",142344,"/Date(1703575397000)/",27800,1000,5739900,158701000000,250,false,0.91
"PDR",142344,"/Date(1703575397000)/",27800,100,5738900,158673000000,250,false,0.91
"PDR",142344,"/Date(1703575397000)/",27800,400,5738800,158671000000,250,false,0.91
"PDR",142344,"/Date(1703575397000)/",27800,200,5738400,158660000000,250,false,0.91
"PDR",142344,"/Date(1703575397000)/",27800,100,5738200,158654000000,250,false,0.91
"PDR",142344,"/Date(1703575397000)/",27800,100,5738100,158651000000,250,false,0.91
"PDR",142344,"/Date(1703575397000)/",27800,200,5738000,158648000000,250,false,0.91
"PDR",142344,"/Date(1703575397000)/",27800,900,5737800,158643000000,250,false,0.91
"PDR",142340,"/Date(1703575395000)/",27750,1000,5736900,158618000000,200,true,0.73
"PDR",142334,"/Date(1703575388000)/",27750,1000,5735900,158590000000,200,true,0.73
"PDR",142331,"/Date(1703575385000)/",27750,700,5734900,158562000000,200,true,0.73
"PDR",142324,"/Date(1703575377000)/",27800,100,5734200,158543000000,250,false,0.91
"PDR",142324,"/Date(1703575377000)/",27800,2000,5734100,158540000000,250,false,0.91
"PDR",142324,"/Date(1703575377000)/",27800,900,5732100,158485000000,250,false,0.91
"PDR",142321,"/Date(1703575374000)/",27800,400,5731200,158460000000,250,false,0.91
"PDR",142318,"/Date(1703575372000)/",27800,200,5730800,158448000000,250,false,0.91
"PDR",142318,"/Date(1703575372000)/",27800,600,5730600,158443000000,250,false,0.91
"PDR",142318,"/Date(1703575371000)/",27750,3700,5730000,158426000000,200,true,0.73
"PDR",142318,"/Date(1703575370000)/",27800,1400,5726300,158323000000,250,false,0.91
"PDR",142318,"/Date(1703575370000)/",27800,300,5724900,158285000000,250,false,0.91
"PDR",142318,"/Date(1703575370000)/",27800,100,5724600,158276000000,250,false,0.91
"PDR",142318,"/Date(1703575370000)/",27800,2000,5724500,158273000000,250,false,0.91
"PDR",142318,"/Date(1703575370000)/",27800,2500,5722500,158218000000,250,false,0.91
"PDR",142318,"/Date(1703575370000)/",27800,100,5720000,158148000000,250,false,0.91
"PDR",142318,"/Date(1703575370000)/",27800,1000,5719900,158146000000,250,false,0.91
"PDR",142318,"/Date(1703575370000)/",27800,6000,5718900,158118000000,250,false,0.91
"PDR",142315,"/Date(1703575368000)/",27750,100,5712900,157951000000,200,true,0.73
"PDR",142311,"/Date(1703575366000)/",27750,400,5712800,157948000000,200,true,0.73
"PDR",142311,"/Date(1703575364000)/",27750,1000,5712400,157937000000,200,true,0.73
"PDR",142311,"/Date(1703575363000)/",27800,1200,5711400,157909000000,250,false,0.91
"PDR",142311,"/Date(1703575363000)/",27800,2000,5710200,157876000000,250,false,0.91
"PDR",142311,"/Date(1703575363000)/",27800,200,5708200,157820000000,250,false,0.91
"PDR",142311,"/Date(1703575363000)/",27800,1000,5708000,157815000000,250,false,0.91
"PDR",142311,"/Date(1703575363000)/",27800,300,5707000,157787000000,250,false,0.91
"PDR",142311,"/Date(1703575363000)/",27800,300,5706700,157779000000,250,false,0.91
"PDR",142308,"/Date(1703575363000)/",27750,500,5706400,157770000000,200,true,0.73
"PDR",142308,"/Date(1703575360000)/",27750,100,5705900,157756000000,200,true,0.73
"PDR",142308,"/Date(1703575360000)/",27750,1000,5705800,157754000000,200,true,0.73
"PDR",142308,"/Date(1703575360000)/",27750,5000,5704800,157726000000,200,true,0.73
"PDR",142308,"/Date(1703575360000)/",27750,2000,5699800,157587000000,200,true,0.73
"PDR",142308,"/Date(1703575360000)/",27750,300,5697800,157532000000,200,true,0.73
"PDR",142308,"/Date(1703575360000)/",27750,500,5697500,157523000000,200,true,0.73
"PDR",142308,"/Date(1703575360000)/",27750,100,5697000,157510000000,200,true,0.73
"PDR",142308,"/Date(1703575360000)/",27750,700,5696900,157507000000,200,true,0.73
"PDR",142308,"/Date(1703575360000)/",27750,300,5696200,157487000000,200,true,0.73
"PDR",142305,"/Date(1703575358000)/",27750,700,5695900,157479000000,200,false,0.73
"PDR",142305,"/Date(1703575358000)/",27750,300,5695200,157460000000,200,false,0.73
"PDR",142302,"/Date(1703575355000)/",27750,200,5694900,157451000000,200,false,0.73
"PDR",142302,"/Date(1703575355000)/",27750,100,5694700,157446000000,200,false,0.73
"PDR",142302,"/Date(1703575355000)/",27750,2600,5694600,157443000000,200,false,0.73
"PDR",142302,"/Date(1703575354000)/",27700,400,5692000,157371000000,150,true,0.54
"PDR",142259,"/Date(1703575350000)/",27750,2400,5691600,157360000000,200,false,0.73
"PDR",142259,"/Date(1703575350000)/",27750,500,5689200,157293000000,200,false,0.73
"PDR",142259,"/Date(1703575350000)/",27750,500,5688700,157279000000,200,false,0.73
"PDR",142259,"/Date(1703575350000)/",27750,100,5688200,157265000000,200,false,0.73
"PDR",142259,"/Date(1703575350000)/",27750,15000,5688100,157263000000,200,false,0.73
"PDR",142259,"/Date(1703575350000)/",27750,100,5673100,156846000000,200,false,0.73
"PDR",142259,"/Date(1703575350000)/",27750,100,5673000,156844000000,200,false,0.73
"PDR",142259,"/Date(1703575350000)/",27750,200,5672900,156841000000,200,false,0.73
"PDR",142259,"/Date(1703575350000)/",27750,200,5672700,156835000000,200,false,0.73
"PDR",142259,"/Date(1703575350000)/",27750,100,5672500,156830000000,200,false,0.73
"PDR",142259,"/Date(1703575350000)/",27750,500,5672400,156827000000,200,false,0.73
"PDR",142259,"/Date(1703575350000)/",27750,200,5671900,156813000000,200,false,0.73
"PDR",142259,"/Date(1703575350000)/",27750,1000,5671700,156807000000,200,false,0.73
"PDR",142259,"/Date(1703575350000)/",27750,1000,5670700,156780000000,200,false,0.73
"PDR",142259,"/Date(1703575350000)/",27750,2500,5669700,156752000000,200,false,0.73
"PDR",142259,"/Date(1703575350000)/",27750,500,5667200,156683000000,200,false,0.73
"PDR",142259,"/Date(1703575350000)/",27750,100,5666700,156669000000,200,false,0.73
"PDR",142259,"/Date(1703575350000)/",27750,100,5666600,156666000000,200,false,0.73
"PDR",142259,"/Date(1703575350000)/",27750,300,5666500,156663000000,200,false,0.73
"PDR",142259,"/Date(1703575350000)/",27750,2000,5666200,156655000000,200,false,0.73
"PDR",142259,"/Date(1703575350000)/",27750,1500,5664200,156599000000,200,false,0.73
"PDR",142259,"/Date(1703575350000)/",27750,7400,5662700,156558000000,200,false,0.73
"PDR",142259,"/Date(1703575350000)/",27750,300,5655300,156352000000,200,false,0.73
"PDR",142259,"/Date(1703575350000)/",27750,100,5655000,156344000000,200,false,0.73
"PDR",142259,"/Date(1703575350000)/",27750,500,5654900,156341000000,200,false,0.73
"PDR",142259,"/Date(1703575350000)/",27750,300,5654400,156327000000,200,false,0.73
"PDR",142259,"/Date(1703575350000)/",27750,300,5654100,156319000000,200,false,0.73
"PDR",142259,"/Date(1703575350000)/",27750,1000,5653800,156311000000,200,false,0.73
"PDR",142259,"/Date(1703575350000)/",27750,2000,5652800,156283000000,200,false,0.73
"PDR",142259,"/Date(1703575350000)/",27750,200,5650800,156227000000,200,false,0.73
"PDR",142259,"/Date(1703575350000)/",27750,1000,5650600,156222000000,200,false,0.73
"PDR",142259,"/Date(1703575350000)/",27750,100,5649600,156194000000,200,false,0.73
"PDR",142259,"/Date(1703575350000)/",27750,100,5649500,156191000000,200,false,0.73
"PDR",142259,"/Date(1703575350000)/",27750,100,5649400,156189000000,200,false,0.73
"PDR",142259,"/Date(1703575350000)/",27750,100,5649300,156186000000,200,false,0.73
"PDR",142259,"/Date(1703575350000)/",27750,200,5649200,156183000000,200,false,0.73
"PDR",142259,"/Date(1703575350000)/",27750,300,5649000,156178000000,200,false,0.73
"PDR",142259,"/Date(1703575350000)/",27750,1000,5648700,156169000000,200,false,0.73
"PDR",142259,"/Date(1703575350000)/",27750,100,5647700,156141000000,200,false,0.73
"PDR",142259,"/Date(1703575350000)/",27750,100,5647600,156139000000,200,false,0.73
"PDR",142259,"/Date(1703575350000)/",27750,100,5647500,156136000000,200,false,0.73
"PDR",142259,"/Date(1703575350000)/",27750,100,5647400,156133000000,200,false,0.73
"PDR",142259,"/Date(1703575350000)/",27750,100,5647300,156130000000,200,false,0.73
"PDR",142259,"/Date(1703575350000)/",27750,600,5647200,156128000000,200,false,0.73
"PDR",142259,"/Date(1703575350000)/",27750,200,5646600,156111000000,200,false,0.73
"PDR",142259,"/Date(1703575350000)/",27750,3000,5646400,156105000000,200,false,0.73
"PDR",142259,"/Date(1703575350000)/",27750,100,5643400,156022000000,200,false,0.73
"PDR",142259,"/Date(1703575350000)/",27750,100,5643300,156019000000,200,false,0.73
"PDR",142259,"/Date(1703575350000)/",27750,1600,5643200,156017000000,200,false,0.73
"PDR",142255,"/Date(1703575348000)/",27750,900,5641600,155972000000,200,false,0.73
"PDR",142255,"/Date(1703575348000)/",27750,100,5640700,155947000000,200,false,0.73
"PDR",142255,"/Date(1703575348000)/",27750,20000,5640600,155944000000,200,false,0.73
"PDR",142255,"/Date(1703575348000)/",27750,100,5620600,155389000000,200,false,0.73
"PDR",142255,"/Date(1703575348000)/",27750,1000,5620500,155387000000,200,false,0.73
"PDR",142255,"/Date(1703575348000)/",27750,2000,5619500,155359000000,200,false,0.73
"PDR",142255,"/Date(1703575348000)/",27750,900,5617500,155303000000,200,false,0.73
"PDR",142255,"/Date(1703575348000)/",27750,200,5616600,155278000000,200,false,0.73
"PDR",142255,"/Date(1703575348000)/",27750,5000,5616400,155273000000,200,false,0.73
"PDR",142255,"/Date(1703575348000)/",27750,200,5611400,155134000000,200,false,0.73
"PDR",142255,"/Date(1703575348000)/",27750,4600,5611200,155129000000,200,false,0.73
"PDR",142249,"/Date(1703575343000)/",27700,300,5606600,155001000000,150,true,0.54
"PDR",142246,"/Date(1703575340000)/",27750,400,5606300,154993000000,200,false,0.73
"PDR",142246,"/Date(1703575340000)/",27750,1000,5605900,154982000000,200,false,0.73
"PDR",142246,"/Date(1703575340000)/",27750,500,5604900,154954000000,200,false,0.73
"PDR",142246,"/Date(1703575340000)/",27750,400,5604400,154940000000,200,false,0.73
"PDR",142246,"/Date(1703575340000)/",27750,300,5604000,154929000000,200,false,0.73
"PDR",142246,"/Date(1703575340000)/",27750,100,5603700,154920000000,200,false,0.73
"PDR",142246,"/Date(1703575340000)/",27750,400,5603600,154918000000,200,false,0.73
"PDR",142246,"/Date(1703575340000)/",27750,500,5603200,154907000000,200,false,0.73
"PDR",142246,"/Date(1703575340000)/",27750,100,5602700,154893000000,200,false,0.73
"PDR",142246,"/Date(1703575340000)/",27750,200,5602600,154890000000,200,false,0.73
"PDR",142246,"/Date(1703575340000)/",27750,2000,5602400,154884000000,200,false,0.73
"PDR",142246,"/Date(1703575340000)/",27750,500,5600400,154829000000,200,false,0.73
"PDR",142246,"/Date(1703575340000)/",27750,100,5599900,154815000000,200,false,0.73
"PDR",142246,"/Date(1703575340000)/",27750,100,5599800,154812000000,200,false,0.73
"PDR",142246,"/Date(1703575340000)/",27750,200,5599700,154809000000,200,false,0.73
"PDR",142246,"/Date(1703575340000)/",27750,5500,5599500,154804000000,200,false,0.73
"PDR",142246,"/Date(1703575338000)/",27700,100,5594000,154651000000,150,true,0.54
"PDR",142243,"/Date(1703575337000)/",27700,100,5593900,154649000000,150,true,0.54
"PDR",142243,"/Date(1703575334000)/",27750,2000,5593800,154646000000,200,false,0.73
"PDR",142236,"/Date(1703575328000)/",27750,200,5591800,154590000000,200,false,0.73
"PDR",142233,"/Date(1703575327000)/",27700,3000,5591600,154585000000,150,true,0.54
"PDR",142230,"/Date(1703575324000)/",27700,200,5588600,154502000000,150,true,0.54
"PDR",142223,"/Date(1703575318000)/",27700,300,5588400,154496000000,150,true,0.54
"PDR",142220,"/Date(1703575312000)/",27750,2300,5588100,154488000000,200,false,0.73
"PDR",142220,"/Date(1703575312000)/",27750,100,5585800,154424000000,200,false,0.73
"PDR",142220,"/Date(1703575312000)/",27750,100,5585700,154421000000,200,false,0.73
"PDR",142220,"/Date(1703575312000)/",27750,2000,5585600,154418000000,200,false,0.73
"PDR",142220,"/Date(1703575312000)/",27750,100,5583600,154363000000,200,false,0.73
"PDR",142220,"/Date(1703575312000)/",27750,300,5583500,154360000000,200,false,0.73
"PDR",142220,"/Date(1703575312000)/",27750,100,5583200,154352000000,200,false,0.73
"PDR",142220,"/Date(1703575312000)/",27750,100,5583100,154349000000,200,false,0.73
"PDR",142220,"/Date(1703575312000)/",27750,5000,5583000,154346000000,200,false,0.73
"PDR",142220,"/Date(1703575312000)/",27750,2000,5578000,154207000000,200,false,0.73
"PDR",142220,"/Date(1703575312000)/",27750,100,5576000,154152000000,200,false,0.73
"PDR",142220,"/Date(1703575312000)/",27750,100,5575900,154149000000,200,false,0.73
"PDR",142220,"/Date(1703575312000)/",27750,100,5575800,154146000000,200,false,0.73
"PDR",142220,"/Date(1703575312000)/",27750,1000,5575700,154144000000,200,false,0.73
"PDR",142220,"/Date(1703575312000)/",27700,1000,5574700,154116000000,150,true,0.54
"PDR",142217,"/Date(1703575311000)/",27700,100,5573700,154088000000,150,false,0.54
"PDR",142217,"/Date(1703575311000)/",27700,600,5573600,154085000000,150,false,0.54
"PDR",142217,"/Date(1703575311000)/",27700,500,5573000,154069000000,150,false,0.54
"PDR",142217,"/Date(1703575311000)/",27700,900,5572500,154055000000,150,false,0.54
"PDR",142217,"/Date(1703575311000)/",27700,100,5571600,154030000000,150,false,0.54
"PDR",142217,"/Date(1703575311000)/",27700,500,5571500,154027000000,150,false,0.54
"PDR",142217,"/Date(1703575311000)/",27700,5000,5571000,154013000000,150,false,0.54
"PDR",142217,"/Date(1703575311000)/",27700,500,5566000,153875000000,150,false,0.54
"PDR",142217,"/Date(1703575311000)/",27700,1000,5565500,153861000000,150,false,0.54
"PDR",142217,"/Date(1703575311000)/",27700,100,5564500,153833000000,150,false,0.54
"PDR",142217,"/Date(1703575311000)/",27700,500,5564400,153831000000,150,false,0.54
"PDR",142217,"/Date(1703575311000)/",27700,1000,5563900,153817000000,150,false,0.54
"PDR",142217,"/Date(1703575311000)/",27700,2700,5562900,153789000000,150,false,0.54
"PDR",142217,"/Date(1703575310000)/",27700,1000,5560200,153714000000,150,false,0.54
"PDR",142217,"/Date(1703575310000)/",27700,1000,5559200,153687000000,150,false,0.54
"PDR",142217,"/Date(1703575310000)/",27700,200,5558200,153659000000,150,false,0.54
"PDR",142217,"/Date(1703575310000)/",27700,900,5558000,153653000000,150,false,0.54
"PDR",142214,"/Date(1703575307000)/",27700,1100,5557100,153628000000,150,false,0.54
"PDR",142214,"/Date(1703575307000)/",27700,300,5556000,153598000000,150,false,0.54
"PDR",142214,"/Date(1703575307000)/",27700,1000,5555700,153590000000,150,false,0.54
"PDR",142214,"/Date(1703575307000)/",27700,500,5554700,153562000000,150,false,0.54
"PDR",142214,"/Date(1703575307000)/",27700,1200,5554200,153548000000,150,false,0.54
"PDR",142214,"/Date(1703575307000)/",27700,8400,5553000,153515000000,150,false,0.54
"PDR",142214,"/Date(1703575307000)/",27700,600,5544600,153282000000,150,false,0.54
"PDR",142214,"/Date(1703575307000)/",27700,100,5544000,153266000000,150,false,0.54
"PDR",142214,"/Date(1703575307000)/",27700,1000,5543900,153263000000,150,false,0.54
"PDR",142214,"/Date(1703575307000)/",27700,100,5542900,153235000000,150,false,0.54
"PDR",142214,"/Date(1703575307000)/",27700,2000,5542800,153232000000,150,false,0.54
"PDR",142214,"/Date(1703575307000)/",27700,500,5540800,153177000000,150,false,0.54
"PDR",142214,"/Date(1703575307000)/",27700,1000,5540300,153163000000,150,false,0.54
"PDR",142214,"/Date(1703575307000)/",27700,8400,5539300,153135000000,150,false,0.54
"PDR",142214,"/Date(1703575307000)/",27700,400,5530900,152903000000,150,false,0.54
"PDR",142214,"/Date(1703575307000)/",27700,1000,5530500,152892000000,150,false,0.54
"PDR",142214,"/Date(1703575307000)/",27700,1000,5529500,152864000000,150,false,0.54
"PDR",142214,"/Date(1703575307000)/",27700,400,5528500,152836000000,150,false,0.54
"PDR",142214,"/Date(1703575307000)/",27700,200,5528100,152825000000,150,false,0.54
"PDR",142214,"/Date(1703575307000)/",27700,200,5527900,152820000000,150,false,0.54
"PDR",142214,"/Date(1703575307000)/",27700,1500,5527700,152814000000,150,false,0.54
"PDR",142214,"/Date(1703575307000)/",27700,300,5526200,152772000000,150,false,0.54
"PDR",142214,"/Date(1703575307000)/",27700,2000,5525900,152764000000,150,false,0.54
"PDR",142214,"/Date(1703575307000)/",27700,30000,5523900,152709000000,150,false,0.54
"PDR",142214,"/Date(1703575307000)/",27700,1000,5493900,151878000000,150,false,0.54
"PDR",142214,"/Date(1703575307000)/",27700,3200,5492900,151850000000,150,false,0.54
"PDR",142214,"/Date(1703575307000)/",27700,300,5489700,151761000000,150,false,0.54
"PDR",142214,"/Date(1703575307000)/",27700,5000,5489400,151753000000,150,false,0.54
"PDR",142214,"/Date(1703575307000)/",27700,1000,5484400,151615000000,150,false,0.54
"PDR",142214,"/Date(1703575307000)/",27700,5200,5483400,151587000000,150,false,0.54
"PDR",142214,"/Date(1703575307000)/",27700,10000,5478200,151443000000,150,false,0.54
"PDR",142214,"/Date(1703575307000)/",27700,500,5468200,151166000000,150,false,0.54
"PDR",142214,"/Date(1703575307000)/",27700,1000,5467700,151152000000,150,false,0.54
"PDR",142214,"/Date(1703575307000)/",27700,100,5466700,151124000000,150,false,0.54
"PDR",142214,"/Date(1703575307000)/",27700,1000,5466600,151122000000,150,false,0.54
"PDR",142214,"/Date(1703575307000)/",27700,700,5465600,151094000000,150,false,0.54
"PDR",142214,"/Date(1703575307000)/",27700,100,5464900,151074000000,150,false,0.54
"PDR",142214,"/Date(1703575307000)/",27700,3400,5464800,151072000000,150,false,0.54
"PDR",142214,"/Date(1703575307000)/",27700,3000,5461400,150977000000,150,false,0.54
"PDR",142214,"/Date(1703575307000)/",27700,1300,5458400,150894000000,150,false,0.54
"PDR",142211,"/Date(1703575304000)/",27700,600,5457100,150858000000,150,false,0.54
"PDR",142211,"/Date(1703575304000)/",27700,100,5456500,150842000000,150,false,0.54
"PDR",142211,"/Date(1703575304000)/",27700,300,5456400,150839000000,150,false,0.54
"PDR",142211,"/Date(1703575302000)/",27650,500,5456100,150831000000,100,true,0.36
"PDR",142207,"/Date(1703575299000)/",27700,700,5455600,150817000000,150,false,0.54
"PDR",142207,"/Date(1703575299000)/",27700,1000,5454900,150797000000,150,false,0.54
"PDR",142207,"/Date(1703575299000)/",27700,900,5453900,150770000000,150,false,0.54
"PDR",142207,"/Date(1703575299000)/",27700,1500,5453000,150745000000,150,false,0.54
"PDR",142207,"/Date(1703575299000)/",27700,3900,5451500,150703000000,150,false,0.54
"PDR",142204,"/Date(1703575299000)/",27700,4300,5447600,150595000000,150,false,0.54
"PDR",142201,"/Date(1703575292000)/",27700,100,5443300,150476000000,150,false,0.54
"PDR",142158,"/Date(1703575290000)/",27700,1000,5443200,150473000000,150,false,0.54
"PDR",142155,"/Date(1703575287000)/",27700,100,5442200,150446000000,150,false,0.54
"PDR",142151,"/Date(1703575286000)/",27700,300,5442100,150443000000,150,false,0.54
"PDR",142148,"/Date(1703575283000)/",27700,10300,5441800,150435000000,150,false,0.54
"PDR",142148,"/Date(1703575283000)/",27700,200,5431500,150149000000,150,false,0.54
"PDR",142148,"/Date(1703575283000)/",27700,2200,5431300,150144000000,150,false,0.54
"PDR",142145,"/Date(1703575279000)/",27700,200,5429100,150083000000,150,false,0.54
"PDR",142139,"/Date(1703575272000)/",27700,100,5428900,150077000000,150,false,0.54
"PDR",142139,"/Date(1703575272000)/",27700,400,5428800,150074000000,150,false,0.54
"PDR",142129,"/Date(1703575263000)/",27700,200,5428400,150063000000,150,false,0.54
"PDR",142129,"/Date(1703575263000)/",27700,800,5428200,150058000000,150,false,0.54
"PDR",142123,"/Date(1703575254000)/",27700,1000,5427400,150036000000,150,false,0.54
"PDR",142123,"/Date(1703575254000)/",27700,300,5426400,150008000000,150,false,0.54
"PDR",142123,"/Date(1703575254000)/",27700,700,5426100,150000000000,150,false,0.54
"PDR",142123,"/Date(1703575254000)/",27700,500,5425400,149980000000,150,false,0.54
"PDR",142123,"/Date(1703575254000)/",27700,2000,5424900,149966000000,150,false,0.54
"PDR",142123,"/Date(1703575254000)/",27700,200,5422900,149911000000,150,false,0.54
"PDR",142123,"/Date(1703575254000)/",27700,3000,5422700,149906000000,150,false,0.54
"PDR",142123,"/Date(1703575254000)/",27700,200,5419700,149822000000,150,false,0.54
"PDR",142123,"/Date(1703575254000)/",27700,1300,5419500,149817000000,150,false,0.54
"PDR",142123,"/Date(1703575254000)/",27700,100,5418200,149781000000,150,false,0.54
"PDR",142123,"/Date(1703575254000)/",27700,500,5418100,149778000000,150,false,0.54
"PDR",142123,"/Date(1703575254000)/",27700,200,5417600,149764000000,150,false,0.54
"PDR",142123,"/Date(1703575254000)/",27700,1000,5417400,149759000000,150,false,0.54
"PDR",142123,"/Date(1703575254000)/",27700,500,5416400,149731000000,150,false,0.54
"PDR",142123,"/Date(1703575254000)/",27700,100,5415900,149717000000,150,false,0.54
"PDR",142123,"/Date(1703575254000)/",27700,100,5415800,149714000000,150,false,0.54
"PDR",142123,"/Date(1703575254000)/",27700,100,5415700,149712000000,150,false,0.54
"PDR",142123,"/Date(1703575254000)/",27700,500,5415600,149709000000,150,false,0.54
"PDR",142116,"/Date(1703575249000)/",27700,3500,5415100,149695000000,150,false,0.54
"PDR",142116,"/Date(1703575249000)/",27700,200,5411600,149598000000,150,false,0.54
"PDR",142116,"/Date(1703575249000)/",27700,200,5411400,149593000000,150,false,0.54
"PDR",142116,"/Date(1703575249000)/",27700,200,5411200,149587000000,150,false,0.54
"PDR",142116,"/Date(1703575249000)/",27700,100,5411000,149581000000,150,false,0.54
"PDR",142116,"/Date(1703575249000)/",27700,800,5410900,149579000000,150,false,0.54
"PDR",142116,"/Date(1703575248000)/",27700,1000,5410100,149557000000,150,false,0.54
"PDR",142107,"/Date(1703575239000)/",27700,3100,5409100,149529000000,150,false,0.54
"PDR",142107,"/Date(1703575239000)/",27700,400,5406000,149443000000,150,false,0.54
"PDR",142107,"/Date(1703575238000)/",27700,500,5405600,149432000000,150,false,0.54
"PDR",142107,"/Date(1703575238000)/",27700,100,5405100,149418000000,150,false,0.54
"PDR",142107,"/Date(1703575238000)/",27700,400,5405000,149415000000,150,false,0.54
"PDR",142103,"/Date(1703575237000)/",27650,5000,5404600,149404000000,100,true,0.36
"PDR",142100,"/Date(1703575233000)/",27650,10000,5399600,149266000000,100,true,0.36
"PDR",142054,"/Date(1703575228000)/",27700,600,5389600,148989000000,150,false,0.54
"PDR",142054,"/Date(1703575228000)/",27700,500,5389000,148973000000,150,false,0.54
"PDR",142054,"/Date(1703575228000)/",27700,800,5388500,148959000000,150,false,0.54
"PDR",142054,"/Date(1703575228000)/",27700,500,5387700,148937000000,150,false,0.54
"PDR",142054,"/Date(1703575228000)/",27700,9900,5387200,148923000000,150,false,0.54
"PDR",142054,"/Date(1703575225000)/",27650,500,5377300,148649000000,100,false,0.36
"PDR",142054,"/Date(1703575225000)/",27650,3500,5376800,148635000000,100,false,0.36
"PDR",142054,"/Date(1703575225000)/",27650,200,5373300,148538000000,100,false,0.36
"PDR",142041,"/Date(1703575215000)/",27650,2000,5373100,148533000000,100,false,0.36
"PDR",142041,"/Date(1703575214000)/",27650,1000,5371100,148477000000,100,false,0.36
"PDR",142041,"/Date(1703575214000)/",27650,300,5370100,148450000000,100,false,0.36
"PDR",142041,"/Date(1703575214000)/",27650,23000,5369800,148441000000,100,false,0.36
"PDR",142034,"/Date(1703575208000)/",27650,2000,5346800,147805000000,100,true,0.36
"PDR",142025,"/Date(1703575199000)/",27700,10100,5344800,147750000000,150,false,0.54
"PDR",142025,"/Date(1703575199000)/",27700,1000,5334700,147470000000,150,false,0.54
"PDR",142025,"/Date(1703575199000)/",27700,1000,5333700,147443000000,150,false,0.54
"PDR",142025,"/Date(1703575199000)/",27700,400,5332700,147415000000,150,false,0.54
"PDR",142025,"/Date(1703575199000)/",27650,100,5332300,147404000000,100,false,0.36
"PDR",142025,"/Date(1703575199000)/",27650,400,5332200,147401000000,100,false,0.36
"PDR",142025,"/Date(1703575197000)/",27650,4600,5331800,147390000000,100,false,0.36
"PDR",142025,"/Date(1703575197000)/",27650,400,5327200,147263000000,100,false,0.36
"PDR",142022,"/Date(1703575196000)/",27650,300,5326800,147252000000,100,false,0.36
"PDR",142022,"/Date(1703575196000)/",27650,100,5326500,147243000000,100,false,0.36
"PDR",142022,"/Date(1703575196000)/",27650,5000,5326400,147241000000,100,false,0.36
"PDR",142022,"/Date(1703575194000)/",27650,4900,5321400,147102000000,100,false,0.36
"PDR",142022,"/Date(1703575194000)/",27650,100,5316500,146967000000,100,false,0.36
"PDR",142018,"/Date(1703575192000)/",27650,300,5316400,146964000000,100,true,0.36
"PDR",142018,"/Date(1703575192000)/",27650,500,5316100,146956000000,100,true,0.36
"PDR",142018,"/Date(1703575192000)/",27650,100,5315600,146942000000,100,true,0.36
"PDR",142018,"/Date(1703575191000)/",27650,900,5315500,146939000000,100,true,0.36
"PDR",142018,"/Date(1703575191000)/",27650,100,5314600,146914000000,100,true,0.36
"PDR",142009,"/Date(1703575181000)/",27650,200,5314500,146912000000,100,true,0.36
"PDR",142009,"/Date(1703575181000)/",27650,100,5314300,146906000000,100,true,0.36
"PDR",142009,"/Date(1703575181000)/",27650,4700,5314200,146903000000,100,true,0.36
"PDR",141959,"/Date(1703575172000)/",27650,100,5309500,146773000000,100,false,0.36
"PDR",141959,"/Date(1703575171000)/",27650,200,5309400,146771000000,100,false,0.36
"PDR",141959,"/Date(1703575171000)/",27650,2000,5309200,146765000000,100,false,0.36
"PDR",141959,"/Date(1703575171000)/",27650,100,5307200,146710000000,100,false,0.36
"PDR",141959,"/Date(1703575171000)/",27650,3000,5307100,146707000000,100,false,0.36
"PDR",141959,"/Date(1703575171000)/",27650,1300,5304100,146624000000,100,false,0.36
"PDR",141959,"/Date(1703575171000)/",27650,200,5302800,146588000000,100,false,0.36
"PDR",141959,"/Date(1703575171000)/",27650,5800,5302600,146583000000,100,false,0.36
"PDR",141956,"/Date(1703575171000)/",27650,5000,5296800,146422000000,100,false,0.36
"PDR",141953,"/Date(1703575165000)/",27600,3500,5291800,146284000000,50,true,0.18
"PDR",141953,"/Date(1703575165000)/",27600,1500,5288300,146187000000,50,true,0.18
"PDR",141946,"/Date(1703575160000)/",27650,200,5286800,146146000000,100,false,0.36
"PDR",141946,"/Date(1703575160000)/",27650,400,5286600,146140000000,100,false,0.36
"PDR",141943,"/Date(1703575157000)/",27650,100,5286200,146129000000,100,false,0.36
"PDR",141937,"/Date(1703575149000)/",27600,100,5286100,146127000000,50,true,0.18
"PDR",141930,"/Date(1703575144000)/",27700,1100,5286000,146124000000,150,false,0.54
"PDR",141930,"/Date(1703575144000)/",27650,2500,5284900,146093000000,100,false,0.36
"PDR",141930,"/Date(1703575144000)/",27650,400,5282400,146024000000,100,false,0.36
"PDR",141930,"/Date(1703575144000)/",27650,10800,5282000,146013000000,100,false,0.36
"PDR",141921,"/Date(1703575135000)/",27600,4400,5271200,145715000000,50,true,0.18
"PDR",141921,"/Date(1703575135000)/",27600,300,5266800,145593000000,50,true,0.18
"PDR",141921,"/Date(1703575135000)/",27600,200,5266500,145585000000,50,true,0.18
"PDR",141921,"/Date(1703575135000)/",27600,100,5266300,145579000000,50,true,0.18
"PDR",141914,"/Date(1703575128000)/",27650,400,5266200,145577000000,100,false,0.36
"PDR",141914,"/Date(1703575127000)/",27650,800,5265800,145566000000,100,false,0.36
"PDR",141914,"/Date(1703575127000)/",27650,200,5265000,145543000000,100,false,0.36
"PDR",141914,"/Date(1703575127000)/",27600,100,5264800,145538000000,50,true,0.18
"PDR",141911,"/Date(1703575126000)/",27650,3000,5264700,145535000000,100,false,0.36
"PDR",141908,"/Date(1703575120000)/",27650,5000,5261700,145452000000,100,false,0.36
"PDR",141901,"/Date(1703575115000)/",27650,2000,5256700,145314000000,100,false,0.36
"PDR",141901,"/Date(1703575113000)/",27650,1800,5254700,145259000000,100,false,0.36
"PDR",141858,"/Date(1703575111000)/",27700,100,5252900,145209000000,150,false,0.54
"PDR",141858,"/Date(1703575111000)/",27700,500,5252800,145206000000,150,false,0.54
"PDR",141858,"/Date(1703575111000)/",27700,1000,5252300,145192000000,150,false,0.54
"PDR",141858,"/Date(1703575111000)/",27700,100,5251300,145165000000,150,false,0.54
"PDR",141858,"/Date(1703575111000)/",27700,600,5251200,145162000000,150,false,0.54
"PDR",141858,"/Date(1703575111000)/",27700,800,5250600,145145000000,150,false,0.54
"PDR",141858,"/Date(1703575111000)/",27700,900,5249800,145123000000,150,false,0.54
"PDR",141858,"/Date(1703575111000)/",27700,100,5248900,145098000000,150,false,0.54
"PDR",141858,"/Date(1703575111000)/",27700,100,5248800,145095000000,150,false,0.54
"PDR",141858,"/Date(1703575111000)/",27700,5000,5248700,145093000000,150,false,0.54
"PDR",141858,"/Date(1703575111000)/",27700,400,5243700,144954000000,150,false,0.54
"PDR",141858,"/Date(1703575111000)/",27700,100,5243300,144943000000,150,false,0.54
"PDR",141858,"/Date(1703575111000)/",27700,100,5243200,144940000000,150,false,0.54
"PDR",141858,"/Date(1703575111000)/",27700,2000,5243100,144937000000,150,false,0.54
"PDR",141858,"/Date(1703575111000)/",27700,1100,5241100,144882000000,150,false,0.54
"PDR",141858,"/Date(1703575111000)/",27650,500,5240000,144852000000,100,true,0.36
"PDR",141855,"/Date(1703575109000)/",27650,700,5239500,144838000000,100,true,0.36
"PDR",141852,"/Date(1703575106000)/",27650,1000,5238800,144818000000,100,true,0.36
"PDR",141852,"/Date(1703575105000)/",27650,100,5237800,144791000000,100,true,0.36
"PDR",141852,"/Date(1703575104000)/",27650,2200,5237700,144788000000,100,true,0.36
"PDR",141852,"/Date(1703575104000)/",27650,800,5235500,144727000000,100,true,0.36
"PDR",141845,"/Date(1703575098000)/",27650,400,5234700,144705000000,100,false,0.36
"PDR",141845,"/Date(1703575098000)/",27650,800,5234300,144694000000,100,false,0.36
"PDR",141842,"/Date(1703575097000)/",27650,300,5233500,144672000000,100,true,0.36
"PDR",141842,"/Date(1703575095000)/",27650,10000,5233200,144664000000,100,true,0.36
"PDR",141842,"/Date(1703575094000)/",27600,6200,5223200,144387000000,50,true,0.18
"PDR",141842,"/Date(1703575094000)/",27600,5000,5217000,144216000000,50,true,0.18
"PDR",141842,"/Date(1703575094000)/",27600,400,5212000,144078000000,50,true,0.18
"PDR",141842,"/Date(1703575094000)/",27600,5000,5211600,144067000000,50,true,0.18
"PDR",141842,"/Date(1703575094000)/",27600,100,5206600,143929000000,50,true,0.18
"PDR",141842,"/Date(1703575094000)/",27600,1000,5206500,143926000000,50,true,0.18
"PDR",141842,"/Date(1703575094000)/",27600,1000,5205500,143898000000,50,true,0.18
"PDR",141842,"/Date(1703575094000)/",27600,1000,5204500,143871000000,50,true,0.18
"PDR",141842,"/Date(1703575094000)/",27650,1000,5203500,143843000000,100,true,0.36
"PDR",141842,"/Date(1703575094000)/",27650,1000,5202500,143816000000,100,true,0.36
"PDR",141842,"/Date(1703575094000)/",27650,400,5201500,143788000000,100,true,0.36
"PDR",141842,"/Date(1703575094000)/",27650,5000,5201100,143777000000,100,true,0.36
"PDR",141842,"/Date(1703575094000)/",27650,2000,5196100,143639000000,100,true,0.36
"PDR",141842,"/Date(1703575094000)/",27650,300,5194100,143583000000,100,true,0.36
"PDR",141842,"/Date(1703575094000)/",27650,1000,5193800,143575000000,100,true,0.36
"PDR",141842,"/Date(1703575094000)/",27650,4100,5192800,143547000000,100,true,0.36
"PDR",141842,"/Date(1703575094000)/",27650,10000,5188700,143434000000,100,true,0.36
"PDR",141842,"/Date(1703575094000)/",27650,1500,5178700,143158000000,100,true,0.36
"PDR",141842,"/Date(1703575094000)/",27650,2000,5177200,143116000000,100,true,0.36
"PDR",141842,"/Date(1703575094000)/",27650,5000,5175200,143061000000,100,true,0.36
"PDR",141842,"/Date(1703575094000)/",27650,1200,5170200,142923000000,100,true,0.36
"PDR",141842,"/Date(1703575094000)/",27650,1000,5169000,142889000000,100,true,0.36
"PDR",141842,"/Date(1703575094000)/",27650,3400,5168000,142862000000,100,true,0.36
"PDR",141839,"/Date(1703575091000)/",27650,200,5164600,142768000000,100,true,0.36
"PDR",141829,"/Date(1703575083000)/",27700,500,5164400,142762000000,150,false,0.54
"PDR",141829,"/Date(1703575082000)/",27700,4100,5163900,142748000000,150,false,0.54
"PDR",141829,"/Date(1703575082000)/",27700,5000,5159800,142635000000,150,false,0.54
"PDR",141829,"/Date(1703575082000)/",27700,100,5154800,142496000000,150,false,0.54
"PDR",141829,"/Date(1703575082000)/",27700,3600,5154700,142493000000,150,false,0.54
"PDR",141826,"/Date(1703575080000)/",27700,3000,5151100,142394000000,150,false,0.54
"PDR",141826,"/Date(1703575080000)/",27650,1000,5148100,142311000000,100,true,0.36
"PDR",141817,"/Date(1703575070000)/",27700,2000,5147100,142283000000,150,false,0.54
"PDR",141813,"/Date(1703575067000)/",27700,1400,5145100,142228000000,150,false,0.54
"PDR",141813,"/Date(1703575067000)/",27700,600,5143700,142189000000,150,false,0.54
"PDR",141813,"/Date(1703575067000)/",27700,100,5143100,142172000000,150,false,0.54
"PDR",141813,"/Date(1703575067000)/",27700,500,5143000,142169000000,150,false,0.54
"PDR",141813,"/Date(1703575067000)/",27700,400,5142500,142156000000,150,false,0.54
"PDR",141801,"/Date(1703575054000)/",27700,1600,5142100,142145000000,150,false,0.54
"PDR",141801,"/Date(1703575054000)/",27700,1000,5140500,142100000000,150,false,0.54
"PDR",141801,"/Date(1703575054000)/",27700,100,5139500,142072000000,150,false,0.54
"PDR",141801,"/Date(1703575054000)/",27700,500,5139400,142070000000,150,false,0.54
"PDR",141801,"/Date(1703575054000)/",27700,300,5138900,142056000000,150,false,0.54
"PDR",141801,"/Date(1703575054000)/",27700,1500,5138600,142048000000,150,false,0.54
"PDR",141801,"/Date(1703575054000)/",27700,200,5137100,142006000000,150,false,0.54
"PDR",141801,"/Date(1703575054000)/",27700,1300,5136900,142000000000,150,false,0.54
"PDR",141801,"/Date(1703575054000)/",27700,600,5135600,141964000000,150,false,0.54
"PDR",141801,"/Date(1703575054000)/",27700,100,5135000,141948000000,150,false,0.54
"PDR",141801,"/Date(1703575054000)/",27700,200,5134900,141945000000,150,false,0.54
"PDR",141801,"/Date(1703575054000)/",27700,500,5134700,141940000000,150,false,0.54
"PDR",141801,"/Date(1703575054000)/",27700,300,5134200,141926000000,150,false,0.54
"PDR",141801,"/Date(1703575054000)/",27700,500,5133900,141917000000,150,false,0.54
"PDR",141801,"/Date(1703575054000)/",27700,100,5133400,141904000000,150,false,0.54
"PDR",141801,"/Date(1703575054000)/",27700,4500,5133300,141901000000,150,false,0.54
"PDR",141754,"/Date(1703575047000)/",27700,100,5128800,141776000000,150,false,0.54
"PDR",141751,"/Date(1703575046000)/",27700,5000,5128700,141773000000,150,false,0.54
"PDR",141745,"/Date(1703575038000)/",27700,400,5123700,141635000000,150,false,0.54
"PDR",141745,"/Date(1703575038000)/",27700,100,5123300,141624000000,150,false,0.54
"PDR",141745,"/Date(1703575038000)/",27700,1500,5123200,141621000000,150,false,0.54
"PDR",141735,"/Date(1703575029000)/",27700,1500,5121700,141579000000,150,false,0.54
"PDR",141735,"/Date(1703575028000)/",27700,100,5120200,141538000000,150,false,0.54
"PDR",141735,"/Date(1703575028000)/",27700,400,5120100,141535000000,150,false,0.54
"PDR",141732,"/Date(1703575025000)/",27700,1600,5119700,141524000000,150,false,0.54
"PDR",141732,"/Date(1703575025000)/",27700,2800,5118100,141480000000,150,false,0.54
"PDR",141732,"/Date(1703575025000)/",27700,1200,5115300,141402000000,150,false,0.54
"PDR",141732,"/Date(1703575025000)/",27700,500,5114100,141369000000,150,false,0.54
"PDR",141732,"/Date(1703575025000)/",27700,1000,5113600,141355000000,150,false,0.54
"PDR",141732,"/Date(1703575025000)/",27700,500,5112600,141327000000,150,false,0.54
"PDR",141732,"/Date(1703575025000)/",27700,1000,5112100,141314000000,150,false,0.54
"PDR",141732,"/Date(1703575025000)/",27700,1700,5111100,141286000000,150,false,0.54
"PDR",141732,"/Date(1703575025000)/",27700,1000,5109400,141239000000,150,false,0.54
"PDR",141732,"/Date(1703575025000)/",27700,400,5108400,141211000000,150,false,0.54
"PDR",141732,"/Date(1703575025000)/",27700,700,5108000,141200000000,150,false,0.54
"PDR",141725,"/Date(1703575019000)/",27700,3500,5107300,141181000000,150,false,0.54
"PDR",141722,"/Date(1703575015000)/",27700,100,5103800,141084000000,150,false,0.54
"PDR",141712,"/Date(1703575007000)/",27700,700,5103700,141081000000,150,false,0.54
"PDR",141712,"/Date(1703575007000)/",27700,300,5103000,141061000000,150,false,0.54
"PDR",141712,"/Date(1703575006000)/",27700,100,5102700,141053000000,150,false,0.54
"PDR",141712,"/Date(1703575006000)/",27650,400,5102600,141050000000,100,true,0.36
"PDR",141712,"/Date(1703575006000)/",27650,1000,5102200,141039000000,100,true,0.36
"PDR",141712,"/Date(1703575006000)/",27650,1600,5101200,141012000000,100,true,0.36
"PDR",141709,"/Date(1703575002000)/",27700,400,5099600,140967000000,150,false,0.54
"PDR",141709,"/Date(1703575002000)/",27700,200,5099200,140956000000,150,false,0.54
"PDR",141709,"/Date(1703575002000)/",27700,300,5099000,140951000000,150,false,0.54
"PDR",141709,"/Date(1703575002000)/",27700,1000,5098700,140942000000,150,false,0.54
"PDR",141709,"/Date(1703575002000)/",27700,500,5097700,140915000000,150,false,0.54
"PDR",141709,"/Date(1703575002000)/",27700,2000,5097200,140901000000,150,false,0.54
"PDR",141709,"/Date(1703575002000)/",27700,300,5095200,140846000000,150,false,0.54
"PDR",141709,"/Date(1703575002000)/",27700,100,5094900,140837000000,150,false,0.54
"PDR",141709,"/Date(1703575002000)/",27700,500,5094800,140834000000,150,false,0.54
"PDR",141709,"/Date(1703575002000)/",27700,700,5094300,140821000000,150,false,0.54
"PDR",141703,"/Date(1703574997000)/",27700,200,5093600,140801000000,150,false,0.54
"PDR",141703,"/Date(1703574997000)/",27700,100,5093400,140796000000,150,false,0.54
"PDR",141703,"/Date(1703574997000)/",27700,300,5093300,140793000000,150,false,0.54
"PDR",141703,"/Date(1703574997000)/",27700,5000,5093000,140785000000,150,false,0.54
"PDR",141703,"/Date(1703574997000)/",27700,100,5088000,140646000000,150,false,0.54
"PDR",141703,"/Date(1703574997000)/",27700,100,5087900,140643000000,150,false,0.54
"PDR",141703,"/Date(1703574997000)/",27700,100,5087800,140641000000,150,false,0.54
"PDR",141703,"/Date(1703574997000)/",27700,500,5087700,140638000000,150,false,0.54
"PDR",141703,"/Date(1703574997000)/",27700,1000,5087200,140624000000,150,false,0.54
"PDR",141703,"/Date(1703574997000)/",27700,1000,5086200,140596000000,150,false,0.54
"PDR",141703,"/Date(1703574997000)/",27700,4300,5085200,140569000000,150,false,0.54
"PDR",141703,"/Date(1703574997000)/",27650,1000,5080900,140449000000,100,true,0.36
"PDR",141700,"/Date(1703574995000)/",27650,700,5079900,140422000000,100,true,0.36
"PDR",141637,"/Date(1703574972000)/",27650,1700,5079200,140402000000,100,true,0.36
"PDR",141637,"/Date(1703574971000)/",27650,3000,5077500,140355000000,100,true,0.36
"PDR",141637,"/Date(1703574971000)/",27650,300,5074500,140272000000,100,true,0.36
"PDR",141637,"/Date(1703574969000)/",27700,700,5074200,140264000000,150,false,0.54
