"Stockcode","Package","TradingDate","Price","Vol","TotalVol","TotalVal","Change","IsBuy","PerChange"
"SZC",144528,"/Date(1703576701000)/",45100,50900,2885800,129698000000,1100,false,2.5
"SZC",143023,"/Date(1703575798000)/",45100,2200,2834900,127403000000,1100,false,2.5
"SZC",143023,"/Date(1703575798000)/",45100,300,2832700,127304000000,1100,false,2.5
"SZC",143023,"/Date(1703575798000)/",45100,500,2832400,127290000000,1100,false,2.5
"SZC",143017,"/Date(1703575791000)/",45050,600,2831900,127268000000,1050,true,2.39
"SZC",143017,"/Date(1703575791000)/",45050,400,2831300,127240000000,1050,true,2.39
"SZC",143017,"/Date(1703575790000)/",45100,2500,2830900,127222000000,1100,false,2.5
"SZC",143017,"/Date(1703575790000)/",45100,2000,2828400,127110000000,1100,false,2.5
"SZC",143017,"/Date(1703575790000)/",45100,200,2826400,127020000000,1100,false,2.5
"SZC",143017,"/Date(1703575790000)/",45100,100,2826200,127011000000,1100,false,2.5
"SZC",143017,"/Date(1703575790000)/",45100,100,2826100,127006000000,1100,false,2.5
"SZC",143017,"/Date(1703575790000)/",45100,200,2826000,127001000000,1100,false,2.5
"SZC",143017,"/Date(1703575790000)/",45100,100,2825800,126992000000,1100,false,2.5
"SZC",143017,"/Date(1703575790000)/",45100,100,2825700,126988000000,1100,false,2.5
"SZC",143017,"/Date(1703575790000)/",45100,100,2825600,126983000000,1100,false,2.5
"SZC",143017,"/Date(1703575790000)/",45100,200,2825500,126979000000,1100,false,2.5
"SZC",143017,"/Date(1703575790000)/",45100,500,2825300,126970000000,1100,false,2.5
"SZC",143017,"/Date(1703575790000)/",45100,500,2824800,126947000000,1100,false,2.5
"SZC",143017,"/Date(1703575790000)/",45100,1000,2824300,126925000000,1100,false,2.5
"SZC",143017,"/Date(1703575790000)/",45100,300,2823300,126880000000,1100,false,2.5
"SZC",143017,"/Date(1703575790000)/",45100,100,2823000,126866000000,1100,false,2.5
"SZC",143017,"/Date(1703575790000)/",45100,500,2822900,126862000000,1100,false,2.5
"SZC",143017,"/Date(1703575790000)/",45100,1500,2822400,126839000000,1100,false,2.5
"SZC",143017,"/Date(1703575789000)/",45050,600,2820900,126771000000,1050,true,2.39
"SZC",143017,"/Date(1703575789000)/",45050,100,2820300,126744000000,1050,true,2.39
"SZC",142955,"/Date(1703575769000)/",45100,1500,2820200,126740000000,1100,false,2.5
"SZC",142955,"/Date(1703575769000)/",45100,600,2818700,126672000000,1100,false,2.5
"SZC",142955,"/Date(1703575769000)/",45050,1600,2818100,126645000000,1050,true,2.39
"SZC",142955,"/Date(1703575769000)/",45050,3400,2816500,126573000000,1050,true,2.39
"SZC",142948,"/Date(1703575762000)/",45100,100,2813100,126420000000,1100,false,2.5
"SZC",142945,"/Date(1703575758000)/",45050,100,2813000,126415000000,1050,true,2.39
"SZC",142945,"/Date(1703575758000)/",45050,1000,2812900,126411000000,1050,true,2.39
"SZC",142942,"/Date(1703575757000)/",45100,300,2811900,126366000000,1100,false,2.5
"SZC",142942,"/Date(1703575757000)/",45100,100,2811600,126352000000,1100,false,2.5
"SZC",142939,"/Date(1703575751000)/",45050,300,2811500,126348000000,1050,true,2.39
"SZC",142936,"/Date(1703575748000)/",45050,300,2811200,126334000000,1050,true,2.39
"SZC",142932,"/Date(1703575744000)/",45050,4400,2810900,126321000000,1050,true,2.39
"SZC",142916,"/Date(1703575731000)/",45050,1000,2806500,126123000000,1050,true,2.39
"SZC",142916,"/Date(1703575731000)/",45050,500,2805500,126078000000,1050,true,2.39
"SZC",142916,"/Date(1703575731000)/",45050,500,2805000,126055000000,1050,true,2.39
"SZC",142913,"/Date(1703575726000)/",45050,100,2804500,126033000000,1050,true,2.39
"SZC",142910,"/Date(1703575722000)/",45100,400,2804400,126028000000,1100,false,2.5
"SZC",142910,"/Date(1703575722000)/",45100,5600,2804000,126010000000,1100,false,2.5
"SZC",142851,"/Date(1703575703000)/",45100,2400,2798400,125757000000,1100,false,2.5
"SZC",142832,"/Date(1703575685000)/",45100,300,2796000,125649000000,1100,false,2.5
"SZC",142828,"/Date(1703575681000)/",45050,100,2795700,125636000000,1050,true,2.39
"SZC",142828,"/Date(1703575681000)/",45050,100,2795600,125631000000,1050,true,2.39
"SZC",142809,"/Date(1703575664000)/",45100,200,2795500,125627000000,1100,false,2.5
"SZC",142803,"/Date(1703575654000)/",45100,400,2795300,125618000000,1100,false,2.5
"SZC",142800,"/Date(1703575651000)/",45000,2900,2794900,125600000000,1000,true,2.27
"SZC",142800,"/Date(1703575651000)/",45050,100,2792000,125469000000,1050,false,2.39
"SZC",142756,"/Date(1703575648000)/",45100,1000,2791900,125465000000,1100,false,2.5
"SZC",142753,"/Date(1703575646000)/",45050,400,2790900,125419000000,1050,true,2.39
"SZC",142744,"/Date(1703575637000)/",45100,100,2790500,125401000000,1100,false,2.5
"SZC",142744,"/Date(1703575637000)/",45100,200,2790400,125397000000,1100,false,2.5
"SZC",142705,"/Date(1703575600000)/",45000,500,2790200,125388000000,1000,true,2.27
"SZC",142656,"/Date(1703575590000)/",45000,800,2789700,125365000000,1000,true,2.27
"SZC",142649,"/Date(1703575581000)/",45000,600,2788900,125329000000,1000,true,2.27
"SZC",142649,"/Date(1703575581000)/",45050,400,2788300,125302000000,1050,false,2.39
"SZC",142646,"/Date(1703575578000)/",45100,100,2787900,125284000000,1100,false,2.5
"SZC",142636,"/Date(1703575570000)/",45000,2200,2787800,125280000000,1000,true,2.27
"SZC",142611,"/Date(1703575544000)/",45050,100,2785600,125181000000,1050,true,2.39
"SZC",142555,"/Date(1703575527000)/",45050,200,2785500,125176000000,1050,true,2.39
"SZC",142555,"/Date(1703575527000)/",45050,500,2785300,125167000000,1050,true,2.39
"SZC",142555,"/Date(1703575527000)/",45050,3000,2784800,125145000000,1050,true,2.39
"SZC",142549,"/Date(1703575523000)/",45050,1000,2781800,125010000000,1050,false,2.39
"SZC",142542,"/Date(1703575516000)/",45050,1000,2780800,124965000000,1050,false,2.39
"SZC",142542,"/Date(1703575516000)/",45050,100,2779800,124920000000,1050,false,2.39
"SZC",142542,"/Date(1703575516000)/",45050,500,2779700,124915000000,1050,false,2.39
"SZC",142457,"/Date(1703575471000)/",45000,300,2779200,124893000000,1000,false,2.27
"SZC",142457,"/Date(1703575471000)/",45000,200,2778900,124879000000,1000,false,2.27
"SZC",142457,"/Date(1703575471000)/",45000,400,2778700,124870000000,1000,false,2.27
"SZC",142457,"/Date(1703575471000)/",45000,800,2778300,124852000000,1000,false,2.27
"SZC",142457,"/Date(1703575471000)/",45000,100,2777500,124816000000,1000,false,2.27
"SZC",142457,"/Date(1703575471000)/",45000,2100,2777400,124812000000,1000,false,2.27
"SZC",142457,"/Date(1703575471000)/",45000,1000,2775300,124717000000,1000,false,2.27
"SZC",142457,"/Date(1703575471000)/",45000,300,2774300,124672000000,1000,false,2.27
"SZC",142457,"/Date(1703575471000)/",45000,1000,2774000,124659000000,1000,false,2.27
"SZC",142457,"/Date(1703575471000)/",45000,100,2773000,124614000000,1000,false,2.27
"SZC",142457,"/Date(1703575471000)/",45000,500,2772900,124609000000,1000,false,2.27
"SZC",142457,"/Date(1703575471000)/",45000,100,2772400,124587000000,1000,false,2.27
"SZC",142457,"/Date(1703575471000)/",45000,900,2772300,124582000000,1000,false,2.27
"SZC",142454,"/Date(1703575466000)/",45000,9100,2771400,124542000000,1000,false,2.27
"SZC",142454,"/Date(1703575466000)/",45000,900,2762300,124132000000,1000,false,2.27
"SZC",142419,"/Date(1703575433000)/",44950,400,2761400,124092000000,950,true,2.16
"SZC",142419,"/Date(1703575431000)/",44950,100,2761000,124074000000,950,true,2.16
"SZC",142419,"/Date(1703575431000)/",44950,500,2760900,124069000000,950,true,2.16
"SZC",142419,"/Date(1703575431000)/",44950,1000,2760400,124047000000,950,true,2.16
"SZC",142340,"/Date(1703575393000)/",44950,1100,2759400,124002000000,950,true,2.16
"SZC",142337,"/Date(1703575389000)/",44950,600,2758300,123952000000,950,false,2.16
"SZC",142337,"/Date(1703575389000)/",44950,1300,2757700,123925000000,950,false,2.16
"SZC",142334,"/Date(1703575386000)/",44950,200,2756400,123867000000,950,true,2.16
"SZC",142324,"/Date(1703575376000)/",44950,1500,2756200,123858000000,950,true,2.16
"SZC",142311,"/Date(1703575363000)/",44950,1000,2754700,123790000000,950,true,2.16
"SZC",142311,"/Date(1703575363000)/",44950,2000,2753700,123745000000,950,true,2.16
"SZC",142311,"/Date(1703575363000)/",44950,7000,2751700,123656000000,950,true,2.16
"SZC",142308,"/Date(1703575363000)/",45000,500,2744700,123341000000,1000,false,2.27
"SZC",142259,"/Date(1703575352000)/",44950,100,2744200,123318000000,950,true,2.16
"SZC",142259,"/Date(1703575350000)/",45000,800,2744100,123314000000,1000,false,2.27
"SZC",142249,"/Date(1703575341000)/",44950,500,2743300,123278000000,950,true,2.16
"SZC",142239,"/Date(1703575332000)/",44950,400,2742800,123255000000,950,false,2.16
"SZC",142239,"/Date(1703575332000)/",44950,600,2742400,123237000000,950,false,2.16
"SZC",142233,"/Date(1703575326000)/",44950,100,2741800,123210000000,950,false,2.16
"SZC",142217,"/Date(1703575311000)/",44950,200,2741700,123206000000,950,false,2.16
"SZC",142217,"/Date(1703575311000)/",44950,400,2741500,123197000000,950,false,2.16
"SZC",142148,"/Date(1703575282000)/",44950,100,2741100,123179000000,950,true,2.16
"SZC",142126,"/Date(1703575258000)/",44950,200,2741000,123175000000,950,true,2.16
"SZC",142116,"/Date(1703575250000)/",44950,800,2740800,123166000000,950,true,2.16
"SZC",142116,"/Date(1703575250000)/",44950,100,2740000,123130000000,950,true,2.16
"SZC",142103,"/Date(1703575235000)/",44950,100,2739900,123125000000,950,false,2.16
"SZC",142034,"/Date(1703575209000)/",45000,1100,2739800,123121000000,1000,false,2.27
"SZC",142034,"/Date(1703575209000)/",44950,400,2738700,123071000000,950,false,2.16
"SZC",142006,"/Date(1703575180000)/",44900,4000,2738300,123053000000,900,true,2.05
"SZC",141855,"/Date(1703575108000)/",45000,700,2734300,122874000000,1000,false,2.27
"SZC",141855,"/Date(1703575108000)/",45000,100,2733600,122842000000,1000,false,2.27
"SZC",141855,"/Date(1703575108000)/",45000,5000,2733500,122838000000,1000,false,2.27
"SZC",141855,"/Date(1703575108000)/",45000,1000,2728500,122613000000,1000,false,2.27
"SZC",141855,"/Date(1703575108000)/",45000,800,2727500,122568000000,1000,false,2.27
"SZC",141855,"/Date(1703575108000)/",45000,100,2726700,122532000000,1000,false,2.27
"SZC",141855,"/Date(1703575108000)/",45000,1000,2726600,122527000000,1000,false,2.27
"SZC",141855,"/Date(1703575108000)/",45000,3000,2725600,122482000000,1000,false,2.27
"SZC",141852,"/Date(1703575106000)/",45050,500,2722600,122347000000,1050,false,2.39
"SZC",141852,"/Date(1703575106000)/",45050,500,2722100,122324000000,1050,false,2.39
"SZC",141849,"/Date(1703575103000)/",45050,900,2721600,122302000000,1050,false,2.39
"SZC",141817,"/Date(1703575070000)/",45000,100,2720700,122261000000,1000,true,2.27
"SZC",141813,"/Date(1703575067000)/",45050,200,2720600,122257000000,1050,false,2.39
"SZC",141813,"/Date(1703575067000)/",45050,500,2720400,122248000000,1050,false,2.39
"SZC",141813,"/Date(1703575067000)/",45050,800,2719900,122225000000,1050,false,2.39
"SZC",141757,"/Date(1703575050000)/",45000,400,2719100,122189000000,1000,true,2.27
"SZC",141757,"/Date(1703575050000)/",45050,700,2718700,122171000000,1050,false,2.39
"SZC",141748,"/Date(1703575041000)/",45000,100,2718000,122140000000,1000,true,2.27
"SZC",141748,"/Date(1703575041000)/",45000,200,2717900,122135000000,1000,true,2.27
"SZC",141748,"/Date(1703575041000)/",45000,100,2717700,122126000000,1000,true,2.27
"SZC",141748,"/Date(1703575041000)/",45000,600,2717600,122122000000,1000,true,2.27
"SZC",141738,"/Date(1703575031000)/",45000,100,2717000,122095000000,1000,false,2.27
"SZC",141738,"/Date(1703575031000)/",45000,100,2716900,122090000000,1000,false,2.27
"SZC",141738,"/Date(1703575031000)/",45000,200,2716800,122086000000,1000,false,2.27
"SZC",141735,"/Date(1703575030000)/",45000,200,2716600,122077000000,1000,false,2.27
"SZC",141735,"/Date(1703575027000)/",45000,2500,2716400,122068000000,1000,false,2.27
"SZC",141729,"/Date(1703575022000)/",45000,7300,2713900,121955000000,1000,false,2.27
"SZC",141729,"/Date(1703575022000)/",45000,1000,2706600,121627000000,1000,false,2.27
"SZC",141729,"/Date(1703575022000)/",45000,1000,2705600,121582000000,1000,false,2.27
"SZC",141729,"/Date(1703575022000)/",45000,100,2704600,121537000000,1000,false,2.27
"SZC",141725,"/Date(1703575020000)/",45000,900,2704500,121532000000,1000,false,2.27
"SZC",141725,"/Date(1703575020000)/",45000,100,2703600,121492000000,1000,false,2.27
"SZC",141725,"/Date(1703575018000)/",45000,500,2703500,121487000000,1000,false,2.27
"SZC",141722,"/Date(1703575017000)/",45000,4500,2703000,121465000000,1000,false,2.27
"SZC",141722,"/Date(1703575015000)/",45000,200,2698500,121262000000,1000,false,2.27
"SZC",141716,"/Date(1703575010000)/",45000,4700,2698300,121253000000,1000,false,2.27
"SZC",141716,"/Date(1703575010000)/",45000,100,2693600,121042000000,1000,false,2.27
"SZC",141716,"/Date(1703575010000)/",45000,200,2693500,121037000000,1000,false,2.27
"SZC",141716,"/Date(1703575008000)/",45000,200,2693300,121028000000,1000,false,2.27
"SZC",141716,"/Date(1703575008000)/",45000,100,2693100,121019000000,1000,false,2.27
"SZC",141709,"/Date(1703575002000)/",45000,2400,2693000,121015000000,1000,false,2.27
"SZC",141709,"/Date(1703575002000)/",45000,2100,2690600,120907000000,1000,false,2.27
"SZC",141709,"/Date(1703575002000)/",45000,100,2688500,120812000000,1000,false,2.27
"SZC",141709,"/Date(1703575002000)/",45000,3700,2688400,120808000000,1000,false,2.27
"SZC",141706,"/Date(1703575000000)/",45000,200,2684700,120641000000,1000,false,2.27
"SZC",141657,"/Date(1703574989000)/",45000,200,2684500,120632000000,1000,false,2.27
"SZC",141631,"/Date(1703574965000)/",45000,100,2684300,120623000000,1000,false,2.27
"SZC",141621,"/Date(1703574953000)/",45000,100,2684200,120619000000,1000,false,2.27
"SZC",141621,"/Date(1703574953000)/",45000,800,2684100,120614000000,1000,false,2.27
"SZC",141621,"/Date(1703574953000)/",45000,200,2683300,120578000000,1000,false,2.27
"SZC",141602,"/Date(1703574937000)/",44900,500,2683100,120569000000,900,true,2.05
"SZC",141508,"/Date(1703574882000)/",44900,100,2682600,120547000000,900,true,2.05
"SZC",141458,"/Date(1703574870000)/",44900,400,2682500,120542000000,900,true,2.05
"SZC",141451,"/Date(1703574866000)/",44950,400,2682100,120524000000,950,false,2.16
"SZC",141451,"/Date(1703574866000)/",44950,600,2681700,120506000000,950,false,2.16
"SZC",141451,"/Date(1703574866000)/",44950,100,2681100,120479000000,950,false,2.16
"SZC",141451,"/Date(1703574866000)/",44950,200,2681000,120475000000,950,false,2.16
"SZC",141445,"/Date(1703574860000)/",44950,3000,2680800,120466000000,950,false,2.16
"SZC",141442,"/Date(1703574855000)/",44900,400,2677800,120331000000,900,true,2.05
"SZC",141439,"/Date(1703574853000)/",44900,900,2677400,120313000000,900,false,2.05
"SZC",141435,"/Date(1703574851000)/",44900,1600,2676500,120273000000,900,false,2.05
"SZC",141435,"/Date(1703574851000)/",44900,500,2674900,120201000000,900,false,2.05
"SZC",141435,"/Date(1703574851000)/",44900,1200,2674400,120178000000,900,false,2.05
"SZC",141435,"/Date(1703574851000)/",44900,100,2673200,120125000000,900,false,2.05
"SZC",141435,"/Date(1703574851000)/",44900,200,2673100,120120000000,900,false,2.05
"SZC",141435,"/Date(1703574851000)/",44900,400,2672900,120111000000,900,false,2.05
"SZC",141432,"/Date(1703574845000)/",44900,500,2672500,120093000000,900,false,2.05
"SZC",141416,"/Date(1703574831000)/",44850,400,2672000,120071000000,850,false,1.93
"SZC",141416,"/Date(1703574830000)/",44850,500,2671600,120053000000,850,false,1.93
"SZC",141416,"/Date(1703574830000)/",44850,16600,2671100,120030000000,850,false,1.93
"SZC",141410,"/Date(1703574825000)/",44850,3000,2654500,119286000000,850,false,1.93
"SZC",141400,"/Date(1703574815000)/",44850,200,2651500,119151000000,850,false,1.93
"SZC",141400,"/Date(1703574814000)/",44850,100,2651300,119142000000,850,false,1.93
"SZC",141344,"/Date(1703574797000)/",44850,100,2651200,119138000000,850,false,1.93
"SZC",141341,"/Date(1703574796000)/",44850,400,2651100,119133000000,850,false,1.93
"SZC",141341,"/Date(1703574796000)/",44850,200,2650700,119115000000,850,false,1.93
"SZC",141341,"/Date(1703574796000)/",44850,1200,2650500,119106000000,850,false,1.93
"SZC",141341,"/Date(1703574796000)/",44850,200,2649300,119053000000,850,false,1.93
"SZC",141334,"/Date(1703574789000)/",44850,600,2649100,119044000000,850,false,1.93
"SZC",141334,"/Date(1703574789000)/",44850,200,2648500,119017000000,850,false,1.93
"SZC",141334,"/Date(1703574789000)/",44850,2200,2648300,119008000000,850,false,1.93
"SZC",141334,"/Date(1703574788000)/",44800,100,2646100,118909000000,800,true,1.82
"SZC",141325,"/Date(1703574778000)/",44800,300,2646000,118905000000,800,true,1.82
"SZC",141318,"/Date(1703574774000)/",44800,200,2645700,118891000000,800,true,1.82
"SZC",141318,"/Date(1703574774000)/",44800,500,2645500,118882000000,800,true,1.82
"SZC",141312,"/Date(1703574767000)/",44800,300,2645000,118860000000,800,true,1.82
"SZC",141312,"/Date(1703574767000)/",44800,600,2644700,118846000000,800,true,1.82
"SZC",141312,"/Date(1703574767000)/",44800,100,2644100,118819000000,800,true,1.82
"SZC",141309,"/Date(1703574764000)/",44800,400,2644000,118815000000,800,true,1.82
"SZC",141309,"/Date(1703574764000)/",44800,600,2643600,118797000000,800,true,1.82
"SZC",141259,"/Date(1703574752000)/",44800,800,2643000,118770000000,800,true,1.82
"SZC",141253,"/Date(1703574748000)/",44800,1000,2642200,118734000000,800,true,1.82
"SZC",141230,"/Date(1703574725000)/",44850,2000,2641200,118690000000,850,false,1.93
"SZC",141218,"/Date(1703574713000)/",44850,3400,2639200,118600000000,850,true,1.93
"SZC",141214,"/Date(1703574708000)/",44850,100,2635800,118447000000,850,true,1.93
"SZC",141211,"/Date(1703574705000)/",44850,500,2635700,118443000000,850,true,1.93
"SZC",141155,"/Date(1703574688000)/",44850,1000,2635200,118420000000,850,true,1.93
"SZC",141139,"/Date(1703574673000)/",44850,300,2634200,118376000000,850,false,1.93
"SZC",141139,"/Date(1703574673000)/",44850,1000,2633900,118362000000,850,false,1.93
"SZC",141139,"/Date(1703574673000)/",44850,200,2632900,118317000000,850,false,1.93
"SZC",141139,"/Date(1703574673000)/",44850,500,2632700,118308000000,850,false,1.93
"SZC",141139,"/Date(1703574673000)/",44850,1000,2632200,118286000000,850,false,1.93
"SZC",141139,"/Date(1703574673000)/",44850,100,2631200,118241000000,850,false,1.93
"SZC",141139,"/Date(1703574673000)/",44850,100,2631100,118237000000,850,false,1.93
"SZC",141139,"/Date(1703574673000)/",44850,100,2631000,118232000000,850,false,1.93
"SZC",141126,"/Date(1703574661000)/",44850,300,2630900,118228000000,850,true,1.93
"SZC",141126,"/Date(1703574660000)/",44850,100,2630600,118214000000,850,true,1.93
"SZC",141126,"/Date(1703574660000)/",44850,200,2630500,118210000000,850,true,1.93
"SZC",141126,"/Date(1703574660000)/",44850,200,2630300,118201000000,850,true,1.93
"SZC",141120,"/Date(1703574654000)/",44900,100,2630100,118192000000,900,false,2.05
"SZC",141120,"/Date(1703574654000)/",44900,500,2630000,118187000000,900,false,2.05
"SZC",141120,"/Date(1703574654000)/",44900,1000,2629500,118165000000,900,false,2.05
"SZC",141120,"/Date(1703574654000)/",44900,100,2628500,118120000000,900,false,2.05
"SZC",141120,"/Date(1703574654000)/",44900,1000,2628400,118115000000,900,false,2.05
"SZC",141120,"/Date(1703574654000)/",44900,1600,2627400,118070000000,900,false,2.05
"SZC",141114,"/Date(1703574648000)/",44900,500,2625800,117999000000,900,false,2.05
"SZC",141107,"/Date(1703574642000)/",44850,2000,2625300,117976000000,850,true,1.93
"SZC",141101,"/Date(1703574635000)/",44900,200,2623300,117887000000,900,false,2.05
"SZC",141051,"/Date(1703574626000)/",44900,200,2623100,117878000000,900,false,2.05
"SZC",141045,"/Date(1703574619000)/",44900,1900,2622900,117869000000,900,false,2.05
"SZC",141029,"/Date(1703574603000)/",44900,300,2621000,117783000000,900,false,2.05
"SZC",140937,"/Date(1703574552000)/",44850,200,2620700,117770000000,850,true,1.93
"SZC",140928,"/Date(1703574541000)/",44900,900,2620500,117761000000,900,false,2.05
"SZC",140915,"/Date(1703574529000)/",44900,300,2619600,117720000000,900,false,2.05
"SZC",140908,"/Date(1703574524000)/",44850,600,2619300,117707000000,850,true,1.93
"SZC",140908,"/Date(1703574524000)/",44850,100,2618700,117680000000,850,true,1.93
"SZC",140908,"/Date(1703574524000)/",44850,100,2618600,117676000000,850,true,1.93
"SZC",140908,"/Date(1703574524000)/",44850,500,2618500,117671000000,850,true,1.93
"SZC",140908,"/Date(1703574524000)/",44850,200,2618000,117649000000,850,true,1.93
"SZC",140905,"/Date(1703574520000)/",44850,500,2617800,117640000000,850,true,1.93
"SZC",140855,"/Date(1703574511000)/",44850,100,2617300,117617000000,850,true,1.93
"SZC",140855,"/Date(1703574510000)/",44850,400,2617200,117613000000,850,true,1.93
"SZC",140852,"/Date(1703574505000)/",44850,100,2616800,117595000000,850,true,1.93
"SZC",140852,"/Date(1703574505000)/",44850,300,2616700,117590000000,850,true,1.93
"SZC",140843,"/Date(1703574496000)/",44850,300,2616400,117577000000,850,false,1.93
"SZC",140839,"/Date(1703574495000)/",44850,100,2616100,117563000000,850,false,1.93
"SZC",140839,"/Date(1703574494000)/",44850,200,2616000,117559000000,850,false,1.93
"SZC",140833,"/Date(1703574486000)/",44850,1200,2615800,117550000000,850,true,1.93
"SZC",140830,"/Date(1703574484000)/",44850,1000,2614600,117496000000,850,true,1.93
"SZC",140827,"/Date(1703574482000)/",44850,500,2613600,117451000000,850,false,1.93
"SZC",140827,"/Date(1703574482000)/",44850,100,2613100,117429000000,850,false,1.93
"SZC",140827,"/Date(1703574482000)/",44850,900,2613000,117424000000,850,false,1.93
"SZC",140827,"/Date(1703574482000)/",44850,1300,2612100,117384000000,850,false,1.93
"SZC",140827,"/Date(1703574481000)/",44850,2500,2610800,117326000000,850,false,1.93
"SZC",140827,"/Date(1703574481000)/",44850,500,2608300,117214000000,850,false,1.93
"SZC",140820,"/Date(1703574475000)/",44800,500,2607800,117191000000,800,true,1.82
"SZC",140820,"/Date(1703574473000)/",44850,1000,2607300,117169000000,850,false,1.93
"SZC",140817,"/Date(1703574471000)/",44850,400,2606300,117124000000,850,false,1.93
"SZC",140751,"/Date(1703574446000)/",44850,100,2605900,117106000000,850,false,1.93
"SZC",140751,"/Date(1703574446000)/",44850,1500,2605800,117101000000,850,false,1.93
"SZC",140751,"/Date(1703574446000)/",44850,500,2604300,117034000000,850,false,1.93
"SZC",140748,"/Date(1703574443000)/",44850,300,2603800,117012000000,850,false,1.93
"SZC",140745,"/Date(1703574438000)/",44800,100,2603500,116998000000,800,true,1.82
"SZC",140745,"/Date(1703574438000)/",44800,500,2603400,116994000000,800,true,1.82
"SZC",140742,"/Date(1703574437000)/",44850,100,2602900,116971000000,850,false,1.93
"SZC",140735,"/Date(1703574431000)/",44850,1000,2602800,116967000000,850,false,1.93
"SZC",140726,"/Date(1703574419000)/",44850,100,2601800,116922000000,850,false,1.93
"SZC",140716,"/Date(1703574412000)/",44850,100,2601700,116918000000,850,false,1.93
"SZC",140703,"/Date(1703574398000)/",44850,500,2601600,116913000000,850,false,1.93
"SZC",140703,"/Date(1703574398000)/",44850,1000,2601100,116891000000,850,false,1.93
"SZC",140703,"/Date(1703574398000)/",44850,200,2600100,116846000000,850,false,1.93
"SZC",140703,"/Date(1703574398000)/",44850,400,2599900,116837000000,850,false,1.93
"SZC",140703,"/Date(1703574397000)/",44850,100,2599500,116819000000,850,false,1.93
"SZC",140703,"/Date(1703574396000)/",44850,1000,2599400,116814000000,850,false,1.93
"SZC",140654,"/Date(1703574389000)/",44850,100,2598400,116770000000,850,true,1.93
"SZC",140650,"/Date(1703574386000)/",44850,2200,2598300,116765000000,850,true,1.93
"SZC",140650,"/Date(1703574383000)/",44850,1100,2596100,116666000000,850,true,1.93
"SZC",140647,"/Date(1703574382000)/",44900,4100,2595000,116617000000,900,false,2.05
"SZC",140647,"/Date(1703574382000)/",44900,1900,2590900,116433000000,900,false,2.05
"SZC",140638,"/Date(1703574371000)/",44900,100,2589000,116348000000,900,false,2.05
"SZC",140634,"/Date(1703574369000)/",44850,100,2588900,116343000000,850,true,1.93
"SZC",140612,"/Date(1703574345000)/",44800,1400,2588800,116339000000,800,true,1.82
"SZC",140612,"/Date(1703574345000)/",44850,100,2587400,116276000000,850,false,1.93
"SZC",140612,"/Date(1703574345000)/",44850,400,2587300,116272000000,850,false,1.93
"SZC",140612,"/Date(1703574345000)/",44850,100,2586900,116254000000,850,false,1.93
"SZC",140543,"/Date(1703574319000)/",44850,500,2586800,116249000000,850,false,1.93
"SZC",140543,"/Date(1703574318000)/",44800,100,2586300,116227000000,800,true,1.82
"SZC",140540,"/Date(1703574315000)/",44800,300,2586200,116222000000,800,true,1.82
"SZC",140540,"/Date(1703574315000)/",44800,1600,2585900,116209000000,800,true,1.82
"SZC",140540,"/Date(1703574315000)/",44800,500,2584300,116137000000,800,true,1.82
"SZC",140540,"/Date(1703574315000)/",44800,200,2583800,116115000000,800,true,1.82
"SZC",140540,"/Date(1703574315000)/",44800,200,2583600,116106000000,800,true,1.82
"SZC",140540,"/Date(1703574315000)/",44800,1000,2583400,116097000000,800,true,1.82
"SZC",140540,"/Date(1703574315000)/",44800,1000,2582400,116052000000,800,true,1.82
"SZC",140540,"/Date(1703574315000)/",44800,100,2581400,116007000000,800,true,1.82
"SZC",140540,"/Date(1703574315000)/",44800,100,2581300,116003000000,800,true,1.82
"SZC",140534,"/Date(1703574308000)/",44800,100,2581200,115998000000,800,true,1.82
"SZC",140534,"/Date(1703574308000)/",44800,500,2581100,115994000000,800,true,1.82
"SZC",140527,"/Date(1703574301000)/",44800,500,2580600,115971000000,800,true,1.82
"SZC",140527,"/Date(1703574301000)/",44800,1500,2580100,115949000000,800,true,1.82
"SZC",140524,"/Date(1703574298000)/",44850,200,2578600,115882000000,850,false,1.93
"SZC",140524,"/Date(1703574298000)/",44850,300,2578400,115873000000,850,false,1.93
"SZC",140524,"/Date(1703574297000)/",44850,700,2578100,115859000000,850,false,1.93
"SZC",140521,"/Date(1703574297000)/",44850,600,2577400,115828000000,850,true,1.93
"SZC",140518,"/Date(1703574292000)/",44850,1000,2576800,115801000000,850,true,1.93
"SZC",140518,"/Date(1703574291000)/",44850,1000,2575800,115756000000,850,true,1.93
"SZC",140514,"/Date(1703574290000)/",44850,500,2574800,115711000000,850,true,1.93
"SZC",140511,"/Date(1703574287000)/",44850,600,2574300,115689000000,850,true,1.93
"SZC",140511,"/Date(1703574285000)/",44850,300,2573700,115662000000,850,true,1.93
"SZC",140511,"/Date(1703574285000)/",44850,100,2573400,115649000000,850,true,1.93
"SZC",140511,"/Date(1703574285000)/",44850,2600,2573300,115644000000,850,true,1.93
"SZC",140508,"/Date(1703574283000)/",44850,1000,2570700,115527000000,850,true,1.93
"SZC",140458,"/Date(1703574271000)/",44850,400,2569700,115483000000,850,true,1.93
"SZC",140458,"/Date(1703574271000)/",44850,1600,2569300,115465000000,850,true,1.93
"SZC",140458,"/Date(1703574271000)/",44850,300,2567700,115393000000,850,true,1.93
"SZC",140458,"/Date(1703574271000)/",44850,500,2567400,115379000000,850,true,1.93
"SZC",140458,"/Date(1703574271000)/",44850,200,2566900,115357000000,850,true,1.93
"SZC",140458,"/Date(1703574271000)/",44850,2000,2566700,115348000000,850,true,1.93
"SZC",140455,"/Date(1703574270000)/",44850,400,2564700,115258000000,850,true,1.93
"SZC",140449,"/Date(1703574265000)/",44850,400,2564300,115240000000,850,true,1.93
"SZC",140449,"/Date(1703574262000)/",44850,200,2563900,115222000000,850,true,1.93
"SZC",140446,"/Date(1703574261000)/",44900,300,2563700,115213000000,900,false,2.05
"SZC",140433,"/Date(1703574248000)/",44900,200,2563400,115200000000,900,false,2.05
"SZC",140420,"/Date(1703574233000)/",44900,100,2563200,115191000000,900,false,2.05
"SZC",140410,"/Date(1703574225000)/",44900,800,2563100,115187000000,900,true,2.05
"SZC",140410,"/Date(1703574225000)/",44900,5000,2562300,115151000000,900,true,2.05
"SZC",140410,"/Date(1703574225000)/",44900,100,2557300,114926000000,900,true,2.05
"SZC",140410,"/Date(1703574225000)/",44900,100,2557200,114922000000,900,true,2.05
"SZC",140410,"/Date(1703574225000)/",44900,1000,2557100,114917000000,900,true,2.05
"SZC",140410,"/Date(1703574225000)/",44900,100,2556100,114872000000,900,true,2.05
"SZC",140410,"/Date(1703574225000)/",44900,600,2556000,114868000000,900,true,2.05
"SZC",140410,"/Date(1703574224000)/",44900,1400,2555400,114841000000,900,true,2.05
"SZC",140410,"/Date(1703574224000)/",44900,500,2554000,114778000000,900,true,2.05
"SZC",140410,"/Date(1703574224000)/",44900,200,2553500,114755000000,900,true,2.05
"SZC",140410,"/Date(1703574224000)/",44900,2900,2553300,114747000000,900,true,2.05
"SZC",140407,"/Date(1703574223000)/",44900,100,2550400,114616000000,900,true,2.05
"SZC",140407,"/Date(1703574223000)/",44900,100,2550300,114612000000,900,true,2.05
"SZC",140407,"/Date(1703574223000)/",44900,2800,2550200,114607000000,900,true,2.05
"SZC",140407,"/Date(1703574222000)/",44900,100,2547400,114482000000,900,true,2.05
"SZC",140404,"/Date(1703574219000)/",44900,2000,2547300,114477000000,900,true,2.05
"SZC",140358,"/Date(1703574212000)/",44900,500,2545300,114387000000,900,true,2.05
"SZC",140358,"/Date(1703574212000)/",44900,100,2544800,114365000000,900,true,2.05
"SZC",140358,"/Date(1703574212000)/",44900,100,2544700,114360000000,900,true,2.05
"SZC",140345,"/Date(1703574199000)/",44950,200,2544600,114356000000,950,false,2.16
"SZC",140325,"/Date(1703574181000)/",44950,600,2544400,114347000000,950,false,2.16
"SZC",140325,"/Date(1703574181000)/",44950,400,2543800,114320000000,950,false,2.16
"SZC",140313,"/Date(1703574168000)/",44950,100,2543400,114302000000,950,false,2.16
"SZC",140309,"/Date(1703574164000)/",44950,100,2543300,114297000000,950,false,2.16
"SZC",140300,"/Date(1703574154000)/",44950,500,2543200,114293000000,950,false,2.16
"SZC",140250,"/Date(1703574146000)/",44950,100,2542700,114270000000,950,true,2.16
"SZC",140250,"/Date(1703574146000)/",44950,200,2542600,114266000000,950,true,2.16
"SZC",140250,"/Date(1703574146000)/",44950,1000,2542400,114257000000,950,true,2.16
"SZC",140250,"/Date(1703574146000)/",44950,100,2541400,114212000000,950,true,2.16
"SZC",140247,"/Date(1703574141000)/",45000,200,2541300,114208000000,1000,false,2.27
"SZC",140247,"/Date(1703574141000)/",45000,2800,2541100,114199000000,1000,false,2.27
"SZC",140244,"/Date(1703574139000)/",44950,100,2538300,114073000000,950,true,2.16
"SZC",140244,"/Date(1703574139000)/",44950,200,2538200,114068000000,950,true,2.16
"SZC",140244,"/Date(1703574139000)/",44950,100,2538000,114059000000,950,true,2.16
"SZC",140244,"/Date(1703574139000)/",44950,100,2537900,114055000000,950,true,2.16
"SZC",140244,"/Date(1703574138000)/",44950,100,2537800,114050000000,950,true,2.16
"SZC",140244,"/Date(1703574138000)/",44950,100,2537700,114046000000,950,true,2.16
"SZC",140244,"/Date(1703574138000)/",44950,200,2537600,114041000000,950,true,2.16
"SZC",140244,"/Date(1703574138000)/",44950,200,2537400,114032000000,950,true,2.16
"SZC",140244,"/Date(1703574138000)/",44950,100,2537200,114023000000,950,true,2.16
"SZC",140244,"/Date(1703574138000)/",44950,500,2537100,114019000000,950,true,2.16
"SZC",140244,"/Date(1703574138000)/",44950,200,2536600,113996000000,950,true,2.16
"SZC",140234,"/Date(1703574129000)/",44950,100,2536400,113987000000,950,true,2.16
"SZC",140218,"/Date(1703574114000)/",44950,3000,2536300,113983000000,950,true,2.16
"SZC",140215,"/Date(1703574110000)/",44950,400,2533300,113848000000,950,true,2.16
"SZC",140205,"/Date(1703574100000)/",44950,1000,2532900,113830000000,950,true,2.16
"SZC",140133,"/Date(1703574066000)/",45000,1000,2531900,113785000000,1000,true,2.27
"SZC",140133,"/Date(1703574066000)/",45000,500,2530900,113740000000,1000,true,2.27
"SZC",140130,"/Date(1703574066000)/",45000,100,2530400,113717000000,1000,true,2.27
"SZC",140130,"/Date(1703574066000)/",45000,300,2530300,113713000000,1000,true,2.27
"SZC",140130,"/Date(1703574066000)/",45000,300,2530000,113699000000,1000,true,2.27
"SZC",140130,"/Date(1703574066000)/",45000,100,2529700,113686000000,1000,true,2.27
"SZC",140130,"/Date(1703574066000)/",45000,4000,2529600,113681000000,1000,true,2.27
"SZC",140130,"/Date(1703574066000)/",45000,300,2525600,113501000000,1000,true,2.27
"SZC",140130,"/Date(1703574066000)/",45000,400,2525300,113488000000,1000,true,2.27
"SZC",140130,"/Date(1703574066000)/",45000,200,2524900,113470000000,1000,true,2.27
"SZC",140124,"/Date(1703574057000)/",45000,1500,2524700,113461000000,1000,true,2.27
"SZC",140114,"/Date(1703574049000)/",45000,300,2523200,113393000000,1000,true,2.27
"SZC",140114,"/Date(1703574049000)/",45000,200,2522900,113380000000,1000,true,2.27
"SZC",140114,"/Date(1703574049000)/",45000,100,2522700,113371000000,1000,true,2.27
"SZC",140114,"/Date(1703574049000)/",45000,100,2522600,113366000000,1000,true,2.27
"SZC",140114,"/Date(1703574049000)/",45000,200,2522500,113362000000,1000,true,2.27
"SZC",140114,"/Date(1703574049000)/",45000,200,2522300,113353000000,1000,true,2.27
"SZC",140114,"/Date(1703574049000)/",45000,100,2522100,113344000000,1000,true,2.27
"SZC",140114,"/Date(1703574049000)/",45000,100,2522000,113339000000,1000,true,2.27
"SZC",140111,"/Date(1703574047000)/",45000,100,2521900,113335000000,1000,true,2.27
"SZC",140111,"/Date(1703574047000)/",45000,200,2521800,113330000000,1000,true,2.27
"SZC",140111,"/Date(1703574047000)/",45000,100,2521600,113321000000,1000,true,2.27
"SZC",140111,"/Date(1703574047000)/",45000,1800,2521500,113317000000,1000,true,2.27
"SZC",140111,"/Date(1703574047000)/",45000,800,2519700,113236000000,1000,true,2.27
"SZC",140105,"/Date(1703574040000)/",45000,1100,2518900,113200000000,1000,true,2.27
"SZC",140105,"/Date(1703574040000)/",45000,1000,2517800,113150000000,1000,true,2.27
"SZC",140105,"/Date(1703574040000)/",45000,500,2516800,113105000000,1000,true,2.27
"SZC",140105,"/Date(1703574040000)/",45000,300,2516300,113083000000,1000,true,2.27
"SZC",140105,"/Date(1703574040000)/",45000,100,2516000,113069000000,1000,true,2.27
"SZC",140101,"/Date(1703574036000)/",45000,400,2515900,113065000000,1000,true,2.27
"SZC",140101,"/Date(1703574036000)/",45000,300,2515500,113047000000,1000,true,2.27
"SZC",140101,"/Date(1703574036000)/",45000,500,2515200,113033000000,1000,true,2.27
"SZC",140058,"/Date(1703574032000)/",45000,200,2514700,113011000000,1000,true,2.27
"SZC",140058,"/Date(1703574032000)/",45000,100,2514500,113002000000,1000,true,2.27
"SZC",140058,"/Date(1703574032000)/",45000,2000,2514400,112997000000,1000,true,2.27
"SZC",140058,"/Date(1703574032000)/",45000,100,2512400,112907000000,1000,true,2.27
"SZC",140058,"/Date(1703574032000)/",45000,100,2512300,112903000000,1000,true,2.27
"SZC",140058,"/Date(1703574032000)/",45000,1200,2512200,112898000000,1000,true,2.27
"SZC",140058,"/Date(1703574032000)/",45000,1000,2511000,112844000000,1000,true,2.27
"SZC",140058,"/Date(1703574032000)/",45000,800,2510000,112799000000,1000,true,2.27
"SZC",140058,"/Date(1703574032000)/",45000,400,2509200,112763000000,1000,true,2.27
"SZC",140058,"/Date(1703574032000)/",45000,3800,2508800,112745000000,1000,true,2.27
"SZC",140055,"/Date(1703574028000)/",45000,1200,2505000,112574000000,1000,true,2.27
"SZC",140055,"/Date(1703574028000)/",45000,100,2503800,112520000000,1000,true,2.27
"SZC",140055,"/Date(1703574028000)/",45000,300,2503700,112516000000,1000,true,2.27
"SZC",140042,"/Date(1703574017000)/",45000,700,2503400,112502000000,1000,true,2.27
"SZC",140042,"/Date(1703574017000)/",45000,1000,2502700,112471000000,1000,true,2.27
"SZC",140042,"/Date(1703574017000)/",45000,1000,2501700,112426000000,1000,true,2.27
"SZC",140042,"/Date(1703574017000)/",45000,200,2500700,112381000000,1000,true,2.27
"SZC",140042,"/Date(1703574017000)/",45000,1100,2500500,112372000000,1000,true,2.27
"SZC",140033,"/Date(1703574007000)/",45000,100,2499400,112322000000,1000,true,2.27
"SZC",140033,"/Date(1703574007000)/",45000,200,2499300,112318000000,1000,true,2.27
"SZC",140033,"/Date(1703574007000)/",45000,1000,2499100,112309000000,1000,true,2.27
"SZC",140033,"/Date(1703574007000)/",45000,500,2498100,112264000000,1000,true,2.27
"SZC",140033,"/Date(1703574007000)/",45000,100,2497600,112241000000,1000,true,2.27
"SZC",140033,"/Date(1703574007000)/",45000,100,2497500,112237000000,1000,true,2.27
"SZC",140017,"/Date(1703573992000)/",45000,100,2497400,112232000000,1000,true,2.27
"SZC",140017,"/Date(1703573992000)/",45000,200,2497300,112228000000,1000,true,2.27
"SZC",140017,"/Date(1703573992000)/",45000,200,2497100,112219000000,1000,true,2.27
"SZC",140017,"/Date(1703573992000)/",45000,500,2496900,112210000000,1000,true,2.27
"SZC",140001,"/Date(1703573976000)/",45000,200,2496400,112187000000,1000,true,2.27
"SZC",140001,"/Date(1703573976000)/",45000,100,2496200,112178000000,1000,true,2.27
"SZC",140001,"/Date(1703573976000)/",45000,1000,2496100,112174000000,1000,true,2.27
"SZC",140001,"/Date(1703573976000)/",45000,400,2495100,112129000000,1000,true,2.27
"SZC",140001,"/Date(1703573976000)/",45000,100,2494700,112111000000,1000,true,2.27
"SZC",140001,"/Date(1703573976000)/",45000,200,2494600,112106000000,1000,true,2.27
"SZC",140001,"/Date(1703573975000)/",45000,100,2494400,112097000000,1000,true,2.27
"SZC",135951,"/Date(1703573964000)/",45000,100,2494300,112093000000,1000,true,2.27
"SZC",135951,"/Date(1703573964000)/",45000,100,2494200,112088000000,1000,true,2.27
"SZC",135948,"/Date(1703573963000)/",45050,4000,2494100,112084000000,1050,false,2.39
"SZC",135932,"/Date(1703573946000)/",45000,500,2490100,111904000000,1000,true,2.27
"SZC",135913,"/Date(1703573927000)/",45050,2000,2489600,111881000000,1050,false,2.39
"SZC",135850,"/Date(1703573907000)/",45050,700,2487600,111791000000,1050,false,2.39
"SZC",135850,"/Date(1703573904000)/",45050,400,2486900,111760000000,1050,false,2.39
"SZC",135834,"/Date(1703573888000)/",45050,100,2486500,111742000000,1050,false,2.39
"SZC",135828,"/Date(1703573883000)/",45050,200,2486400,111737000000,1050,false,2.39
"SZC",135812,"/Date(1703573868000)/",45050,200,2486200,111728000000,1050,false,2.39
"SZC",135809,"/Date(1703573865000)/",45000,400,2486000,111719000000,1000,true,2.27
"SZC",135802,"/Date(1703573858000)/",45050,1000,2485600,111701000000,1050,false,2.39
"SZC",135756,"/Date(1703573851000)/",45050,100,2484600,111656000000,1050,false,2.39
"SZC",135753,"/Date(1703573849000)/",45050,6000,2484500,111651000000,1050,true,2.39
"SZC",135743,"/Date(1703573836000)/",45050,500,2478500,111381000000,1050,false,2.39
"SZC",135743,"/Date(1703573836000)/",45050,4000,2478000,111359000000,1050,false,2.39
"SZC",135743,"/Date(1703573836000)/",45050,5000,2474000,111178000000,1050,false,2.39
"SZC",135743,"/Date(1703573836000)/",45050,200,2469000,110953000000,1050,false,2.39
"SZC",135743,"/Date(1703573836000)/",45050,600,2468800,110944000000,1050,false,2.39
"SZC",135743,"/Date(1703573836000)/",45050,200,2468200,110917000000,1050,false,2.39
"SZC",135743,"/Date(1703573836000)/",45050,3500,2468000,110908000000,1050,false,2.39
"SZC",135720,"/Date(1703573816000)/",45050,700,2464500,110750000000,1050,false,2.39
"SZC",135720,"/Date(1703573814000)/",45050,600,2463800,110719000000,1050,false,2.39
"SZC",135714,"/Date(1703573810000)/",45050,200,2463200,110692000000,1050,false,2.39
"SZC",135711,"/Date(1703573805000)/",45050,300,2463000,110683000000,1050,false,2.39
"SZC",135658,"/Date(1703573793000)/",45050,300,2462700,110669000000,1050,false,2.39
"SZC",135645,"/Date(1703573782000)/",45000,500,2462400,110656000000,1000,true,2.27
"SZC",135645,"/Date(1703573782000)/",45000,2000,2461900,110633000000,1000,true,2.27
"SZC",135645,"/Date(1703573782000)/",45000,500,2459900,110543000000,1000,true,2.27
"SZC",135645,"/Date(1703573782000)/",45000,200,2459400,110521000000,1000,true,2.27
"SZC",135645,"/Date(1703573782000)/",45000,5000,2459200,110512000000,1000,true,2.27
"SZC",135645,"/Date(1703573782000)/",45000,1800,2454200,110287000000,1000,true,2.27
"SZC",135639,"/Date(1703573774000)/",45000,2200,2452400,110206000000,1000,true,2.27
"SZC",135639,"/Date(1703573774000)/",45000,500,2450200,110107000000,1000,true,2.27
"SZC",135639,"/Date(1703573774000)/",45000,1000,2449700,110084000000,1000,true,2.27
"SZC",135639,"/Date(1703573774000)/",45000,300,2448700,110039000000,1000,true,2.27
"SZC",135629,"/Date(1703573763000)/",45050,900,2448400,110026000000,1050,false,2.39
"SZC",135629,"/Date(1703573763000)/",45050,2100,2447500,109985000000,1050,false,2.39
"SZC",135620,"/Date(1703573754000)/",45000,700,2445400,109891000000,1000,true,2.27
"SZC",135616,"/Date(1703573751000)/",45050,300,2444700,109859000000,1050,false,2.39
"SZC",135604,"/Date(1703573738000)/",45050,300,2444400,109846000000,1050,false,2.39
"SZC",135600,"/Date(1703573737000)/",45050,300,2444100,109832000000,1050,false,2.39
"SZC",135600,"/Date(1703573737000)/",45050,800,2443800,109819000000,1050,false,2.39
"SZC",135551,"/Date(1703573726000)/",45050,100,2443000,109783000000,1050,false,2.39
"SZC",135528,"/Date(1703573704000)/",45050,3000,2442900,109778000000,1050,false,2.39
"SZC",135516,"/Date(1703573691000)/",45050,300,2439900,109643000000,1050,false,2.39
"SZC",135512,"/Date(1703573688000)/",45050,900,2439600,109629000000,1050,false,2.39
"SZC",135512,"/Date(1703573686000)/",45050,100,2438700,109589000000,1050,false,2.39
"SZC",135506,"/Date(1703573680000)/",45050,6300,2438600,109584000000,1050,true,2.39
"SZC",135506,"/Date(1703573680000)/",45050,1000,2432300,109301000000,1050,true,2.39
"SZC",135503,"/Date(1703573678000)/",45050,2700,2431300,109255000000,1050,true,2.39
"SZC",135503,"/Date(1703573678000)/",45050,1000,2428600,109134000000,1050,true,2.39
"SZC",135503,"/Date(1703573678000)/",45050,100,2427600,109089000000,1050,true,2.39
"SZC",135503,"/Date(1703573678000)/",45050,1200,2427500,109084000000,1050,true,2.39
"SZC",135456,"/Date(1703573671000)/",45050,100,2426300,109030000000,1050,true,2.39
"SZC",135456,"/Date(1703573670000)/",45050,100,2426200,109026000000,1050,true,2.39
"SZC",135440,"/Date(1703573655000)/",45050,300,2426100,109021000000,1050,true,2.39
"SZC",135440,"/Date(1703573655000)/",45050,700,2425800,109008000000,1050,true,2.39
"SZC",135437,"/Date(1703573653000)/",45050,1000,2425100,108976000000,1050,true,2.39
"SZC",135415,"/Date(1703573629000)/",45050,500,2424100,108931000000,1050,true,2.39
"SZC",135412,"/Date(1703573628000)/",45050,1000,2423600,108909000000,1050,true,2.39
"SZC",135412,"/Date(1703573627000)/",45050,100,2422600,108864000000,1050,true,2.39
"SZC",135408,"/Date(1703573624000)/",45050,5000,2422500,108859000000,1050,true,2.39
"SZC",135343,"/Date(1703573599000)/",45050,900,2417500,108634000000,1050,true,2.39
"SZC",135308,"/Date(1703573563000)/",45050,400,2416600,108593000000,1050,true,2.39
"SZC",135255,"/Date(1703573549000)/",45050,200,2416200,108575000000,1050,true,2.39
"SZC",135223,"/Date(1703573517000)/",45050,200,2416000,108566000000,1050,true,2.39
"SZC",135223,"/Date(1703573517000)/",45050,100,2415800,108557000000,1050,true,2.39
"SZC",135213,"/Date(1703573507000)/",45050,100,2415700,108553000000,1050,true,2.39
"SZC",135213,"/Date(1703573507000)/",45050,100,2415600,108548000000,1050,true,2.39
"SZC",135213,"/Date(1703573507000)/",45050,800,2415500,108544000000,1050,true,2.39
"SZC",135157,"/Date(1703573491000)/",45100,600,2414700,108508000000,1100,false,2.5
"SZC",135157,"/Date(1703573491000)/",45100,100,2414100,108481000000,1100,false,2.5
"SZC",135157,"/Date(1703573491000)/",45100,100,2414000,108476000000,1100,false,2.5
"SZC",135157,"/Date(1703573491000)/",45100,1000,2413900,108472000000,1100,false,2.5
"SZC",135157,"/Date(1703573491000)/",45100,900,2412900,108426000000,1100,false,2.5
"SZC",135157,"/Date(1703573491000)/",45100,300,2412000,108386000000,1100,false,2.5
"SZC",135154,"/Date(1703573489000)/",45050,400,2411700,108372000000,1050,true,2.39
"SZC",135154,"/Date(1703573489000)/",45050,500,2411300,108354000000,1050,true,2.39
"SZC",135154,"/Date(1703573489000)/",45050,100,2410800,108332000000,1050,true,2.39
"SZC",135154,"/Date(1703573489000)/",45050,500,2410700,108327000000,1050,true,2.39
"SZC",135154,"/Date(1703573489000)/",45050,5000,2410200,108305000000,1050,true,2.39
"SZC",135154,"/Date(1703573489000)/",45050,100,2405200,108080000000,1050,true,2.39
"SZC",135154,"/Date(1703573489000)/",45050,1000,2405100,108075000000,1050,true,2.39
"SZC",135154,"/Date(1703573489000)/",45050,300,2404100,108030000000,1050,true,2.39
"SZC",135147,"/Date(1703573483000)/",45050,200,2403800,108016000000,1050,true,2.39
"SZC",135135,"/Date(1703573469000)/",45050,100,2403600,108007000000,1050,true,2.39
"SZC",135122,"/Date(1703573456000)/",45050,400,2403500,108003000000,1050,true,2.39
"SZC",135122,"/Date(1703573456000)/",45050,1400,2403100,107985000000,1050,true,2.39
"SZC",135122,"/Date(1703573456000)/",45050,100,2401700,107922000000,1050,true,2.39
"SZC",135122,"/Date(1703573456000)/",45050,100,2401600,107917000000,1050,true,2.39
"SZC",135122,"/Date(1703573456000)/",45050,100,2401500,107913000000,1050,true,2.39
"SZC",135122,"/Date(1703573456000)/",45050,100,2401400,107908000000,1050,true,2.39
"SZC",135122,"/Date(1703573456000)/",45050,300,2401300,107904000000,1050,true,2.39
"SZC",135119,"/Date(1703573454000)/",45050,700,2401000,107890000000,1050,true,2.39
"SZC",135119,"/Date(1703573454000)/",45050,100,2400300,107859000000,1050,true,2.39
"SZC",135119,"/Date(1703573454000)/",45050,200,2400200,107854000000,1050,true,2.39
"SZC",135119,"/Date(1703573454000)/",45100,500,2400000,107845000000,1100,false,2.5
"SZC",135119,"/Date(1703573454000)/",45100,500,2399500,107823000000,1100,false,2.5
"SZC",135116,"/Date(1703573450000)/",45050,200,2399000,107800000000,1050,true,2.39
"SZC",135056,"/Date(1703573433000)/",45050,800,2398800,107791000000,1050,true,2.39
"SZC",135056,"/Date(1703573433000)/",45050,100,2398000,107755000000,1050,true,2.39
"SZC",135056,"/Date(1703573433000)/",45050,100,2397900,107751000000,1050,true,2.39
"SZC",135056,"/Date(1703573433000)/",45050,400,2397800,107746000000,1050,true,2.39
"SZC",135056,"/Date(1703573431000)/",45100,200,2397400,107728000000,1100,false,2.5
"SZC",135053,"/Date(1703573429000)/",45050,5000,2397200,107719000000,1050,true,2.39
"SZC",135044,"/Date(1703573417000)/",45100,200,2392200,107494000000,1100,false,2.5
"SZC",135018,"/Date(1703573394000)/",45050,500,2392000,107485000000,1050,true,2.39
"SZC",135005,"/Date(1703573380000)/",45100,100,2391500,107462000000,1100,false,2.5
"SZC",135005,"/Date(1703573380000)/",45100,100,2391400,107458000000,1100,false,2.5
"SZC",135002,"/Date(1703573378000)/",45100,100,2391300,107453000000,1100,false,2.5
"SZC",135002,"/Date(1703573378000)/",45100,400,2391200,107449000000,1100,false,2.5
"SZC",134949,"/Date(1703573364000)/",45100,100,2390800,107431000000,1100,false,2.5
"SZC",134940,"/Date(1703573354000)/",45100,700,2390700,107426000000,1100,false,2.5
"SZC",134936,"/Date(1703573353000)/",45100,300,2390000,107395000000,1100,false,2.5
"SZC",134936,"/Date(1703573353000)/",45100,1000,2389700,107381000000,1100,false,2.5
"SZC",134936,"/Date(1703573353000)/",45100,900,2388700,107336000000,1100,false,2.5
"SZC",134917,"/Date(1703573333000)/",45100,1800,2387800,107295000000,1100,false,2.5
"SZC",134917,"/Date(1703573331000)/",45050,4100,2386000,107214000000,1050,true,2.39
"SZC",134917,"/Date(1703573331000)/",45050,100,2381900,107030000000,1050,true,2.39
"SZC",134845,"/Date(1703573299000)/",45100,500,2381800,107025000000,1100,false,2.5
"SZC",134839,"/Date(1703573295000)/",45100,400,2381300,107002000000,1100,true,2.5
"SZC",134839,"/Date(1703573295000)/",45100,1000,2380900,106984000000,1100,true,2.5
"SZC",134839,"/Date(1703573295000)/",45100,1500,2379900,106939000000,1100,true,2.5
"SZC",134839,"/Date(1703573295000)/",45100,200,2378400,106872000000,1100,true,2.5
"SZC",134839,"/Date(1703573295000)/",45100,1000,2378200,106863000000,1100,true,2.5
"SZC",134839,"/Date(1703573295000)/",45100,200,2377200,106818000000,1100,true,2.5
"SZC",134839,"/Date(1703573295000)/",45100,500,2377000,106809000000,1100,true,2.5
"SZC",134839,"/Date(1703573295000)/",45100,200,2376500,106786000000,1100,true,2.5
"SZC",134839,"/Date(1703573295000)/",45100,100,2376300,106777000000,1100,true,2.5
"SZC",134839,"/Date(1703573295000)/",45100,2000,2376200,106772000000,1100,true,2.5
"SZC",134839,"/Date(1703573295000)/",45100,100,2374200,106682000000,1100,true,2.5
"SZC",134839,"/Date(1703573295000)/",45100,5000,2374100,106678000000,1100,true,2.5
"SZC",134839,"/Date(1703573295000)/",45100,100,2369100,106452000000,1100,true,2.5
"SZC",134839,"/Date(1703573295000)/",45100,3000,2369000,106448000000,1100,true,2.5
"SZC",134839,"/Date(1703573295000)/",45100,10000,2366000,106312000000,1100,true,2.5
"SZC",134839,"/Date(1703573295000)/",45100,100,2356000,105861000000,1100,true,2.5
"SZC",134839,"/Date(1703573295000)/",45100,1400,2355900,105857000000,1100,true,2.5
"SZC",134836,"/Date(1703573292000)/",45100,100,2354500,105794000000,1100,true,2.5
"SZC",134826,"/Date(1703573280000)/",45100,700,2354400,105789000000,1100,true,2.5
"SZC",134816,"/Date(1703573271000)/",45100,2200,2353700,105758000000,1100,true,2.5
"SZC",134807,"/Date(1703573262000)/",45150,300,2351500,105658000000,1150,false,2.61
"SZC",134803,"/Date(1703573258000)/",45100,300,2351200,105645000000,1100,true,2.5
"SZC",134803,"/Date(1703573258000)/",45100,1700,2350900,105631000000,1100,true,2.5
"SZC",134757,"/Date(1703573254000)/",45100,300,2349200,105555000000,1100,true,2.5
"SZC",134757,"/Date(1703573254000)/",45100,400,2348900,105541000000,1100,true,2.5
"SZC",134738,"/Date(1703573234000)/",45150,300,2348500,105523000000,1150,false,2.61
"SZC",134731,"/Date(1703573226000)/",45150,2500,2348200,105510000000,1150,false,2.61
"SZC",134659,"/Date(1703573196000)/",45150,1700,2345700,105397000000,1150,false,2.61
"SZC",134605,"/Date(1703573140000)/",45150,300,2344000,105320000000,1150,false,2.61
"SZC",134552,"/Date(1703573129000)/",45150,200,2343700,105306000000,1150,true,2.61
"SZC",134552,"/Date(1703573127000)/",45150,4500,2343500,105297000000,1150,true,2.61
"SZC",134543,"/Date(1703573118000)/",45150,100,2339000,105094000000,1150,true,2.61
"SZC",134536,"/Date(1703573113000)/",45150,100,2338900,105090000000,1150,false,2.61
"SZC",134536,"/Date(1703573113000)/",45150,1000,2338800,105085000000,1150,false,2.61
"SZC",134536,"/Date(1703573113000)/",45150,200,2337800,105040000000,1150,false,2.61
"SZC",134536,"/Date(1703573113000)/",45150,100,2337600,105031000000,1150,false,2.61
"SZC",134536,"/Date(1703573113000)/",45150,500,2337500,105027000000,1150,false,2.61
"SZC",134536,"/Date(1703573113000)/",45150,3500,2337000,105004000000,1150,false,2.61
"SZC",134530,"/Date(1703573105000)/",45150,1000,2333500,104846000000,1150,false,2.61
"SZC",134458,"/Date(1703573074000)/",45150,500,2332500,104801000000,1150,false,2.61
"SZC",134458,"/Date(1703573074000)/",45150,300,2332000,104778000000,1150,false,2.61
"SZC",134458,"/Date(1703573074000)/",45150,100,2331700,104765000000,1150,false,2.61
"SZC",134458,"/Date(1703573074000)/",45150,4100,2331600,104760000000,1150,false,2.61
"SZC",134445,"/Date(1703573061000)/",45150,1000,2327500,104575000000,1150,false,2.61
"SZC",134435,"/Date(1703573050000)/",45100,300,2326500,104530000000,1100,true,2.5
"SZC",134435,"/Date(1703573050000)/",45100,2300,2326200,104516000000,1100,true,2.5
"SZC",134435,"/Date(1703573050000)/",45100,300,2323900,104413000000,1100,true,2.5
"SZC",134435,"/Date(1703573050000)/",45100,400,2323600,104399000000,1100,true,2.5
"SZC",134407,"/Date(1703573021000)/",45150,300,2323200,104381000000,1150,false,2.61
"SZC",134403,"/Date(1703573018000)/",45150,1000,2322900,104368000000,1150,false,2.61
"SZC",134341,"/Date(1703572996000)/",45150,100,2321900,104322000000,1150,false,2.61
"SZC",134338,"/Date(1703572992000)/",45150,1000,2321800,104318000000,1150,false,2.61
"SZC",134325,"/Date(1703572979000)/",45150,200,2320800,104273000000,1150,false,2.61
"SZC",134312,"/Date(1703572966000)/",45100,100,2320600,104264000000,1100,true,2.5
"SZC",134250,"/Date(1703572945000)/",45100,100,2320500,104259000000,1100,true,2.5
"SZC",134250,"/Date(1703572945000)/",45100,100,2320400,104255000000,1100,true,2.5
"SZC",134237,"/Date(1703572932000)/",45150,100,2320300,104250000000,1150,false,2.61
"SZC",134218,"/Date(1703572914000)/",45150,300,2320200,104246000000,1150,false,2.61
"SZC",134155,"/Date(1703572891000)/",45150,300,2319900,104232000000,1150,false,2.61
"SZC",134155,"/Date(1703572891000)/",45150,1600,2319600,104219000000,1150,false,2.61
"SZC",134155,"/Date(1703572891000)/",45150,400,2318000,104146000000,1150,false,2.61
"SZC",134155,"/Date(1703572891000)/",45150,2000,2317600,104128000000,1150,false,2.61
"SZC",134155,"/Date(1703572891000)/",45150,4000,2315600,104038000000,1150,false,2.61
"SZC",134127,"/Date(1703572861000)/",45150,1000,2311600,103857000000,1150,false,2.61
"SZC",134123,"/Date(1703572859000)/",45150,500,2310600,103812000000,1150,true,2.61
"SZC",134114,"/Date(1703572849000)/",45150,1500,2310100,103790000000,1150,true,2.61
"SZC",134023,"/Date(1703572800000)/",45150,200,2308600,103722000000,1150,true,2.61
"SZC",134023,"/Date(1703572800000)/",45150,600,2308400,103713000000,1150,true,2.61
"SZC",134023,"/Date(1703572800000)/",45150,500,2307800,103686000000,1150,true,2.61
"SZC",134023,"/Date(1703572800000)/",45150,100,2307300,103663000000,1150,true,2.61
"SZC",134013,"/Date(1703572790000)/",45150,400,2307200,103659000000,1150,true,2.61
"SZC",133957,"/Date(1703572772000)/",45150,9500,2306800,103641000000,1150,true,2.61
"SZC",133957,"/Date(1703572772000)/",45150,500,2297300,103212000000,1150,true,2.61
"SZC",133919,"/Date(1703572736000)/",45100,1300,2296800,103189000000,1100,true,2.5
"SZC",133915,"/Date(1703572731000)/",45100,2400,2295500,103130000000,1100,true,2.5
"SZC",133850,"/Date(1703572705000)/",45200,100,2293100,103022000000,1200,false,2.73
"SZC",133834,"/Date(1703572690000)/",45150,200,2293000,103018000000,1150,false,2.61
"SZC",133834,"/Date(1703572690000)/",45150,100,2292800,103009000000,1150,false,2.61
"SZC",133834,"/Date(1703572690000)/",45150,500,2292700,103004000000,1150,false,2.61
"SZC",133834,"/Date(1703572690000)/",45150,1200,2292200,102982000000,1150,false,2.61
"SZC",133831,"/Date(1703572687000)/",45150,8500,2291000,102927000000,1150,false,2.61
"SZC",133818,"/Date(1703572674000)/",45100,400,2282500,102544000000,1100,true,2.5
"SZC",133714,"/Date(1703572611000)/",45150,2000,2282100,102526000000,1150,false,2.61
"SZC",133707,"/Date(1703572603000)/",45100,1000,2280100,102435000000,1100,true,2.5
"SZC",133623,"/Date(1703572559000)/",45100,100,2279100,102390000000,1100,true,2.5
"SZC",133616,"/Date(1703572552000)/",45100,100,2279000,102386000000,1100,true,2.5
"SZC",133548,"/Date(1703572524000)/",45150,600,2278900,102381000000,1150,false,2.61
"SZC",133528,"/Date(1703572504000)/",45150,1700,2278300,102354000000,1150,false,2.61
"SZC",133453,"/Date(1703572471000)/",45150,300,2276600,102277000000,1150,true,2.61
"SZC",133453,"/Date(1703572471000)/",45150,500,2276300,102264000000,1150,true,2.61
"SZC",133453,"/Date(1703572471000)/",45150,700,2275800,102241000000,1150,true,2.61
"SZC",133453,"/Date(1703572471000)/",45150,100,2275100,102210000000,1150,true,2.61
"SZC",133453,"/Date(1703572471000)/",45150,500,2275000,102205000000,1150,true,2.61
"SZC",133453,"/Date(1703572471000)/",45150,5000,2274500,102183000000,1150,true,2.61
"SZC",133453,"/Date(1703572471000)/",45150,1200,2269500,101957000000,1150,true,2.61
"SZC",133431,"/Date(1703572446000)/",45150,400,2268300,101903000000,1150,false,2.61
"SZC",133352,"/Date(1703572410000)/",45150,200,2267900,101885000000,1150,false,2.61
"SZC",133324,"/Date(1703572380000)/",45100,100,2267700,101876000000,1100,true,2.5
"SZC",133314,"/Date(1703572370000)/",45150,100,2267600,101871000000,1150,false,2.61
"SZC",133249,"/Date(1703572345000)/",45150,200,2267500,101866000000,1150,false,2.61
"SZC",133157,"/Date(1703572293000)/",45150,600,2267300,101857000000,1150,true,2.61
"SZC",133157,"/Date(1703572293000)/",45150,2300,2266700,101830000000,1150,true,2.61
"SZC",133151,"/Date(1703572288000)/",45150,100,2264400,101727000000,1150,true,2.61
"SZC",133141,"/Date(1703572278000)/",45150,3100,2264300,101722000000,1150,false,2.61
"SZC",133129,"/Date(1703572266000)/",45150,200,2261200,101582000000,1150,true,2.61
"SZC",133129,"/Date(1703572266000)/",45150,500,2261000,101573000000,1150,true,2.61
"SZC",133129,"/Date(1703572266000)/",45150,200,2260500,101550000000,1150,true,2.61
"SZC",133057,"/Date(1703572233000)/",45150,300,2260300,101541000000,1150,true,2.61
"SZC",133057,"/Date(1703572233000)/",45150,400,2260000,101528000000,1150,true,2.61
"SZC",133057,"/Date(1703572233000)/",45150,800,2259600,101510000000,1150,true,2.61
"SZC",133025,"/Date(1703572200000)/",45150,9200,2258800,101474000000,1150,true,2.61
"SZC",133025,"/Date(1703572200000)/",45150,800,2249600,101058000000,1150,true,2.61
"SZC",133025,"/Date(1703572200000)/",45150,1800,2248800,101022000000,1150,true,2.61
"SZC",133025,"/Date(1703572200000)/",45150,200,2247000,100941000000,1150,true,2.61
"SZC",132937,"/Date(1703572154000)/",45150,100,2246800,100932000000,1150,true,2.61
"SZC",132937,"/Date(1703572154000)/",45150,1000,2246700,100927000000,1150,true,2.61
"SZC",132937,"/Date(1703572154000)/",45150,1000,2245700,100882000000,1150,true,2.61
"SZC",132937,"/Date(1703572154000)/",45150,7700,2244700,100837000000,1150,true,2.61
"SZC",132745,"/Date(1703572040000)/",45150,300,2237000,100489000000,1150,false,2.61
"SZC",132745,"/Date(1703572040000)/",45100,1000,2236700,100476000000,1100,true,2.5
"SZC",132732,"/Date(1703572027000)/",45150,2000,2235700,100431000000,1150,false,2.61
"SZC",132622,"/Date(1703571958000)/",45150,1000,2233700,100340000000,1150,false,2.61
"SZC",132559,"/Date(1703571937000)/",45100,3500,2232700,100295000000,1100,true,2.5
"SZC",132559,"/Date(1703571937000)/",45100,3100,2229200,100137000000,1100,true,2.5
"SZC",132530,"/Date(1703571907000)/",45100,1900,2226100,99998000000,1100,true,2.5
"SZC",132530,"/Date(1703571907000)/",45100,2000,2224200,99912000000,1100,true,2.5
"SZC",132530,"/Date(1703571907000)/",45100,800,2222200,99822000000,1100,true,2.5
"SZC",132530,"/Date(1703571907000)/",45100,500,2221400,99786000000,1100,true,2.5
"SZC",132530,"/Date(1703571907000)/",45100,100,2220900,99763000000,1100,true,2.5
"SZC",132530,"/Date(1703571907000)/",45100,100,2220800,99759000000,1100,true,2.5
"SZC",132530,"/Date(1703571907000)/",45100,200,2220700,99754000000,1100,true,2.5
"SZC",132530,"/Date(1703571907000)/",45100,700,2220500,99745000000,1100,true,2.5
"SZC",132530,"/Date(1703571907000)/",45100,2500,2219800,99714000000,1100,true,2.5
"SZC",132511,"/Date(1703571889000)/",45100,2100,2217300,99601000000,1100,true,2.5
"SZC",132511,"/Date(1703571889000)/",45150,7900,2215200,99506000000,1150,false,2.61
"SZC",132452,"/Date(1703571868000)/",45150,2100,2207300,99149000000,1150,true,2.61
"SZC",132449,"/Date(1703571866000)/",45150,100,2205200,99055000000,1150,false,2.61
"SZC",132449,"/Date(1703571866000)/",45100,5400,2205100,99050000000,1100,true,2.5
"SZC",132449,"/Date(1703571866000)/",45100,300,2199700,98807000000,1100,true,2.5
"SZC",132449,"/Date(1703571866000)/",45100,500,2199400,98793000000,1100,true,2.5
"SZC",132449,"/Date(1703571866000)/",45100,400,2198900,98770000000,1100,true,2.5
"SZC",132449,"/Date(1703571866000)/",45100,200,2198500,98752000000,1100,true,2.5
"SZC",132449,"/Date(1703571866000)/",45100,200,2198300,98743000000,1100,true,2.5
"SZC",132449,"/Date(1703571866000)/",45100,200,2198100,98734000000,1100,true,2.5
"SZC",132449,"/Date(1703571866000)/",45100,200,2197900,98725000000,1100,true,2.5
"SZC",132449,"/Date(1703571866000)/",45100,100,2197700,98716000000,1100,true,2.5
"SZC",132449,"/Date(1703571866000)/",45100,2500,2197600,98712000000,1100,true,2.5
"SZC",132443,"/Date(1703571858000)/",45150,2000,2195100,98599000000,1150,false,2.61
"SZC",132439,"/Date(1703571857000)/",45150,1800,2193100,98509000000,1150,false,2.61
"SZC",132439,"/Date(1703571857000)/",45150,1600,2191300,98427000000,1150,false,2.61
"SZC",132436,"/Date(1703571852000)/",45150,100,2189700,98355000000,1150,false,2.61
"SZC",132433,"/Date(1703571849000)/",45150,200,2189600,98351000000,1150,false,2.61
"SZC",132420,"/Date(1703571836000)/",45150,200,2189400,98342000000,1150,false,2.61
"SZC",132420,"/Date(1703571836000)/",45150,200,2189200,98333000000,1150,false,2.61
"SZC",132420,"/Date(1703571836000)/",45150,500,2189000,98324000000,1150,false,2.61
"SZC",132420,"/Date(1703571836000)/",45150,200,2188500,98301000000,1150,false,2.61
"SZC",132414,"/Date(1703571831000)/",45200,1000,2188300,98292000000,1200,false,2.73
"SZC",132410,"/Date(1703571826000)/",45150,100,2187300,98247000000,1150,true,2.61
"SZC",132410,"/Date(1703571826000)/",45150,100,2187200,98242000000,1150,true,2.61
"SZC",132410,"/Date(1703571826000)/",45150,1500,2187100,98238000000,1150,true,2.61
"SZC",132410,"/Date(1703571826000)/",45150,500,2185600,98170000000,1150,true,2.61
"SZC",132410,"/Date(1703571826000)/",45150,100,2185100,98147000000,1150,true,2.61
"SZC",132410,"/Date(1703571826000)/",45150,200,2185000,98143000000,1150,true,2.61
"SZC",132410,"/Date(1703571826000)/",45150,2000,2184800,98134000000,1150,true,2.61
"SZC",132410,"/Date(1703571826000)/",45150,5500,2182800,98044000000,1150,true,2.61
"SZC",132358,"/Date(1703571816000)/",45150,4200,2177300,97795000000,1150,true,2.61
"SZC",132345,"/Date(1703571803000)/",45150,300,2173100,97606000000,1150,true,2.61
"SZC",132345,"/Date(1703571803000)/",45150,500,2172800,97592000000,1150,true,2.61
"SZC",132345,"/Date(1703571803000)/",45150,4300,2172300,97570000000,1150,true,2.61
"SZC",132235,"/Date(1703571732000)/",45200,100,2168000,97375000000,1200,false,2.73
"SZC",132159,"/Date(1703571697000)/",45200,1000,2167900,97371000000,1200,false,2.73
"SZC",132156,"/Date(1703571692000)/",45200,500,2166900,97326000000,1200,true,2.73
"SZC",132156,"/Date(1703571692000)/",45200,1000,2166400,97303000000,1200,true,2.73
"SZC",132156,"/Date(1703571692000)/",45200,800,2165400,97258000000,1200,true,2.73
"SZC",132156,"/Date(1703571692000)/",45200,3000,2164600,97222000000,1200,true,2.73
"SZC",132118,"/Date(1703571656000)/",45200,400,2161600,97086000000,1200,true,2.73
"SZC",132118,"/Date(1703571656000)/",45200,1900,2161200,97068000000,1200,true,2.73
"SZC",132118,"/Date(1703571654000)/",45200,100,2159300,96982000000,1200,true,2.73
"SZC",132118,"/Date(1703571654000)/",45200,400,2159200,96978000000,1200,true,2.73
"SZC",132046,"/Date(1703571624000)/",45200,200,2158800,96960000000,1200,true,2.73
"SZC",132020,"/Date(1703571598000)/",45200,500,2158600,96951000000,1200,false,2.73
"SZC",132020,"/Date(1703571598000)/",45200,900,2158100,96928000000,1200,false,2.73
"SZC",132004,"/Date(1703571582000)/",45200,100,2157200,96887000000,1200,false,2.73
"SZC",132004,"/Date(1703571582000)/",45200,500,2157100,96883000000,1200,false,2.73
"SZC",132004,"/Date(1703571582000)/",45200,900,2156600,96860000000,1200,false,2.73
"SZC",132001,"/Date(1703571579000)/",45200,2100,2155700,96819000000,1200,false,2.73
"SZC",132001,"/Date(1703571579000)/",45200,100,2153600,96725000000,1200,false,2.73
"SZC",132001,"/Date(1703571579000)/",45200,200,2153500,96720000000,1200,false,2.73
"SZC",132001,"/Date(1703571579000)/",45200,10000,2153300,96711000000,1200,false,2.73
"SZC",132001,"/Date(1703571579000)/",45200,1000,2143300,96259000000,1200,false,2.73
"SZC",132001,"/Date(1703571579000)/",45200,100,2142300,96214000000,1200,false,2.73
"SZC",132001,"/Date(1703571579000)/",45200,1500,2142200,96209000000,1200,false,2.73
"SZC",131945,"/Date(1703571563000)/",45200,100,2140700,96141000000,1200,false,2.73
"SZC",131942,"/Date(1703571560000)/",45150,200,2140600,96137000000,1150,true,2.61
"SZC",131939,"/Date(1703571557000)/",45200,100,2140400,96128000000,1200,false,2.73
"SZC",131854,"/Date(1703571512000)/",45200,100,2140300,96123000000,1200,false,2.73
"SZC",131841,"/Date(1703571500000)/",45200,200,2140200,96119000000,1200,false,2.73
"SZC",131825,"/Date(1703571481000)/",45150,1000,2140000,96110000000,1150,true,2.61
"SZC",131806,"/Date(1703571464000)/",45150,2000,2139000,96065000000,1150,true,2.61
"SZC",131802,"/Date(1703571461000)/",45150,500,2137000,95974000000,1150,true,2.61
"SZC",131802,"/Date(1703571461000)/",45150,100,2136500,95952000000,1150,true,2.61
"SZC",131802,"/Date(1703571461000)/",45150,100,2136400,95947000000,1150,true,2.61
"SZC",131802,"/Date(1703571461000)/",45150,400,2136300,95943000000,1150,true,2.61
"SZC",131759,"/Date(1703571457000)/",45200,1000,2135900,95925000000,1200,false,2.73
"SZC",131734,"/Date(1703571432000)/",45200,100,2134900,95880000000,1200,false,2.73
"SZC",131659,"/Date(1703571395000)/",45200,300,2134800,95875000000,1200,false,2.73
"SZC",131649,"/Date(1703571387000)/",45200,300,2134500,95861000000,1200,false,2.73
"SZC",131649,"/Date(1703571387000)/",45200,200,2134200,95848000000,1200,false,2.73
"SZC",131646,"/Date(1703571382000)/",45200,500,2134000,95839000000,1200,false,2.73
"SZC",131639,"/Date(1703571378000)/",45200,600,2133500,95816000000,1200,false,2.73
"SZC",131639,"/Date(1703571378000)/",45200,500,2132900,95789000000,1200,false,2.73
"SZC",131639,"/Date(1703571378000)/",45200,900,2132400,95767000000,1200,false,2.73
"SZC",131633,"/Date(1703571369000)/",45200,100,2131500,95726000000,1200,false,2.73
"SZC",131630,"/Date(1703571368000)/",45200,100,2131400,95721000000,1200,false,2.73
"SZC",131630,"/Date(1703571368000)/",45200,100,2131300,95717000000,1200,false,2.73
"SZC",131539,"/Date(1703571315000)/",45200,500,2131200,95712000000,1200,false,2.73
"SZC",131532,"/Date(1703571308000)/",45200,400,2130700,95690000000,1200,false,2.73
"SZC",131532,"/Date(1703571308000)/",45200,3000,2130300,95672000000,1200,false,2.73
"SZC",131532,"/Date(1703571308000)/",45200,500,2127300,95536000000,1200,false,2.73
"SZC",131532,"/Date(1703571308000)/",45200,200,2126800,95513000000,1200,false,2.73
"SZC",131431,"/Date(1703571249000)/",45150,100,2126600,95504000000,1150,true,2.61
"SZC",131422,"/Date(1703571238000)/",45150,800,2126500,95500000000,1150,true,2.61
"SZC",131403,"/Date(1703571220000)/",45150,1500,2125700,95464000000,1150,true,2.61
"SZC",131403,"/Date(1703571219000)/",45200,100,2124200,95396000000,1200,false,2.73
"SZC",131259,"/Date(1703571156000)/",45150,200,2124100,95391000000,1150,true,2.61
"SZC",131243,"/Date(1703571139000)/",45150,100,2123900,95382000000,1150,true,2.61
"SZC",131243,"/Date(1703571139000)/",45150,700,2123800,95378000000,1150,true,2.61
"SZC",131236,"/Date(1703571133000)/",45150,200,2123100,95346000000,1150,true,2.61
"SZC",131155,"/Date(1703571092000)/",45150,100,2122900,95337000000,1150,false,2.61
"SZC",131148,"/Date(1703571087000)/",45150,100,2122800,95333000000,1150,false,2.61
"SZC",131148,"/Date(1703571087000)/",45100,4400,2122700,95328000000,1100,true,2.5
"SZC",131142,"/Date(1703571079000)/",45150,100,2118300,95130000000,1150,false,2.61
"SZC",131129,"/Date(1703571067000)/",45150,200,2118200,95125000000,1150,false,2.61
"SZC",131113,"/Date(1703571051000)/",45100,300,2118000,95116000000,1100,true,2.5
"SZC",131113,"/Date(1703571050000)/",45100,200,2117700,95103000000,1100,true,2.5
"SZC",131110,"/Date(1703571049000)/",45100,600,2117500,95094000000,1100,true,2.5
"SZC",131057,"/Date(1703571034000)/",45100,100,2116900,95067000000,1100,true,2.5
"SZC",130953,"/Date(1703570970000)/",45100,300,2116800,95062000000,1100,true,2.5
"SZC",130925,"/Date(1703570941000)/",45150,100,2116500,95049000000,1150,false,2.61
"SZC",130909,"/Date(1703570927000)/",45150,900,2116400,95044000000,1150,false,2.61
"SZC",130906,"/Date(1703570923000)/",45150,1400,2115500,95003000000,1150,true,2.61
"SZC",130856,"/Date(1703570913000)/",45200,100,2114100,94940000000,1200,false,2.73
"SZC",130853,"/Date(1703570910000)/",45100,700,2114000,94936000000,1100,true,2.5
"SZC",130853,"/Date(1703570910000)/",45100,100,2113300,94904000000,1100,true,2.5
"SZC",130853,"/Date(1703570910000)/",45100,10000,2113200,94900000000,1100,true,2.5
"SZC",130853,"/Date(1703570910000)/",45100,500,2103200,94449000000,1100,true,2.5
"SZC",130853,"/Date(1703570910000)/",45100,500,2102700,94426000000,1100,true,2.5
"SZC",130853,"/Date(1703570910000)/",45150,100,2102200,94404000000,1150,true,2.61
"SZC",130853,"/Date(1703570910000)/",45150,600,2102100,94399000000,1150,true,2.61
"SZC",130853,"/Date(1703570910000)/",45150,1400,2101500,94372000000,1150,true,2.61
"SZC",130853,"/Date(1703570910000)/",45150,2000,2100100,94309000000,1150,true,2.61
"SZC",130853,"/Date(1703570910000)/",45150,200,2098100,94218000000,1150,true,2.61
"SZC",130853,"/Date(1703570910000)/",45150,1000,2097900,94209000000,1150,true,2.61
"SZC",130853,"/Date(1703570910000)/",45150,200,2096900,94164000000,1150,true,2.61
"SZC",130853,"/Date(1703570910000)/",45150,500,2096700,94155000000,1150,true,2.61
"SZC",130853,"/Date(1703570910000)/",45150,200,2096200,94133000000,1150,true,2.61
"SZC",130853,"/Date(1703570910000)/",45150,2600,2096000,94124000000,1150,true,2.61
"SZC",130853,"/Date(1703570910000)/",45150,9400,2093400,94006000000,1150,true,2.61
"SZC",130821,"/Date(1703570880000)/",45150,500,2084000,93582000000,1150,true,2.61
"SZC",130808,"/Date(1703570867000)/",45200,400,2083500,93559000000,1200,false,2.73
"SZC",130808,"/Date(1703570867000)/",45200,100,2083100,93541000000,1200,false,2.73
"SZC",130808,"/Date(1703570867000)/",45200,100,2083000,93537000000,1200,false,2.73
"SZC",130802,"/Date(1703570860000)/",45200,200,2082900,93532000000,1200,false,2.73
"SZC",130755,"/Date(1703570852000)/",45200,600,2082700,93523000000,1200,false,2.73
"SZC",130749,"/Date(1703570847000)/",45150,100,2082100,93496000000,1150,true,2.61
"SZC",130746,"/Date(1703570843000)/",45200,100,2082000,93491000000,1200,false,2.73
"SZC",130746,"/Date(1703570843000)/",45200,1000,2081900,93487000000,1200,false,2.73
"SZC",130742,"/Date(1703570841000)/",45250,100,2080900,93442000000,1250,false,2.84
"SZC",130733,"/Date(1703570831000)/",45200,200,2080800,93437000000,1200,true,2.73
"SZC",130733,"/Date(1703570831000)/",45200,800,2080600,93428000000,1200,true,2.73
"SZC",130723,"/Date(1703570821000)/",45200,500,2079800,93392000000,1200,false,2.73
"SZC",130720,"/Date(1703570819000)/",45200,2000,2079300,93369000000,1200,false,2.73
"SZC",130720,"/Date(1703570819000)/",45200,100,2077300,93279000000,1200,false,2.73
"SZC",130720,"/Date(1703570819000)/",45200,1600,2077200,93275000000,1200,false,2.73
"SZC",130710,"/Date(1703570809000)/",45250,1000,2075600,93202000000,1250,false,2.84
"SZC",130710,"/Date(1703570809000)/",45250,100,2074600,93157000000,1250,false,2.84
"SZC",130710,"/Date(1703570809000)/",45250,900,2074500,93152000000,1250,false,2.84
"SZC",130707,"/Date(1703570805000)/",45200,1800,2073600,93112000000,1200,true,2.73
"SZC",130707,"/Date(1703570805000)/",45200,1000,2071800,93030000000,1200,true,2.73
"SZC",130707,"/Date(1703570805000)/",45200,200,2070800,92985000000,1200,true,2.73
"SZC",130648,"/Date(1703570785000)/",45250,100,2070600,92976000000,1250,false,2.84
"SZC",130648,"/Date(1703570785000)/",45250,100,2070500,92972000000,1250,false,2.84
"SZC",130648,"/Date(1703570785000)/",45250,300,2070400,92967000000,1250,false,2.84
"SZC",130622,"/Date(1703570761000)/",45250,600,2070100,92953000000,1250,false,2.84
"SZC",130616,"/Date(1703570753000)/",45200,200,2069500,92926000000,1200,true,2.73
"SZC",130613,"/Date(1703570751000)/",45200,200,2069300,92917000000,1200,true,2.73
"SZC",130606,"/Date(1703570745000)/",45250,100,2069100,92908000000,1250,false,2.84
"SZC",130606,"/Date(1703570745000)/",45250,300,2069000,92904000000,1250,false,2.84
"SZC",130606,"/Date(1703570745000)/",45250,100,2068700,92890000000,1250,false,2.84
"SZC",130606,"/Date(1703570745000)/",45250,1000,2068600,92886000000,1250,false,2.84
"SZC",130606,"/Date(1703570745000)/",45250,1000,2067600,92840000000,1250,false,2.84
"SZC",130606,"/Date(1703570745000)/",45250,200,2066600,92795000000,1250,false,2.84
"SZC",130606,"/Date(1703570745000)/",45250,100,2066400,92786000000,1250,false,2.84
"SZC",130606,"/Date(1703570745000)/",45250,200,2066300,92782000000,1250,false,2.84
"SZC",130547,"/Date(1703570724000)/",45200,200,2066100,92772000000,1200,true,2.73
"SZC",130547,"/Date(1703570724000)/",45200,100,2065900,92763000000,1200,true,2.73
"SZC",130547,"/Date(1703570724000)/",45200,400,2065800,92759000000,1200,true,2.73
"SZC",130547,"/Date(1703570724000)/",45200,100,2065400,92741000000,1200,true,2.73
"SZC",130547,"/Date(1703570724000)/",45200,100,2065300,92736000000,1200,true,2.73
"SZC",130547,"/Date(1703570724000)/",45200,2200,2065200,92732000000,1200,true,2.73
"SZC",130547,"/Date(1703570724000)/",45200,800,2063000,92632000000,1200,true,2.73
"SZC",130547,"/Date(1703570724000)/",45200,400,2062200,92596000000,1200,true,2.73
"SZC",130547,"/Date(1703570724000)/",45200,400,2061800,92578000000,1200,true,2.73
"SZC",130547,"/Date(1703570724000)/",45200,2600,2061400,92560000000,1200,true,2.73
"SZC",130547,"/Date(1703570724000)/",45200,100,2058800,92443000000,1200,true,2.73
"SZC",130547,"/Date(1703570724000)/",45200,300,2058700,92438000000,1200,true,2.73
"SZC",130547,"/Date(1703570724000)/",45200,100,2058400,92424000000,1200,true,2.73
"SZC",130547,"/Date(1703570724000)/",45200,200,2058300,92420000000,1200,true,2.73
"SZC",130547,"/Date(1703570724000)/",45200,700,2058100,92411000000,1200,true,2.73
"SZC",130541,"/Date(1703570720000)/",45200,200,2057400,92379000000,1200,false,2.73
"SZC",130538,"/Date(1703570716000)/",45200,100,2057200,92370000000,1200,false,2.73
"SZC",130538,"/Date(1703570716000)/",45200,100,2057100,92366000000,1200,false,2.73
"SZC",130538,"/Date(1703570716000)/",45200,700,2057000,92361000000,1200,false,2.73
"SZC",130534,"/Date(1703570711000)/",45200,2300,2056300,92330000000,1200,false,2.73
"SZC",130518,"/Date(1703570696000)/",45200,600,2054000,92226000000,1200,false,2.73
"SZC",130512,"/Date(1703570691000)/",45200,400,2053400,92198000000,1200,false,2.73
"SZC",130512,"/Date(1703570689000)/",45150,100,2053000,92180000000,1150,true,2.61
"SZC",130443,"/Date(1703570660000)/",45200,200,2052900,92176000000,1200,false,2.73
"SZC",130443,"/Date(1703570660000)/",45200,100,2052700,92167000000,1200,false,2.73
"SZC",130431,"/Date(1703570648000)/",45150,300,2052600,92162000000,1150,true,2.61
"SZC",130431,"/Date(1703570648000)/",45150,100,2052300,92149000000,1150,true,2.61
"SZC",130431,"/Date(1703570648000)/",45150,100,2052200,92144000000,1150,true,2.61
"SZC",130427,"/Date(1703570645000)/",45150,1000,2052100,92140000000,1150,true,2.61
"SZC",130355,"/Date(1703570615000)/",45150,100,2051100,92095000000,1150,true,2.61
"SZC",130333,"/Date(1703570592000)/",45150,2000,2051000,92090000000,1150,false,2.61
"SZC",130333,"/Date(1703570592000)/",45150,3000,2049000,92000000000,1150,false,2.61
"SZC",130333,"/Date(1703570592000)/",45150,3900,2046000,91864000000,1150,false,2.61
"SZC",130327,"/Date(1703570586000)/",45150,100,2042100,91688000000,1150,false,2.61
"SZC",130317,"/Date(1703570575000)/",45150,900,2042000,91684000000,1150,false,2.61
"SZC",130314,"/Date(1703570573000)/",45150,1000,2041100,91643000000,1150,false,2.61
"SZC",130307,"/Date(1703570565000)/",45150,200,2040100,91598000000,1150,true,2.61
"SZC",130307,"/Date(1703570565000)/",45150,200,2039900,91589000000,1150,true,2.61
"SZC",130307,"/Date(1703570565000)/",45150,8700,2039700,91580000000,1150,true,2.61
"SZC",130239,"/Date(1703570538000)/",45150,1300,2031000,91187000000,1150,true,2.61
"SZC",130239,"/Date(1703570538000)/",45150,1000,2029700,91128000000,1150,true,2.61
"SZC",130239,"/Date(1703570538000)/",45150,100,2028700,91083000000,1150,true,2.61
"SZC",130239,"/Date(1703570538000)/",45150,300,2028600,91079000000,1150,true,2.61
"SZC",130239,"/Date(1703570538000)/",45150,200,2028300,91065000000,1150,true,2.61
"SZC",130239,"/Date(1703570538000)/",45150,100,2028100,91056000000,1150,true,2.61
"SZC",130229,"/Date(1703570529000)/",45150,100,2028000,91052000000,1150,true,2.61
"SZC",130223,"/Date(1703570521000)/",45150,100,2027900,91047000000,1150,true,2.61
"SZC",130213,"/Date(1703570512000)/",45150,400,2027800,91043000000,1150,true,2.61
"SZC",130125,"/Date(1703570464000)/",45150,300,2027400,91025000000,1150,true,2.61
"SZC",130053,"/Date(1703570423000)/",45150,700,2027100,91011000000,1150,true,2.61
"SZC",130050,"/Date(1703570418000)/",45150,100,2026400,90979000000,1150,true,2.61
"SZC",130047,"/Date(1703570410000)/",45150,1000,2026300,90975000000,1150,true,2.61
"SZC",130047,"/Date(1703570410000)/",45150,500,2025300,90930000000,1150,true,2.61
"SZC",130047,"/Date(1703570409000)/",45150,900,2024800,90907000000,1150,true,2.61
"SZC",130047,"/Date(1703570408000)/",45150,800,2023900,90866000000,1150,true,2.61
"SZC",130047,"/Date(1703570408000)/",45150,500,2023100,90830000000,1150,true,2.61
"SZC",130047,"/Date(1703570408000)/",45150,100,2022600,90808000000,1150,true,2.61
"SZC",130047,"/Date(1703570408000)/",45150,4900,2022500,90803000000,1150,true,2.61
"SZC",130040,"/Date(1703570402000)/",45150,100,2017600,90582000000,1150,true,2.61
"SZC",130040,"/Date(1703570402000)/",45150,200,2017500,90578000000,1150,true,2.61
"SZC",130040,"/Date(1703570402000)/",45150,100,2017300,90568000000,1150,true,2.61
"SZC",130040,"/Date(1703570401000)/",45150,500,2017200,90564000000,1150,true,2.61
"SZC",130037,"/Date(1703570401000)/",45150,100,2016700,90541000000,1150,true,2.61
"SZC",130037,"/Date(1703570401000)/",45150,100,2016600,90537000000,1150,true,2.61
"SZC",130037,"/Date(1703570401000)/",45200,100,2016500,90532000000,1200,false,2.73
"SZC",113007,"/Date(1703564991000)/",45150,1000,2016400,90528000000,1150,true,2.61
"SZC",112958,"/Date(1703564982000)/",45150,200,2015400,90483000000,1150,true,2.61
"SZC",112958,"/Date(1703564982000)/",45150,100,2015200,90474000000,1150,true,2.61
"SZC",112958,"/Date(1703564982000)/",45200,100,2015100,90469000000,1200,false,2.73
"SZC",112939,"/Date(1703564962000)/",45150,2000,2015000,90465000000,1150,true,2.61
"SZC",112939,"/Date(1703564962000)/",45150,300,2013000,90374000000,1150,true,2.61
"SZC",112929,"/Date(1703564954000)/",45150,100,2012700,90361000000,1150,true,2.61
"SZC",112809,"/Date(1703564874000)/",45200,100,2012600,90356000000,1200,false,2.73
"SZC",112738,"/Date(1703564841000)/",45150,200,2012500,90352000000,1150,true,2.61
"SZC",112738,"/Date(1703564841000)/",45150,300,2012300,90343000000,1150,true,2.61
"SZC",112734,"/Date(1703564838000)/",45150,600,2012000,90329000000,1150,true,2.61
"SZC",112643,"/Date(1703564786000)/",45200,2000,2011400,90302000000,1200,false,2.73
"SZC",112643,"/Date(1703564786000)/",45150,600,2009400,90212000000,1150,true,2.61
"SZC",112643,"/Date(1703564786000)/",45150,300,2008800,90185000000,1150,true,2.61
"SZC",112643,"/Date(1703564786000)/",45150,200,2008500,90171000000,1150,true,2.61
"SZC",112643,"/Date(1703564786000)/",45150,300,2008300,90162000000,1150,true,2.61
"SZC",112643,"/Date(1703564786000)/",45150,4600,2008000,90148000000,1150,true,2.61
"SZC",112608,"/Date(1703564751000)/",45200,1500,2003400,89941000000,1200,false,2.73
"SZC",112552,"/Date(1703564737000)/",45150,100,2001900,89873000000,1150,true,2.61
"SZC",112504,"/Date(1703564689000)/",45200,100,2001800,89868000000,1200,false,2.73
"SZC",112448,"/Date(1703564673000)/",45200,100,2001700,89864000000,1200,false,2.73
"SZC",112325,"/Date(1703564588000)/",45200,500,2001600,89859000000,1200,false,2.73
"SZC",112221,"/Date(1703564526000)/",45150,1000,2001100,89837000000,1150,true,2.61
"SZC",112146,"/Date(1703564490000)/",45150,900,2000100,89792000000,1150,true,2.61
"SZC",112117,"/Date(1703564461000)/",45150,500,1999200,89751000000,1150,true,2.61
"SZC",112111,"/Date(1703564454000)/",45150,100,1998700,89728000000,1150,true,2.61
"SZC",112039,"/Date(1703564424000)/",45150,700,1998600,89724000000,1150,true,2.61
"SZC",112039,"/Date(1703564422000)/",45150,400,1997900,89692000000,1150,true,2.61
"SZC",111941,"/Date(1703564364000)/",45150,8700,1997500,89674000000,1150,true,2.61
"SZC",111938,"/Date(1703564363000)/",45150,400,1988800,89281000000,1150,true,2.61
"SZC",111756,"/Date(1703564259000)/",45150,2000,1988400,89263000000,1150,true,2.61
"SZC",111753,"/Date(1703564258000)/",45200,200,1986400,89173000000,1200,false,2.73
"SZC",111714,"/Date(1703564219000)/",45150,400,1986200,89164000000,1150,true,2.61
"SZC",111649,"/Date(1703564193000)/",45150,200,1985800,89146000000,1150,true,2.61
"SZC",111649,"/Date(1703564193000)/",45150,300,1985600,89137000000,1150,true,2.61
"SZC",111649,"/Date(1703564193000)/",45150,600,1985300,89123000000,1150,true,2.61
"SZC",111649,"/Date(1703564193000)/",45150,1900,1984700,89096000000,1150,true,2.61
"SZC",111614,"/Date(1703564159000)/",45150,100,1982800,89011000000,1150,true,2.61
"SZC",111614,"/Date(1703564159000)/",45150,1000,1982700,89006000000,1150,true,2.61
"SZC",111614,"/Date(1703564159000)/",45150,100,1981700,88961000000,1150,true,2.61
"SZC",111614,"/Date(1703564159000)/",45150,800,1981600,88956000000,1150,true,2.61
"SZC",111545,"/Date(1703564129000)/",45200,1000,1980800,88920000000,1200,false,2.73
"SZC",111519,"/Date(1703564105000)/",45200,1000,1979800,88875000000,1200,false,2.73
"SZC",111435,"/Date(1703564060000)/",45150,900,1978800,88830000000,1150,true,2.61
"SZC",111435,"/Date(1703564060000)/",45150,100,1977900,88789000000,1150,true,2.61
"SZC",111428,"/Date(1703564053000)/",45200,2800,1977800,88785000000,1200,false,2.73
"SZC",111318,"/Date(1703563982000)/",45200,100,1975000,88658000000,1200,false,2.73
"SZC",111252,"/Date(1703563957000)/",45200,200,1974900,88654000000,1200,false,2.73
"SZC",111201,"/Date(1703563907000)/",45200,400,1974700,88645000000,1200,false,2.73
"SZC",111201,"/Date(1703563907000)/",45200,800,1974300,88627000000,1200,false,2.73
"SZC",111126,"/Date(1703563870000)/",45200,3500,1973500,88590000000,1200,true,2.73
"SZC",111126,"/Date(1703563870000)/",45200,500,1970000,88432000000,1200,true,2.73
"SZC",111126,"/Date(1703563870000)/",45200,100,1969500,88410000000,1200,true,2.73
"SZC",111126,"/Date(1703563870000)/",45200,100,1969400,88405000000,1200,true,2.73
"SZC",111126,"/Date(1703563870000)/",45200,100,1969300,88401000000,1200,true,2.73
"SZC",111126,"/Date(1703563870000)/",45200,300,1969200,88396000000,1200,true,2.73
"SZC",111126,"/Date(1703563870000)/",45200,400,1968900,88382000000,1200,true,2.73
"SZC",111100,"/Date(1703563846000)/",45200,2100,1968500,88364000000,1200,true,2.73
"SZC",111041,"/Date(1703563825000)/",45200,4000,1966400,88269000000,1200,true,2.73
"SZC",111009,"/Date(1703563794000)/",45200,1000,1962400,88089000000,1200,true,2.73
"SZC",111003,"/Date(1703563788000)/",45200,1300,1961400,88043000000,1200,true,2.73
"SZC",110931,"/Date(1703563757000)/",45200,200,1960100,87985000000,1200,true,2.73
"SZC",110931,"/Date(1703563757000)/",45200,500,1959900,87976000000,1200,true,2.73
"SZC",110931,"/Date(1703563757000)/",45200,200,1959400,87953000000,1200,true,2.73
"SZC",110931,"/Date(1703563757000)/",45200,100,1959200,87944000000,1200,true,2.73
"SZC",110912,"/Date(1703563736000)/",45200,1000,1959100,87939000000,1200,true,2.73
"SZC",110853,"/Date(1703563719000)/",45200,900,1958100,87894000000,1200,true,2.73
"SZC",110853,"/Date(1703563719000)/",45200,100,1957200,87854000000,1200,true,2.73
"SZC",110846,"/Date(1703563711000)/",45200,100,1957100,87849000000,1200,true,2.73
"SZC",110846,"/Date(1703563711000)/",45200,500,1957000,87845000000,1200,true,2.73
"SZC",110846,"/Date(1703563711000)/",45200,400,1956500,87822000000,1200,true,2.73
"SZC",110827,"/Date(1703563692000)/",45200,100,1956100,87804000000,1200,true,2.73
"SZC",110808,"/Date(1703563672000)/",45200,100,1956000,87799000000,1200,true,2.73
"SZC",110808,"/Date(1703563672000)/",45200,900,1955900,87795000000,1200,true,2.73
"SZC",110752,"/Date(1703563656000)/",45250,500,1955000,87754000000,1250,false,2.84
"SZC",110733,"/Date(1703563638000)/",45250,500,1954500,87732000000,1250,false,2.84
"SZC",110704,"/Date(1703563609000)/",45200,500,1954000,87709000000,1200,true,2.73
"SZC",110623,"/Date(1703563569000)/",45200,600,1953500,87686000000,1200,true,2.73
"SZC",110623,"/Date(1703563569000)/",45200,100,1952900,87659000000,1200,true,2.73
"SZC",110613,"/Date(1703563559000)/",45200,500,1952800,87655000000,1200,true,2.73
"SZC",110613,"/Date(1703563559000)/",45200,100,1952300,87632000000,1200,true,2.73
"SZC",110613,"/Date(1703563559000)/",45200,300,1952200,87628000000,1200,true,2.73
"SZC",110613,"/Date(1703563559000)/",45200,100,1951900,87614000000,1200,true,2.73
"SZC",110509,"/Date(1703563493000)/",45200,300,1951800,87609000000,1200,true,2.73
"SZC",110509,"/Date(1703563493000)/",45200,300,1951500,87596000000,1200,true,2.73
"SZC",110503,"/Date(1703563487000)/",45200,1400,1951200,87582000000,1200,true,2.73
"SZC",110503,"/Date(1703563487000)/",45200,500,1949800,87519000000,1200,true,2.73
"SZC",110503,"/Date(1703563487000)/",45200,100,1949300,87496000000,1200,true,2.73
"SZC",110450,"/Date(1703563474000)/",45200,100,1949200,87492000000,1200,true,2.73
"SZC",110450,"/Date(1703563474000)/",45200,400,1949100,87487000000,1200,true,2.73
"SZC",110450,"/Date(1703563474000)/",45200,1000,1948700,87469000000,1200,true,2.73
"SZC",110450,"/Date(1703563474000)/",45200,100,1947700,87424000000,1200,true,2.73
"SZC",110450,"/Date(1703563474000)/",45200,400,1947600,87420000000,1200,true,2.73
"SZC",110450,"/Date(1703563474000)/",45200,500,1947200,87402000000,1200,true,2.73
"SZC",110343,"/Date(1703563409000)/",45200,2100,1946700,87379000000,1200,true,2.73
"SZC",110343,"/Date(1703563409000)/",45200,900,1944600,87284000000,1200,true,2.73
"SZC",110308,"/Date(1703563373000)/",45250,100,1943700,87243000000,1250,false,2.84
"SZC",110210,"/Date(1703563314000)/",45200,100,1943600,87239000000,1200,true,2.73
"SZC",110148,"/Date(1703563295000)/",45200,1000,1943500,87234000000,1200,true,2.73
"SZC",110106,"/Date(1703563252000)/",45200,100,1942500,87189000000,1200,true,2.73
"SZC",110034,"/Date(1703563219000)/",45200,100,1942400,87185000000,1200,true,2.73
"SZC",105914,"/Date(1703563140000)/",45200,200,1942300,87180000000,1200,true,2.73
"SZC",105855,"/Date(1703563119000)/",45250,100,1942100,87171000000,1250,false,2.84
"SZC",105826,"/Date(1703563091000)/",45250,200,1942000,87167000000,1250,false,2.84
"SZC",105758,"/Date(1703563065000)/",45250,500,1941800,87157000000,1250,false,2.84
"SZC",105748,"/Date(1703563052000)/",45200,100,1941300,87135000000,1200,true,2.73
"SZC",105745,"/Date(1703563051000)/",45200,500,1941200,87130000000,1200,false,2.73
"SZC",105735,"/Date(1703563041000)/",45200,100,1940700,87108000000,1200,true,2.73
"SZC",105735,"/Date(1703563041000)/",45200,200,1940600,87103000000,1200,true,2.73
"SZC",105735,"/Date(1703563041000)/",45200,500,1940400,87094000000,1200,true,2.73
"SZC",105735,"/Date(1703563041000)/",45200,2000,1939900,87072000000,1200,true,2.73
"SZC",105735,"/Date(1703563041000)/",45200,100,1937900,86981000000,1200,true,2.73
"SZC",105735,"/Date(1703563041000)/",45200,200,1937800,86977000000,1200,true,2.73
"SZC",105735,"/Date(1703563041000)/",45200,200,1937600,86968000000,1200,true,2.73
"SZC",105735,"/Date(1703563041000)/",45200,2200,1937400,86959000000,1200,true,2.73
"SZC",105703,"/Date(1703563009000)/",45250,400,1935200,86859000000,1250,false,2.84
"SZC",105641,"/Date(1703562988000)/",45200,200,1934800,86841000000,1200,true,2.73
"SZC",105631,"/Date(1703562976000)/",45200,1000,1934600,86832000000,1200,true,2.73
"SZC",105550,"/Date(1703562937000)/",45250,200,1933600,86787000000,1250,false,2.84
"SZC",105524,"/Date(1703562911000)/",45250,1500,1933400,86778000000,1250,false,2.84
"SZC",105518,"/Date(1703562903000)/",45250,800,1931900,86710000000,1250,false,2.84
"SZC",105515,"/Date(1703562902000)/",45200,1000,1931100,86674000000,1200,true,2.73
"SZC",105439,"/Date(1703562864000)/",45250,3900,1930100,86628000000,1250,false,2.84
"SZC",105439,"/Date(1703562864000)/",45250,100,1926200,86452000000,1250,false,2.84
"SZC",105439,"/Date(1703562864000)/",45250,1000,1926100,86447000000,1250,false,2.84
"SZC",105433,"/Date(1703562860000)/",45150,2200,1925100,86402000000,1150,true,2.61
"SZC",105433,"/Date(1703562860000)/",45150,200,1922900,86303000000,1150,true,2.61
"SZC",105433,"/Date(1703562859000)/",45200,100,1922700,86294000000,1200,false,2.73
"SZC",105427,"/Date(1703562851000)/",45200,900,1922600,86289000000,1200,false,2.73
"SZC",105411,"/Date(1703562835000)/",45200,1000,1921700,86249000000,1200,true,2.73
"SZC",105411,"/Date(1703562835000)/",45200,200,1920700,86203000000,1200,true,2.73
"SZC",105407,"/Date(1703562834000)/",45200,800,1920500,86194000000,1200,false,2.73
"SZC",105407,"/Date(1703562834000)/",45200,100,1919700,86158000000,1200,false,2.73
"SZC",105407,"/Date(1703562834000)/",45200,100,1919600,86154000000,1200,false,2.73
"SZC",105407,"/Date(1703562834000)/",45200,100,1919500,86149000000,1200,false,2.73
"SZC",105407,"/Date(1703562834000)/",45200,100,1919400,86145000000,1200,false,2.73
"SZC",105404,"/Date(1703562831000)/",45200,1200,1919300,86140000000,1200,false,2.73
"SZC",105404,"/Date(1703562830000)/",45200,200,1918100,86086000000,1200,false,2.73
"SZC",105404,"/Date(1703562830000)/",45200,1000,1917900,86077000000,1200,false,2.73
"SZC",105404,"/Date(1703562830000)/",45200,200,1916900,86032000000,1200,false,2.73
"SZC",105404,"/Date(1703562830000)/",45200,200,1916700,86023000000,1200,false,2.73
"SZC",105404,"/Date(1703562830000)/",45200,600,1916500,86014000000,1200,false,2.73
"SZC",105348,"/Date(1703562814000)/",45200,400,1915900,85986000000,1200,false,2.73
"SZC",105348,"/Date(1703562814000)/",45200,100,1915500,85968000000,1200,false,2.73
"SZC",105329,"/Date(1703562795000)/",45200,900,1915400,85964000000,1200,false,2.73
"SZC",105329,"/Date(1703562795000)/",45200,600,1914500,85923000000,1200,false,2.73
"SZC",105326,"/Date(1703562792000)/",45200,1000,1913900,85896000000,1200,false,2.73
"SZC",105307,"/Date(1703562772000)/",45200,400,1912900,85851000000,1200,false,2.73
"SZC",105304,"/Date(1703562768000)/",45200,2000,1912500,85833000000,1200,false,2.73
"SZC",105254,"/Date(1703562760000)/",45200,1000,1910500,85742000000,1200,false,2.73
"SZC",105228,"/Date(1703562734000)/",45150,300,1909500,85697000000,1150,true,2.61
"SZC",105228,"/Date(1703562734000)/",45150,5000,1909200,85684000000,1150,true,2.61
"SZC",105228,"/Date(1703562734000)/",45150,300,1904200,85458000000,1150,true,2.61
"SZC",105212,"/Date(1703562720000)/",45150,200,1903900,85444000000,1150,false,2.61
"SZC",105212,"/Date(1703562720000)/",45150,200,1903700,85435000000,1150,false,2.61
"SZC",105203,"/Date(1703562710000)/",45150,300,1903500,85426000000,1150,false,2.61
"SZC",105156,"/Date(1703562704000)/",45150,1000,1903200,85413000000,1150,false,2.61
"SZC",105153,"/Date(1703562700000)/",45150,500,1902200,85368000000,1150,false,2.61
"SZC",105153,"/Date(1703562700000)/",45150,300,1901700,85345000000,1150,false,2.61
"SZC",105153,"/Date(1703562700000)/",45150,100,1901400,85331000000,1150,false,2.61
"SZC",105118,"/Date(1703562663000)/",45100,500,1901300,85327000000,1100,false,2.5
"SZC",105115,"/Date(1703562662000)/",45100,700,1900800,85304000000,1100,false,2.5
"SZC",105115,"/Date(1703562662000)/",45100,300,1900100,85273000000,1100,false,2.5
"SZC",105115,"/Date(1703562660000)/",45100,100,1899800,85259000000,1100,false,2.5
"SZC",105112,"/Date(1703562658000)/",45100,100,1899700,85255000000,1100,false,2.5
"SZC",105112,"/Date(1703562658000)/",45100,500,1899600,85250000000,1100,false,2.5
"SZC",105112,"/Date(1703562658000)/",45100,200,1899100,85228000000,1100,false,2.5
"SZC",105112,"/Date(1703562658000)/",45100,500,1898900,85219000000,1100,false,2.5
"SZC",105112,"/Date(1703562658000)/",45100,200,1898400,85196000000,1100,false,2.5
"SZC",105112,"/Date(1703562658000)/",45100,500,1898200,85187000000,1100,false,2.5
"SZC",105112,"/Date(1703562658000)/",45100,100,1897700,85165000000,1100,false,2.5
"SZC",105112,"/Date(1703562658000)/",45100,200,1897600,85160000000,1100,false,2.5
"SZC",105112,"/Date(1703562658000)/",45100,200,1897400,85151000000,1100,false,2.5
"SZC",105112,"/Date(1703562658000)/",45100,200,1897200,85142000000,1100,false,2.5
"SZC",105112,"/Date(1703562658000)/",45100,3600,1897000,85133000000,1100,false,2.5
"SZC",105112,"/Date(1703562658000)/",45100,500,1893400,84971000000,1100,false,2.5
"SZC",105112,"/Date(1703562658000)/",45100,2000,1892900,84948000000,1100,false,2.5
"SZC",105112,"/Date(1703562658000)/",45100,100,1890900,84858000000,1100,false,2.5
"SZC",105112,"/Date(1703562658000)/",45100,2000,1890800,84853000000,1100,false,2.5
"SZC",105112,"/Date(1703562658000)/",45100,300,1888800,84763000000,1100,false,2.5
"SZC",105112,"/Date(1703562658000)/",45100,1500,1888500,84750000000,1100,false,2.5
"SZC",105112,"/Date(1703562658000)/",45100,100,1887000,84682000000,1100,false,2.5
"SZC",105112,"/Date(1703562658000)/",45100,7200,1886900,84678000000,1100,false,2.5
"SZC",105108,"/Date(1703562653000)/",45100,2000,1879700,84353000000,1100,false,2.5
"SZC",105056,"/Date(1703562643000)/",45100,100,1877700,84263000000,1100,false,2.5
"SZC",105036,"/Date(1703562624000)/",45100,1500,1877600,84258000000,1100,false,2.5
"SZC",105033,"/Date(1703562618000)/",45100,1000,1876100,84190000000,1100,false,2.5
"SZC",105030,"/Date(1703562618000)/",45100,100,1875100,84145000000,1100,false,2.5
"SZC",104952,"/Date(1703562578000)/",45100,300,1875000,84141000000,1100,false,2.5
"SZC",104939,"/Date(1703562567000)/",45100,100,1874700,84127000000,1100,false,2.5
"SZC",104832,"/Date(1703562500000)/",45050,1000,1874600,84123000000,1050,true,2.39
"SZC",104832,"/Date(1703562500000)/",45050,400,1873600,84078000000,1050,true,2.39
"SZC",104832,"/Date(1703562500000)/",45050,100,1873200,84060000000,1050,true,2.39
"SZC",104832,"/Date(1703562500000)/",45050,500,1873100,84055000000,1050,true,2.39
"SZC",104832,"/Date(1703562500000)/",45050,300,1872600,84033000000,1050,true,2.39
"SZC",104832,"/Date(1703562500000)/",45050,1400,1872300,84019000000,1050,true,2.39
"SZC",104800,"/Date(1703562466000)/",45050,1000,1870900,83956000000,1050,false,2.39
"SZC",104800,"/Date(1703562465000)/",45050,100,1869900,83911000000,1050,false,2.39
"SZC",104757,"/Date(1703562464000)/",45050,1000,1869800,83907000000,1050,false,2.39
"SZC",104757,"/Date(1703562463000)/",45050,200,1868800,83862000000,1050,false,2.39
"SZC",104750,"/Date(1703562458000)/",45050,1000,1868600,83853000000,1050,true,2.39
"SZC",104750,"/Date(1703562458000)/",45050,200,1867600,83807000000,1050,true,2.39
"SZC",104750,"/Date(1703562458000)/",45050,100,1867400,83798000000,1050,true,2.39
"SZC",104750,"/Date(1703562458000)/",45050,400,1867300,83794000000,1050,true,2.39
"SZC",104750,"/Date(1703562458000)/",45050,10000,1866900,83776000000,1050,true,2.39
"SZC",104750,"/Date(1703562458000)/",45050,1000,1856900,83325000000,1050,true,2.39
"SZC",104750,"/Date(1703562458000)/",45050,3000,1855900,83280000000,1050,true,2.39
"SZC",104750,"/Date(1703562458000)/",45050,600,1852900,83145000000,1050,true,2.39
"SZC",104731,"/Date(1703562437000)/",45100,500,1852300,83118000000,1100,false,2.5
"SZC",104721,"/Date(1703562428000)/",45050,100,1851800,83096000000,1050,true,2.39
"SZC",104721,"/Date(1703562428000)/",45050,100,1851700,83091000000,1050,true,2.39
"SZC",104721,"/Date(1703562428000)/",45050,200,1851600,83087000000,1050,true,2.39
"SZC",104715,"/Date(1703562423000)/",45050,300,1851400,83078000000,1050,true,2.39
"SZC",104706,"/Date(1703562413000)/",45100,500,1851100,83064000000,1100,false,2.5
"SZC",104659,"/Date(1703562405000)/",45050,500,1850600,83042000000,1050,true,2.39
"SZC",104659,"/Date(1703562405000)/",45050,9500,1850100,83019000000,1050,true,2.39
"SZC",104659,"/Date(1703562405000)/",45100,100,1840600,82591000000,1100,false,2.5
"SZC",104656,"/Date(1703562403000)/",45100,300,1840500,82587000000,1100,false,2.5
"SZC",104643,"/Date(1703562389000)/",45100,800,1840200,82573000000,1100,false,2.5
"SZC",104637,"/Date(1703562382000)/",45050,500,1839400,82537000000,1050,true,2.39
"SZC",104637,"/Date(1703562382000)/",45050,600,1838900,82514000000,1050,true,2.39
"SZC",104637,"/Date(1703562382000)/",45050,10000,1838300,82487000000,1050,true,2.39
"SZC",104637,"/Date(1703562382000)/",45050,1000,1828300,82037000000,1050,true,2.39
"SZC",104637,"/Date(1703562382000)/",45050,100,1827300,81992000000,1050,true,2.39
"SZC",104637,"/Date(1703562382000)/",45050,1500,1827200,81987000000,1050,true,2.39
"SZC",104637,"/Date(1703562382000)/",45050,600,1825700,81920000000,1050,true,2.39
"SZC",104637,"/Date(1703562382000)/",45050,100,1825100,81893000000,1050,true,2.39
"SZC",104637,"/Date(1703562382000)/",45050,300,1825000,81888000000,1050,true,2.39
"SZC",104637,"/Date(1703562382000)/",45050,1000,1824700,81875000000,1050,true,2.39
"SZC",104637,"/Date(1703562382000)/",45050,200,1823700,81830000000,1050,true,2.39
"SZC",104637,"/Date(1703562382000)/",45050,100,1823500,81821000000,1050,true,2.39
"SZC",104637,"/Date(1703562382000)/",45050,200,1823400,81816000000,1050,true,2.39
"SZC",104618,"/Date(1703562365000)/",45050,100,1823200,81807000000,1050,true,2.39
"SZC",104614,"/Date(1703562361000)/",45050,200,1823100,81803000000,1050,true,2.39
"SZC",104614,"/Date(1703562361000)/",45050,800,1822900,81794000000,1050,true,2.39
"SZC",104614,"/Date(1703562361000)/",45050,700,1822100,81758000000,1050,true,2.39
"SZC",104614,"/Date(1703562361000)/",45050,300,1821400,81726000000,1050,true,2.39
"SZC",104602,"/Date(1703562347000)/",45050,700,1821100,81713000000,1050,true,2.39
"SZC",104602,"/Date(1703562347000)/",45050,300,1820400,81681000000,1050,true,2.39
"SZC",104458,"/Date(1703562283000)/",45050,1000,1820100,81667000000,1050,true,2.39
"SZC",104451,"/Date(1703562278000)/",45050,2000,1819100,81622000000,1050,true,2.39
"SZC",104445,"/Date(1703562273000)/",45050,100,1817100,81532000000,1050,true,2.39
"SZC",104413,"/Date(1703562239000)/",45050,300,1817000,81528000000,1050,false,2.39
"SZC",104413,"/Date(1703562239000)/",45050,500,1816700,81514000000,1050,false,2.39
"SZC",104413,"/Date(1703562239000)/",45050,500,1816200,81492000000,1050,false,2.39
"SZC",104413,"/Date(1703562239000)/",45050,5300,1815700,81469000000,1050,false,2.39
"SZC",104407,"/Date(1703562233000)/",45050,200,1810400,81230000000,1050,false,2.39
"SZC",104357,"/Date(1703562223000)/",45050,2500,1810200,81221000000,1050,false,2.39
"SZC",104351,"/Date(1703562216000)/",45050,500,1807700,81109000000,1050,false,2.39
"SZC",104341,"/Date(1703562208000)/",45050,200,1807200,81086000000,1050,false,2.39
"SZC",104332,"/Date(1703562198000)/",45050,7000,1807000,81077000000,1050,false,2.39
"SZC",104328,"/Date(1703562194000)/",45050,100,1800000,80762000000,1050,false,2.39
"SZC",104312,"/Date(1703562177000)/",45050,600,1799900,80757000000,1050,false,2.39
"SZC",104256,"/Date(1703562164000)/",45050,600,1799300,80730000000,1050,false,2.39
"SZC",104253,"/Date(1703562158000)/",45050,2000,1798700,80703000000,1050,false,2.39
"SZC",104240,"/Date(1703562146000)/",45050,200,1796700,80613000000,1050,false,2.39
"SZC",104202,"/Date(1703562110000)/",45050,200,1796500,80604000000,1050,false,2.39
"SZC",104202,"/Date(1703562110000)/",45050,100,1796300,80595000000,1050,false,2.39
"SZC",104202,"/Date(1703562110000)/",45050,100,1796200,80591000000,1050,false,2.39
"SZC",104202,"/Date(1703562110000)/",45050,500,1796100,80586000000,1050,false,2.39
"SZC",104202,"/Date(1703562110000)/",45050,9900,1795600,80564000000,1050,false,2.39
"SZC",104140,"/Date(1703562087000)/",45050,100,1785700,80118000000,1050,true,2.39
"SZC",104140,"/Date(1703562087000)/",45050,200,1785600,80113000000,1050,true,2.39
"SZC",104140,"/Date(1703562087000)/",45050,200,1785400,80104000000,1050,true,2.39
"SZC",104101,"/Date(1703562047000)/",45050,100,1785200,80095000000,1050,true,2.39
"SZC",104101,"/Date(1703562047000)/",45050,200,1785100,80091000000,1050,true,2.39
"SZC",104045,"/Date(1703562032000)/",45050,100,1784900,80082000000,1050,true,2.39
"SZC",104045,"/Date(1703562032000)/",45050,100,1784800,80077000000,1050,true,2.39
"SZC",104045,"/Date(1703562032000)/",45050,300,1784700,80073000000,1050,true,2.39
"SZC",104039,"/Date(1703562027000)/",45050,100,1784400,80059000000,1050,true,2.39
"SZC",104026,"/Date(1703562012000)/",45050,1000,1784300,80055000000,1050,true,2.39
"SZC",103850,"/Date(1703561918000)/",45050,1500,1783300,80010000000,1050,true,2.39
"SZC",103828,"/Date(1703561896000)/",45100,3000,1781800,79942000000,1100,false,2.5
"SZC",103818,"/Date(1703561884000)/",45050,1000,1778800,79807000000,1050,true,2.39
"SZC",103802,"/Date(1703561869000)/",45050,200,1777800,79762000000,1050,true,2.39
"SZC",103756,"/Date(1703561863000)/",45050,400,1777600,79753000000,1050,false,2.39
"SZC",103756,"/Date(1703561863000)/",45050,600,1777200,79735000000,1050,false,2.39
"SZC",103756,"/Date(1703561863000)/",45050,200,1776600,79708000000,1050,false,2.39
"SZC",103747,"/Date(1703561855000)/",45050,1000,1776400,79699000000,1050,false,2.39
"SZC",103743,"/Date(1703561852000)/",45050,400,1775400,79654000000,1050,false,2.39
"SZC",103727,"/Date(1703561834000)/",45050,500,1775000,79636000000,1050,false,2.39
"SZC",103721,"/Date(1703561829000)/",45050,400,1774500,79613000000,1050,false,2.39
"SZC",103721,"/Date(1703561828000)/",45050,500,1774100,79595000000,1050,false,2.39
"SZC",103702,"/Date(1703561809000)/",45050,500,1773600,79572000000,1050,false,2.39
