"Stockcode","Package","TradingDate","Price","Vol","TotalVol","TotalVal","Change","IsBuy","PerChange"
"VGS",145447,"/Date(1703577288000)/",23400,100,642376,14916698100,400,false,1.74
"VGS",144809,"/Date(1703576890000)/",23400,1000,642276,14914358100,400,true,1.74
"VGS",144511,"/Date(1703576701000)/",23400,18100,641276,14890958100,400,false,1.74
"VGS",142940,"/Date(1703575780000)/",23400,600,623176,14467418100,400,false,1.74
"VGS",142932,"/Date(1703575772000)/",23400,400,622576,14453378100,400,false,1.74
"VGS",142930,"/Date(1703575770000)/",23400,600,622176,14444018100,400,false,1.74
"VGS",142915,"/Date(1703575755000)/",23300,1000,621576,14429978100,300,true,1.3
"VGS",142854,"/Date(1703575734000)/",23300,700,620576,14406678100,300,false,1.3
"VGS",142849,"/Date(1703575729000)/",23300,3000,619876,14390368100,300,false,1.3
"VGS",142843,"/Date(1703575723000)/",23300,1200,616876,14320468100,300,false,1.3
"VGS",142826,"/Date(1703575706000)/",23300,400,615676,14292508100,300,false,1.3
"VGS",142825,"/Date(1703575705000)/",23300,3500,615276,14283188100,300,false,1.3
"VGS",142816,"/Date(1703575696000)/",23300,400,611776,14201638100,300,false,1.3
"VGS",142755,"/Date(1703575675000)/",23300,800,611376,14192318100,300,false,1.3
"VGS",142744,"/Date(1703575664000)/",23300,4700,610576,14173678100,300,true,1.3
"VGS",142739,"/Date(1703575659000)/",23300,2400,605876,14064168100,300,false,1.3
"VGS",142738,"/Date(1703575658000)/",23300,600,603476,14008248100,300,false,1.3
"VGS",142728,"/Date(1703575648000)/",23300,10000,602876,13994268100,300,false,1.3
"VGS",142707,"/Date(1703575627000)/",23300,2400,592876,13761268100,300,false,1.3
"VGS",142701,"/Date(1703575621000)/",23300,100,590476,13705348100,300,false,1.3
"VGS",142657,"/Date(1703575617000)/",23300,500,590376,13703018100,300,false,1.3
"VGS",142645,"/Date(1703575605000)/",23300,300,589876,13691368100,300,false,1.3
"VGS",142627,"/Date(1703575587000)/",23300,1000,589576,13684378100,300,false,1.3
"VGS",142551,"/Date(1703575551000)/",23300,10,588576,13661078100,300,false,1.3
"VGS",142539,"/Date(1703575539000)/",23300,50,588566,13660848100,300,false,1.3
"VGS",142521,"/Date(1703575521000)/",23300,100,588516,13659693100,300,false,1.3
"VGS",142458,"/Date(1703575498000)/",23300,15,588416,13657363100,300,false,1.3
"VGS",142132,"/Date(1703575292000)/",23300,100,588401,13657015100,300,false,1.3
"VGS",142112,"/Date(1703575272000)/",23300,100,588301,13654685100,300,false,1.3
"VGS",142032,"/Date(1703575232000)/",23200,1,588201,13652355100,200,true,0.87
"VGS",141832,"/Date(1703575112000)/",23200,100,588200,13652331900,200,true,0.87
"VGS",141705,"/Date(1703575025000)/",23300,100,588100,13650011900,300,false,1.3
"VGS",141539,"/Date(1703574939000)/",23200,100,588000,13647681900,200,true,0.87
"VGS",141454,"/Date(1703574894000)/",23200,3000,587900,13645361900,200,true,0.87
"VGS",141323,"/Date(1703574803000)/",23200,2000,584900,13575761900,200,true,0.87
"VGS",141303,"/Date(1703574783000)/",23200,800,582900,13529361900,200,true,0.87
"VGS",141256,"/Date(1703574776000)/",23200,100,582100,13510801900,200,false,0.87
"VGS",141252,"/Date(1703574772000)/",23200,100,582000,13508481900,200,true,0.87
"VGS",141227,"/Date(1703574747000)/",23200,400,581900,13506161900,200,false,0.87
"VGS",141156,"/Date(1703574716000)/",23200,1000,581500,13496881900,200,false,0.87
"VGS",141138,"/Date(1703574698000)/",23200,3000,580500,13473681900,200,false,0.87
"VGS",141104,"/Date(1703574664000)/",23200,600,577500,13404081900,200,false,0.87
"VGS",141058,"/Date(1703574658000)/",23200,400,576900,13390161900,200,true,0.87
"VGS",141053,"/Date(1703574653000)/",23200,700,576500,13380881900,200,true,0.87
"VGS",141028,"/Date(1703574628000)/",23200,100,575800,13364641900,200,true,0.87
"VGS",140947,"/Date(1703574587000)/",23200,1200,575700,13362321900,200,true,0.87
"VGS",140938,"/Date(1703574578000)/",23200,500,574500,13334481900,200,false,0.87
"VGS",140934,"/Date(1703574574000)/",23200,5000,574000,13322881900,200,false,0.87
"VGS",140928,"/Date(1703574568000)/",23200,2000,569000,13206881900,200,false,0.87
"VGS",140847,"/Date(1703574527000)/",23200,200,567000,13160481900,200,false,0.87
"VGS",140830,"/Date(1703574510000)/",23100,500,566800,13155841900,100,true,0.43
"VGS",140725,"/Date(1703574445000)/",23200,5000,566300,13144291900,200,false,0.87
"VGS",140536,"/Date(1703574336000)/",23200,10000,561300,13028291900,200,false,0.87
"VGS",140535,"/Date(1703574335000)/",23200,200,551300,12796291900,200,true,0.87
"VGS",140533,"/Date(1703574333000)/",23200,2500,551100,12791651900,200,true,0.87
"VGS",140510,"/Date(1703574311000)/",23200,2100,548600,12733651900,200,true,0.87
"VGS",140507,"/Date(1703574307000)/",23200,1500,546500,12684931900,200,true,0.87
"VGS",140506,"/Date(1703574306000)/",23200,100,545000,12650131900,200,true,0.87
"VGS",140501,"/Date(1703574301000)/",23200,2000,544900,12647811900,200,true,0.87
"VGS",140439,"/Date(1703574279000)/",23200,4000,542900,12601411900,200,true,0.87
"VGS",140438,"/Date(1703574278000)/",23300,100,538900,12508611900,300,false,1.3
"VGS",140410,"/Date(1703574250000)/",23200,100,538800,12506281900,200,true,0.87
"VGS",140355,"/Date(1703574235000)/",23200,100,538700,12503961900,200,true,0.87
"VGS",140221,"/Date(1703574141000)/",23200,500,538600,12501641900,200,true,0.87
"VGS",135919,"/Date(1703573959000)/",23200,1000,538100,12490041900,200,true,0.87
"VGS",135809,"/Date(1703573890000)/",23300,1000,537100,12466841900,300,false,1.3
"VGS",135734,"/Date(1703573855000)/",23300,500,536100,12443541900,300,false,1.3
"VGS",135730,"/Date(1703573850000)/",23300,100,535600,12431891900,300,false,1.3
"VGS",135553,"/Date(1703573754000)/",23300,1000,535500,12429561900,300,false,1.3
"VGS",135508,"/Date(1703573708000)/",23200,1000,534500,12406261900,200,true,0.87
"VGS",135255,"/Date(1703573575000)/",23300,200,533500,12383061900,300,false,1.3
"VGS",135200,"/Date(1703573521000)/",23300,100,533300,12378401900,300,false,1.3
"VGS",135104,"/Date(1703573464000)/",23200,1200,533200,12376071900,200,true,0.87
"VGS",135015,"/Date(1703573415000)/",23200,5000,532000,12348231900,200,true,0.87
"VGS",134917,"/Date(1703573357000)/",23200,1000,527000,12232231900,200,true,0.87
"VGS",134755,"/Date(1703573275000)/",23200,1000,526000,12209031900,200,true,0.87
"VGS",134654,"/Date(1703573214000)/",23300,800,525000,12185831900,300,false,1.3
"VGS",134653,"/Date(1703573213000)/",23300,200,524200,12167191900,300,false,1.3
"VGS",134556,"/Date(1703573156000)/",23300,2000,524000,12162531900,300,false,1.3
"VGS",134407,"/Date(1703573047000)/",23300,11,522000,12115931900,300,false,1.3
"VGS",134402,"/Date(1703573042000)/",23300,300,521989,12115675600,300,true,1.3
"VGS",134352,"/Date(1703573032000)/",23300,2900,521689,12108685600,300,true,1.3
"VGS",134346,"/Date(1703573026000)/",23300,1000,518789,12041115600,300,true,1.3
"VGS",134329,"/Date(1703573009000)/",23300,2000,517789,12017815600,300,true,1.3
"VGS",134316,"/Date(1703572996000)/",23300,2700,515789,11971215600,300,true,1.3
"VGS",134256,"/Date(1703572976000)/",23300,2000,513089,11908305600,300,true,1.3
"VGS",134250,"/Date(1703572970000)/",23300,1000,511089,11861705600,300,true,1.3
"VGS",134246,"/Date(1703572966000)/",23300,800,510089,11838405600,300,true,1.3
"VGS",134242,"/Date(1703572962000)/",23300,1000,509289,11819765600,300,true,1.3
"VGS",134223,"/Date(1703572943000)/",23300,5000,508289,11796465600,300,true,1.3
"VGS",134142,"/Date(1703572902000)/",23300,5600,503289,11679965600,300,true,1.3
"VGS",133749,"/Date(1703572669000)/",23300,22,497689,11549485600,300,true,1.3
"VGS",133313,"/Date(1703572393000)/",23300,2000,497667,11548975200,300,true,1.3
"VGS",133208,"/Date(1703572328000)/",23300,100,495667,11502375200,300,true,1.3
"VGS",133149,"/Date(1703572309000)/",23400,7800,495567,11500045200,400,true,1.74
"VGS",133145,"/Date(1703572305000)/",23400,100,487767,11317525200,400,true,1.74
"VGS",133143,"/Date(1703572303000)/",23400,5000,487667,11315185200,400,true,1.74
"VGS",133142,"/Date(1703572302000)/",23400,300,482667,11198185200,400,true,1.74
"VGS",133119,"/Date(1703572279000)/",23400,1000,482367,11191165200,400,true,1.74
"VGS",133113,"/Date(1703572273000)/",23400,100,481367,11167765200,400,true,1.74
"VGS",133105,"/Date(1703572265000)/",23400,2000,481267,11165425200,400,true,1.74
"VGS",133057,"/Date(1703572257000)/",23400,300,479267,11118625200,400,true,1.74
"VGS",133053,"/Date(1703572253000)/",23400,5000,478967,11111605200,400,true,1.74
"VGS",133048,"/Date(1703572248000)/",23400,1000,473967,10994605200,400,true,1.74
"VGS",133046,"/Date(1703572246000)/",23400,2000,472967,10971205200,400,true,1.74
"VGS",133030,"/Date(1703572230000)/",23400,500,470967,10924405200,400,true,1.74
"VGS",133005,"/Date(1703572205000)/",23400,3000,470467,10912705200,400,true,1.74
"VGS",133001,"/Date(1703572201000)/",23500,100,467467,10842505200,500,false,2.17
"VGS",132947,"/Date(1703572187000)/",23500,2400,467367,10840155200,500,false,2.17
"VGS",132858,"/Date(1703572138000)/",23500,400,464967,10783755200,500,false,2.17
"VGS",132850,"/Date(1703572130000)/",23500,1300,464567,10774355200,500,false,2.17
"VGS",132727,"/Date(1703572047000)/",23500,100,463267,10743805200,500,false,2.17
"VGS",132720,"/Date(1703572040000)/",23500,1000,463167,10741455200,500,false,2.17
"VGS",132642,"/Date(1703572002000)/",23500,500,462167,10717955200,500,false,2.17
"VGS",132615,"/Date(1703571975000)/",23500,1000,461667,10706205200,500,false,2.17
"VGS",132610,"/Date(1703571970000)/",23500,500,460667,10682705200,500,false,2.17
"VGS",132602,"/Date(1703571962000)/",23400,5000,460167,10670955200,400,true,1.74
"VGS",132546,"/Date(1703571946000)/",23400,2000,455167,10553955200,400,false,1.74
"VGS",132540,"/Date(1703571940000)/",23400,200,453167,10507155200,400,false,1.74
"VGS",132537,"/Date(1703571937000)/",23400,1000,452967,10502475200,400,false,1.74
"VGS",132536,"/Date(1703571936000)/",23400,1100,451967,10479075200,400,false,1.74
"VGS",132530,"/Date(1703571930000)/",23400,20000,450867,10453335200,400,false,1.74
"VGS",132527,"/Date(1703571927000)/",23400,100,430867,9985335200,400,false,1.74
"VGS",132445,"/Date(1703571885000)/",23400,1000,430767,9982995200,400,false,1.74
"VGS",132402,"/Date(1703571842000)/",23400,500,429767,9959595200,400,false,1.74
"VGS",132321,"/Date(1703571801000)/",23400,500,429267,9947895200,400,false,1.74
"VGS",132309,"/Date(1703571789000)/",23300,1700,428767,9936195200,300,true,1.3
"VGS",132040,"/Date(1703571640000)/",23300,50,427067,9896585200,300,true,1.3
"VGS",132026,"/Date(1703571626000)/",23300,300,427017,9895425200,300,true,1.3
"VGS",132021,"/Date(1703571621000)/",23300,100,426717,9888435200,300,true,1.3
"VGS",131956,"/Date(1703571596000)/",23300,1000,426617,9886105200,300,true,1.3
"VGS",131854,"/Date(1703571534000)/",23300,1000,425617,9862805200,300,true,1.3
"VGS",131849,"/Date(1703571529000)/",23300,2000,424617,9839505200,300,true,1.3
"VGS",131754,"/Date(1703571474000)/",23300,200,422617,9792905200,300,true,1.3
"VGS",131729,"/Date(1703571449000)/",23300,2000,422417,9788245200,300,true,1.3
"VGS",131715,"/Date(1703571435000)/",23300,200,420417,9741645200,300,false,1.3
"VGS",131708,"/Date(1703571428000)/",23300,100,420217,9736985200,300,false,1.3
"VGS",131703,"/Date(1703571423000)/",23300,5000,420117,9734655200,300,false,1.3
"VGS",131636,"/Date(1703571396000)/",23300,2000,415117,9618155200,300,false,1.3
"VGS",131258,"/Date(1703571178000)/",23200,100,413117,9571555200,200,true,0.87
"VGS",131143,"/Date(1703571103000)/",23300,100,413017,9569235200,300,false,1.3
"VGS",131141,"/Date(1703571101000)/",23300,2500,412917,9566905200,300,false,1.3
"VGS",131005,"/Date(1703571005000)/",23200,3000,410417,9508655200,200,true,0.87
"VGS",130918,"/Date(1703570958000)/",23200,900,407417,9439055200,200,true,0.87
"VGS",130736,"/Date(1703570856000)/",23200,1000,406517,9418175200,200,true,0.87
"VGS",130708,"/Date(1703570828000)/",23300,100,405517,9394975200,300,false,1.3
"VGS",130643,"/Date(1703570803000)/",23300,107,405417,9392645200,300,false,1.3
"VGS",130633,"/Date(1703570793000)/",23200,30,405310,9390152800,200,true,0.87
"VGS",130304,"/Date(1703570584000)/",23200,2000,405280,9389459800,200,true,0.87
"VGS",130303,"/Date(1703570583000)/",23200,2000,403280,9343059800,200,true,0.87
"VGS",130235,"/Date(1703570555000)/",23200,500,401280,9296659800,200,true,0.87
"VGS",130222,"/Date(1703570542000)/",23200,200,400780,9285059800,200,true,0.87
"VGS",130214,"/Date(1703570534000)/",23200,2000,400580,9280419800,200,true,0.87
"VGS",130022,"/Date(1703570405000)/",23300,300,398580,9234019800,300,false,1.3
"VGS",130018,"/Date(1703570404000)/",23300,100,398280,9227039800,300,false,1.3
"VGS",112758,"/Date(1703564879000)/",23300,100,398180,9224709800,300,false,1.3
"VGS",112635,"/Date(1703564795000)/",23300,1500,398080,9222379800,300,false,1.3
"VGS",112622,"/Date(1703564782000)/",23300,5000,396580,9187429800,300,true,1.3
"VGS",112218,"/Date(1703564538000)/",23300,40,391580,9070929800,300,true,1.3
"VGS",112148,"/Date(1703564508000)/",23300,4900,391540,9070005800,300,true,1.3
"VGS",112136,"/Date(1703564496000)/",23200,100,386640,8955835800,200,true,0.87
"VGS",112133,"/Date(1703564493000)/",23200,100,386540,8953515800,200,true,0.87
"VGS",111923,"/Date(1703564363000)/",23200,30,386440,8951195800,200,true,0.87
"VGS",111801,"/Date(1703564281000)/",23200,1000,386410,8950502800,200,true,0.87
"VGS",111758,"/Date(1703564278000)/",23300,3000,385410,8927302800,300,false,1.3
"VGS",111721,"/Date(1703564241000)/",23300,3000,382410,8857402800,300,false,1.3
"VGS",111415,"/Date(1703564055000)/",23300,100,379410,8787502800,300,false,1.3
"VGS",111109,"/Date(1703563869000)/",23300,48,379310,8785172800,300,false,1.3
"VGS",111012,"/Date(1703563812000)/",23300,2500,379262,8784049600,300,true,1.3
"VGS",110905,"/Date(1703563746000)/",23300,700,376762,8725799600,300,true,1.3
"VGS",110830,"/Date(1703563710000)/",23300,1000,376062,8709489600,300,true,1.3
"VGS",110823,"/Date(1703563703000)/",23300,2000,375062,8686189600,300,true,1.3
"VGS",110721,"/Date(1703563641000)/",23300,500,373062,8639589600,300,true,1.3
"VGS",110659,"/Date(1703563618000)/",23300,500,372562,8627939600,300,true,1.3
"VGS",110644,"/Date(1703563603000)/",23300,1000,372062,8616289600,300,true,1.3
"VGS",110626,"/Date(1703563586000)/",23300,2800,371062,8592989600,300,true,1.3
"VGS",110620,"/Date(1703563580000)/",23400,42,368262,8527749600,400,false,1.74
"VGS",110505,"/Date(1703563505000)/",23400,100,368220,8526770400,400,false,1.74
"VGS",110440,"/Date(1703563479000)/",23400,2000,368120,8524430400,400,false,1.74
"VGS",110407,"/Date(1703563447000)/",23400,3000,366120,8477630400,400,false,1.74
"VGS",110345,"/Date(1703563425000)/",23400,100,363120,8407430400,400,false,1.74
"VGS",110323,"/Date(1703563403000)/",23400,5000,363020,8405090400,400,false,1.74
"VGS",110223,"/Date(1703563343000)/",23400,1000,358020,8288090400,400,false,1.74
"VGS",110031,"/Date(1703563231000)/",23400,100,357020,8264690400,400,false,1.74
"VGS",105933,"/Date(1703563173000)/",23400,700,356920,8262350400,400,true,1.74
"VGS",105930,"/Date(1703563170000)/",23400,300,356220,8245970400,400,true,1.74
"VGS",105929,"/Date(1703563169000)/",23400,200,355920,8238950400,400,true,1.74
"VGS",105928,"/Date(1703563168000)/",23400,100,355720,8234270400,400,true,1.74
"VGS",105927,"/Date(1703563167000)/",23400,100,355620,8231930400,400,true,1.74
"VGS",105920,"/Date(1703563160000)/",23400,200,355520,8229590400,400,true,1.74
"VGS",105903,"/Date(1703563143000)/",23400,1000,355320,8224910400,400,true,1.74
"VGS",105819,"/Date(1703563099000)/",23400,1000,354320,8201510400,400,true,1.74
"VGS",105818,"/Date(1703563098000)/",23400,100,353320,8178110400,400,true,1.74
"VGS",105803,"/Date(1703563083000)/",23400,100,353220,8175770400,400,true,1.74
"VGS",105747,"/Date(1703563067000)/",23400,1400,353120,8173430400,400,true,1.74
"VGS",105740,"/Date(1703563060000)/",23400,600,351720,8140670400,400,false,1.74
"VGS",105735,"/Date(1703563055000)/",23400,100,351120,8126630400,400,true,1.74
"VGS",105717,"/Date(1703563037000)/",23400,100,351020,8124290400,400,false,1.74
"VGS",105707,"/Date(1703563027000)/",23300,1000,350920,8121950400,300,true,1.3
"VGS",105704,"/Date(1703563024000)/",23400,100,349920,8098560400,400,false,1.74
"VGS",105650,"/Date(1703563010000)/",23500,20000,349820,8096220400,500,false,2.17
"VGS",105635,"/Date(1703562995000)/",23500,2300,329820,7626920400,500,false,2.17
"VGS",105605,"/Date(1703562965000)/",23500,100,327520,7572870400,500,false,2.17
"VGS",105557,"/Date(1703562957000)/",23500,9400,327420,7570520400,500,false,2.17
"VGS",105542,"/Date(1703562942000)/",23200,1000,318020,7350250400,200,false,0.87
"VGS",105541,"/Date(1703562941000)/",23400,80000,317020,7327050400,400,false,1.74
"VGS",105533,"/Date(1703562933000)/",23200,3000,237020,5463620400,200,false,0.87
"VGS",105531,"/Date(1703562931000)/",23200,2000,234020,5394020400,200,false,0.87
"VGS",105527,"/Date(1703562927000)/",23200,100,232020,5347620400,200,false,0.87
"VGS",105446,"/Date(1703562886000)/",23100,600,231920,5345300400,100,false,0.43
"VGS",105441,"/Date(1703562881000)/",23100,4000,231320,5331440400,100,false,0.43
"VGS",105440,"/Date(1703562880000)/",23100,100,227320,5239040400,100,false,0.43
"VGS",105437,"/Date(1703562877000)/",23100,300,227220,5236730400,100,false,0.43
"VGS",105431,"/Date(1703562871000)/",23100,500,226920,5229800400,100,false,0.43
"VGS",105428,"/Date(1703562868000)/",23100,2800,226420,5218250400,100,false,0.43
"VGS",105404,"/Date(1703562844000)/",23100,3000,223620,5153570400,100,false,0.43
"VGS",105257,"/Date(1703562777000)/",23000,500,220620,5084270400,0,true,0
"VGS",105201,"/Date(1703562721000)/",23100,1000,220120,5072770400,100,false,0.43
"VGS",105132,"/Date(1703562692000)/",23100,2000,219120,5049670400,100,false,0.43
"VGS",105126,"/Date(1703562686000)/",23100,2200,217120,5003470400,100,false,0.43
"VGS",105122,"/Date(1703562682000)/",23100,200,214920,4952650400,100,false,0.43
"VGS",105112,"/Date(1703562672000)/",23100,1000,214720,4948030400,100,false,0.43
"VGS",105053,"/Date(1703562653000)/",23100,100,213720,4924930400,100,false,0.43
"VGS",104508,"/Date(1703562308000)/",23000,20,213620,4922620400,0,true,0
"VGS",104029,"/Date(1703562029000)/",23000,2000,213600,4922160400,0,true,0
"VGS",103912,"/Date(1703561952000)/",23000,4800,211600,4876160400,0,true,0
"VGS",103707,"/Date(1703561827000)/",23000,140,206800,4765760400,0,true,0
"VGS",103449,"/Date(1703561689000)/",23000,100,206660,4762538900,0,true,0
"VGS",103440,"/Date(1703561680000)/",23000,2000,206560,4760238900,0,true,0
"VGS",103326,"/Date(1703561606000)/",23000,500,204560,4714238900,0,true,0
"VGS",102817,"/Date(1703561297000)/",23000,1000,204060,4702738900,0,true,0
"VGS",102816,"/Date(1703561296000)/",23000,1000,203060,4679738900,0,true,0
"VGS",102755,"/Date(1703561275000)/",23000,3000,202060,4656738900,0,true,0
"VGS",102440,"/Date(1703561080000)/",23000,5,199060,4587738900,0,true,0
"VGS",102411,"/Date(1703561051000)/",23000,20,199055,4587623400,0,true,0
"VGS",102129,"/Date(1703560889000)/",23000,900,199035,4587161400,0,true,0
"VGS",102052,"/Date(1703560853000)/",23000,1000,198135,4566461400,0,true,0
"VGS",101941,"/Date(1703560781000)/",23000,1200,197135,4543461400,0,true,0
"VGS",101853,"/Date(1703560733000)/",23000,2000,195935,4515861400,0,true,0
"VGS",101624,"/Date(1703560584000)/",23000,200,193935,4469861400,0,true,0
"VGS",101609,"/Date(1703560569000)/",23000,2000,193735,4465261400,0,true,0
"VGS",101513,"/Date(1703560514000)/",23000,3000,191735,4419261400,0,true,0
"VGS",101513,"/Date(1703560513000)/",23100,100,188735,4350261400,100,false,0.43
"VGS",101445,"/Date(1703560486000)/",23100,100,188635,4347951400,100,false,0.43
"VGS",101402,"/Date(1703560443000)/",23100,3000,188535,4345641400,100,false,0.43
"VGS",101359,"/Date(1703560440000)/",23100,200,185535,4276341400,100,false,0.43
"VGS",101357,"/Date(1703560438000)/",23000,1300,185335,4271721400,0,true,0
"VGS",101334,"/Date(1703560415000)/",23100,100,184035,4241821400,100,false,0.43
"VGS",101247,"/Date(1703560368000)/",23100,9000,183935,4239511400,100,false,0.43
"VGS",101200,"/Date(1703560320000)/",23000,1500,174935,4031611400,0,true,0
"VGS",101048,"/Date(1703560248000)/",23000,1500,173435,3997111400,0,true,0
"VGS",101000,"/Date(1703560200000)/",23000,200,171935,3962611400,0,true,0
"VGS",100857,"/Date(1703560137000)/",23000,200,171735,3958011400,0,true,0
"VGS",100853,"/Date(1703560133000)/",23100,300,171535,3953411400,100,true,0.43
"VGS",100829,"/Date(1703560109000)/",23100,5000,171235,3946481400,100,true,0.43
"VGS",100654,"/Date(1703560014000)/",23100,200,166235,3830981400,100,true,0.43
"VGS",100420,"/Date(1703559860000)/",23100,5500,166035,3826361400,100,true,0.43
"VGS",100410,"/Date(1703559850000)/",23100,2000,160535,3699311400,100,false,0.43
"VGS",100408,"/Date(1703559848000)/",23100,5000,158535,3653111400,100,false,0.43
"VGS",100405,"/Date(1703559845000)/",23100,500,153535,3537611400,100,false,0.43
"VGS",100351,"/Date(1703559831000)/",23100,21000,153035,3526061400,100,false,0.43
"VGS",100301,"/Date(1703559781000)/",23100,200,132035,3040961400,100,false,0.43
"VGS",100248,"/Date(1703559768000)/",23100,600,131835,3036341400,100,false,0.43
"VGS",100236,"/Date(1703559756000)/",23000,200,131235,3022481400,0,true,0
"VGS",100205,"/Date(1703559725000)/",23000,500,131035,3017881400,0,true,0
"VGS",100204,"/Date(1703559724000)/",23000,6900,130535,3006381400,0,true,0
"VGS",100203,"/Date(1703559723000)/",23000,3100,123635,2847681400,0,true,0
"VGS",100147,"/Date(1703559707000)/",23000,1200,120535,2776381400,0,true,0
"VGS",100134,"/Date(1703559694000)/",23000,3000,119335,2748781400,0,true,0
"VGS",100102,"/Date(1703559662000)/",23100,100,116335,2679781400,100,false,0.43
"VGS",100100,"/Date(1703559660000)/",23100,700,116235,2677471400,100,false,0.43
"VGS",95950,"/Date(1703559590000)/",23000,10000,115535,2661301400,0,true,0
"VGS",95928,"/Date(1703559568000)/",23000,1300,105535,2431301400,0,true,0
"VGS",95558,"/Date(1703559358000)/",23000,1200,104235,2401401400,0,true,0
"VGS",95531,"/Date(1703559331000)/",23000,300,103035,2373801400,0,true,0
"VGS",95508,"/Date(1703559308000)/",23000,500,102735,2366901400,0,true,0
"VGS",95340,"/Date(1703559220000)/",23000,600,102235,2355401400,0,true,0
"VGS",95133,"/Date(1703559093000)/",23000,200,101635,2341601400,0,true,0
"VGS",94908,"/Date(1703558948000)/",23000,2300,101435,2337001400,0,true,0
"VGS",94849,"/Date(1703558929000)/",23000,100,99135,2284101400,0,true,0
"VGS",94812,"/Date(1703558892000)/",23000,1,99035,2281801400,0,true,0
"VGS",94801,"/Date(1703558881000)/",23000,100,99034,2281778400,0,true,0
"VGS",94441,"/Date(1703558681000)/",23000,200,98934,2279478400,0,true,0
"VGS",94440,"/Date(1703558680000)/",23000,200,98734,2274878400,0,true,0
"VGS",94350,"/Date(1703558630000)/",23000,1000,98534,2270278400,0,true,0
"VGS",94259,"/Date(1703558579000)/",23000,7000,97534,2247278400,0,true,0
"VGS",94237,"/Date(1703558557000)/",23000,1000,90534,2086278400,0,true,0
"VGS",94020,"/Date(1703558420000)/",23000,1000,89534,2063278400,0,true,0
"VGS",93913,"/Date(1703558353000)/",23000,1000,88534,2040278400,0,true,0
"VGS",93855,"/Date(1703558335000)/",23000,200,87534,2017278400,0,true,0
"VGS",93656,"/Date(1703558216000)/",23000,500,87334,2012678400,0,true,0
"VGS",93500,"/Date(1703558101000)/",23000,300,86834,2001178400,0,true,0
"VGS",93457,"/Date(1703558097000)/",23000,1000,86534,1994278400,0,true,0
"VGS",93440,"/Date(1703558081000)/",23000,300,85534,1971278400,0,true,0
"VGS",93435,"/Date(1703558075000)/",23000,400,85234,1964378400,0,true,0
"VGS",93427,"/Date(1703558068000)/",23000,100,84834,1955178400,0,false,0
"VGS",93423,"/Date(1703558064000)/",23000,100,84734,1952878400,0,false,0
"VGS",93422,"/Date(1703558062000)/",22900,500,84634,1950578400,-100,true,-0.43
"VGS",93408,"/Date(1703558048000)/",23000,1000,84134,1939128400,0,false,0
"VGS",93222,"/Date(1703557943000)/",22900,1500,83134,1916128400,-100,true,-0.43
"VGS",93206,"/Date(1703557927000)/",23000,1400,81634,1881698400,0,false,0
"VGS",93149,"/Date(1703557909000)/",23000,2000,80234,1849498400,0,false,0
"VGS",93108,"/Date(1703557869000)/",23000,2000,78234,1803498400,0,false,0
"VGS",93059,"/Date(1703557860000)/",22900,3000,76234,1757498400,-100,true,-0.43
"VGS",93049,"/Date(1703557849000)/",23000,400,73234,1688798400,0,false,0
"VGS",93035,"/Date(1703557836000)/",23000,100,72834,1679598400,0,false,0
"VGS",93031,"/Date(1703557832000)/",23000,500,72734,1677298400,0,false,0
"VGS",93021,"/Date(1703557822000)/",23000,100,72234,1665798400,0,false,0
"VGS",93017,"/Date(1703557818000)/",23000,200,72134,1663498400,0,false,0
"VGS",93014,"/Date(1703557815000)/",23000,500,71934,1658898400,0,false,0
"VGS",92957,"/Date(1703557798000)/",23000,3500,71434,1647398400,0,false,0
"VGS",92939,"/Date(1703557780000)/",23000,5102,67934,1566898400,0,false,0
"VGS",92933,"/Date(1703557774000)/",23000,100,62832,1449552400,0,false,0
"VGS",92930,"/Date(1703557771000)/",23000,100,62732,1447252400,0,false,0
"VGS",92912,"/Date(1703557753000)/",23000,1600,62632,1444952400,0,true,0
"VGS",92909,"/Date(1703557750000)/",23000,3000,61032,1408152400,0,true,0
"VGS",92851,"/Date(1703557732000)/",23000,2000,58032,1339152400,0,true,0
"VGS",92831,"/Date(1703557712000)/",23000,8000,56032,1293152400,0,true,0
"VGS",92818,"/Date(1703557699000)/",23000,2000,48032,1109152400,0,true,0
"VGS",92759,"/Date(1703557680000)/",23000,12000,46032,1063152400,0,true,0
"VGS",92757,"/Date(1703557678000)/",23000,6000,34032,787152400,0,true,0
"VGS",92642,"/Date(1703557603000)/",23100,4900,28032,649152400,100,true,0.43
"VGS",92638,"/Date(1703557599000)/",23100,5000,23132,535962400,100,true,0.43
"VGS",92443,"/Date(1703557483000)/",23100,32,18132,420462400,100,true,0.43
"VGS",92440,"/Date(1703557480000)/",23100,100,18100,419720000,100,true,0.43
"VGS",92437,"/Date(1703557477000)/",23200,1000,18000,417410000,200,false,0.87
"VGS",92424,"/Date(1703557464000)/",23200,100,17000,394210000,200,false,0.87
"VGS",92221,"/Date(1703557341000)/",23200,500,16900,391890000,200,false,0.87
"VGS",92055,"/Date(1703557255000)/",23200,200,16400,380290000,200,false,0.87
"VGS",92017,"/Date(1703557217000)/",23200,7000,16200,375650000,200,false,0.87
"VGS",91951,"/Date(1703557191000)/",23200,100,9200,213250000,200,false,0.87
"VGS",91947,"/Date(1703557187000)/",23200,200,9100,210930000,200,false,0.87
"VGS",91856,"/Date(1703557136000)/",23200,300,8900,206290000,200,false,0.87
"VGS",91516,"/Date(1703556916000)/",23200,300,8600,199330000,200,false,0.87
"VGS",91357,"/Date(1703556837000)/",23200,4000,8300,192370000,200,false,0.87
"VGS",91230,"/Date(1703556750000)/",23200,1300,4300,99570000,200,false,0.87
"VGS",91145,"/Date(1703556705000)/",23100,100,3000,69410000,100,false,0.43
"VGS",90942,"/Date(1703556582000)/",23100,900,2900,67100000,100,false,0.43
"VGS",90908,"/Date(1703556548000)/",23200,100,2000,46310000,200,false,0.87
"VGS",90811,"/Date(1703556491000)/",23200,200,1900,43990000,200,false,0.87
"VGS",90805,"/Date(1703556485000)/",23100,200,1700,39350000,100,true,0.43
"VGS",90524,"/Date(1703556325000)/",23200,100,1500,34730000,200,false,0.87
"VGS",90457,"/Date(1703556297000)/",23200,100,1400,32410000,200,false,0.87
"VGS",90442,"/Date(1703556283000)/",23000,600,1300,30090000,0,true,0
"VGS",90054,"/Date(1703556014000)/",23300,700,700,16290000,300,false,1.3
