"symbol","time","price","change","vol","total","side"
"BAF","14:45:00",25.7,-0.55,121100,3407500,
"BAF","14:29:57",25.6,-0.65,5000,3286400,"B"
"BAF","14:29:50",25.6,-0.65,3400,3281400,"B"
"BAF","14:29:50",25.65,-0.6,1600,3278000,"B"
"BAF","14:29:34",25.65,-0.6,100,3276400,"B"
"BAF","14:29:28",25.7,-0.55,2200,3276300,"S"
"BAF","14:29:23",25.7,-0.55,1600,3274100,"S"
"BAF","14:29:06",25.65,-0.6,700,3272500,"B"
"BAF","14:28:58",25.65,-0.6,5700,3271800,"S"
"BAF","14:28:54",25.6,-0.65,1000,3266100,"B"
"BAF","14:28:49",25.65,-0.6,16000,3265100,"S"
"BAF","14:28:40",25.6,-0.65,600,3249100,"B"
"BAF","14:28:20",25.6,-0.65,100,3248500,"B"
"BAF","14:27:44",25.6,-0.65,500,3248400,"B"
"BAF","14:27:36",25.6,-0.65,17000,3247900,"S"
"BAF","14:27:22",25.6,-0.65,8000,3230900,"S"
"BAF","14:27:15",25.6,-0.65,1000,3222900,"S"
"BAF","14:27:13",25.55,-0.7,100,3221900,"B"
"BAF","14:27:11",25.55,-0.7,2000,3221800,"B"
"BAF","14:27:10",25.6,-0.65,12000,3219800,"S"
"BAF","14:27:05",25.55,-0.7,500,3207800,"B"
"BAF","14:27:02",25.6,-0.65,800,3207300,"S"
"BAF","14:26:25",25.6,-0.65,4400,3206500,"B"
"BAF","14:26:15",25.6,-0.65,9400,3202100,"B"
"BAF","14:25:02",25.65,-0.6,1000,3152100,"S"
"BAF","14:24:06",25.65,-0.6,2000,3151100,"S"
"BAF","14:23:04",25.65,-0.6,300,3149100,"S"
"BAF","14:22:39",25.65,-0.6,18700,3148800,"B"
"BAF","14:22:25",25.7,-0.55,6000,3130100,"S"
"BAF","14:22:12",25.65,-0.6,11300,3124100,"S"
"BAF","14:21:57",25.65,-0.6,25400,3112800,"B"
"BAF","14:21:34",25.65,-0.6,800,3087400,"B"
"BAF","14:20:15",25.7,-0.55,9800,3086600,"S"
"BAF","14:20:15",25.7,-0.55,3200,3076800,"S"
"BAF","14:19:13",25.7,-0.55,2000,3073600,"S"
"BAF","14:19:01",25.65,-0.6,3900,3071600,"S"
"BAF","14:18:58",25.6,-0.65,2000,3067700,"B"
"BAF","14:18:54",25.6,-0.65,2000,3065700,"B"
"BAF","14:18:47",25.6,-0.65,1000,3063700,"B"
"BAF","14:18:31",25.65,-0.6,1000,3062700,"S"
"BAF","14:17:34",25.65,-0.6,5000,3061700,"S"
"BAF","14:17:28",25.6,-0.65,1000,3056700,"B"
"BAF","14:16:51",25.65,-0.6,10000,3055700,"S"
"BAF","14:16:39",25.65,-0.6,10000,3045700,"S"
"BAF","14:16:26",25.65,-0.6,3400,3035700,"S"
"BAF","14:16:02",25.65,-0.6,4700,3032300,"S"
"BAF","14:16:01",25.6,-0.65,2000,3027600,"B"
"BAF","14:15:33",25.65,-0.6,3000,3025600,"S"
"BAF","14:15:31",25.65,-0.6,200,3022600,"S"
"BAF","14:14:29",25.65,-0.6,100,3022400,"S"
"BAF","14:14:23",25.65,-0.6,200,3022300,"S"
"BAF","14:14:13",25.65,-0.6,3000,3022100,"S"
"BAF","14:13:56",25.65,-0.6,8000,3019100,"S"
"BAF","14:13:52",25.6,-0.65,300,3011100,"B"
"BAF","14:13:42",25.65,-0.6,1000,3010800,"S"
"BAF","14:13:42",25.65,-0.6,2000,3009800,"S"
"BAF","14:13:32",25.65,-0.6,5000,3007800,"S"
"BAF","14:13:28",25.65,-0.6,5000,3002800,"S"
"BAF","14:12:34",25.65,-0.6,16000,2997800,"S"
"BAF","14:12:21",25.6,-0.65,13500,2981800,"S"
"BAF","14:12:19",25.6,-0.65,200,2968300,"S"
"BAF","14:12:10",25.6,-0.65,500,2968100,"S"
"BAF","14:11:54",25.6,-0.65,19800,2967600,"B"
"BAF","14:10:52",25.6,-0.65,10500,2947800,"S"
"BAF","14:10:46",25.6,-0.65,9800,2937300,"S"
"BAF","14:10:00",25.55,-0.7,19800,2927500,"B"
"BAF","14:09:50",25.6,-0.65,1300,2907700,"S"
"BAF","14:09:39",25.6,-0.65,10900,2906400,"B"
"BAF","14:09:05",25.65,-0.6,200,2895500,"S"
"BAF","14:08:56",25.65,-0.6,100,2895300,"S"
"BAF","14:08:42",25.65,-0.6,2000,2895200,"S"
"BAF","14:08:41",25.65,-0.6,8000,2893200,"S"
"BAF","14:08:34",25.6,-0.65,1100,2885200,"B"
"BAF","14:08:02",25.6,-0.65,1200,2884100,"S"
"BAF","14:07:13",25.6,-0.65,1000,2882900,"S"
"BAF","14:07:05",25.55,-0.7,10000,2881900,"B"
"BAF","14:06:41",25.6,-0.65,1000,2871900,"S"
"BAF","14:06:00",25.6,-0.65,500,2870900,"S"
"BAF","14:05:49",25.6,-0.65,500,2870400,"S"
"BAF","14:05:30",25.6,-0.65,1000,2869900,"S"
"BAF","14:05:16",25.6,-0.65,10000,2868900,"S"
"BAF","14:04:49",25.55,-0.7,10000,2858900,"B"
"BAF","14:04:15",25.6,-0.65,300,2848900,"S"
"BAF","14:03:15",25.6,-0.65,100,2848600,"B"
"BAF","14:02:49",25.65,-0.6,1000,2848500,"S"
"BAF","14:02:25",25.6,-0.65,2000,2847500,"S"
"BAF","14:02:21",25.55,-0.7,20000,2845500,"B"
"BAF","14:01:43",25.6,-0.65,100,2825500,"S"
"BAF","14:00:44",25.6,-0.65,3800,2825400,"S"
"BAF","14:00:32",25.6,-0.65,8000,2821600,"S"
"BAF","14:00:24",25.55,-0.7,5200,2813600,"S"
"BAF","14:00:21",25.55,-0.7,1000,2808400,"S"
"BAF","13:58:58",25.55,-0.7,10000,2807400,"S"
"BAF","13:58:47",25.5,-0.75,5000,2797400,"B"
"BAF","13:58:39",25.55,-0.7,1000,2792400,"S"
"BAF","13:57:47",25.55,-0.7,57900,2791400,"B"
"BAF","13:57:42",25.55,-0.7,2000,2733500,"B"
"BAF","13:57:41",25.55,-0.7,300,2731500,"B"
"BAF","13:56:51",25.6,-0.65,200,2731200,"S"
"BAF","13:56:35",25.6,-0.65,1900,2731000,"S"
"BAF","13:56:35",25.6,-0.65,10100,2729100,"S"
"BAF","13:56:24",25.6,-0.65,1000,2719000,"S"
"BAF","13:56:11",25.6,-0.65,1900,2718000,"S"
"BAF","13:56:02",25.6,-0.65,4000,2716100,"S"
"BAF","13:55:53",25.6,-0.65,600,2712100,"S"
"BAF","13:55:47",25.55,-0.7,400,2711500,"B"
"BAF","13:55:47",25.55,-0.7,500,2711100,"B"
"BAF","13:55:40",25.55,-0.7,1500,2710600,"B"
"BAF","13:55:23",25.55,-0.7,2800,2709100,"B"
"BAF","13:55:17",25.6,-0.65,10000,2706300,"S"
"BAF","13:55:10",25.6,-0.65,3800,2696300,"S"
"BAF","13:55:09",25.6,-0.65,200,2692500,"S"
"BAF","13:54:57",25.6,-0.65,1000,2692300,"S"
"BAF","13:54:50",25.6,-0.65,1200,2691300,"S"
"BAF","13:54:42",25.6,-0.65,8000,2690100,"S"
"BAF","13:54:09",25.6,-0.65,30000,2682100,"S"
"BAF","13:53:48",25.55,-0.7,1300,2652100,"B"
"BAF","13:53:40",25.55,-0.7,4500,2650800,"B"
"BAF","13:53:38",25.6,-0.65,2000,2646300,"S"
"BAF","13:53:36",25.6,-0.65,800,2644300,"S"
"BAF","13:53:20",25.6,-0.65,700,2643500,"S"
"BAF","13:53:15",25.6,-0.65,5000,2642800,"S"
"BAF","13:53:05",25.6,-0.65,20000,2637800,"S"
"BAF","13:52:39",25.55,-0.7,6700,2617800,"B"
"BAF","13:52:33",25.6,-0.65,5000,2611100,"S"
"BAF","13:52:29",25.55,-0.7,1000,2606100,"B"
"BAF","13:52:09",25.55,-0.7,8800,2605100,"S"
"BAF","13:51:51",25.55,-0.7,5000,2596300,"S"
"BAF","13:51:20",25.5,-0.75,300,2591300,"B"
"BAF","13:51:16",25.5,-0.75,9600,2591000,"B"
"BAF","13:50:48",25.5,-0.75,2100,2581400,"B"
"BAF","13:50:44",25.5,-0.75,5000,2579300,"B"
"BAF","13:50:37",25.5,-0.75,13000,2574300,"S"
"BAF","13:50:22",25.5,-0.75,1600,2561300,"S"
"BAF","13:50:04",25.45,-0.8,400,2559700,"S"
"BAF","13:50:01",25.45,-0.8,5000,2559300,"S"
"BAF","13:49:58",25.45,-0.8,300,2554300,"S"
"BAF","13:49:57",25.45,-0.8,400,2554000,"S"
"BAF","13:49:46",25.45,-0.8,100,2553600,"B"
"BAF","13:49:37",25.5,-0.75,300,2553500,"S"
"BAF","13:49:37",25.45,-0.8,5000,2553200,"B"
"BAF","13:49:30",25.45,-0.8,8300,2548200,"B"
"BAF","13:49:30",25.5,-0.75,10000,2539900,"S"
"BAF","13:49:11",25.45,-0.8,6000,2529900,"B"
"BAF","13:48:57",25.45,-0.8,1500,2523900,"B"
"BAF","13:48:41",25.5,-0.75,5000,2522400,"S"
"BAF","13:48:31",25.5,-0.75,4300,2517400,"S"
"BAF","13:48:08",25.5,-0.75,100,2513100,"S"
"BAF","13:48:04",25.5,-0.75,1000,2513000,"S"
"BAF","13:47:54",25.5,-0.75,6400,2512000,"S"
"BAF","13:47:31",25.45,-0.8,1000,2505600,"B"
"BAF","13:46:46",25.45,-0.8,400,2504600,"B"
"BAF","13:46:34",25.45,-0.8,8700,2504200,"B"
"BAF","13:46:02",25.45,-0.8,9000,2495500,"S"
"BAF","13:45:53",25.45,-0.8,21000,2486500,"B"
"BAF","13:45:00",25.45,-0.8,1300,2465500,"S"
"BAF","13:44:37",25.45,-0.8,12000,2464200,"S"
"BAF","13:44:30",25.4,-0.85,4000,2452200,"B"
"BAF","13:44:26",25.45,-0.8,6000,2448200,"S"
"BAF","13:44:07",25.4,-0.85,400,2442200,"S"
"BAF","13:44:00",25.35,-0.9,100,2441800,"B"
"BAF","13:44:00",25.35,-0.9,500,2441700,"B"
"BAF","13:43:59",25.4,-0.85,900,2441200,"S"
"BAF","13:43:59",25.35,-0.9,21000,2440300,"B"
"BAF","13:43:49",25.4,-0.85,1000,2419300,"B"
"BAF","13:43:44",25.45,-0.8,3400,2418300,"S"
"BAF","13:43:44",25.4,-0.85,1600,2414900,"S"
"BAF","13:43:43",25.4,-0.85,28400,2413300,"B"
"BAF","13:43:30",25.4,-0.85,1600,2384900,"S"
"BAF","13:43:25",25.4,-0.85,58400,2383300,"B"
"BAF","13:43:12",25.45,-0.8,100,2324900,"S"
"BAF","13:43:08",25.4,-0.85,500,2324800,"B"
"BAF","13:42:34",25.4,-0.85,1000,2324300,"B"
"BAF","13:42:17",25.4,-0.85,200,2323300,"B"
"BAF","13:42:14",25.45,-0.8,100,2323100,"S"
"BAF","13:41:57",25.45,-0.8,1000,2323000,"S"
"BAF","13:41:05",25.45,-0.8,200,2322000,"S"
"BAF","13:40:37",25.4,-0.85,2600,2321800,"B"
"BAF","13:40:37",25.4,-0.85,2500,2319200,"B"
"BAF","13:40:35",25.45,-0.8,200,2316700,"S"
"BAF","13:40:29",25.45,-0.8,1000,2316500,"S"
"BAF","13:40:12",25.45,-0.8,1000,2315500,"S"
"BAF","13:40:10",25.45,-0.8,500,2314500,"S"
"BAF","13:39:32",25.45,-0.8,10000,2314000,"S"
"BAF","13:39:25",25.4,-0.85,500,2304000,"B"
"BAF","13:38:51",25.4,-0.85,3000,2303500,"B"
"BAF","13:38:36",25.4,-0.85,6000,2300500,"B"
"BAF","13:38:35",25.4,-0.85,10000,2294500,"B"
"BAF","13:38:34",25.4,-0.85,5000,2284500,"B"
"BAF","13:38:21",25.45,-0.8,1000,2279500,"S"
"BAF","13:38:03",25.45,-0.8,10800,2278500,"B"
"BAF","13:37:49",25.45,-0.8,10000,2267700,"B"
"BAF","13:37:36",25.45,-0.8,3000,2257700,"B"
"BAF","13:37:25",25.45,-0.8,25000,2254700,"S"
"BAF","13:37:16",25.5,-0.75,6400,2229700,"S"
"BAF","13:37:16",25.45,-0.8,1600,2223300,"S"
"BAF","13:37:09",25.45,-0.8,900,2221700,"B"
"BAF","13:37:08",25.45,-0.8,1600,2220800,"B"
"BAF","13:37:04",25.45,-0.8,500,2219200,"B"
"BAF","13:36:55",25.45,-0.8,15000,2218700,"B"
"BAF","13:36:50",25.45,-0.8,1000,2203700,"B"
"BAF","13:36:44",25.45,-0.8,5800,2202700,"B"
"BAF","13:36:27",25.45,-0.8,4000,2196900,"B"
"BAF","13:36:26",25.45,-0.8,5200,2192900,"B"
"BAF","13:36:25",25.45,-0.8,2500,2187700,"B"
"BAF","13:36:24",25.45,-0.8,8700,2185200,"B"
"BAF","13:36:23",25.45,-0.8,12500,2176500,"B"
"BAF","13:36:21",25.45,-0.8,20000,2164000,"B"
"BAF","13:36:18",25.45,-0.8,15000,2144000,"B"
"BAF","13:36:17",25.45,-0.8,500,2129000,"B"
"BAF","13:36:15",25.45,-0.8,3000,2128500,"B"
"BAF","13:35:53",25.45,-0.8,5000,2125500,"B"
"BAF","13:35:37",25.45,-0.8,100,2120500,"B"
"BAF","13:35:36",25.45,-0.8,700,2120400,"B"
"BAF","13:35:35",25.45,-0.8,8500,2119700,"B"
"BAF","13:35:22",25.5,-0.75,5000,2111200,"S"
"BAF","13:35:14",25.5,-0.75,600,2106200,"S"
"BAF","13:35:10",25.5,-0.75,400,2105600,"B"
"BAF","13:35:08",25.5,-0.75,24900,2105200,"B"
"BAF","13:35:06",25.5,-0.75,70000,2080300,"B"
"BAF","13:35:03",25.55,-0.7,100,2010300,"S"
"BAF","13:34:38",25.55,-0.7,1000,2010200,"S"
"BAF","13:34:24",25.5,-0.75,11000,2009200,"B"
"BAF","13:34:22",25.5,-0.75,7500,1998200,"B"
"BAF","13:33:57",25.55,-0.7,100,1990700,"S"
"BAF","13:33:55",25.5,-0.75,600,1990600,"B"
"BAF","13:33:41",25.5,-0.75,1500,1990000,"B"
"BAF","13:33:39",25.5,-0.75,1700,1988500,"B"
"BAF","13:33:38",25.5,-0.75,11500,1986800,"B"
"BAF","13:33:28",25.55,-0.7,2800,1975300,"B"
"BAF","13:33:25",25.55,-0.7,4500,1972500,"B"
"BAF","13:33:24",25.55,-0.7,3200,1968000,"B"
"BAF","13:33:23",25.55,-0.7,1000,1964800,"B"
"BAF","13:33:22",25.55,-0.7,1500,1963800,"B"
"BAF","13:33:08",25.55,-0.7,2000,1962300,"B"
"BAF","13:32:43",25.55,-0.7,3000,1960300,"B"
"BAF","13:32:21",25.6,-0.65,500,1957300,"S"
"BAF","13:32:02",25.6,-0.65,5000,1956800,"S"
"BAF","13:31:25",25.6,-0.65,10000,1951800,"S"
"BAF","13:30:00",25.6,-0.65,10000,1941800,"S"
"BAF","13:29:49",25.6,-0.65,5000,1931800,"S"
"BAF","13:29:40",25.6,-0.65,1000,1926800,"S"
"BAF","13:29:39",25.55,-0.7,500,1925800,"B"
"BAF","13:28:17",25.6,-0.65,20000,1925300,"S"
"BAF","13:28:16",25.55,-0.7,10000,1905300,"B"
"BAF","13:27:51",25.6,-0.65,500,1895300,"S"
"BAF","13:27:39",25.55,-0.7,12500,1894800,"B"
"BAF","13:27:37",25.55,-0.7,16300,1882300,"B"
"BAF","13:27:34",25.55,-0.7,800,1866000,"B"
"BAF","13:27:33",25.55,-0.7,5000,1865200,"B"
"BAF","13:27:28",25.6,-0.65,1500,1860200,"S"
"BAF","13:27:08",25.55,-0.7,2000,1858700,"B"
"BAF","13:26:49",25.55,-0.7,1900,1856700,"B"
"BAF","13:26:24",25.55,-0.7,300,1854800,"B"
"BAF","13:26:19",25.55,-0.7,800,1854500,"B"
"BAF","13:26:15",25.55,-0.7,2900,1853700,"B"
"BAF","13:26:01",25.55,-0.7,200,1850800,"B"
"BAF","13:25:22",25.6,-0.65,16000,1850600,"S"
"BAF","13:23:46",25.6,-0.65,24200,1834600,"B"
"BAF","13:23:45",25.6,-0.65,51200,1810400,"B"
"BAF","13:23:39",25.6,-0.65,500,1759200,"B"
"BAF","13:23:29",25.6,-0.65,700,1758700,"B"
"BAF","13:23:23",25.6,-0.65,100,1758000,"B"
"BAF","13:22:53",25.6,-0.65,300,1757900,"B"
"BAF","13:22:48",25.6,-0.65,1400,1757600,"B"
"BAF","13:20:27",25.65,-0.6,600,1756200,"S"
"BAF","13:20:02",25.65,-0.6,5000,1755600,"S"
"BAF","13:19:47",25.65,-0.6,1500,1750600,"S"
"BAF","13:19:44",25.65,-0.6,400,1749100,"S"
"BAF","13:19:38",25.65,-0.6,400,1748700,"S"
"BAF","13:19:06",25.65,-0.6,700,1748300,"S"
"BAF","13:18:56",25.65,-0.6,200,1747600,"S"
"BAF","13:18:26",25.65,-0.6,2700,1747400,"B"
"BAF","13:18:07",25.65,-0.6,1100,1744700,"B"
"BAF","13:17:59",25.65,-0.6,100,1743600,"B"
"BAF","13:17:52",25.7,-0.55,700,1743500,"S"
"BAF","13:16:56",25.7,-0.55,1000,1742800,"S"
"BAF","13:16:39",25.65,-0.6,2500,1741800,"B"
"BAF","13:16:27",25.65,-0.6,4900,1739300,"S"
"BAF","13:16:19",25.65,-0.6,10000,1734400,"S"
"BAF","13:16:12",25.6,-0.65,3000,1724400,"B"
"BAF","13:15:48",25.6,-0.65,1400,1721400,"B"
"BAF","13:15:24",25.65,-0.6,10000,1720000,"S"
"BAF","13:15:21",25.65,-0.6,5300,1710000,"B"
"BAF","13:15:20",25.7,-0.55,500,1704700,"S"
"BAF","13:15:19",25.7,-0.55,8000,1704200,"S"
"BAF","13:15:12",25.65,-0.6,1000,1696200,"B"
"BAF","13:14:42",25.65,-0.6,5900,1695200,"S"
"BAF","13:14:40",25.65,-0.6,2500,1689300,"S"
"BAF","13:14:19",25.6,-0.65,600,1686800,"B"
"BAF","13:14:09",25.65,-0.6,11600,1686200,"B"
"BAF","13:13:49",25.65,-0.6,9000,1674600,"S"
"BAF","13:13:42",25.65,-0.6,4500,1665600,"S"
"BAF","13:13:36",25.6,-0.65,1000,1661100,"B"
"BAF","13:13:32",25.65,-0.6,1000,1660100,"S"
"BAF","13:13:11",25.6,-0.65,19500,1659100,"S"
"BAF","13:12:48",25.55,-0.7,600,1639600,"B"
"BAF","13:12:34",25.55,-0.7,600,1639000,"B"
"BAF","13:12:20",25.55,-0.7,1000,1638400,"S"
"BAF","13:12:17",25.55,-0.7,1700,1637400,"S"
"BAF","13:12:17",25.55,-0.7,900,1635700,"S"
"BAF","13:12:11",25.55,-0.7,1000,1634800,"S"
"BAF","13:12:07",25.55,-0.7,400,1633800,"S"
"BAF","13:12:03",25.55,-0.7,300,1633400,"S"
"BAF","13:12:01",25.5,-0.75,200,1633100,"B"
"BAF","13:12:00",25.55,-0.7,1000,1632900,"S"
"BAF","13:12:00",25.55,-0.7,1000,1631900,"S"
"BAF","13:11:58",25.55,-0.7,200,1630900,"S"
"BAF","13:11:54",25.55,-0.7,2000,1630700,"S"
"BAF","13:11:53",25.55,-0.7,1000,1628700,"S"
"BAF","13:11:45",25.55,-0.7,100,1627700,"S"
"BAF","13:11:40",25.55,-0.7,500,1627600,"S"
"BAF","13:11:36",25.5,-0.75,1000,1627100,"B"
"BAF","13:11:19",25.55,-0.7,1000,1626100,"S"
"BAF","13:11:06",25.55,-0.7,500,1625100,"S"
"BAF","13:11:00",25.5,-0.75,300,1624600,"B"
"BAF","13:10:59",25.5,-0.75,1000,1624300,"B"
"BAF","13:10:40",25.5,-0.75,500,1623300,"B"
"BAF","13:10:15",25.5,-0.75,1000,1622800,"B"
"BAF","13:10:12",25.5,-0.75,200,1621800,"B"
"BAF","13:10:08",25.5,-0.75,8000,1621600,"S"
"BAF","13:09:48",25.5,-0.75,500,1613600,"B"
"BAF","13:09:42",25.5,-0.75,22700,1613100,"B"
"BAF","13:09:42",25.5,-0.75,7300,1590400,"B"
"BAF","13:09:35",25.5,-0.75,600,1583100,"B"
"BAF","13:08:36",25.5,-0.75,600,1582500,"B"
"BAF","13:08:36",25.5,-0.75,400,1581900,"B"
"BAF","13:08:26",25.5,-0.75,300,1581500,"B"
"BAF","13:08:23",25.5,-0.75,1600,1581200,"B"
"BAF","13:08:08",25.5,-0.75,10000,1579600,"B"
"BAF","13:07:48",25.5,-0.75,1000,1569600,"B"
"BAF","13:07:43",25.5,-0.75,30000,1568600,"B"
"BAF","13:07:34",25.5,-0.75,2000,1538600,"B"
"BAF","13:07:25",25.5,-0.75,800,1536600,"B"
"BAF","13:07:08",25.5,-0.75,1500,1535800,"B"
"BAF","13:07:08",25.55,-0.7,10000,1534300,"S"
"BAF","13:07:02",25.55,-0.7,200,1524300,"S"
"BAF","13:06:38",25.55,-0.7,500,1524100,"S"
"BAF","13:06:07",25.55,-0.7,300,1523600,"S"
"BAF","13:05:59",25.55,-0.7,1000,1523300,"S"
"BAF","13:05:26",25.55,-0.7,10500,1522300,"B"
"BAF","13:05:23",25.55,-0.7,10000,1511800,"B"
"BAF","13:05:18",25.55,-0.7,200,1501800,"B"
"BAF","13:05:08",25.55,-0.7,500,1501600,"B"
"BAF","13:04:45",25.55,-0.7,300,1501100,"B"
"BAF","13:04:33",25.6,-0.65,600,1500800,"S"
"BAF","13:04:28",25.55,-0.7,200,1500200,"B"
"BAF","13:04:23",25.55,-0.7,5600,1500000,"S"
"BAF","13:04:18",25.55,-0.7,9300,1494400,"B"
"BAF","13:04:15",25.55,-0.7,200,1485100,"B"
"BAF","13:04:13",25.55,-0.7,500,1484900,"B"
"BAF","13:04:03",25.6,-0.65,1400,1484400,"S"
"BAF","13:04:03",25.55,-0.7,100,1483000,"S"
"BAF","13:04:02",25.5,-0.75,5000,1482900,"B"
"BAF","13:04:02",25.5,-0.75,10000,1477900,"B"
"BAF","13:03:55",25.55,-0.7,200,1467900,"B"
"BAF","13:03:52",25.55,-0.7,2500,1467700,"B"
"BAF","13:03:50",25.55,-0.7,300,1465200,"B"
"BAF","13:03:42",25.55,-0.7,23400,1464900,"B"
"BAF","13:03:18",25.55,-0.7,400,1441500,"B"
"BAF","13:03:08",25.55,-0.7,500,1441100,"B"
"BAF","13:03:06",25.55,-0.7,100,1440600,"B"
"BAF","13:02:51",25.55,-0.7,2500,1440500,"B"
"BAF","13:02:35",25.55,-0.7,7100,1438000,"B"
"BAF","13:02:22",25.55,-0.7,2000,1430900,"B"
"BAF","13:02:11",25.55,-0.7,6100,1428900,"B"
"BAF","13:00:58",25.6,-0.65,100,1422800,"B"
"BAF","13:00:51",25.6,-0.65,100,1422700,"B"
"BAF","13:00:41",25.6,-0.65,400,1422600,"B"
"BAF","13:00:28",25.6,-0.65,1000,1422200,"B"
"BAF","13:00:26",25.6,-0.65,10100,1421200,"B"
"BAF","13:00:26",25.65,-0.6,1400,1411100,"B"
"BAF","13:00:21",25.65,-0.6,2200,1409700,"B"
"BAF","13:00:20",25.65,-0.6,100,1407500,"B"
"BAF","13:00:16",25.7,-0.55,1000,1407400,"S"
"BAF","13:00:13",25.65,-0.6,100,1406400,"B"
"BAF","13:00:13",25.7,-0.55,2000,1406300,"S"
"BAF","13:00:09",25.6,-0.65,5100,1404300,"B"
"BAF","13:00:06",25.7,-0.55,500,1399200,"S"
"BAF","13:00:06",25.65,-0.6,300,1398700,"S"
"BAF","13:00:04",25.6,-0.65,1400,1398400,"B"
"BAF","13:00:04",25.65,-0.6,1100,1397000,"B"
"BAF","13:00:02",25.7,-0.55,200,1395900,"S"
"BAF","13:00:01",25.6,-0.65,2500,1395700,"B"
"BAF","13:00:01",25.65,-0.6,1500,1393200,"B"
"BAF","13:00:01",25.65,-0.6,6000,1391700,"B"
"BAF","13:00:01",25.7,-0.55,100,1385700,"S"
"BAF","13:00:00",25.65,-0.6,1500,1385600,"B"
"BAF","13:00:00",25.7,-0.55,3600,1384100,"B"
"BAF","13:00:00",25.7,-0.55,3000,1380500,"B"
"BAF","11:29:37",25.7,-0.55,2000,1377500,"B"
"BAF","11:29:18",25.7,-0.55,2000,1375500,"B"
"BAF","11:29:10",25.7,-0.55,1600,1373500,"S"
"BAF","11:28:44",25.65,-0.6,5000,1371900,"B"
"BAF","11:28:35",25.65,-0.6,20000,1366900,"B"
"BAF","11:28:22",25.7,-0.55,20000,1346900,"S"
"BAF","11:28:10",25.7,-0.55,300,1326900,"S"
"BAF","11:27:52",25.7,-0.55,1300,1326600,"S"
"BAF","11:27:28",25.7,-0.55,200,1325300,"S"
"BAF","11:27:19",25.7,-0.55,3000,1325100,"S"
"BAF","11:27:08",25.7,-0.55,100,1322100,"B"
"BAF","11:26:54",25.7,-0.55,8500,1322000,"B"
"BAF","11:26:12",25.7,-0.55,1000,1313500,"B"
"BAF","11:25:56",25.7,-0.55,2200,1312500,"B"
"BAF","11:25:22",25.75,-0.5,66500,1308200,"B"
"BAF","11:25:16",25.75,-0.5,100,1241700,"B"
"BAF","11:24:10",25.8,-0.45,300,1241600,"S"
"BAF","11:22:27",25.8,-0.45,2000,1241300,"S"
"BAF","11:22:09",25.8,-0.45,20000,1239300,"S"
"BAF","11:21:58",25.8,-0.45,6900,1219300,"S"
"BAF","11:21:44",25.75,-0.5,3600,1212400,"B"
"BAF","11:21:18",25.75,-0.5,2000,1208800,"B"
"BAF","11:20:50",25.75,-0.5,2200,1206800,"B"
"BAF","11:20:45",25.75,-0.5,400,1204600,"B"
"BAF","11:19:55",25.75,-0.5,2000,1204200,"B"
"BAF","11:19:29",25.75,-0.5,1000,1202200,"B"
"BAF","11:19:04",25.8,-0.45,100,1201200,"S"
"BAF","11:18:22",25.8,-0.45,7000,1201100,"S"
"BAF","11:18:05",25.75,-0.5,5000,1194100,"B"
"BAF","11:17:41",25.75,-0.5,9000,1189100,"B"
"BAF","11:17:28",25.75,-0.5,3500,1180100,"B"
"BAF","11:17:22",25.75,-0.5,4700,1176600,"B"
"BAF","11:15:27",25.8,-0.45,14700,1171900,"S"
"BAF","11:14:55",25.75,-0.5,200,1157200,"B"
"BAF","11:14:36",25.75,-0.5,3000,1157000,"B"
"BAF","11:13:22",25.8,-0.45,48400,1154000,"B"
"BAF","11:13:01",25.8,-0.45,3200,1105600,"B"
"BAF","11:12:56",25.8,-0.45,4600,1102400,"B"
"BAF","11:10:52",25.8,-0.45,1000,1097800,"B"
"BAF","11:10:45",25.8,-0.45,700,1096800,"B"
"BAF","11:07:41",25.8,-0.45,1000,1096100,"B"
"BAF","11:06:57",25.8,-0.45,4000,1095100,"B"
"BAF","11:06:55",25.8,-0.45,4500,1091100,"B"
"BAF","11:05:27",25.8,-0.45,100,1086600,"B"
"BAF","11:04:42",25.8,-0.45,2500,1086500,"S"
"BAF","11:04:05",25.75,-0.5,5000,1084000,"B"
"BAF","11:03:40",25.75,-0.5,2500,1079000,"B"
"BAF","11:03:29",25.75,-0.5,100,1076500,"B"
"BAF","11:03:09",25.75,-0.5,3200,1076400,"B"
"BAF","11:02:52",25.8,-0.45,10000,1073200,"S"
"BAF","11:02:41",25.8,-0.45,1100,1063200,"B"
"BAF","11:02:17",25.8,-0.45,12000,1062100,"B"
"BAF","11:01:49",25.8,-0.45,14900,1050100,"B"
"BAF","11:01:15",25.8,-0.45,2000,1035200,"B"
"BAF","11:00:58",25.8,-0.45,1500,1033200,"B"
"BAF","11:00:02",25.85,-0.4,300,1031700,"B"
"BAF","10:59:58",25.85,-0.4,17000,1031400,"B"
"BAF","10:58:15",25.85,-0.4,5000,1014400,"B"
"BAF","10:56:51",25.85,-0.4,4200,1009400,"B"
"BAF","10:56:00",25.85,-0.4,10000,1005200,"B"
"BAF","10:56:00",25.9,-0.35,2000,995200,"S"
"BAF","10:55:17",25.9,-0.35,68900,993200,"B"
"BAF","10:55:15",25.9,-0.35,500,924300,"B"
"BAF","10:54:51",25.9,-0.35,2500,923800,"B"
"BAF","10:52:39",25.95,-0.3,4500,921300,"B"
"BAF","10:52:20",25.95,-0.3,5000,916800,"B"
"BAF","10:51:48",25.95,-0.3,2300,911800,"B"
"BAF","10:51:40",25.95,-0.3,1100,909500,"B"
"BAF","10:51:14",25.95,-0.3,5000,908400,"B"
"BAF","10:50:49",25.95,-0.3,8100,903400,"S"
"BAF","10:50:39",25.95,-0.3,20000,895300,"S"
"BAF","10:50:24",25.95,-0.3,5000,875300,"S"
"BAF","10:50:20",25.9,-0.35,200,870300,"B"
"BAF","10:45:12",25.95,-0.3,300,870100,"S"
"BAF","10:44:33",25.95,-0.3,13000,869800,"S"
"BAF","10:41:58",25.9,-0.35,900,856800,"B"
"BAF","10:41:24",25.95,-0.3,500,855900,"S"
"BAF","10:40:33",25.9,-0.35,700,855400,"B"
"BAF","10:40:19",25.9,-0.35,1000,854700,"B"
"BAF","10:39:43",25.9,-0.35,400,853700,"B"
"BAF","10:37:45",25.9,-0.35,2000,853300,"B"
"BAF","10:36:36",25.95,-0.3,600,851300,"S"
"BAF","10:35:54",25.95,-0.3,45900,850700,"B"
"BAF","10:35:52",25.95,-0.3,400,804800,"B"
"BAF","10:34:37",26,-0.25,75100,804400,"B"
"BAF","10:34:10",26,-0.25,1400,729300,"B"
"BAF","10:33:40",26,-0.25,1500,727900,"B"
"BAF","10:33:37",26,-0.25,1100,726400,"B"
"BAF","10:33:15",26,-0.25,600,725300,"B"
"BAF","10:33:04",26,-0.25,200,724700,"B"
"BAF","10:32:30",26,-0.25,800,724500,"B"
"BAF","10:31:40",26.05,-0.2,5000,723700,"S"
"BAF","10:30:25",26.05,-0.2,9300,718700,"B"
"BAF","10:30:23",26.05,-0.2,2000,709400,"B"
"BAF","10:30:20",26.05,-0.2,1000,707400,"B"
"BAF","10:30:14",26.05,-0.2,4000,706400,"B"
"BAF","10:30:08",26.05,-0.2,1300,702400,"B"
"BAF","10:29:14",26.05,-0.2,600,701100,"B"
"BAF","10:28:35",26.05,-0.2,1000,700500,"B"
"BAF","10:28:21",26.05,-0.2,5000,699500,"B"
"BAF","10:27:55",26.05,-0.2,5000,694500,"B"
"BAF","10:27:26",26.05,-0.2,100,689500,"B"
"BAF","10:26:17",26.05,-0.2,400,689400,"B"
"BAF","10:25:56",26.05,-0.2,4000,689000,"B"
"BAF","10:25:51",26.05,-0.2,20000,685000,"B"
"BAF","10:25:38",26.05,-0.2,1000,665000,"B"
"BAF","10:25:06",26.05,-0.2,300,664000,"B"
"BAF","10:24:55",26.05,-0.2,1000,663700,"B"
"BAF","10:23:19",26.05,-0.2,300,662700,"B"
"BAF","10:22:53",26.05,-0.2,3000,662400,"B"
"BAF","10:22:48",26.05,-0.2,500,659400,"B"
"BAF","10:22:14",26.05,-0.2,3000,658900,"B"
"BAF","10:21:16",26.05,-0.2,7700,655900,"S"
"BAF","10:20:56",26.05,-0.2,20000,648200,"S"
"BAF","10:20:47",26,-0.25,300,628200,"B"
"BAF","10:20:40",26,-0.25,300,627900,"B"
"BAF","10:20:39",26,-0.25,12900,627600,"S"
"BAF","10:20:26",26,-0.25,7000,614700,"S"
"BAF","10:20:12",26,-0.25,1000,607700,"S"
"BAF","10:19:05",25.95,-0.3,700,606700,"B"
"BAF","10:18:15",26,-0.25,5000,606000,"S"
"BAF","10:18:11",25.95,-0.3,1400,601000,"B"
"BAF","10:17:06",25.95,-0.3,300,599600,"B"
"BAF","10:17:05",25.95,-0.3,2800,599300,"B"
"BAF","10:15:39",25.95,-0.3,500,596500,"B"
"BAF","10:12:46",25.95,-0.3,900,596000,"B"
"BAF","10:12:04",25.95,-0.3,300,595100,"B"
"BAF","10:12:03",26,-0.25,7000,594800,"S"
"BAF","10:11:43",25.95,-0.3,500,587800,"B"
"BAF","10:11:23",25.95,-0.3,100,587300,"B"
"BAF","10:11:02",25.95,-0.3,10000,587200,"B"
"BAF","10:10:56",25.95,-0.3,1000,577200,"B"
"BAF","10:09:54",25.95,-0.3,1000,576200,"B"
"BAF","10:09:54",26,-0.25,2000,575200,"S"
"BAF","10:09:05",26,-0.25,17500,573200,"B"
"BAF","10:08:32",26,-0.25,400,555700,"B"
"BAF","10:07:58",26.05,-0.2,1000,555300,"S"
"BAF","10:06:40",26,-0.25,10000,554300,"B"
"BAF","10:05:52",26,-0.25,1800,544300,"B"
"BAF","10:05:37",26.05,-0.2,5000,542500,"S"
"BAF","10:03:46",26,-0.25,2100,537500,"B"
"BAF","10:01:12",26,-0.25,1900,535400,"B"
"BAF","10:00:55",26.05,-0.2,500,533500,"S"
"BAF","10:00:10",26,-0.25,10000,533000,"B"
"BAF","10:00:05",26.05,-0.2,20000,523000,"S"
"BAF","09:59:44",26,-0.25,1000,503000,"B"
"BAF","09:59:16",26,-0.25,500,502000,"B"
"BAF","09:58:51",26,-0.25,18700,501500,"S"
"BAF","09:58:13",25.95,-0.3,900,482800,"B"
"BAF","09:58:03",26,-0.25,200,481900,"S"
"BAF","09:56:36",26,-0.25,2100,481700,"S"
"BAF","09:55:47",26,-0.25,200,479600,"S"
"BAF","09:53:08",26,-0.25,1000,479400,"S"
"BAF","09:53:03",26,-0.25,12400,478400,"B"
"BAF","09:53:00",26,-0.25,10000,466000,"B"
"BAF","09:52:58",26,-0.25,7900,456000,"B"
"BAF","09:52:54",26,-0.25,5000,448100,"B"
"BAF","09:52:50",26,-0.25,600,443100,"B"
"BAF","09:52:41",26,-0.25,200,442500,"B"
"BAF","09:52:09",26,-0.25,1000,442300,"B"
"BAF","09:51:58",26,-0.25,3000,441300,"B"
"BAF","09:51:51",26.05,-0.2,200,438300,"S"
"BAF","09:51:47",26,-0.25,1500,438100,"B"
"BAF","09:51:32",26,-0.25,400,436600,"B"
"BAF","09:51:28",26,-0.25,2000,436200,"B"
"BAF","09:51:10",26,-0.25,500,434200,"B"
"BAF","09:51:01",26,-0.25,500,433700,"B"
"BAF","09:50:57",26,-0.25,500,433200,"B"
"BAF","09:50:55",26,-0.25,100,432700,"B"
"BAF","09:49:43",26,-0.25,100,432600,"B"
"BAF","09:49:13",26,-0.25,3000,432500,"B"
"BAF","09:47:21",26.05,-0.2,1600,429500,"B"
"BAF","09:47:18",26.05,-0.2,300,427900,"B"
"BAF","09:46:21",26.05,-0.2,100,427600,"S"
"BAF","09:46:14",26.05,-0.2,400,427500,"B"
"BAF","09:45:54",26.05,-0.2,9600,427100,"S"
"BAF","09:44:23",26.05,-0.2,1000,417500,"S"
"BAF","09:44:13",26.05,-0.2,2000,416500,"S"
"BAF","09:43:54",26.05,-0.2,9400,414500,"B"
"BAF","09:43:52",26.05,-0.2,5200,405100,"B"
"BAF","09:43:49",26.05,-0.2,900,399900,"B"
"BAF","09:43:33",26.05,-0.2,2100,399000,"B"
"BAF","09:42:59",26.05,-0.2,2000,396900,"B"
"BAF","09:42:48",26.05,-0.2,400,394900,"B"
"BAF","09:42:24",26.05,-0.2,100,394500,"B"
"BAF","09:42:15",26.05,-0.2,3000,394400,"B"
"BAF","09:41:33",26.05,-0.2,900,391400,"B"
"BAF","09:41:19",26.05,-0.2,5000,390500,"B"
"BAF","09:40:44",26.05,-0.2,8000,385500,"B"
"BAF","09:40:04",26.1,-0.15,200,377500,"S"
"BAF","09:39:24",26.1,-0.15,4000,377300,"S"
"BAF","09:37:55",26.05,-0.2,800,373300,"B"
"BAF","09:37:08",26.05,-0.2,2300,372500,"B"
"BAF","09:36:57",26.05,-0.2,400,370200,"B"
"BAF","09:36:44",26.05,-0.2,3000,369800,"B"
"BAF","09:36:32",26.05,-0.2,4000,366800,"B"
"BAF","09:33:43",26.1,-0.15,1000,362800,"S"
"BAF","09:33:38",26.05,-0.2,300,361800,"B"
"BAF","09:33:28",26.05,-0.2,2300,361500,"B"
"BAF","09:33:10",26.1,-0.15,300,359200,"S"
"BAF","09:33:05",26.1,-0.15,1000,358900,"S"
"BAF","09:32:48",26.05,-0.2,100,357900,"B"
"BAF","09:32:23",26.1,-0.15,10000,357800,"S"
"BAF","09:31:59",26.1,-0.15,23900,347800,"B"
"BAF","09:31:57",26.1,-0.15,10000,323900,"B"
"BAF","09:31:54",26.1,-0.15,700,313900,"B"
"BAF","09:31:51",26.1,-0.15,5000,313200,"B"
"BAF","09:31:44",26.1,-0.15,10000,308200,"B"
"BAF","09:31:08",26.1,-0.15,1000,298200,"B"
"BAF","09:30:32",26.1,-0.15,900,297200,"B"
"BAF","09:30:21",26.1,-0.15,2300,296300,"B"
"BAF","09:30:04",26.1,-0.15,1100,294000,"B"
"BAF","09:29:22",26.15,-0.1,300,292900,"S"
"BAF","09:29:17",26.1,-0.15,100,292600,"B"
"BAF","09:28:19",26.15,-0.1,9500,292500,"B"
"BAF","09:28:17",26.15,-0.1,2300,283000,"B"
"BAF","09:26:53",26.15,-0.1,8300,280700,"B"
"BAF","09:26:34",26.15,-0.1,1200,272400,"B"
"BAF","09:26:16",26.15,-0.1,600,271200,"B"
"BAF","09:25:38",26.15,-0.1,1500,270600,"B"
"BAF","09:25:32",26.15,-0.1,900,269100,"B"
"BAF","09:24:53",26.15,-0.1,800,268200,"B"
"BAF","09:24:30",26.15,-0.1,800,267400,"B"
"BAF","09:24:27",26.15,-0.1,2100,266600,"B"
"BAF","09:24:19",26.15,-0.1,700,264500,"B"
"BAF","09:24:18",26.15,-0.1,1200,263800,"B"
"BAF","09:24:13",26.15,-0.1,100,262600,"B"
"BAF","09:23:50",26.15,-0.1,800,262500,"B"
"BAF","09:23:25",26.15,-0.1,100,261700,"B"
"BAF","09:23:13",26.15,-0.1,1000,261600,"B"
"BAF","09:22:54",26.2,-0.05,11700,260600,"B"
"BAF","09:22:19",26.2,-0.05,20000,248900,"B"
"BAF","09:21:50",26.2,-0.05,300,228900,"B"
"BAF","09:21:39",26.25,0,20000,228600,"S"
"BAF","09:21:38",26.25,0,700,208600,"S"
"BAF","09:21:29",26.25,0,700,207900,"B"
"BAF","09:20:54",26.25,0,30000,207200,"B"
"BAF","09:20:47",26.25,0,800,177200,"B"
"BAF","09:20:41",26.3,0.05,100,176400,"S"
"BAF","09:20:25",26.3,0.05,100,176300,"S"
"BAF","09:20:24",26.25,0,100,176200,"B"
"BAF","09:20:17",26.25,0,200,176100,"B"
"BAF","09:20:05",26.25,0,700,175900,"B"
"BAF","09:20:03",26.3,0.05,700,175200,"S"
"BAF","09:19:56",26.25,0,200,174500,"B"
"BAF","09:19:26",26.25,0,400,174300,"B"
"BAF","09:19:20",26.3,0.05,3600,173900,"S"
"BAF","09:19:14",26.25,0,200,170300,"B"
"BAF","09:19:05",26.25,0,6800,170100,"S"
"BAF","09:19:04",26.25,0,100,163300,"S"
"BAF","09:18:57",26.2,-0.05,500,163200,"B"
"BAF","09:18:35",26.25,0,200,162700,"S"
"BAF","09:18:01",26.25,0,400,162500,"S"
"BAF","09:17:36",26.2,-0.05,1200,162100,"B"
"BAF","09:17:01",26.2,-0.05,200,160900,"B"
"BAF","09:16:47",26.2,-0.05,1200,160700,"B"
"BAF","09:16:41",26.2,-0.05,900,159500,"B"
"BAF","09:16:39",26.25,0,14400,158600,"S"
"BAF","09:16:27",26.25,0,5000,144200,"S"
"BAF","09:16:14",26.2,-0.05,12300,139200,"S"
"BAF","09:16:13",26.1,-0.15,700,118100,"B"
"BAF","09:16:08",26.1,-0.15,4900,117400,"S"
"BAF","09:15:54",26.05,-0.2,10500,112500,"S"
"BAF","09:15:29",26,-0.25,10200,102000,"S"
"BAF","09:15:29",25.95,-0.3,7600,91800,"S"
"BAF","09:15:22",25.9,-0.35,5000,84200,"B"
"BAF","09:15:19",25.9,-0.35,3400,79200,"B"
"BAF","09:15:12",25.95,-0.3,500,75800,"B"
"BAF","09:15:09",26,-0.25,9800,75300,"B"
"BAF","09:15:09",26.15,-0.1,10000,65500,"S"
"BAF","09:15:03",26,-0.25,5400,55500,"B"
"BAF","09:15:00",26.15,-0.1,50100,50100,
