"symbol","time","price","change","vol","total","side"
"NLG","14:45:01",36.4,-0.5,86000,1377800,
"NLG","14:29:47",36.5,-0.4,1000,1291800,"S"
"NLG","14:29:39",36.5,-0.4,1000,1290800,"S"
"NLG","14:29:31",36.45,-0.45,100,1289800,"B"
"NLG","14:29:30",36.45,-0.45,300,1289700,"B"
"NLG","14:28:54",36.4,-0.5,3000,1289400,"B"
"NLG","14:28:54",36.45,-0.45,1000,1286400,"S"
"NLG","14:28:48",36.4,-0.5,4000,1285400,"B"
"NLG","14:28:37",36.4,-0.5,7500,1281400,"B"
"NLG","14:28:36",36.45,-0.45,500,1273900,"S"
"NLG","14:28:29",36.45,-0.45,100,1273400,"S"
"NLG","14:28:27",36.45,-0.45,1200,1273300,"B"
"NLG","14:28:26",36.5,-0.4,2000,1272100,"S"
"NLG","14:28:20",36.45,-0.45,3000,1270100,"B"
"NLG","14:28:14",36.5,-0.4,500,1267100,"S"
"NLG","14:28:12",36.45,-0.45,3500,1266600,"B"
"NLG","14:27:54",36.5,-0.4,500,1263100,"S"
"NLG","14:27:53",36.5,-0.4,1000,1262600,"S"
"NLG","14:27:48",36.5,-0.4,2000,1261600,"S"
"NLG","14:27:41",36.5,-0.4,100,1259600,"S"
"NLG","14:27:33",36.5,-0.4,500,1259500,"S"
"NLG","14:27:30",36.5,-0.4,5000,1259000,"S"
"NLG","14:27:27",36.5,-0.4,100,1254000,"S"
"NLG","14:27:13",36.5,-0.4,500,1253900,"S"
"NLG","14:27:07",36.5,-0.4,1000,1253400,"S"
"NLG","14:26:58",36.5,-0.4,10000,1252400,"S"
"NLG","14:26:48",36.45,-0.45,1700,1242400,"S"
"NLG","14:26:43",36.45,-0.45,200,1240700,"S"
"NLG","14:26:42",36.45,-0.45,100,1240500,"S"
"NLG","14:26:36",36.45,-0.45,1400,1240400,"B"
"NLG","14:26:30",36.45,-0.45,1500,1239000,"B"
"NLG","14:26:26",36.5,-0.4,1000,1237500,"S"
"NLG","14:26:12",36.45,-0.45,500,1236500,"B"
"NLG","14:25:58",36.45,-0.45,2200,1236000,"B"
"NLG","14:25:57",36.45,-0.45,2800,1233800,"B"
"NLG","14:25:41",36.45,-0.45,2200,1231000,"S"
"NLG","14:25:39",36.45,-0.45,5000,1228800,"S"
"NLG","14:25:29",36.45,-0.45,200,1223800,"S"
"NLG","14:25:28",36.45,-0.45,500,1223600,"S"
"NLG","14:25:20",36.45,-0.45,500,1223100,"S"
"NLG","14:25:18",36.45,-0.45,500,1222600,"S"
"NLG","14:25:17",36.45,-0.45,200,1222100,"S"
"NLG","14:25:13",36.45,-0.45,100,1221900,"S"
"NLG","14:25:02",36.45,-0.45,100,1221800,"S"
"NLG","14:25:00",36.45,-0.45,2000,1221700,"S"
"NLG","14:24:52",36.45,-0.45,5000,1219700,"S"
"NLG","14:24:20",36.4,-0.5,5000,1214700,"B"
"NLG","14:23:49",36.4,-0.5,500,1209700,"B"
"NLG","14:23:43",36.45,-0.45,100,1209200,"S"
"NLG","14:23:34",36.45,-0.45,500,1209100,"S"
"NLG","14:23:33",36.45,-0.45,500,1208600,"S"
"NLG","14:23:29",36.45,-0.45,1000,1208100,"S"
"NLG","14:23:26",36.45,-0.45,300,1207100,"S"
"NLG","14:23:09",36.45,-0.45,1600,1206800,"B"
"NLG","14:23:01",36.45,-0.45,5000,1205200,"B"
"NLG","14:22:50",36.45,-0.45,400,1200200,"B"
"NLG","14:22:44",36.5,-0.4,200,1199800,"S"
"NLG","14:22:10",36.45,-0.45,2100,1199600,"B"
"NLG","14:22:04",36.45,-0.45,300,1197500,"B"
"NLG","14:21:45",36.5,-0.4,1000,1197200,"B"
"NLG","14:21:43",36.5,-0.4,3000,1196200,"B"
"NLG","14:21:34",36.5,-0.4,5000,1193200,"B"
"NLG","14:21:32",36.5,-0.4,100,1188200,"B"
"NLG","14:21:08",36.5,-0.4,5000,1188100,"B"
"NLG","14:20:56",36.5,-0.4,2000,1183100,"B"
"NLG","14:20:31",36.55,-0.35,3400,1181100,"S"
"NLG","14:20:25",36.55,-0.35,1000,1177700,"S"
"NLG","14:19:53",36.55,-0.35,500,1176700,"S"
"NLG","14:19:22",36.5,-0.4,4300,1176200,"B"
"NLG","14:18:31",36.55,-0.35,2200,1171900,"B"
"NLG","14:18:28",36.55,-0.35,1000,1169700,"B"
"NLG","14:18:12",36.6,-0.3,900,1168700,"S"
"NLG","14:18:09",36.6,-0.3,100,1167800,"S"
"NLG","14:18:08",36.55,-0.35,5000,1167700,"B"
"NLG","14:17:26",36.6,-0.3,1000,1162700,"S"
"NLG","14:17:11",36.6,-0.3,2000,1161700,"B"
"NLG","14:17:10",36.6,-0.3,500,1159700,"B"
"NLG","14:17:09",36.6,-0.3,8000,1159200,"B"
"NLG","14:17:00",36.6,-0.3,6600,1151200,"B"
"NLG","14:16:58",36.6,-0.3,500,1144600,"B"
"NLG","14:16:51",36.6,-0.3,4000,1144100,"B"
"NLG","14:16:46",36.6,-0.3,500,1140100,"B"
"NLG","14:16:44",36.6,-0.3,500,1139600,"B"
"NLG","14:16:32",36.6,-0.3,2000,1139100,"B"
"NLG","14:16:31",36.65,-0.25,1000,1137100,"S"
"NLG","14:16:18",36.65,-0.25,1000,1136100,"S"
"NLG","14:16:16",36.6,-0.3,1000,1135100,"B"
"NLG","14:16:05",36.6,-0.3,900,1134100,"B"
"NLG","14:16:04",36.6,-0.3,5000,1133200,"B"
"NLG","14:15:51",36.6,-0.3,300,1128200,"B"
"NLG","14:15:34",36.65,-0.25,500,1127900,"S"
"NLG","14:15:17",36.65,-0.25,500,1127400,"B"
"NLG","14:15:11",36.65,-0.25,1000,1126900,"B"
"NLG","14:15:06",36.65,-0.25,200,1125900,"B"
"NLG","14:14:57",36.65,-0.25,400,1125700,"B"
"NLG","14:14:28",36.65,-0.25,100,1125300,"B"
"NLG","14:14:11",36.65,-0.25,2600,1125200,"S"
"NLG","14:14:10",36.65,-0.25,1000,1122600,"S"
"NLG","14:14:03",36.65,-0.25,1000,1121600,"S"
"NLG","14:13:59",36.6,-0.3,100,1120600,"B"
"NLG","14:13:53",36.65,-0.25,100,1120500,"S"
"NLG","14:13:49",36.65,-0.25,1000,1120400,"S"
"NLG","14:13:40",36.65,-0.25,1000,1119400,"S"
"NLG","14:13:37",36.65,-0.25,1000,1118400,"S"
"NLG","14:13:20",36.6,-0.3,500,1117400,"B"
"NLG","14:13:18",36.65,-0.25,500,1116900,"S"
"NLG","14:13:15",36.65,-0.25,1000,1116400,"S"
"NLG","14:13:07",36.6,-0.3,100,1115400,"B"
"NLG","14:13:02",36.6,-0.3,1300,1115300,"B"
"NLG","14:12:49",36.65,-0.25,10000,1114000,"S"
"NLG","14:12:26",36.65,-0.25,100,1104000,"S"
"NLG","14:12:09",36.65,-0.25,200,1103900,"S"
"NLG","14:12:00",36.6,-0.3,3000,1103700,"B"
"NLG","14:11:54",36.6,-0.3,1100,1100700,"S"
"NLG","14:11:48",36.6,-0.3,1000,1099600,"S"
"NLG","14:11:40",36.6,-0.3,100,1098600,"S"
"NLG","14:11:34",36.6,-0.3,5500,1098500,"S"
"NLG","14:11:33",36.6,-0.3,100,1093000,"S"
"NLG","14:11:31",36.6,-0.3,1000,1092900,"S"
"NLG","14:11:21",36.6,-0.3,600,1091900,"S"
"NLG","14:10:59",36.6,-0.3,1000,1091300,"S"
"NLG","14:10:56",36.6,-0.3,400,1090300,"S"
"NLG","14:10:55",36.6,-0.3,100,1089900,"S"
"NLG","14:10:47",36.6,-0.3,900,1089800,"S"
"NLG","14:10:18",36.55,-0.35,600,1088900,"B"
"NLG","14:10:17",36.6,-0.3,100,1088300,"S"
"NLG","14:10:16",36.6,-0.3,100,1088200,"S"
"NLG","14:10:12",36.55,-0.35,1800,1088100,"S"
"NLG","14:09:54",36.55,-0.35,1000,1086300,"S"
"NLG","14:09:44",36.55,-0.35,300,1085300,"S"
"NLG","14:09:23",36.55,-0.35,5000,1085000,"S"
"NLG","14:09:12",36.5,-0.4,700,1080000,"S"
"NLG","14:09:06",36.5,-0.4,500,1079300,"S"
"NLG","14:09:01",36.5,-0.4,500,1078800,"S"
"NLG","14:08:44",36.5,-0.4,300,1078300,"S"
"NLG","14:08:42",36.5,-0.4,1000,1078000,"S"
"NLG","14:08:30",36.5,-0.4,1000,1077000,"S"
"NLG","14:08:21",36.5,-0.4,1300,1076000,"S"
"NLG","14:08:17",36.5,-0.4,500,1074700,"S"
"NLG","14:08:11",36.5,-0.4,1500,1074200,"S"
"NLG","14:07:13",36.45,-0.45,500,1072700,"S"
"NLG","14:07:12",36.45,-0.45,1000,1072200,"S"
"NLG","14:07:09",36.45,-0.45,1000,1071200,"S"
"NLG","14:06:41",36.45,-0.45,4100,1070200,"S"
"NLG","14:06:17",36.4,-0.5,300,1066100,"B"
"NLG","14:06:06",36.45,-0.45,300,1065800,"S"
"NLG","14:05:47",36.45,-0.45,1000,1065500,"S"
"NLG","14:05:38",36.45,-0.45,300,1064500,"B"
"NLG","14:05:23",36.5,-0.4,900,1064200,"S"
"NLG","14:05:01",36.45,-0.45,200,1063300,"S"
"NLG","14:04:45",36.45,-0.45,800,1063100,"B"
"NLG","14:04:34",36.45,-0.45,3800,1062300,"B"
"NLG","14:04:18",36.45,-0.45,400,1058500,"S"
"NLG","14:04:08",36.45,-0.45,400,1058100,"S"
"NLG","14:03:57",36.45,-0.45,5000,1057700,"S"
"NLG","14:03:44",36.45,-0.45,300,1052700,"S"
"NLG","14:03:10",36.4,-0.5,200,1052400,"B"
"NLG","14:02:52",36.4,-0.5,500,1052200,"B"
"NLG","14:02:08",36.4,-0.5,900,1051700,"S"
"NLG","14:02:01",36.4,-0.5,3700,1050800,"S"
"NLG","14:01:22",36.35,-0.55,500,1047100,"B"
"NLG","14:01:20",36.4,-0.5,500,1046600,"S"
"NLG","14:00:43",36.4,-0.5,500,1046100,"S"
"NLG","14:00:32",36.4,-0.5,700,1045600,"S"
"NLG","13:59:36",36.35,-0.55,400,1044900,"B"
"NLG","13:58:53",36.4,-0.5,1300,1044500,"B"
"NLG","13:58:44",36.4,-0.5,100,1043200,"B"
"NLG","13:58:30",36.4,-0.5,1000,1043100,"B"
"NLG","13:58:25",36.45,-0.45,800,1042100,"S"
"NLG","13:57:35",36.45,-0.45,1000,1041300,"B"
"NLG","13:57:07",36.4,-0.5,4900,1040300,"B"
"NLG","13:57:07",36.45,-0.45,100,1035400,"B"
"NLG","13:56:43",36.45,-0.45,700,1035300,"S"
"NLG","13:56:43",36.45,-0.45,200,1034600,"S"
"NLG","13:56:34",36.45,-0.45,2000,1034400,"S"
"NLG","13:56:23",36.45,-0.45,100,1032400,"B"
"NLG","13:56:19",36.45,-0.45,900,1032300,"S"
"NLG","13:56:13",36.45,-0.45,1100,1031400,"B"
"NLG","13:55:53",36.5,-0.4,200,1030300,"S"
"NLG","13:55:40",36.5,-0.4,3800,1030100,"B"
"NLG","13:55:36",36.5,-0.4,5000,1026300,"B"
"NLG","13:55:13",36.5,-0.4,100,1021300,"B"
"NLG","13:55:04",36.5,-0.4,5400,1021200,"B"
"NLG","13:54:59",36.55,-0.35,100,1015800,"S"
"NLG","13:54:52",36.55,-0.35,100,1015700,"S"
"NLG","13:54:52",36.55,-0.35,1000,1015600,"S"
"NLG","13:54:49",36.55,-0.35,1400,1014600,"B"
"NLG","13:54:48",36.55,-0.35,600,1013200,"B"
"NLG","13:54:47",36.6,-0.3,1000,1012600,"S"
"NLG","13:53:43",36.55,-0.35,500,1011600,"S"
"NLG","13:53:04",36.55,-0.35,400,1011100,"S"
"NLG","13:52:53",36.55,-0.35,100,1010700,"B"
"NLG","13:52:09",36.55,-0.35,100,1010600,"B"
"NLG","13:52:06",36.55,-0.35,12800,1010500,"S"
"NLG","13:51:42",36.5,-0.4,14000,997700,"B"
"NLG","13:51:25",36.5,-0.4,400,983700,"S"
"NLG","13:51:25",36.5,-0.4,5300,983300,"S"
"NLG","13:51:24",36.5,-0.4,100,978000,"S"
"NLG","13:51:20",36.5,-0.4,500,977900,"S"
"NLG","13:51:13",36.5,-0.4,1200,977400,"S"
"NLG","13:51:01",36.5,-0.4,2000,976200,"S"
"NLG","13:50:54",36.5,-0.4,100,974200,"S"
"NLG","13:50:52",36.5,-0.4,5000,974100,"S"
"NLG","13:50:37",36.45,-0.45,1200,969100,"B"
"NLG","13:50:35",36.45,-0.45,9400,967900,"S"
"NLG","13:50:24",36.45,-0.45,200,958500,"S"
"NLG","13:50:10",36.4,-0.5,300,958300,"B"
"NLG","13:49:47",36.4,-0.5,500,958000,"S"
"NLG","13:49:43",36.4,-0.5,1000,957500,"S"
"NLG","13:49:40",36.4,-0.5,500,956500,"S"
"NLG","13:49:36",36.4,-0.5,100,956000,"S"
"NLG","13:49:25",36.4,-0.5,500,955900,"S"
"NLG","13:49:12",36.4,-0.5,1000,955400,"S"
"NLG","13:47:52",36.35,-0.55,1600,954400,"S"
"NLG","13:47:50",36.35,-0.55,500,952800,"S"
"NLG","13:47:49",36.35,-0.55,4000,952300,"S"
"NLG","13:47:48",36.35,-0.55,100,948300,"S"
"NLG","13:47:43",36.35,-0.55,2000,948200,"S"
"NLG","13:47:35",36.35,-0.55,100,946200,"S"
"NLG","13:47:22",36.35,-0.55,1200,946100,"S"
"NLG","13:47:16",36.35,-0.55,700,944900,"S"
"NLG","13:47:00",36.35,-0.55,1000,944200,"S"
"NLG","13:46:49",36.35,-0.55,2100,943200,"S"
"NLG","13:46:31",36.35,-0.55,1000,941100,"S"
"NLG","13:46:27",36.35,-0.55,500,940100,"S"
"NLG","13:46:25",36.35,-0.55,300,939600,"S"
"NLG","13:46:25",36.3,-0.6,6200,939300,"B"
"NLG","13:45:58",36.3,-0.6,10200,933100,"S"
"NLG","13:45:43",36.3,-0.6,500,922900,"S"
"NLG","13:45:25",36.3,-0.6,100,922400,"S"
"NLG","13:44:50",36.3,-0.6,2000,922200,"S"
"NLG","13:44:03",36.2,-0.7,4500,920200,"B"
"NLG","13:44:01",36.3,-0.6,500,915700,"S"
"NLG","13:43:21",36.2,-0.7,800,915200,"B"
"NLG","13:43:21",36.25,-0.65,900,914400,"B"
"NLG","13:43:04",36.25,-0.65,200,913500,"S"
"NLG","13:43:00",36.25,-0.65,1000,913300,"S"
"NLG","13:42:57",36.2,-0.7,500,912300,"B"
"NLG","13:42:55",36.2,-0.7,100,911800,"B"
"NLG","13:42:39",36.2,-0.7,5300,911700,"B"
"NLG","13:42:38",36.2,-0.7,12000,906400,"B"
"NLG","13:42:32",36.25,-0.65,3800,894400,"B"
"NLG","13:42:17",36.25,-0.65,1000,890600,"B"
"NLG","13:42:10",36.25,-0.65,6000,889600,"B"
"NLG","13:42:03",36.25,-0.65,200,883600,"B"
"NLG","13:42:01",36.25,-0.65,100,883400,"B"
"NLG","13:41:51",36.25,-0.65,100,883300,"B"
"NLG","13:41:39",36.25,-0.65,3300,883200,"B"
"NLG","13:41:08",36.3,-0.6,2300,879900,"S"
"NLG","13:39:55",36.3,-0.6,500,877600,"S"
"NLG","13:39:39",36.3,-0.6,1000,877100,"B"
"NLG","13:39:38",36.35,-0.55,500,876100,"S"
"NLG","13:39:35",36.3,-0.6,500,875600,"B"
"NLG","13:39:07",36.3,-0.6,3500,875100,"S"
"NLG","13:38:58",36.25,-0.65,500,871600,"B"
"NLG","13:38:31",36.3,-0.6,100,871100,"S"
"NLG","13:38:30",36.3,-0.6,1400,871000,"B"
"NLG","13:37:59",36.3,-0.6,100,869600,"B"
"NLG","13:37:47",36.35,-0.55,200,869500,"S"
"NLG","13:37:26",36.3,-0.6,1500,869300,"S"
"NLG","13:37:16",36.3,-0.6,200,867800,"S"
"NLG","13:37:12",36.3,-0.6,200,867600,"S"
"NLG","13:37:11",36.3,-0.6,100,867400,"S"
"NLG","13:37:02",36.3,-0.6,100,867300,"S"
"NLG","13:36:45",36.3,-0.6,400,867200,"B"
"NLG","13:36:38",36.3,-0.6,100,866800,"S"
"NLG","13:36:30",36.3,-0.6,500,866700,"B"
"NLG","13:36:30",36.3,-0.6,2400,866200,"B"
"NLG","13:36:24",36.3,-0.6,12000,863800,"B"
"NLG","13:35:53",36.3,-0.6,10000,851800,"B"
"NLG","13:35:50",36.35,-0.55,500,841800,"S"
"NLG","13:35:32",36.3,-0.6,1000,841300,"B"
"NLG","13:35:28",36.3,-0.6,2000,840300,"B"
"NLG","13:35:25",36.3,-0.6,4000,838300,"B"
"NLG","13:35:01",36.3,-0.6,100,834300,"B"
"NLG","13:34:34",36.3,-0.6,1100,834200,"B"
"NLG","13:34:08",36.3,-0.6,500,833100,"B"
"NLG","13:34:04",36.35,-0.55,200,832600,"S"
"NLG","13:33:58",36.35,-0.55,3400,832400,"S"
"NLG","13:33:52",36.35,-0.55,500,829000,"S"
"NLG","13:33:33",36.35,-0.55,3000,828500,"B"
"NLG","13:33:26",36.35,-0.55,100,825500,"B"
"NLG","13:33:00",36.35,-0.55,1000,825400,"B"
"NLG","13:32:50",36.35,-0.55,200,824400,"B"
"NLG","13:32:24",36.35,-0.55,100,824200,"B"
"NLG","13:32:19",36.35,-0.55,7100,824100,"B"
"NLG","13:32:17",36.4,-0.5,3300,817000,"S"
"NLG","13:32:16",36.35,-0.55,800,813700,"B"
"NLG","13:31:27",36.35,-0.55,300,812900,"B"
"NLG","13:31:12",36.4,-0.5,500,812600,"S"
"NLG","13:31:10",36.35,-0.55,4200,812100,"B"
"NLG","13:30:55",36.35,-0.55,2400,807900,"B"
"NLG","13:30:52",36.35,-0.55,1000,805500,"B"
"NLG","13:30:48",36.35,-0.55,5000,804500,"B"
"NLG","13:30:38",36.35,-0.55,1000,799500,"B"
"NLG","13:30:28",36.35,-0.55,200,798500,"B"
"NLG","13:30:27",36.4,-0.5,100,798300,"S"
"NLG","13:29:56",36.4,-0.5,100,798200,"S"
"NLG","13:29:38",36.4,-0.5,100,798100,"S"
"NLG","13:29:03",36.4,-0.5,100,798000,"S"
"NLG","13:28:32",36.4,-0.5,100,797900,"S"
"NLG","13:28:11",36.4,-0.5,700,797800,"B"
"NLG","13:27:35",36.4,-0.5,1400,797100,"S"
"NLG","13:27:09",36.4,-0.5,100,795700,"S"
"NLG","13:27:07",36.4,-0.5,200,795600,"S"
"NLG","13:26:27",36.4,-0.5,300,795400,"S"
"NLG","13:25:28",36.4,-0.5,100,795100,"S"
"NLG","13:25:28",36.35,-0.55,1000,795000,"B"
"NLG","13:24:59",36.35,-0.55,800,794000,"B"
"NLG","13:24:51",36.35,-0.55,3300,793200,"S"
"NLG","13:24:47",36.35,-0.55,200,789900,"S"
"NLG","13:24:43",36.35,-0.55,1000,789700,"S"
"NLG","13:24:38",36.35,-0.55,100,788700,"S"
"NLG","13:24:29",36.35,-0.55,600,788600,"S"
"NLG","13:24:22",36.35,-0.55,100,788000,"S"
"NLG","13:24:11",36.35,-0.55,200,787900,"S"
"NLG","13:24:05",36.35,-0.55,2000,787700,"S"
"NLG","13:23:55",36.35,-0.55,100,785700,"S"
"NLG","13:23:27",36.35,-0.55,200,785600,"S"
"NLG","13:23:01",36.35,-0.55,4800,785400,"B"
"NLG","13:22:13",36.35,-0.55,100,780600,"B"
"NLG","13:22:13",36.35,-0.55,5600,780500,"B"
"NLG","13:21:55",36.4,-0.5,100,774900,"B"
"NLG","13:21:54",36.4,-0.5,500,774800,"B"
"NLG","13:21:40",36.4,-0.5,1000,774300,"B"
"NLG","13:21:13",36.4,-0.5,6300,773300,"B"
"NLG","13:20:44",36.45,-0.45,200,767000,"S"
"NLG","13:20:23",36.45,-0.45,500,766800,"S"
"NLG","13:19:52",36.45,-0.45,100,766300,"S"
"NLG","13:19:48",36.4,-0.5,1000,766200,"B"
"NLG","13:19:45",36.4,-0.5,1000,765200,"B"
"NLG","13:18:50",36.45,-0.45,1000,764200,"S"
"NLG","13:18:26",36.4,-0.5,1000,763200,"B"
"NLG","13:18:09",36.4,-0.5,2000,762200,"B"
"NLG","13:17:39",36.4,-0.5,1700,760200,"B"
"NLG","13:17:39",36.45,-0.45,800,758500,"B"
"NLG","13:17:24",36.45,-0.45,3800,757700,"B"
"NLG","13:16:59",36.45,-0.45,3500,753900,"B"
"NLG","13:16:50",36.45,-0.45,100,750400,"B"
"NLG","13:16:41",36.45,-0.45,2600,750300,"B"
"NLG","13:16:29",36.45,-0.45,100,747700,"B"
"NLG","13:16:24",36.45,-0.45,1000,747600,"B"
"NLG","13:16:08",36.45,-0.45,5600,746600,"S"
"NLG","13:16:07",36.45,-0.45,500,741000,"S"
"NLG","13:15:28",36.4,-0.5,1000,740500,"B"
"NLG","13:15:19",36.45,-0.45,11700,739500,"S"
"NLG","13:14:50",36.4,-0.5,2500,727800,"B"
"NLG","13:14:47",36.4,-0.5,200,725300,"B"
"NLG","13:14:46",36.4,-0.5,3300,725100,"S"
"NLG","13:14:43",36.4,-0.5,300,721800,"S"
"NLG","13:14:42",36.4,-0.5,1000,721500,"S"
"NLG","13:14:42",36.4,-0.5,200,720500,"S"
"NLG","13:14:41",36.4,-0.5,200,720300,"S"
"NLG","13:14:37",36.4,-0.5,500,720100,"S"
"NLG","13:14:35",36.4,-0.5,1800,719600,"S"
"NLG","13:14:34",36.4,-0.5,700,717800,"S"
"NLG","13:14:33",36.4,-0.5,1000,717100,"S"
"NLG","13:14:28",36.4,-0.5,100,716100,"S"
"NLG","13:14:27",36.4,-0.5,2000,716000,"S"
"NLG","13:14:27",36.4,-0.5,1500,714000,"S"
"NLG","13:14:25",36.4,-0.5,500,712500,"S"
"NLG","13:14:15",36.4,-0.5,1000,712000,"S"
"NLG","13:14:13",36.4,-0.5,400,711000,"S"
"NLG","13:13:57",36.4,-0.5,1000,710600,"S"
"NLG","13:13:55",36.35,-0.55,100,709600,"B"
"NLG","13:13:38",36.35,-0.55,1700,709500,"B"
"NLG","13:13:36",36.35,-0.55,1000,707800,"S"
"NLG","13:13:33",36.35,-0.55,200,706800,"S"
"NLG","13:13:31",36.35,-0.55,100,706600,"S"
"NLG","13:13:29",36.35,-0.55,900,706500,"S"
"NLG","13:13:26",36.35,-0.55,3000,705600,"S"
"NLG","13:13:24",36.35,-0.55,2000,702600,"S"
"NLG","13:13:22",36.35,-0.55,100,700600,"S"
"NLG","13:13:19",36.35,-0.55,1500,700500,"S"
"NLG","13:13:16",36.35,-0.55,500,699000,"S"
"NLG","13:13:09",36.35,-0.55,100,698500,"S"
"NLG","13:12:42",36.3,-0.6,2500,698400,"B"
"NLG","13:12:38",36.35,-0.55,1000,695900,"S"
"NLG","13:12:17",36.3,-0.6,3000,694900,"B"
"NLG","13:12:12",36.3,-0.6,300,691900,"B"
"NLG","13:12:09",36.35,-0.55,300,691600,"S"
"NLG","13:11:59",36.35,-0.55,500,691300,"S"
"NLG","13:11:49",36.35,-0.55,500,690800,"S"
"NLG","13:11:32",36.35,-0.55,100,690300,"S"
"NLG","13:10:59",36.3,-0.6,400,690200,"S"
"NLG","13:10:54",36.3,-0.6,7000,689800,"S"
"NLG","13:10:51",36.3,-0.6,200,682800,"S"
"NLG","13:10:33",36.3,-0.6,1000,682600,"S"
"NLG","13:10:29",36.25,-0.65,100,681600,"B"
"NLG","13:10:24",36.3,-0.6,500,681500,"S"
"NLG","13:10:04",36.25,-0.65,500,681000,"B"
"NLG","13:09:55",36.3,-0.6,200,680500,"S"
"NLG","13:09:28",36.3,-0.6,500,680300,"S"
"NLG","13:09:09",36.3,-0.6,2000,679800,"S"
"NLG","13:09:07",36.25,-0.65,1500,677800,"B"
"NLG","13:08:59",36.3,-0.6,100,676300,"S"
"NLG","13:08:33",36.3,-0.6,5100,676200,"B"
"NLG","13:08:22",36.3,-0.6,1000,671100,"B"
"NLG","13:08:17",36.3,-0.6,2000,670100,"B"
"NLG","13:08:16",36.3,-0.6,200,668100,"B"
"NLG","13:08:09",36.3,-0.6,5900,667900,"B"
"NLG","13:08:07",36.3,-0.6,2000,662000,"B"
"NLG","13:08:06",36.3,-0.6,900,660000,"B"
"NLG","13:07:56",36.3,-0.6,3500,659100,"B"
"NLG","13:07:54",36.3,-0.6,200,655600,"B"
"NLG","13:07:23",36.3,-0.6,2000,655400,"B"
"NLG","13:06:57",36.3,-0.6,400,653400,"B"
"NLG","13:06:53",36.35,-0.55,200,653000,"S"
"NLG","13:06:52",36.35,-0.55,100,652800,"S"
"NLG","13:06:40",36.35,-0.55,5000,652700,"S"
"NLG","13:06:34",36.35,-0.55,100,647700,"S"
"NLG","13:06:06",36.35,-0.55,100,647600,"S"
"NLG","13:05:32",36.35,-0.55,1500,647500,"S"
"NLG","13:05:24",36.3,-0.6,1000,646000,"B"
"NLG","13:05:10",36.3,-0.6,2000,645000,"B"
"NLG","13:04:57",36.3,-0.6,500,643000,"B"
"NLG","13:04:55",36.35,-0.55,1000,642500,"S"
"NLG","13:04:43",36.35,-0.55,1000,641500,"S"
"NLG","13:04:40",36.3,-0.6,1700,640500,"B"
"NLG","13:04:08",36.35,-0.55,100,638800,"S"
"NLG","13:04:05",36.3,-0.6,3000,638700,"B"
"NLG","13:03:53",36.35,-0.55,300,635700,"S"
"NLG","13:03:43",36.3,-0.6,3200,635400,"B"
"NLG","13:03:43",36.3,-0.6,16300,632200,"B"
"NLG","13:03:10",36.3,-0.6,200,615900,"B"
"NLG","13:03:05",36.3,-0.6,11400,615700,"B"
"NLG","13:03:05",36.35,-0.55,400,604300,"B"
"NLG","13:03:04",36.35,-0.55,2200,603900,"B"
"NLG","13:02:52",36.35,-0.55,300,601700,"B"
"NLG","13:02:42",36.35,-0.55,100,601400,"B"
"NLG","13:02:22",36.3,-0.6,400,601300,"B"
"NLG","13:02:06",36.3,-0.6,1000,600900,"B"
"NLG","13:01:52",36.3,-0.6,6100,599900,"B"
"NLG","13:01:51",36.35,-0.55,200,593800,"S"
"NLG","13:01:49",36.3,-0.6,500,593600,"B"
"NLG","13:01:20",36.35,-0.55,6400,593100,"B"
"NLG","13:01:05",36.35,-0.55,300,586700,"B"
"NLG","13:01:02",36.35,-0.55,600,586400,"B"
"NLG","13:00:51",36.4,-0.5,5300,585800,"B"
"NLG","13:00:17",36.5,-0.4,1000,580500,"S"
"NLG","13:00:12",36.45,-0.45,100,579500,"S"
"NLG","13:00:12",36.45,-0.45,1000,579400,"S"
"NLG","13:00:10",36.4,-0.5,1000,578400,"B"
"NLG","13:00:06",36.45,-0.45,100,577400,"B"
"NLG","13:00:05",36.45,-0.45,100,577300,"S"
"NLG","13:00:05",36.45,-0.45,300,577200,"S"
"NLG","13:00:03",36.45,-0.45,100,576900,"S"
"NLG","13:00:02",36.45,-0.45,500,576800,"S"
"NLG","13:00:01",36.4,-0.5,4200,576300,"B"
"NLG","13:00:01",36.45,-0.45,800,572100,"B"
"NLG","13:00:00",36.5,-0.4,100,571300,"S"
"NLG","13:00:00",36.4,-0.5,3500,571200,"B"
"NLG","13:00:00",36.45,-0.45,7200,567700,"B"
"NLG","13:00:00",36.45,-0.45,100,560500,"B"
"NLG","11:29:53",36.5,-0.4,100,560400,"S"
"NLG","11:29:12",36.5,-0.4,200,560300,"S"
"NLG","11:29:04",36.5,-0.4,1000,560100,"S"
"NLG","11:28:26",36.5,-0.4,1500,559100,"B"
"NLG","11:28:24",36.5,-0.4,22300,557600,"B"
"NLG","11:28:15",36.5,-0.4,6000,535300,"B"
"NLG","11:28:13",36.55,-0.35,5000,529300,"S"
"NLG","11:28:08",36.5,-0.4,200,524300,"B"
"NLG","11:27:50",36.5,-0.4,300,524100,"B"
"NLG","11:27:37",36.5,-0.4,1400,523800,"B"
"NLG","11:27:16",36.5,-0.4,5000,522400,"B"
"NLG","11:27:03",36.5,-0.4,1000,517400,"B"
"NLG","11:26:36",36.5,-0.4,35000,516400,"B"
"NLG","11:26:26",36.5,-0.4,100,481400,"B"
"NLG","11:26:18",36.55,-0.35,500,481300,"S"
"NLG","11:25:56",36.55,-0.35,2000,480800,"S"
"NLG","11:25:40",36.55,-0.35,300,478800,"S"
"NLG","11:25:18",36.55,-0.35,3000,478500,"S"
"NLG","11:24:28",36.55,-0.35,300,475500,"S"
"NLG","11:24:24",36.55,-0.35,3600,475200,"S"
"NLG","11:24:23",36.55,-0.35,200,471600,"S"
"NLG","11:24:01",36.55,-0.35,500,471400,"S"
"NLG","11:23:54",36.55,-0.35,100,470900,"S"
"NLG","11:23:28",36.55,-0.35,200,470800,"S"
"NLG","11:23:04",36.5,-0.4,10000,470600,"B"
"NLG","11:23:03",36.5,-0.4,25600,460600,"B"
"NLG","11:23:03",36.5,-0.4,200,435000,"B"
"NLG","11:22:41",36.55,-0.35,100,434800,"S"
"NLG","11:22:27",36.55,-0.35,500,434700,"S"
"NLG","11:22:02",36.55,-0.35,200,434200,"S"
"NLG","11:21:50",36.55,-0.35,10000,434000,"S"
"NLG","11:20:54",36.55,-0.35,2600,424000,"B"
"NLG","11:20:54",36.55,-0.35,2100,421400,"B"
"NLG","11:20:45",36.55,-0.35,1400,419300,"B"
"NLG","11:20:23",36.55,-0.35,1000,417900,"B"
"NLG","11:18:17",36.55,-0.35,8000,416900,"B"
"NLG","11:16:17",36.55,-0.35,15000,408900,"B"
"NLG","11:16:10",36.6,-0.3,1500,393900,"S"
"NLG","11:15:48",36.6,-0.3,400,392400,"S"
"NLG","11:15:10",36.6,-0.3,200,392000,"S"
"NLG","11:14:23",36.6,-0.3,1000,391800,"S"
"NLG","11:13:10",36.6,-0.3,500,390800,"S"
"NLG","11:12:14",36.6,-0.3,1000,390300,"S"
"NLG","11:12:11",36.55,-0.35,100,389300,"B"
"NLG","11:11:36",36.6,-0.3,200,389200,"S"
"NLG","11:10:49",36.6,-0.3,200,389000,"S"
"NLG","11:10:35",36.6,-0.3,1000,388800,"S"
"NLG","11:09:44",36.55,-0.35,800,387800,"B"
"NLG","11:08:33",36.55,-0.35,500,387000,"B"
"NLG","11:08:11",36.55,-0.35,500,386500,"B"
"NLG","11:07:24",36.55,-0.35,2300,386000,"B"
"NLG","11:07:23",36.55,-0.35,100,383700,"B"
"NLG","11:06:47",36.55,-0.35,100,383600,"B"
"NLG","11:06:21",36.55,-0.35,500,383500,"B"
"NLG","11:05:45",36.6,-0.3,100,383000,"S"
"NLG","11:05:09",36.6,-0.3,300,382900,"S"
"NLG","11:05:06",36.55,-0.35,5000,382600,"B"
"NLG","11:04:29",36.55,-0.35,200,377600,"B"
"NLG","11:03:49",36.6,-0.3,100,377400,"S"
"NLG","11:03:12",36.6,-0.3,200,377300,"S"
"NLG","11:03:10",36.55,-0.35,1200,377100,"B"
"NLG","11:03:01",36.55,-0.35,1000,375900,"B"
"NLG","11:02:14",36.6,-0.3,100,374900,"S"
"NLG","11:01:58",36.6,-0.3,200,374800,"S"
"NLG","11:00:59",36.55,-0.35,500,374600,"B"
"NLG","11:00:55",36.55,-0.35,700,374100,"B"
"NLG","11:00:47",36.55,-0.35,100,373400,"B"
"NLG","11:00:12",36.55,-0.35,500,373300,"B"
"NLG","11:00:05",36.55,-0.35,100,372800,"B"
"NLG","10:59:25",36.6,-0.3,500,372700,"S"
"NLG","10:59:04",36.6,-0.3,500,372200,"S"
"NLG","10:58:05",36.6,-0.3,4000,371700,"B"
"NLG","10:57:10",36.6,-0.3,1000,367700,"B"
"NLG","10:55:02",36.6,-0.3,500,366700,"B"
"NLG","10:55:00",36.6,-0.3,10000,366200,"B"
"NLG","10:54:20",36.6,-0.3,100,356200,"B"
"NLG","10:54:09",36.6,-0.3,800,356100,"B"
"NLG","10:52:33",36.6,-0.3,400,355300,"B"
"NLG","10:50:49",36.65,-0.25,2000,354900,"S"
"NLG","10:50:30",36.6,-0.3,300,352900,"B"
"NLG","10:50:22",36.65,-0.25,3000,352600,"S"
"NLG","10:50:14",36.65,-0.25,100,349600,"S"
"NLG","10:49:55",36.6,-0.3,200,349500,"B"
"NLG","10:49:47",36.6,-0.3,200,349300,"B"
"NLG","10:49:46",36.65,-0.25,1500,349100,"S"
"NLG","10:49:13",36.6,-0.3,200,347600,"B"
"NLG","10:49:08",36.65,-0.25,1300,347400,"S"
"NLG","10:48:30",36.65,-0.25,100,346100,"S"
"NLG","10:48:25",36.65,-0.25,500,346000,"S"
"NLG","10:47:30",36.65,-0.25,100,345500,"S"
"NLG","10:47:04",36.65,-0.25,2000,345400,"S"
"NLG","10:45:41",36.65,-0.25,300,343400,"S"
"NLG","10:44:41",36.65,-0.25,100,343100,"S"
"NLG","10:44:20",36.65,-0.25,300,343000,"S"
"NLG","10:42:45",36.65,-0.25,2000,342700,"S"
"NLG","10:42:18",36.65,-0.25,2000,340700,"S"
"NLG","10:42:09",36.65,-0.25,2000,338700,"S"
"NLG","10:40:59",36.65,-0.25,200,336700,"S"
"NLG","10:38:01",36.65,-0.25,200,336500,"S"
"NLG","10:35:30",36.55,-0.35,3600,336300,"B"
"NLG","10:35:30",36.6,-0.3,1400,332700,"B"
"NLG","10:34:56",36.65,-0.25,100,331300,"S"
"NLG","10:34:50",36.6,-0.3,35200,331200,"S"
"NLG","10:33:22",36.6,-0.3,300,296000,"S"
"NLG","10:32:42",36.6,-0.3,100,295700,"S"
"NLG","10:32:16",36.6,-0.3,5200,295600,"B"
"NLG","10:32:00",36.6,-0.3,20000,290400,"B"
"NLG","10:30:05",36.6,-0.3,1100,270400,"B"
"NLG","10:29:33",36.6,-0.3,100,269300,"B"
"NLG","10:29:27",36.6,-0.3,5000,269200,"B"
"NLG","10:28:01",36.6,-0.3,1300,264200,"B"
"NLG","10:27:22",36.6,-0.3,2500,262900,"B"
"NLG","10:26:24",36.6,-0.3,600,260400,"B"
"NLG","10:23:58",36.6,-0.3,2000,259800,"B"
"NLG","10:23:52",36.65,-0.25,100,257800,"B"
"NLG","10:23:05",36.65,-0.25,500,257700,"S"
"NLG","10:22:18",36.65,-0.25,200,257200,"S"
"NLG","10:21:46",36.65,-0.25,400,257000,"B"
"NLG","10:21:16",36.65,-0.25,100,256600,"S"
"NLG","10:21:13",36.65,-0.25,4900,256500,"B"
"NLG","10:21:03",36.65,-0.25,1000,251600,"B"
"NLG","10:20:46",36.65,-0.25,3100,250600,"B"
"NLG","10:20:40",36.65,-0.25,1000,247500,"B"
"NLG","10:19:07",36.65,-0.25,200,246500,"B"
"NLG","10:18:49",36.65,-0.25,100,246300,"B"
"NLG","10:18:32",36.7,-0.2,300,246200,"S"
"NLG","10:18:27",36.7,-0.2,7100,245900,"B"
"NLG","10:18:11",36.7,-0.2,500,238800,"B"
"NLG","10:16:47",36.7,-0.2,4000,238300,"S"
"NLG","10:16:39",36.7,-0.2,200,234300,"S"
"NLG","10:14:31",36.7,-0.2,200,234100,"S"
"NLG","10:14:17",36.7,-0.2,100,233900,"S"
"NLG","10:14:13",36.7,-0.2,2000,233800,"S"
"NLG","10:13:11",36.7,-0.2,2000,231800,"S"
"NLG","10:12:34",36.7,-0.2,200,229800,"S"
"NLG","10:11:30",36.7,-0.2,1000,229600,"S"
"NLG","10:11:19",36.65,-0.25,100,228600,"B"
"NLG","10:10:34",36.65,-0.25,1000,228500,"B"
"NLG","10:10:29",36.7,-0.2,500,227500,"S"
"NLG","10:10:08",36.7,-0.2,300,227000,"S"
"NLG","10:09:50",36.7,-0.2,600,226700,"S"
"NLG","10:09:17",36.7,-0.2,3200,226100,"B"
"NLG","10:09:03",36.7,-0.2,100,222900,"B"
"NLG","10:08:07",36.7,-0.2,900,222800,"B"
"NLG","10:07:35",36.7,-0.2,2500,221900,"B"
"NLG","10:07:24",36.7,-0.2,100,219400,"B"
"NLG","10:06:44",36.7,-0.2,500,219300,"B"
"NLG","10:06:00",36.7,-0.2,1300,218800,"S"
"NLG","10:05:11",36.65,-0.25,100,217500,"S"
"NLG","10:05:03",36.65,-0.25,1100,217400,"S"
"NLG","10:04:34",36.65,-0.25,100,216300,"S"
"NLG","10:04:34",36.65,-0.25,3700,216200,"B"
"NLG","10:04:31",36.7,-0.2,100,212500,"S"
"NLG","10:04:25",36.7,-0.2,500,212400,"S"
"NLG","10:04:14",36.65,-0.25,3400,211900,"B"
"NLG","10:04:08",36.7,-0.2,500,208500,"S"
"NLG","10:03:52",36.7,-0.2,5000,208000,"S"
"NLG","10:03:46",36.65,-0.25,3400,203000,"B"
"NLG","10:03:28",36.7,-0.2,400,199600,"S"
"NLG","10:01:45",36.65,-0.25,2100,199200,"B"
"NLG","10:01:40",36.7,-0.2,200,197100,"S"
"NLG","10:00:58",36.7,-0.2,1500,196900,"S"
"NLG","10:00:27",36.7,-0.2,100,195400,"S"
"NLG","09:59:15",36.7,-0.2,1500,195300,"S"
"NLG","09:59:06",36.65,-0.25,700,193800,"B"
"NLG","09:58:50",36.65,-0.25,500,193100,"B"
"NLG","09:58:45",36.65,-0.25,3600,192600,"S"
"NLG","09:58:37",36.65,-0.25,1000,189000,"S"
"NLG","09:58:25",36.65,-0.25,500,188000,"S"
"NLG","09:58:02",36.6,-0.3,1500,187500,"B"
"NLG","09:57:58",36.6,-0.3,500,186000,"B"
"NLG","09:57:40",36.6,-0.3,1000,185500,"B"
"NLG","09:57:36",36.65,-0.25,1000,184500,"S"
"NLG","09:57:31",36.6,-0.3,1100,183500,"S"
"NLG","09:57:27",36.6,-0.3,900,182400,"B"
"NLG","09:57:24",36.6,-0.3,5000,181500,"B"
"NLG","09:56:18",36.65,-0.25,100,176500,"S"
"NLG","09:55:51",36.65,-0.25,100,176400,"S"
"NLG","09:54:44",36.65,-0.25,1000,176300,"S"
"NLG","09:54:40",36.65,-0.25,100,175300,"S"
"NLG","09:54:30",36.6,-0.3,200,175200,"B"
"NLG","09:54:01",36.65,-0.25,100,175000,"S"
"NLG","09:53:45",36.6,-0.3,500,174900,"B"
"NLG","09:53:38",36.65,-0.25,1000,174400,"S"
"NLG","09:53:14",36.65,-0.25,100,173400,"S"
"NLG","09:53:03",36.6,-0.3,300,173300,"B"
"NLG","09:52:37",36.6,-0.3,100,173000,"B"
"NLG","09:52:32",36.6,-0.3,3000,172900,"B"
"NLG","09:51:48",36.65,-0.25,600,169900,"S"
"NLG","09:51:37",36.6,-0.3,2000,169300,"B"
"NLG","09:51:21",36.6,-0.3,100,167300,"B"
"NLG","09:51:17",36.6,-0.3,5000,167200,"B"
"NLG","09:51:15",36.65,-0.25,200,162200,"S"
"NLG","09:51:07",36.6,-0.3,1000,162000,"B"
"NLG","09:50:55",36.6,-0.3,1700,161000,"B"
"NLG","09:50:49",36.6,-0.3,6000,159300,"B"
"NLG","09:50:38",36.65,-0.25,3300,153300,"B"
"NLG","09:50:31",36.65,-0.25,6000,150000,"B"
"NLG","09:49:54",36.65,-0.25,2000,144000,"B"
"NLG","09:49:50",36.65,-0.25,2100,142000,"B"
"NLG","09:49:28",36.65,-0.25,100,139900,"B"
"NLG","09:49:26",36.65,-0.25,2000,139800,"S"
"NLG","09:48:54",36.65,-0.25,500,137800,"S"
"NLG","09:48:50",36.6,-0.3,2000,137300,"B"
"NLG","09:48:29",36.6,-0.3,700,135300,"B"
"NLG","09:48:15",36.6,-0.3,1000,134600,"B"
"NLG","09:48:13",36.6,-0.3,1500,133600,"B"
"NLG","09:48:12",36.6,-0.3,100,132100,"B"
"NLG","09:48:08",36.6,-0.3,1700,132000,"B"
"NLG","09:47:54",36.6,-0.3,1000,130300,"B"
"NLG","09:47:05",36.65,-0.25,100,129300,"S"
"NLG","09:46:52",36.65,-0.25,400,129200,"B"
"NLG","09:46:36",36.65,-0.25,500,128800,"B"
"NLG","09:46:13",36.7,-0.2,19400,128300,"B"
"NLG","09:46:11",36.7,-0.2,500,108900,"B"
"NLG","09:46:06",36.7,-0.2,1000,108400,"B"
"NLG","09:45:48",36.75,-0.15,500,107400,"S"
"NLG","09:44:56",36.75,-0.15,200,106900,"S"
"NLG","09:43:55",36.75,-0.15,11200,106700,"B"
"NLG","09:43:27",36.75,-0.15,500,95500,"B"
"NLG","09:43:20",36.75,-0.15,200,95000,"B"
"NLG","09:43:01",36.75,-0.15,500,94800,"B"
"NLG","09:42:44",36.75,-0.15,800,94300,"B"
"NLG","09:42:09",36.8,-0.1,5600,93500,"B"
"NLG","09:41:22",36.8,-0.1,2000,87900,"B"
"NLG","09:41:10",36.8,-0.1,10000,85900,"B"
"NLG","09:40:46",36.8,-0.1,2000,75900,"B"
"NLG","09:40:44",36.8,-0.1,5000,73900,"B"
"NLG","09:39:58",36.8,-0.1,200,68900,"B"
"NLG","09:39:54",36.8,-0.1,2200,68700,"B"
"NLG","09:39:47",36.8,-0.1,400,66500,"B"
"NLG","09:38:51",36.8,-0.1,3700,66100,"B"
"NLG","09:38:51",36.85,-0.05,1300,62400,"B"
"NLG","09:37:27",36.85,-0.05,600,61100,"S"
"NLG","09:37:24",36.85,-0.05,500,60500,"S"
"NLG","09:37:14",36.85,-0.05,100,60000,"S"
"NLG","09:36:48",36.85,-0.05,100,59900,"S"
"NLG","09:36:45",36.85,-0.05,500,59800,"B"
"NLG","09:36:28",36.85,-0.05,300,59300,"B"
"NLG","09:36:17",36.85,-0.05,200,59000,"S"
"NLG","09:35:52",36.85,-0.05,5000,58800,"S"
"NLG","09:35:32",36.85,-0.05,200,53800,"S"
"NLG","09:35:22",36.85,-0.05,1500,53600,"S"
"NLG","09:35:09",36.85,-0.05,100,52100,"S"
"NLG","09:35:08",36.85,-0.05,1000,52000,"S"
"NLG","09:34:45",36.85,-0.05,1000,51000,"S"
"NLG","09:34:08",36.85,-0.05,3000,50000,"S"
"NLG","09:33:57",36.85,-0.05,300,47000,"S"
"NLG","09:33:22",36.85,-0.05,100,46700,"S"
"NLG","09:33:00",36.8,-0.1,200,46600,"B"
"NLG","09:32:59",36.8,-0.1,500,46400,"B"
"NLG","09:32:59",36.85,-0.05,3000,45900,"B"
"NLG","09:31:25",36.85,-0.05,800,42900,"S"
"NLG","09:30:58",36.85,-0.05,700,42100,"S"
"NLG","09:30:55",36.85,-0.05,8500,41400,"B"
"NLG","09:30:28",36.9,0,1000,32900,"S"
"NLG","09:30:06",36.85,-0.05,2600,31900,"B"
"NLG","09:30:03",36.9,0,600,29300,"S"
"NLG","09:28:31",36.85,-0.05,100,28700,"S"
"NLG","09:28:19",36.85,-0.05,2900,28600,"B"
"NLG","09:27:35",36.85,-0.05,100,25700,"B"
"NLG","09:27:11",36.85,-0.05,100,25600,"B"
"NLG","09:26:56",36.85,-0.05,200,25500,"B"
"NLG","09:26:01",36.85,-0.05,300,25300,"B"
"NLG","09:26:00",36.85,-0.05,2300,25000,"B"
"NLG","09:25:31",36.85,-0.05,1300,22700,"B"
"NLG","09:25:14",36.85,-0.05,100,21400,"B"
"NLG","09:24:58",36.9,0,100,21300,"S"
"NLG","09:24:37",36.9,0,100,21200,"S"
"NLG","09:24:19",36.9,0,100,21100,"S"
"NLG","09:24:18",36.85,-0.05,400,21000,"B"
"NLG","09:24:13",36.9,0,100,20600,"S"
"NLG","09:24:04",36.85,-0.05,200,20500,"B"
"NLG","09:23:36",36.9,0,100,20300,"S"
"NLG","09:23:17",36.9,0,400,20200,"B"
"NLG","09:22:53",36.9,0,200,19800,"B"
"NLG","09:22:38",36.9,0,500,19600,"B"
"NLG","09:22:27",36.9,0,1200,19100,"B"
"NLG","09:22:20",36.9,0,2500,17900,"B"
"NLG","09:21:46",36.95,0.05,3800,15400,"B"
"NLG","09:20:48",37,0.1,300,11600,"B"
"NLG","09:20:13",37,0.1,100,11300,"B"
"NLG","09:19:36",37,0.1,700,11200,"S"
"NLG","09:17:18",37,0.1,1900,10500,"B"
"NLG","09:17:14",37,0.1,100,8600,"B"
"NLG","09:16:50",37,0.1,200,8500,"S"
"NLG","09:16:42",36.95,0.05,100,8300,"B"
"NLG","09:16:15",36.95,0.05,1500,8200,"S"
"NLG","09:15:32",36.95,0.05,1000,6700,"B"
"NLG","09:15:15",36.95,0.05,100,5700,"B"
"NLG","09:15:00",36.95,0.05,5600,5600,
