"symbol","time","price","change","vol","total","side"
"VHM","14:45:02",41,1.35,361200,8699000,
"VHM","14:29:56",40.95,1.3,1000,8337800,"B"
"VHM","14:29:53",40.95,1.3,800,8336800,"B"
"VHM","14:29:52",40.95,1.3,800,8336000,"S"
"VHM","14:29:51",40.95,1.3,300,8335200,"S"
"VHM","14:29:49",40.95,1.3,1000,8334900,"S"
"VHM","14:29:47",40.95,1.3,7400,8333900,"S"
"VHM","14:29:44",40.9,1.25,1500,8326500,"B"
"VHM","14:29:42",40.95,1.3,2000,8325000,"S"
"VHM","14:29:39",40.95,1.3,100,8323000,"S"
"VHM","14:29:38",40.95,1.3,200,8322900,"S"
"VHM","14:29:32",40.95,1.3,900,8322700,"S"
"VHM","14:29:29",40.95,1.3,2000,8321800,"S"
"VHM","14:29:28",40.95,1.3,200,8319800,"S"
"VHM","14:29:24",40.95,1.3,300,8319600,"B"
"VHM","14:29:23",40.95,1.3,2000,8319300,"S"
"VHM","14:29:22",40.95,1.3,500,8317300,"B"
"VHM","14:29:21",40.95,1.3,500,8316800,"S"
"VHM","14:29:16",41,1.35,100,8316300,"S"
"VHM","14:29:16",41,1.35,1500,8316200,"S"
"VHM","14:29:16",40.95,1.3,700,8314700,"S"
"VHM","14:29:12",40.95,1.3,4300,8314000,"B"
"VHM","14:29:10",40.95,1.3,1000,8309700,"B"
"VHM","14:29:09",40.95,1.3,8000,8308700,"B"
"VHM","14:29:02",40.95,1.3,500,8300700,"B"
"VHM","14:29:01",41,1.35,2200,8300200,"S"
"VHM","14:28:59",40.95,1.3,2000,8298000,"B"
"VHM","14:28:57",40.95,1.3,500,8296000,"B"
"VHM","14:28:53",40.95,1.3,5000,8295500,"B"
"VHM","14:28:49",40.95,1.3,21000,8290500,"B"
"VHM","14:28:45",40.95,1.3,900,8269500,"B"
"VHM","14:28:44",40.95,1.3,200,8268600,"B"
"VHM","14:28:40",40.95,1.3,100,8268400,"B"
"VHM","14:28:38",41,1.35,300,8268300,"S"
"VHM","14:28:32",40.95,1.3,100,8268000,"B"
"VHM","14:28:29",40.95,1.3,4000,8267900,"B"
"VHM","14:28:27",40.95,1.3,5000,8263900,"B"
"VHM","14:28:24",40.95,1.3,1300,8258900,"B"
"VHM","14:28:16",40.95,1.3,100,8257600,"B"
"VHM","14:28:14",40.95,1.3,2000,8257500,"B"
"VHM","14:28:11",40.95,1.3,5000,8255500,"B"
"VHM","14:28:07",40.95,1.3,200,8250500,"B"
"VHM","14:28:05",40.95,1.3,2000,8250300,"B"
"VHM","14:28:04",41,1.35,2000,8248300,"S"
"VHM","14:28:03",40.95,1.3,2000,8246300,"B"
"VHM","14:27:54",40.95,1.3,1200,8244300,"B"
"VHM","14:27:53",40.95,1.3,200,8243100,"B"
"VHM","14:27:48",41,1.35,500,8242900,"S"
"VHM","14:27:41",40.95,1.3,500,8242400,"B"
"VHM","14:27:40",41,1.35,700,8241900,"S"
"VHM","14:27:29",40.95,1.3,100,8241200,"B"
"VHM","14:27:25",40.95,1.3,500,8241100,"B"
"VHM","14:27:16",40.95,1.3,1000,8240600,"B"
"VHM","14:27:13",40.95,1.3,500,8239600,"B"
"VHM","14:27:00",40.95,1.3,1000,8239100,"B"
"VHM","14:26:52",40.95,1.3,1500,8238100,"B"
"VHM","14:26:44",40.95,1.3,2500,8236600,"B"
"VHM","14:26:44",40.95,1.3,500,8234100,"B"
"VHM","14:26:32",40.95,1.3,1000,8233600,"B"
"VHM","14:26:31",40.95,1.3,500,8232600,"B"
"VHM","14:26:23",40.95,1.3,100,8232100,"B"
"VHM","14:26:11",40.95,1.3,1000,8232000,"B"
"VHM","14:26:09",40.95,1.3,100,8231000,"B"
"VHM","14:26:06",40.95,1.3,300,8230900,"B"
"VHM","14:26:02",40.95,1.3,300,8230600,"B"
"VHM","14:26:01",40.95,1.3,200,8230300,"B"
"VHM","14:25:53",40.95,1.3,4000,8230100,"B"
"VHM","14:25:51",40.95,1.3,500,8226100,"B"
"VHM","14:25:44",40.95,1.3,8000,8225600,"B"
"VHM","14:25:43",40.95,1.3,500,8217600,"B"
"VHM","14:25:42",40.95,1.3,4000,8217100,"B"
"VHM","14:25:40",40.95,1.3,300,8213100,"B"
"VHM","14:25:39",40.95,1.3,100,8212800,"B"
"VHM","14:25:36",41,1.35,1000,8212700,"S"
"VHM","14:25:34",40.95,1.3,5000,8211700,"B"
"VHM","14:25:33",40.95,1.3,200,8206700,"B"
"VHM","14:25:31",40.95,1.3,3000,8206500,"B"
"VHM","14:25:23",40.95,1.3,100,8203500,"B"
"VHM","14:25:12",40.95,1.3,500,8203400,"B"
"VHM","14:25:00",41,1.35,1200,8202900,"S"
"VHM","14:24:58",40.95,1.3,900,8201700,"B"
"VHM","14:24:55",40.95,1.3,200,8200800,"B"
"VHM","14:24:49",40.95,1.3,1100,8200600,"B"
"VHM","14:24:48",40.95,1.3,1500,8199500,"B"
"VHM","14:24:47",40.95,1.3,500,8198000,"B"
"VHM","14:24:44",40.95,1.3,200,8197500,"B"
"VHM","14:24:43",40.95,1.3,3100,8197300,"B"
"VHM","14:24:35",40.95,1.3,100,8194200,"B"
"VHM","14:24:31",40.95,1.3,100,8194100,"B"
"VHM","14:24:20",40.95,1.3,100,8194000,"B"
"VHM","14:24:17",40.95,1.3,1000,8193900,"B"
"VHM","14:23:56",40.95,1.3,3000,8192900,"B"
"VHM","14:23:55",41,1.35,2200,8189900,"S"
"VHM","14:23:49",40.95,1.3,500,8187700,"S"
"VHM","14:23:42",40.95,1.3,2200,8187200,"S"
"VHM","14:23:40",40.95,1.3,100,8185000,"S"
"VHM","14:23:37",40.95,1.3,1200,8184900,"S"
"VHM","14:23:33",40.95,1.3,1000,8183700,"B"
"VHM","14:23:30",40.95,1.3,300,8182700,"S"
"VHM","14:23:30",40.95,1.3,700,8182400,"S"
"VHM","14:23:29",40.95,1.3,1400,8181700,"S"
"VHM","14:23:14",40.95,1.3,100,8180300,"B"
"VHM","14:23:14",41,1.35,2200,8180200,"S"
"VHM","14:23:11",40.95,1.3,2000,8178000,"B"
"VHM","14:23:11",40.95,1.3,3000,8176000,"B"
"VHM","14:23:10",40.95,1.3,300,8173000,"B"
"VHM","14:23:08",40.95,1.3,100,8172700,"B"
"VHM","14:23:03",40.95,1.3,2800,8172600,"B"
"VHM","14:23:02",40.95,1.3,100,8169800,"B"
"VHM","14:22:54",40.95,1.3,1000,8169700,"B"
"VHM","14:22:51",40.95,1.3,2000,8168700,"B"
"VHM","14:22:47",40.95,1.3,100,8166700,"B"
"VHM","14:22:46",40.95,1.3,100,8166600,"B"
"VHM","14:22:45",40.95,1.3,3000,8166500,"B"
"VHM","14:22:31",40.95,1.3,1000,8163500,"B"
"VHM","14:22:25",40.95,1.3,3800,8162500,"S"
"VHM","14:22:23",40.95,1.3,10200,8158700,"S"
"VHM","14:22:13",40.95,1.3,1200,8148500,"S"
"VHM","14:22:10",40.95,1.3,500,8147300,"S"
"VHM","14:22:00",40.95,1.3,200,8146800,"B"
"VHM","14:21:58",40.95,1.3,100,8146600,"B"
"VHM","14:21:57",40.95,1.3,2100,8146500,"S"
"VHM","14:21:56",40.95,1.3,5000,8144400,"S"
"VHM","14:21:48",40.95,1.3,5000,8139400,"S"
"VHM","14:21:47",40.9,1.25,400,8134400,"B"
"VHM","14:21:38",40.95,1.3,300,8134000,"S"
"VHM","14:21:25",40.95,1.3,900,8133700,"B"
"VHM","14:21:25",40.95,1.3,400,8132800,"B"
"VHM","14:21:23",40.95,1.3,200,8132400,"B"
"VHM","14:21:22",40.95,1.3,2500,8132200,"B"
"VHM","14:21:17",40.95,1.3,1000,8129700,"B"
"VHM","14:21:08",40.95,1.3,400,8128700,"B"
"VHM","14:21:01",40.95,1.3,100,8128300,"B"
"VHM","14:20:57",40.95,1.3,100,8128200,"B"
"VHM","14:20:53",40.95,1.3,200,8128100,"B"
"VHM","14:20:50",41,1.35,1300,8127900,"S"
"VHM","14:20:49",40.95,1.3,1000,8126600,"B"
"VHM","14:20:40",40.95,1.3,100,8125600,"B"
"VHM","14:20:38",40.95,1.3,500,8125500,"B"
"VHM","14:20:31",40.95,1.3,500,8125000,"B"
"VHM","14:20:23",40.95,1.3,4000,8124500,"S"
"VHM","14:20:20",40.95,1.3,1500,8120500,"S"
"VHM","14:20:18",40.95,1.3,900,8119000,"S"
"VHM","14:20:15",40.95,1.3,1500,8118100,"S"
"VHM","14:20:14",40.95,1.3,100,8116600,"S"
"VHM","14:20:12",40.95,1.3,10000,8116500,"S"
"VHM","14:20:00",40.95,1.3,3500,8106500,"S"
"VHM","14:19:56",40.95,1.3,1000,8103000,"S"
"VHM","14:19:47",40.95,1.3,100,8102000,"S"
"VHM","14:19:44",40.95,1.3,10000,8101900,"S"
"VHM","14:19:27",40.95,1.3,800,8091900,"S"
"VHM","14:19:22",40.95,1.3,5000,8091100,"S"
"VHM","14:19:16",40.95,1.3,500,8086100,"S"
"VHM","14:19:09",40.95,1.3,300,8085600,"S"
"VHM","14:18:43",40.95,1.3,1000,8085300,"B"
"VHM","14:18:37",40.95,1.3,9000,8084300,"S"
"VHM","14:18:30",40.95,1.3,5000,8075300,"S"
"VHM","14:18:24",40.9,1.25,1000,8070300,"B"
"VHM","14:18:24",40.95,1.3,500,8069300,"S"
"VHM","14:18:17",40.9,1.25,100,8068800,"B"
"VHM","14:18:12",40.95,1.3,600,8068700,"S"
"VHM","14:18:08",40.9,1.25,600,8068100,"B"
"VHM","14:18:05",40.95,1.3,2500,8067500,"S"
"VHM","14:18:04",40.95,1.3,700,8065000,"S"
"VHM","14:17:56",40.95,1.3,10000,8064300,"S"
"VHM","14:17:50",40.9,1.25,100,8054300,"B"
"VHM","14:17:32",40.9,1.25,100,8054200,"B"
"VHM","14:17:10",40.95,1.3,1300,8054100,"S"
"VHM","14:17:09",40.9,1.25,3000,8052800,"B"
"VHM","14:16:49",40.95,1.3,2200,8049800,"B"
"VHM","14:16:42",40.95,1.3,2600,8047600,"S"
"VHM","14:16:40",40.95,1.3,700,8045000,"S"
"VHM","14:16:39",40.95,1.3,300,8044300,"S"
"VHM","14:16:08",40.95,1.3,2300,8044000,"S"
"VHM","14:16:06",40.95,1.3,12100,8041700,"B"
"VHM","14:15:41",40.95,1.3,300,8029600,"B"
"VHM","14:15:35",40.95,1.3,1000,8029300,"B"
"VHM","14:15:27",40.95,1.3,700,8028300,"B"
"VHM","14:15:22",40.95,1.3,8500,8027600,"S"
"VHM","14:15:21",40.95,1.3,5000,8019100,"S"
"VHM","14:15:18",40.95,1.3,1000,8014100,"S"
"VHM","14:15:18",40.9,1.25,300,8013100,"B"
"VHM","14:15:18",40.95,1.3,800,8012800,"S"
"VHM","14:15:16",40.95,1.3,1000,8012000,"S"
"VHM","14:15:15",40.95,1.3,10000,8011000,"S"
"VHM","14:15:14",40.9,1.25,500,8001000,"B"
"VHM","14:15:11",40.9,1.25,5000,8000500,"B"
"VHM","14:15:04",40.9,1.25,200,7995500,"B"
"VHM","14:14:54",40.95,1.3,20000,7995300,"S"
"VHM","14:14:53",40.95,1.3,2000,7975300,"S"
"VHM","14:14:51",40.9,1.25,400,7973300,"B"
"VHM","14:14:51",40.95,1.3,700,7972900,"S"
"VHM","14:14:50",40.9,1.25,500,7972200,"B"
"VHM","14:14:44",40.95,1.3,1000,7971700,"S"
"VHM","14:14:34",40.95,1.3,1500,7970700,"S"
"VHM","14:14:30",40.9,1.25,100,7969200,"B"
"VHM","14:14:29",40.9,1.25,100,7969100,"B"
"VHM","14:14:18",40.95,1.3,400,7969000,"S"
"VHM","14:14:14",40.95,1.3,1900,7968600,"B"
"VHM","14:14:13",40.95,1.3,500,7966700,"S"
"VHM","14:14:11",40.95,1.3,400,7966200,"S"
"VHM","14:14:04",40.95,1.3,100,7965800,"S"
"VHM","14:14:03",40.95,1.3,100,7965700,"S"
"VHM","14:14:00",40.95,1.3,2000,7965600,"S"
"VHM","14:13:56",40.95,1.3,1700,7963600,"S"
"VHM","14:13:55",40.95,1.3,300,7961900,"S"
"VHM","14:13:54",40.95,1.3,700,7961600,"S"
"VHM","14:13:51",40.95,1.3,2000,7960900,"S"
"VHM","14:13:50",40.95,1.3,500,7958900,"S"
"VHM","14:13:37",40.95,1.3,1000,7958400,"S"
"VHM","14:13:34",40.95,1.3,6700,7957400,"B"
"VHM","14:13:30",40.95,1.3,100,7950700,"B"
"VHM","14:13:28",40.95,1.3,1000,7950600,"B"
"VHM","14:13:25",40.95,1.3,100,7949600,"B"
"VHM","14:13:24",40.95,1.3,800,7949500,"B"
"VHM","14:13:22",40.95,1.3,2100,7948700,"B"
"VHM","14:13:22",40.95,1.3,2900,7946600,"B"
"VHM","14:13:21",40.95,1.3,2200,7943700,"B"
"VHM","14:13:09",40.95,1.3,200,7941500,"B"
"VHM","14:13:04",40.95,1.3,500,7941300,"B"
"VHM","14:12:36",40.95,1.3,100,7940800,"B"
"VHM","14:12:34",41,1.35,600,7940700,"S"
"VHM","14:12:31",41,1.35,800,7940100,"S"
"VHM","14:12:17",40.95,1.3,5000,7939300,"B"
"VHM","14:11:59",41,1.35,400,7934300,"S"
"VHM","14:11:47",41,1.35,800,7933900,"S"
"VHM","14:11:43",41,1.35,100,7933100,"S"
"VHM","14:11:18",41,1.35,500,7933000,"S"
"VHM","14:11:12",41,1.35,100,7932500,"S"
"VHM","14:11:07",41,1.35,700,7932400,"S"
"VHM","14:11:05",40.95,1.3,500,7931700,"B"
"VHM","14:11:01",40.95,1.3,200,7931200,"S"
"VHM","14:10:31",40.95,1.3,54500,7931000,"S"
"VHM","14:10:30",40.95,1.3,5000,7876500,"S"
"VHM","14:10:27",40.95,1.3,4400,7871500,"S"
"VHM","14:10:18",40.95,1.3,4400,7867100,"S"
"VHM","14:10:12",40.95,1.3,1500,7862700,"S"
"VHM","14:09:45",40.95,1.3,700,7861200,"S"
"VHM","14:09:44",40.95,1.3,500,7860500,"S"
"VHM","14:09:42",40.95,1.3,1000,7860000,"S"
"VHM","14:09:22",40.95,1.3,200,7859000,"S"
"VHM","14:09:18",40.95,1.3,400,7858800,"S"
"VHM","14:08:38",40.9,1.25,1000,7858400,"B"
"VHM","14:08:27",40.95,1.3,200,7857400,"S"
"VHM","14:08:21",40.95,1.3,800,7857200,"S"
"VHM","14:08:19",40.9,1.25,500,7856400,"B"
"VHM","14:08:05",40.9,1.25,1000,7855900,"B"
"VHM","14:07:58",40.95,1.3,100,7854900,"S"
"VHM","14:07:48",40.9,1.25,1000,7854800,"B"
"VHM","14:07:05",40.9,1.25,4000,7853800,"B"
"VHM","14:06:58",40.95,1.3,700,7849800,"S"
"VHM","14:06:58",40.9,1.25,1000,7849100,"B"
"VHM","14:06:52",40.9,1.25,2000,7848100,"B"
"VHM","14:06:51",40.95,1.3,4000,7846100,"S"
"VHM","14:06:47",40.9,1.25,900,7842100,"B"
"VHM","14:06:46",40.95,1.3,800,7841200,"S"
"VHM","14:06:44",40.9,1.25,100,7840400,"B"
"VHM","14:06:35",40.9,1.25,400,7840300,"B"
"VHM","14:06:27",40.9,1.25,5000,7839900,"B"
"VHM","14:06:10",40.9,1.25,1000,7834900,"B"
"VHM","14:05:55",40.95,1.3,200,7833900,"S"
"VHM","14:05:34",40.95,1.3,700,7833700,"S"
"VHM","14:05:26",40.9,1.25,3000,7833000,"S"
"VHM","14:05:21",40.9,1.25,200,7830000,"S"
"VHM","14:05:20",40.9,1.25,2700,7829800,"B"
"VHM","14:05:15",40.9,1.25,100,7827100,"B"
"VHM","14:05:15",40.9,1.25,500,7827000,"B"
"VHM","14:05:12",40.9,1.25,100,7826500,"B"
"VHM","14:05:06",40.9,1.25,5000,7826400,"B"
"VHM","14:04:48",40.9,1.25,100,7821400,"B"
"VHM","14:04:39",40.95,1.3,1400,7821300,"S"
"VHM","14:04:38",40.9,1.25,100,7819900,"B"
"VHM","14:04:37",40.9,1.25,15000,7819800,"B"
"VHM","14:04:32",40.9,1.25,700,7804800,"B"
"VHM","14:04:24",40.9,1.25,100,7804100,"B"
"VHM","14:04:11",40.95,1.3,800,7804000,"S"
"VHM","14:04:04",40.9,1.25,2500,7803200,"B"
"VHM","14:03:57",40.9,1.25,200,7800700,"B"
"VHM","14:03:46",40.9,1.25,200,7800500,"B"
"VHM","14:03:39",40.95,1.3,200,7800300,"S"
"VHM","14:03:35",40.95,1.3,100,7800100,"S"
"VHM","14:03:32",40.95,1.3,26000,7800000,"S"
"VHM","14:03:32",40.95,1.3,2000,7774000,"S"
"VHM","14:03:15",40.9,1.25,100,7772000,"B"
"VHM","14:03:08",40.9,1.25,5000,7771900,"B"
"VHM","14:03:03",40.9,1.25,100,7766900,"B"
"VHM","14:02:59",40.9,1.25,100,7766800,"B"
"VHM","14:02:47",40.9,1.25,300,7766700,"B"
"VHM","14:02:31",40.9,1.25,1000,7766400,"B"
"VHM","14:02:29",40.9,1.25,100,7765400,"B"
"VHM","14:02:19",40.9,1.25,3600,7765300,"B"
"VHM","14:02:18",40.9,1.25,7400,7761700,"B"
"VHM","14:02:06",40.9,1.25,500,7754300,"B"
"VHM","14:02:02",40.95,1.3,200,7753800,"S"
"VHM","14:01:47",40.95,1.3,700,7753600,"S"
"VHM","14:01:43",40.95,1.3,1000,7752900,"S"
"VHM","14:01:28",40.9,1.25,400,7751900,"B"
"VHM","14:01:11",40.9,1.25,100,7751500,"B"
"VHM","14:01:11",40.9,1.25,5000,7751400,"B"
"VHM","14:00:54",40.9,1.25,1000,7746400,"B"
"VHM","14:00:49",40.9,1.25,10000,7745400,"B"
"VHM","14:00:48",40.9,1.25,1500,7735400,"B"
"VHM","14:00:44",40.95,1.3,100,7733900,"S"
"VHM","14:00:32",40.95,1.3,4400,7733800,"S"
"VHM","14:00:25",40.95,1.3,800,7729400,"S"
"VHM","14:00:09",40.95,1.3,100,7728600,"S"
"VHM","14:00:07",40.9,1.25,100,7728500,"B"
"VHM","13:59:47",40.9,1.25,8000,7728400,"B"
"VHM","13:59:39",40.9,1.25,2000,7720400,"B"
"VHM","13:59:16",40.9,1.25,300,7718400,"B"
"VHM","13:59:07",40.95,1.3,900,7718100,"S"
"VHM","13:59:07",40.9,1.25,200,7717200,"B"
"VHM","13:59:04",40.95,1.3,1000,7717000,"S"
"VHM","13:59:03",40.95,1.3,700,7716000,"S"
"VHM","13:58:41",40.95,1.3,500,7715300,"S"
"VHM","13:58:39",40.9,1.25,500,7714800,"B"
"VHM","13:58:37",40.9,1.25,200,7714300,"B"
"VHM","13:58:36",40.95,1.3,200,7714100,"S"
"VHM","13:58:18",40.9,1.25,2000,7713900,"B"
"VHM","13:58:00",40.95,1.3,200,7711900,"S"
"VHM","13:57:54",40.9,1.25,1800,7711700,"B"
"VHM","13:57:41",40.95,1.3,800,7709900,"S"
"VHM","13:57:39",40.95,1.3,200,7709100,"S"
"VHM","13:57:32",40.95,1.3,100,7708900,"S"
"VHM","13:57:29",40.9,1.25,500,7708800,"B"
"VHM","13:57:27",40.95,1.3,2000,7708300,"S"
"VHM","13:57:22",40.95,1.3,100,7706300,"S"
"VHM","13:57:20",40.9,1.25,1000,7706200,"B"
"VHM","13:57:04",40.9,1.25,10000,7705200,"B"
"VHM","13:57:00",40.9,1.25,100,7695200,"B"
"VHM","13:56:53",40.95,1.3,600,7695100,"S"
"VHM","13:56:46",40.9,1.25,500,7694500,"B"
"VHM","13:56:42",40.9,1.25,3000,7694000,"B"
"VHM","13:56:32",40.95,1.3,600,7691000,"S"
"VHM","13:56:14",40.9,1.25,500,7690400,"B"
"VHM","13:56:12",40.95,1.3,200,7689900,"S"
"VHM","13:56:11",40.9,1.25,9200,7689700,"B"
"VHM","13:56:11",40.9,1.25,800,7680500,"B"
"VHM","13:56:09",40.95,1.3,100,7679700,"S"
"VHM","13:55:53",40.95,1.3,500,7679600,"S"
"VHM","13:55:52",40.95,1.3,500,7679100,"S"
"VHM","13:55:44",40.95,1.3,100,7678600,"S"
"VHM","13:55:41",40.95,1.3,1500,7678500,"S"
"VHM","13:55:38",40.95,1.3,10000,7677000,"S"
"VHM","13:55:34",40.95,1.3,11300,7667000,"S"
"VHM","13:55:31",40.95,1.3,1000,7655700,"S"
"VHM","13:55:21",40.9,1.25,100,7654700,"B"
"VHM","13:55:04",40.95,1.3,2000,7654600,"S"
"VHM","13:55:01",40.9,1.25,400,7652600,"B"
"VHM","13:54:57",40.95,1.3,700,7652200,"S"
"VHM","13:54:56",40.95,1.3,1000,7651500,"S"
"VHM","13:54:51",40.95,1.3,10500,7650500,"S"
"VHM","13:54:49",40.95,1.3,100,7640000,"S"
"VHM","13:54:48",40.9,1.25,100,7639900,"B"
"VHM","13:54:45",40.9,1.25,10000,7639800,"B"
"VHM","13:54:41",40.95,1.3,1000,7629800,"S"
"VHM","13:54:39",40.95,1.3,100,7628800,"S"
"VHM","13:54:37",40.95,1.3,500,7628700,"S"
"VHM","13:54:33",40.95,1.3,400,7628200,"S"
"VHM","13:54:32",40.9,1.25,3000,7627800,"B"
"VHM","13:54:25",40.95,1.3,10000,7624800,"S"
"VHM","13:54:17",40.9,1.25,200,7614800,"B"
"VHM","13:54:15",40.9,1.25,1000,7614600,"B"
"VHM","13:54:10",40.95,1.3,200,7613600,"S"
"VHM","13:54:05",40.9,1.25,2000,7613400,"B"
"VHM","13:54:05",40.95,1.3,500,7611400,"S"
"VHM","13:54:05",40.9,1.25,500,7610900,"B"
"VHM","13:54:03",40.95,1.3,1500,7610400,"S"
"VHM","13:53:50",40.95,1.3,1000,7608900,"S"
"VHM","13:53:47",40.95,1.3,3400,7607900,"S"
"VHM","13:53:42",40.95,1.3,300,7604500,"S"
"VHM","13:53:38",40.95,1.3,2600,7604200,"S"
"VHM","13:53:35",40.95,1.3,800,7601600,"S"
"VHM","13:53:33",40.95,1.3,500,7600800,"S"
"VHM","13:53:32",40.95,1.3,2000,7600300,"S"
"VHM","13:53:31",40.95,1.3,20300,7598300,"S"
"VHM","13:53:30",40.95,1.3,10000,7578000,"S"
"VHM","13:53:29",40.95,1.3,1200,7568000,"S"
"VHM","13:53:25",40.95,1.3,100,7566800,"S"
"VHM","13:53:24",40.95,1.3,16100,7566700,"S"
"VHM","13:53:20",40.95,1.3,20000,7550600,"S"
"VHM","13:53:15",40.95,1.3,10000,7530600,"S"
"VHM","13:53:14",40.95,1.3,5500,7520600,"S"
"VHM","13:52:55",40.95,1.3,300,7515100,"S"
"VHM","13:52:53",40.95,1.3,2300,7514800,"S"
"VHM","13:52:29",40.95,1.3,10000,7512500,"S"
"VHM","13:52:20",40.9,1.25,300,7502500,"B"
"VHM","13:52:13",40.9,1.25,500,7502200,"B"
"VHM","13:52:12",40.9,1.25,2200,7501700,"B"
"VHM","13:51:43",40.9,1.25,3000,7499500,"B"
"VHM","13:51:33",40.9,1.25,200,7496500,"B"
"VHM","13:51:25",40.9,1.25,2000,7496300,"B"
"VHM","13:51:25",40.95,1.3,500,7494300,"S"
"VHM","13:50:37",40.9,1.25,1400,7493800,"B"
"VHM","13:50:36",40.9,1.25,1000,7492400,"B"
"VHM","13:50:24",40.95,1.3,1800,7491400,"S"
"VHM","13:50:12",40.9,1.25,200,7489600,"B"
"VHM","13:50:09",40.9,1.25,76200,7489400,"S"
"VHM","13:50:03",40.9,1.25,3100,7413200,"S"
"VHM","13:49:56",40.9,1.25,200,7410100,"S"
"VHM","13:49:36",40.9,1.25,4000,7409900,"S"
"VHM","13:49:33",40.9,1.25,5000,7405900,"S"
"VHM","13:49:29",40.9,1.25,700,7398700,"S"
"VHM","13:49:27",40.9,1.25,2200,7398000,"S"
"VHM","13:49:21",40.9,1.25,2200,7395800,"S"
"VHM","13:49:14",40.9,1.25,2200,7393600,"S"
"VHM","13:49:04",40.9,1.25,2200,7391400,"S"
"VHM","13:48:58",40.9,1.25,1000,7389200,"S"
"VHM","13:48:57",40.8,1.15,3100,7388200,"B"
"VHM","13:48:57",40.85,1.2,2200,7385100,"B"
"VHM","13:48:55",40.85,1.2,1800,7382900,"B"
"VHM","13:48:55",40.85,1.2,200,7381100,"B"
"VHM","13:48:53",40.9,1.25,2200,7380900,"S"
"VHM","13:48:44",40.9,1.25,10500,7378700,"S"
"VHM","13:48:33",40.85,1.2,100,7368200,"B"
"VHM","13:48:32",40.85,1.2,700,7368100,"B"
"VHM","13:48:21",40.85,1.2,1100,7367400,"S"
"VHM","13:48:19",40.85,1.2,600,7366300,"S"
"VHM","13:48:15",40.85,1.2,3000,7365700,"S"
"VHM","13:48:12",40.85,1.2,5000,7362700,"S"
"VHM","13:48:10",40.85,1.2,800,7357700,"S"
"VHM","13:48:07",40.85,1.2,800,7356900,"S"
"VHM","13:48:06",40.85,1.2,2200,7356100,"S"
"VHM","13:48:06",40.85,1.2,1500,7353900,"S"
"VHM","13:47:58",40.85,1.2,2200,7352400,"S"
"VHM","13:47:56",40.85,1.2,2400,7350200,"S"
"VHM","13:47:55",40.85,1.2,2800,7347800,"S"
"VHM","13:47:54",40.85,1.2,2200,7345000,"S"
"VHM","13:47:38",40.85,1.2,100,7342800,"S"
"VHM","13:47:35",40.85,1.2,1000,7342700,"S"
"VHM","13:47:16",40.85,1.2,500,7341700,"S"
"VHM","13:47:14",40.85,1.2,200,7341200,"S"
"VHM","13:47:04",40.85,1.2,400,7341000,"S"
"VHM","13:46:59",40.85,1.2,300,7340600,"S"
"VHM","13:46:57",40.8,1.15,300,7340300,"B"
"VHM","13:46:51",40.85,1.2,200,7340000,"S"
"VHM","13:46:46",40.85,1.2,600,7339800,"B"
"VHM","13:46:45",40.85,1.2,100,7339200,"S"
"VHM","13:46:37",40.85,1.2,1000,7339100,"S"
"VHM","13:46:33",40.85,1.2,3900,7338100,"B"
"VHM","13:46:29",40.85,1.2,2100,7334200,"B"
"VHM","13:46:12",40.85,1.2,100,7332100,"B"
"VHM","13:46:09",40.85,1.2,5200,7332000,"B"
"VHM","13:45:57",40.85,1.2,100,7326800,"B"
"VHM","13:45:55",40.85,1.2,100,7326700,"B"
"VHM","13:45:53",40.85,1.2,500,7326600,"B"
"VHM","13:45:47",40.85,1.2,1500,7326100,"B"
"VHM","13:45:46",40.85,1.2,2500,7324600,"B"
"VHM","13:45:15",40.85,1.2,200,7322100,"B"
"VHM","13:45:09",40.85,1.2,500,7321900,"B"
"VHM","13:45:03",40.9,1.25,100,7321400,"S"
"VHM","13:45:00",40.9,1.25,100,7321300,"S"
"VHM","13:44:51",40.85,1.2,100,7321200,"B"
"VHM","13:44:49",40.85,1.2,1900,7321100,"S"
"VHM","13:44:45",40.85,1.2,4400,7319200,"S"
"VHM","13:44:45",40.8,1.15,500,7314800,"B"
"VHM","13:44:45",40.85,1.2,100,7314300,"S"
"VHM","13:44:36",40.85,1.2,200,7314200,"S"
"VHM","13:44:31",40.9,1.25,2000,7314000,"S"
"VHM","13:44:21",40.85,1.2,2400,7312000,"S"
"VHM","13:44:15",40.85,1.2,1000,7309600,"S"
"VHM","13:44:08",40.85,1.2,4400,7308600,"S"
"VHM","13:44:07",40.85,1.2,4300,7304200,"B"
"VHM","13:44:05",40.85,1.2,100,7299900,"S"
"VHM","13:44:01",40.85,1.2,800,7299800,"S"
"VHM","13:43:52",40.85,1.2,5000,7299000,"S"
"VHM","13:43:29",40.85,1.2,2000,7294000,"S"
"VHM","13:43:27",40.8,1.15,8000,7292000,"B"
"VHM","13:43:23",40.85,1.2,30000,7284000,"S"
"VHM","13:43:01",40.85,1.2,4100,7254000,"S"
"VHM","13:43:00",40.8,1.15,200,7249900,"B"
"VHM","13:42:39",40.85,1.2,700,7249700,"S"
"VHM","13:42:38",40.85,1.2,6600,7249000,"S"
"VHM","13:42:35",40.8,1.15,2000,7242400,"B"
"VHM","13:42:29",40.8,1.15,300,7240400,"B"
"VHM","13:42:14",40.8,1.15,100,7240100,"B"
"VHM","13:42:04",40.85,1.2,500,7240000,"S"
"VHM","13:41:56",40.8,1.15,500,7239500,"B"
"VHM","13:41:51",40.85,1.2,200,7239000,"S"
"VHM","13:41:49",40.8,1.15,500,7238800,"B"
"VHM","13:41:46",40.8,1.15,50000,7238300,"B"
"VHM","13:41:44",40.8,1.15,3000,7188300,"B"
"VHM","13:41:33",40.8,1.15,10000,7185300,"B"
"VHM","13:41:32",40.8,1.15,2000,7175300,"B"
"VHM","13:41:31",40.85,1.2,100,7173300,"S"
"VHM","13:41:30",40.8,1.15,100,7173200,"B"
"VHM","13:41:26",40.85,1.2,2000,7173100,"S"
"VHM","13:41:20",40.8,1.15,1200,7171100,"B"
"VHM","13:41:08",40.8,1.15,10000,7169900,"B"
"VHM","13:40:58",40.85,1.2,500,7159900,"B"
"VHM","13:40:56",40.85,1.2,3000,7159400,"B"
"VHM","13:40:54",40.85,1.2,900,7156400,"S"
"VHM","13:40:53",40.85,1.2,4100,7155500,"B"
"VHM","13:40:53",40.85,1.2,400,7151400,"B"
"VHM","13:40:51",40.85,1.2,1800,7151000,"B"
"VHM","13:40:50",40.85,1.2,100,7149200,"B"
"VHM","13:40:49",40.85,1.2,5000,7149100,"B"
"VHM","13:40:49",40.85,1.2,400,7144100,"B"
"VHM","13:40:48",40.85,1.2,3000,7143700,"B"
"VHM","13:40:46",40.85,1.2,1600,7140700,"B"
"VHM","13:40:45",40.85,1.2,500,7139100,"B"
"VHM","13:40:44",40.85,1.2,1000,7138600,"B"
"VHM","13:40:43",40.85,1.2,500,7137600,"B"
"VHM","13:40:42",40.85,1.2,500,7137100,"B"
"VHM","13:40:39",40.85,1.2,5000,7136600,"B"
"VHM","13:40:37",40.85,1.2,1000,7131600,"B"
"VHM","13:40:35",40.85,1.2,100,7130600,"B"
"VHM","13:40:33",40.85,1.2,500,7130500,"B"
"VHM","13:40:29",40.85,1.2,600,7130000,"B"
"VHM","13:40:26",40.85,1.2,500,7129400,"B"
"VHM","13:40:23",40.85,1.2,200,7128900,"B"
"VHM","13:40:20",40.85,1.2,5500,7128700,"B"
"VHM","13:40:12",40.85,1.2,11500,7123200,"B"
"VHM","13:40:09",40.85,1.2,1000,7111700,"B"
"VHM","13:40:07",40.85,1.2,1700,7110700,"B"
"VHM","13:40:05",40.85,1.2,1700,7109000,"B"
"VHM","13:39:58",40.85,1.2,1000,7107300,"B"
"VHM","13:39:47",40.85,1.2,300,7106300,"B"
"VHM","13:39:40",40.85,1.2,1800,7106000,"B"
"VHM","13:39:35",40.85,1.2,1000,7104200,"B"
"VHM","13:39:27",40.85,1.2,300,7103200,"B"
"VHM","13:39:19",40.85,1.2,5000,7102900,"B"
"VHM","13:39:18",40.85,1.2,100,7097900,"B"
"VHM","13:39:17",40.85,1.2,300,7097800,"B"
"VHM","13:39:09",40.85,1.2,1000,7097500,"B"
"VHM","13:39:05",40.85,1.2,1000,7096500,"B"
"VHM","13:39:02",40.85,1.2,500,7095500,"B"
"VHM","13:38:54",40.85,1.2,100,7095000,"B"
"VHM","13:38:47",40.9,1.25,2000,7094900,"S"
"VHM","13:38:45",40.85,1.2,2000,7092900,"B"
"VHM","13:38:37",40.85,1.2,1000,7090900,"B"
"VHM","13:38:34",40.85,1.2,100,7089900,"B"
"VHM","13:38:19",40.85,1.2,1200,7089800,"B"
"VHM","13:38:15",40.85,1.2,9900,7088600,"B"
"VHM","13:38:14",40.85,1.2,5100,7078700,"B"
"VHM","13:38:09",40.85,1.2,100,7073600,"B"
"VHM","13:37:56",40.85,1.2,1000,7073500,"B"
"VHM","13:37:50",40.9,1.25,2000,7072500,"S"
"VHM","13:37:32",40.9,1.25,2000,7070500,"S"
"VHM","13:37:32",40.85,1.2,100,7068500,"B"
"VHM","13:37:26",40.85,1.2,100,7068400,"B"
"VHM","13:37:24",40.85,1.2,1600,7068300,"B"
"VHM","13:37:21",40.85,1.2,3000,7066700,"B"
"VHM","13:37:18",40.85,1.2,500,7063700,"B"
"VHM","13:37:15",40.85,1.2,400,7063200,"B"
"VHM","13:37:13",40.85,1.2,1000,7062800,"B"
"VHM","13:37:06",40.85,1.2,300,7061800,"B"
"VHM","13:36:55",40.85,1.2,5000,7061500,"B"
"VHM","13:36:52",40.85,1.2,3000,7056500,"B"
"VHM","13:36:45",40.85,1.2,500,7053500,"B"
"VHM","13:36:44",40.85,1.2,500,7053000,"B"
"VHM","13:36:34",40.85,1.2,100,7052500,"B"
"VHM","13:36:34",40.9,1.25,500,7052400,"S"
"VHM","13:36:23",40.85,1.2,2000,7051900,"B"
"VHM","13:36:18",40.85,1.2,200,7049900,"B"
"VHM","13:36:09",40.85,1.2,10000,7049700,"B"
"VHM","13:35:59",40.85,1.2,5000,7039700,"B"
"VHM","13:35:39",40.85,1.2,18800,7034700,"S"
"VHM","13:35:35",40.8,1.15,1500,7015900,"B"
"VHM","13:35:34",40.8,1.15,500,7014400,"B"
"VHM","13:35:31",40.85,1.2,200,7013900,"S"
"VHM","13:35:18",40.85,1.2,1000,7013700,"S"
"VHM","13:35:08",40.85,1.2,2000,7012700,"S"
"VHM","13:35:01",40.85,1.2,1000,7010700,"S"
"VHM","13:34:59",40.85,1.2,100,7009700,"S"
"VHM","13:34:54",40.85,1.2,300,7009600,"S"
"VHM","13:34:52",40.85,1.2,11500,7009300,"B"
"VHM","13:34:37",40.85,1.2,1000,6997800,"B"
"VHM","13:34:34",40.85,1.2,1000,6996800,"B"
"VHM","13:34:31",40.9,1.25,2000,6995800,"S"
"VHM","13:34:28",40.85,1.2,100,6993800,"B"
"VHM","13:34:28",40.9,1.25,700,6993700,"S"
"VHM","13:34:24",40.9,1.25,2000,6993000,"S"
"VHM","13:34:14",40.9,1.25,3000,6991000,"S"
"VHM","13:34:12",40.9,1.25,1300,6988000,"S"
"VHM","13:34:12",40.85,1.2,18700,6986700,"S"
"VHM","13:34:09",40.85,1.2,3000,6968000,"S"
"VHM","13:33:57",40.8,1.15,6800,6965000,"B"
"VHM","13:33:40",40.8,1.15,100,6958200,"B"
"VHM","13:33:40",40.85,1.2,1700,6958100,"S"
"VHM","13:33:24",40.85,1.2,2400,6956400,"S"
"VHM","13:33:20",40.8,1.15,200,6954000,"B"
"VHM","13:33:17",40.8,1.15,1600,6953800,"B"
"VHM","13:32:52",40.8,1.15,100,6952200,"B"
"VHM","13:31:44",40.85,1.2,800,6952100,"S"
"VHM","13:31:40",40.85,1.2,100,6951300,"S"
"VHM","13:31:37",40.85,1.2,100,6951200,"S"
"VHM","13:31:29",40.85,1.2,14600,6951100,"B"
"VHM","13:31:26",40.85,1.2,1000,6936500,"B"
"VHM","13:31:19",40.85,1.2,1000,6935500,"B"
"VHM","13:31:09",40.85,1.2,1500,6934500,"B"
"VHM","13:31:08",40.85,1.2,100,6933000,"B"
"VHM","13:31:04",40.85,1.2,300,6932900,"B"
"VHM","13:31:03",40.85,1.2,100,6932600,"B"
"VHM","13:30:57",40.85,1.2,1100,6932500,"B"
"VHM","13:30:47",40.85,1.2,4600,6931400,"B"
"VHM","13:30:46",40.85,1.2,1100,6926800,"B"
"VHM","13:30:27",40.85,1.2,100,6925700,"B"
"VHM","13:30:20",40.85,1.2,2900,6925600,"B"
"VHM","13:30:10",40.85,1.2,800,6922700,"B"
"VHM","13:29:59",40.85,1.2,600,6921900,"B"
"VHM","13:29:52",40.85,1.2,100,6921300,"B"
"VHM","13:29:44",40.85,1.2,10000,6921200,"B"
"VHM","13:29:11",40.85,1.2,300,6911200,"B"
"VHM","13:29:01",40.85,1.2,200,6910900,"B"
"VHM","13:29:00",40.9,1.25,800,6910700,"S"
"VHM","13:28:45",40.9,1.25,200,6909900,"S"
"VHM","13:28:39",40.9,1.25,3500,6909700,"S"
"VHM","13:28:32",40.9,1.25,10000,6906200,"S"
"VHM","13:28:32",40.9,1.25,1000,6896200,"S"
"VHM","13:28:20",40.85,1.2,100,6895200,"B"
"VHM","13:28:15",40.9,1.25,4000,6895100,"S"
"VHM","13:28:14",40.85,1.2,500,6891100,"B"
"VHM","13:28:12",40.9,1.25,3000,6890600,"S"
"VHM","13:28:04",40.9,1.25,3000,6887600,"S"
"VHM","13:28:04",40.85,1.2,800,6884600,"B"
"VHM","13:28:02",40.9,1.25,100,6883800,"S"
"VHM","13:27:54",40.9,1.25,900,6883700,"S"
"VHM","13:27:52",40.85,1.2,1700,6882800,"S"
"VHM","13:27:50",40.85,1.2,1400,6881100,"S"
"VHM","13:27:45",40.85,1.2,1000,6879700,"S"
"VHM","13:27:42",40.85,1.2,13000,6878700,"S"
"VHM","13:27:41",40.85,1.2,2000,6865700,"S"
"VHM","13:27:38",40.85,1.2,700,6863700,"S"
"VHM","13:27:35",40.85,1.2,2000,6863000,"S"
"VHM","13:27:32",40.8,1.15,300,6861000,"B"
"VHM","13:27:27",40.8,1.15,1000,6860700,"B"
"VHM","13:27:25",40.85,1.2,200,6859700,"S"
"VHM","13:27:22",40.85,1.2,300,6859500,"S"
"VHM","13:27:08",40.85,1.2,1500,6859200,"S"
"VHM","13:27:05",40.8,1.15,100,6857700,"B"
"VHM","13:26:40",40.85,1.2,100,6857600,"S"
"VHM","13:26:37",40.85,1.2,200,6857500,"S"
"VHM","13:26:28",40.8,1.15,4000,6857300,"B"
"VHM","13:26:16",40.85,1.2,800,6853300,"S"
"VHM","13:26:02",40.85,1.2,600,6852500,"S"
"VHM","13:25:55",40.85,1.2,8600,6851900,"S"
"VHM","13:25:54",40.8,1.15,200,6843300,"B"
"VHM","13:25:48",40.85,1.2,800,6843100,"S"
"VHM","13:25:36",40.8,1.15,800,6842300,"B"
"VHM","13:25:32",40.85,1.2,1000,6841500,"S"
"VHM","13:25:28",40.85,1.2,200,6840500,"S"
"VHM","13:25:24",40.8,1.15,14100,6840300,"B"
"VHM","13:25:23",40.8,1.15,1000,6826200,"B"
"VHM","13:25:16",40.8,1.15,200,6825200,"B"
"VHM","13:25:10",40.85,1.2,500,6825000,"S"
"VHM","13:24:54",40.85,1.2,700,6824500,"S"
"VHM","13:24:46",40.85,1.2,200,6823800,"S"
"VHM","13:24:38",40.85,1.2,100,6823600,"S"
"VHM","13:24:29",40.85,1.2,500,6823500,"S"
"VHM","13:24:21",40.85,1.2,8700,6823000,"S"
"VHM","13:24:14",40.8,1.15,100,6814300,"B"
"VHM","13:23:47",40.8,1.15,100,6814200,"B"
"VHM","13:23:40",40.85,1.2,18400,6814100,"B"
"VHM","13:23:38",40.85,1.2,100,6795700,"B"
"VHM","13:23:34",40.85,1.2,2000,6795600,"B"
"VHM","13:23:33",40.85,1.2,200,6793600,"B"
"VHM","13:23:32",40.9,1.25,100,6793400,"S"
"VHM","13:23:24",40.85,1.2,500,6793300,"B"
"VHM","13:23:20",40.85,1.2,11900,6792800,"B"
"VHM","13:23:15",40.85,1.2,5000,6780900,"B"
"VHM","13:23:13",40.85,1.2,300,6775900,"B"
"VHM","13:23:10",40.85,1.2,200,6775600,"B"
"VHM","13:23:07",40.85,1.2,100,6775400,"B"
"VHM","13:23:03",40.85,1.2,10000,6775300,"B"
"VHM","13:22:57",40.85,1.2,100,6765300,"B"
"VHM","13:22:30",40.9,1.25,100,6765200,"S"
"VHM","13:22:17",40.85,1.2,100,6765100,"B"
"VHM","13:22:15",40.85,1.2,5000,6765000,"B"
"VHM","13:21:37",40.85,1.2,3000,6760000,"B"
"VHM","13:21:31",40.85,1.2,700,6757000,"B"
"VHM","13:21:25",40.85,1.2,5000,6756300,"B"
"VHM","13:21:20",40.85,1.2,600,6751300,"B"
"VHM","13:21:12",40.85,1.2,200,6750700,"B"
"VHM","13:21:00",40.85,1.2,5000,6750500,"B"
"VHM","13:20:57",40.9,1.25,300,6745500,"S"
"VHM","13:20:51",40.9,1.25,200,6745200,"S"
"VHM","13:20:48",40.9,1.25,700,6745000,"S"
"VHM","13:20:46",40.9,1.25,3000,6744300,"S"
"VHM","13:20:38",40.9,1.25,11500,6741300,"B"
"VHM","13:20:35",40.9,1.25,5000,6729800,"B"
"VHM","13:20:32",40.9,1.25,400,6724800,"B"
"VHM","13:20:27",40.9,1.25,33600,6724400,"S"
"VHM","13:20:22",40.9,1.25,100,6690800,"S"
"VHM","13:20:13",40.9,1.25,400,6690700,"S"
"VHM","13:20:12",40.85,1.2,100,6690300,"B"
"VHM","13:20:01",40.9,1.25,2000,6690200,"S"
"VHM","13:19:58",40.9,1.25,200,6688200,"S"
"VHM","13:19:49",40.9,1.25,100,6688000,"S"
"VHM","13:19:26",40.9,1.25,800,6687900,"S"
"VHM","13:19:21",40.9,1.25,6700,6687100,"S"
"VHM","13:18:45",40.9,1.25,2000,6680400,"S"
"VHM","13:18:33",40.85,1.2,800,6678400,"B"
"VHM","13:18:27",40.85,1.2,2000,6677600,"B"
"VHM","13:18:14",40.85,1.2,1000,6675600,"B"
"VHM","13:17:59",40.85,1.2,100,6674600,"B"
"VHM","13:17:59",40.9,1.25,100,6674500,"S"
"VHM","13:17:51",40.85,1.2,8200,6674400,"B"
"VHM","13:17:34",40.85,1.2,3100,6666200,"B"
"VHM","13:17:06",40.85,1.2,700,6663100,"S"
"VHM","13:17:05",40.85,1.2,200,6662400,"S"
"VHM","13:17:01",40.85,1.2,3000,6662200,"S"
"VHM","13:16:54",40.85,1.2,300,6659200,"S"
"VHM","13:16:51",40.85,1.2,300,6658900,"S"
"VHM","13:16:47",40.85,1.2,100,6658600,"S"
"VHM","13:16:42",40.85,1.2,900,6658500,"S"
"VHM","13:16:37",40.85,1.2,1000,6657600,"S"
"VHM","13:16:32",40.85,1.2,100,6656600,"S"
"VHM","13:16:27",40.85,1.2,2000,6656500,"S"
"VHM","13:16:19",40.85,1.2,300,6654500,"S"
"VHM","13:16:17",40.85,1.2,1500,6654200,"S"
"VHM","13:16:10",40.85,1.2,100,6652700,"S"
"VHM","13:16:06",40.85,1.2,100,6652600,"S"
"VHM","13:15:48",40.85,1.2,1300,6652500,"S"
"VHM","13:15:38",40.85,1.2,100,6651200,"S"
"VHM","13:15:34",40.85,1.2,1000,6651100,"S"
"VHM","13:15:31",40.85,1.2,100,6650100,"S"
"VHM","13:15:28",40.85,1.2,300,6650000,"B"
"VHM","13:15:20",40.85,1.2,500,6649700,"S"
"VHM","13:15:16",40.85,1.2,500,6649200,"B"
"VHM","13:14:41",40.9,1.25,2700,6648700,"S"
"VHM","13:14:41",40.85,1.2,300,6646000,"S"
"VHM","13:14:40",40.85,1.2,3600,6645700,"B"
"VHM","13:14:29",40.85,1.2,500,6642100,"B"
"VHM","13:14:28",40.85,1.2,1700,6641600,"B"
"VHM","13:14:28",40.9,1.25,12300,6639900,"S"
"VHM","13:14:27",40.9,1.25,12700,6627600,"S"
"VHM","13:14:21",40.85,1.2,200,6614900,"B"
"VHM","13:14:15",40.85,1.2,100,6614700,"B"
"VHM","13:14:07",40.9,1.25,1000,6614600,"S"
"VHM","13:14:06",40.85,1.2,12600,6613600,"S"
"VHM","13:14:03",40.85,1.2,2000,6601000,"S"
"VHM","13:14:03",40.8,1.15,100,6599000,"B"
"VHM","13:13:59",40.85,1.2,1000,6598900,"S"
"VHM","13:13:58",40.85,1.2,800,6597900,"S"
"VHM","13:13:56",40.85,1.2,100,6597100,"S"
"VHM","13:13:46",40.85,1.2,1000,6597000,"S"
"VHM","13:13:42",40.8,1.15,600,6596000,"B"
"VHM","13:13:31",40.85,1.2,2000,6595400,"S"
"VHM","13:13:31",40.8,1.15,500,6593400,"B"
"VHM","13:13:27",40.8,1.15,200,6592900,"B"
"VHM","13:13:26",40.8,1.15,300,6592700,"B"
"VHM","13:13:17",40.8,1.15,100,6592400,"B"
"VHM","13:13:15",40.8,1.15,1100,6592300,"B"
"VHM","13:12:58",40.8,1.15,300,6591200,"B"
"VHM","13:12:57",40.8,1.15,2100,6590900,"S"
"VHM","13:12:56",40.8,1.15,500,6588800,"S"
"VHM","13:12:51",40.8,1.15,1500,6588300,"S"
"VHM","13:12:47",40.8,1.15,1500,6586800,"S"
"VHM","13:12:46",40.8,1.15,500,6585300,"S"
"VHM","13:12:43",40.8,1.15,200,6584800,"S"
"VHM","13:12:41",40.8,1.15,100,6584600,"S"
"VHM","13:12:40",40.8,1.15,200,6584500,"S"
"VHM","13:12:38",40.8,1.15,2700,6584300,"S"
"VHM","13:12:36",40.8,1.15,5000,6581600,"S"
"VHM","13:12:36",40.8,1.15,800,6576600,"S"
"VHM","13:12:27",40.8,1.15,500,6575800,"S"
"VHM","13:12:22",40.8,1.15,500,6575300,"S"
"VHM","13:12:15",40.8,1.15,300,6574800,"S"
"VHM","13:12:13",40.75,1.1,500,6574500,"B"
"VHM","13:12:10",40.8,1.15,500,6574000,"S"
"VHM","13:12:10",40.8,1.15,4500,6573500,"S"
"VHM","13:11:57",40.8,1.15,6000,6569000,"S"
"VHM","13:11:57",40.75,1.1,200,6563000,"B"
"VHM","13:11:54",40.8,1.15,1000,6562800,"S"
"VHM","13:11:53",40.8,1.15,200,6561800,"S"
"VHM","13:11:51",40.8,1.15,10000,6561600,"S"
"VHM","13:11:50",40.8,1.15,100,6551600,"S"
"VHM","13:11:49",40.75,1.1,100,6551500,"B"
"VHM","13:11:47",40.8,1.15,600,6551400,"S"
"VHM","13:11:40",40.75,1.1,2000,6550800,"B"
"VHM","13:11:31",40.75,1.1,900,6548800,"S"
"VHM","13:11:29",40.75,1.1,1500,6547900,"S"
"VHM","13:11:22",40.75,1.1,1500,6546400,"S"
"VHM","13:11:22",40.7,1.05,100,6544900,"B"
"VHM","13:11:11",40.7,1.05,1100,6544800,"S"
"VHM","13:11:10",40.7,1.05,1000,6543700,"S"
"VHM","13:11:09",40.7,1.05,5600,6542700,"S"
"VHM","13:11:08",40.7,1.05,200,6537100,"S"
"VHM","13:11:06",40.7,1.05,1000,6536900,"S"
"VHM","13:11:06",40.7,1.05,100,6535900,"S"
"VHM","13:11:05",40.7,1.05,2000,6535800,"S"
"VHM","13:11:03",40.7,1.05,3000,6533800,"S"
"VHM","13:11:01",40.7,1.05,100,6530800,"S"
"VHM","13:11:01",40.65,1,100,6530700,"B"
"VHM","13:10:56",40.7,1.05,500,6530600,"S"
"VHM","13:10:54",40.7,1.05,1000,6530100,"S"
"VHM","13:10:53",40.7,1.05,1000,6529100,"S"
"VHM","13:10:50",40.7,1.05,200,6528100,"S"
"VHM","13:10:47",40.65,1,4400,6527900,"B"
"VHM","13:10:44",40.65,1,300,6523500,"B"
"VHM","13:10:39",40.65,1,100,6523200,"B"
"VHM","13:10:37",40.65,1,100,6523100,"B"
"VHM","13:10:32",40.65,1,500,6523000,"B"
"VHM","13:10:32",40.7,1.05,600,6522500,"S"
"VHM","13:10:30",40.7,1.05,5000,6521900,"S"
"VHM","13:10:28",40.65,1,400,6516900,"B"
"VHM","13:10:20",40.65,1,500,6516500,"B"
"VHM","13:10:18",40.65,1,1000,6516000,"B"
"VHM","13:10:16",40.65,1,1000,6515000,"B"
"VHM","13:10:15",40.7,1.05,300,6514000,"S"
"VHM","13:10:10",40.7,1.05,5000,6513700,"S"
"VHM","13:10:02",40.7,1.05,800,6508700,"S"
"VHM","13:10:01",40.7,1.05,200,6507900,"S"
"VHM","13:09:58",40.65,1,300,6507700,"B"
"VHM","13:09:57",40.7,1.05,7000,6507400,"S"
"VHM","13:09:52",40.7,1.05,2800,6500400,"S"
"VHM","13:09:47",40.7,1.05,100,6497600,"S"
"VHM","13:09:45",40.7,1.05,39900,6497500,"B"
"VHM","13:09:40",40.7,1.05,100,6457600,"B"
"VHM","13:09:39",40.75,1.1,100,6457500,"S"
"VHM","13:09:29",40.75,1.1,5000,6457400,"S"
"VHM","13:09:13",40.75,1.1,200,6452400,"B"
"VHM","13:09:10",40.75,1.1,500,6452200,"B"
"VHM","13:09:06",40.75,1.1,200,6451700,"B"
"VHM","13:09:03",40.75,1.1,1000,6451500,"B"
"VHM","13:09:01",40.75,1.1,4100,6450500,"B"
"VHM","13:08:58",40.75,1.1,700,6446400,"B"
"VHM","13:08:55",40.75,1.1,1800,6445700,"B"
"VHM","13:08:53",40.75,1.1,1000,6443900,"B"
"VHM","13:08:49",40.75,1.1,1000,6442900,"B"
"VHM","13:08:46",40.75,1.1,2900,6441900,"B"
"VHM","13:08:42",40.75,1.1,100,6439000,"B"
"VHM","13:08:42",40.75,1.1,3000,6438900,"B"
"VHM","13:08:40",40.75,1.1,4400,6435900,"B"
"VHM","13:08:39",40.75,1.1,600,6431500,"B"
"VHM","13:08:38",40.75,1.1,100,6430900,"B"
"VHM","13:08:29",40.75,1.1,10000,6430800,"B"
"VHM","13:08:21",40.75,1.1,300,6420800,"B"
"VHM","13:08:19",40.8,1.15,700,6420500,"S"
"VHM","13:08:10",40.8,1.15,300,6419800,"S"
"VHM","13:07:59",40.8,1.15,2200,6419500,"B"
"VHM","13:07:57",40.8,1.15,100,6417300,"B"
"VHM","13:07:53",40.8,1.15,600,6417200,"B"
"VHM","13:07:52",40.8,1.15,10000,6416600,"B"
"VHM","13:07:42",40.8,1.15,500,6406600,"B"
"VHM","13:07:39",40.8,1.15,700,6406100,"B"
"VHM","13:07:31",40.8,1.15,100,6405400,"B"
"VHM","13:07:20",40.8,1.15,10400,6405300,"S"
"VHM","13:07:17",40.8,1.15,1000,6394900,"S"
"VHM","13:07:16",40.8,1.15,5000,6393900,"S"
"VHM","13:07:12",40.8,1.15,1000,6388900,"B"
"VHM","13:07:10",40.8,1.15,9000,6387900,"S"
"VHM","13:07:08",40.8,1.15,800,6378900,"S"
"VHM","13:07:07",40.8,1.15,1000,6378100,"S"
"VHM","13:07:01",40.8,1.15,9500,6377100,"S"
"VHM","13:06:57",40.8,1.15,3000,6367600,"S"
"VHM","13:06:53",40.8,1.15,100,6364600,"S"
"VHM","13:06:52",40.8,1.15,5400,6364500,"S"
"VHM","13:06:48",40.8,1.15,200,6359100,"S"
"VHM","13:06:39",40.8,1.15,46300,6358900,"B"
"VHM","13:06:37",40.8,1.15,6000,6312600,"B"
"VHM","13:06:34",40.8,1.15,300,6306600,"B"
"VHM","13:06:25",40.8,1.15,100,6306300,"B"
"VHM","13:06:21",40.8,1.15,500,6306200,"B"
"VHM","13:06:20",40.8,1.15,100,6305700,"B"
"VHM","13:06:19",40.85,1.2,10000,6305600,"S"
"VHM","13:06:19",40.8,1.15,5000,6295600,"B"
"VHM","13:06:18",40.8,1.15,100,6290600,"B"
"VHM","13:06:17",40.8,1.15,100,6290500,"B"
"VHM","13:06:15",40.8,1.15,1600,6290400,"B"
"VHM","13:06:14",40.85,1.2,5000,6288800,"S"
"VHM","13:06:11",40.8,1.15,3300,6283800,"B"
"VHM","13:06:10",40.8,1.15,1000,6280500,"B"
"VHM","13:06:07",40.8,1.15,100,6279500,"B"
"VHM","13:06:07",40.8,1.15,500,6279400,"B"
"VHM","13:06:05",40.8,1.15,2100,6278900,"B"
"VHM","13:06:01",40.8,1.15,200,6276800,"B"
"VHM","13:06:00",40.85,1.2,5000,6276600,"S"
"VHM","13:05:53",40.8,1.15,600,6271600,"B"
"VHM","13:05:49",40.8,1.15,500,6271000,"B"
"VHM","13:05:45",40.8,1.15,1500,6270500,"B"
"VHM","13:05:41",40.8,1.15,500,6269000,"B"
"VHM","13:05:33",40.8,1.15,400,6268500,"B"
"VHM","13:05:29",40.8,1.15,1000,6268100,"B"
"VHM","13:05:22",40.8,1.15,100,6267100,"B"
"VHM","13:05:14",40.8,1.15,200,6267000,"B"
"VHM","13:05:12",40.8,1.15,1000,6266800,"B"
"VHM","13:05:11",40.8,1.15,18300,6265800,"B"
"VHM","13:05:09",40.85,1.2,500,6247500,"S"
"VHM","13:05:05",40.85,1.2,16900,6247000,"B"
"VHM","13:05:03",40.85,1.2,500,6230100,"B"
"VHM","13:05:02",40.85,1.2,100,6229600,"B"
"VHM","13:05:01",40.85,1.2,300,6229500,"B"
"VHM","13:04:58",40.85,1.2,1000,6229200,"B"
"VHM","13:04:57",40.85,1.2,100,6228200,"B"
"VHM","13:04:56",40.85,1.2,1200,6228100,"B"
"VHM","13:04:55",40.85,1.2,2200,6226900,"B"
"VHM","13:04:47",40.85,1.2,2600,6224700,"B"
"VHM","13:04:46",40.85,1.2,2800,6222100,"B"
"VHM","13:04:44",40.85,1.2,200,6219300,"B"
"VHM","13:04:42",40.85,1.2,100,6219100,"B"
"VHM","13:04:40",40.85,1.2,600,6219000,"B"
"VHM","13:04:36",40.85,1.2,200,6218400,"B"
"VHM","13:04:31",40.85,1.2,100,6218200,"B"
"VHM","13:04:27",40.85,1.2,4000,6218100,"B"
"VHM","13:04:24",40.9,1.25,700,6214100,"S"
"VHM","13:04:19",40.9,1.25,3000,6213400,"S"
"VHM","13:04:16",40.85,1.2,5000,6210400,"B"
"VHM","13:04:14",40.85,1.2,1000,6205400,"B"
"VHM","13:04:12",40.85,1.2,500,6204400,"B"
"VHM","13:04:08",40.85,1.2,300,6203900,"B"
"VHM","13:04:02",40.85,1.2,100,6203600,"B"
"VHM","13:03:54",40.85,1.2,1000,6203500,"B"
"VHM","13:03:48",40.85,1.2,100,6202500,"B"
"VHM","13:03:39",40.9,1.25,4700,6202400,"B"
"VHM","13:03:36",40.9,1.25,2800,6197700,"B"
"VHM","13:03:36",40.9,1.25,3000,6194900,"B"
"VHM","13:03:34",40.9,1.25,300,6191900,"B"
"VHM","13:03:31",40.9,1.25,10000,6191600,"B"
"VHM","13:03:24",40.9,1.25,2300,6181600,"B"
"VHM","13:03:23",40.9,1.25,1600,6179300,"B"
"VHM","13:03:22",40.9,1.25,600,6177700,"B"
"VHM","13:03:17",40.9,1.25,2200,6177100,"B"
"VHM","13:03:13",40.9,1.25,7000,6174900,"S"
"VHM","13:03:12",40.85,1.2,100,6167900,"B"
"VHM","13:03:03",40.9,1.25,800,6167800,"S"
"VHM","13:03:02",40.9,1.25,20000,6167000,"S"
"VHM","13:02:57",40.85,1.2,1000,6147000,"B"
"VHM","13:02:55",40.85,1.2,1000,6146000,"B"
"VHM","13:02:47",40.85,1.2,1000,6145000,"B"
"VHM","13:02:46",40.9,1.25,5000,6144000,"S"
"VHM","13:02:38",40.9,1.25,400,6139000,"S"
"VHM","13:02:38",40.85,1.2,500,6138600,"B"
"VHM","13:02:37",40.85,1.2,200,6138100,"B"
"VHM","13:02:30",40.85,1.2,400,6137900,"B"
"VHM","13:02:19",40.85,1.2,100,6137500,"B"
"VHM","13:02:09",40.9,1.25,1500,6137400,"S"
"VHM","13:02:03",40.9,1.25,5000,6135900,"S"
"VHM","13:02:00",40.9,1.25,100,6130900,"S"
"VHM","13:01:59",40.9,1.25,4400,6130800,"B"
"VHM","13:01:58",40.9,1.25,200,6126400,"B"
"VHM","13:01:55",40.9,1.25,200,6126200,"B"
"VHM","13:01:48",40.9,1.25,500,6126000,"B"
"VHM","13:01:48",40.9,1.25,9700,6125500,"S"
"VHM","13:01:47",40.9,1.25,16000,6115800,"S"
"VHM","13:01:42",40.85,1.2,1500,6099800,"B"
"VHM","13:01:41",40.9,1.25,800,6098300,"S"
"VHM","13:01:33",40.9,1.25,900,6097500,"S"
"VHM","13:01:30",40.85,1.2,1000,6096600,"B"
"VHM","13:01:27",40.9,1.25,300,6095600,"S"
"VHM","13:01:23",40.9,1.25,200,6095300,"S"
"VHM","13:01:21",40.9,1.25,20000,6095100,"S"
"VHM","13:01:17",40.85,1.2,500,6075100,"B"
"VHM","13:01:13",40.9,1.25,100,6074600,"S"
"VHM","13:01:10",40.85,1.2,6600,6074500,"B"
"VHM","13:00:56",40.85,1.2,5000,6067900,"B"
"VHM","13:00:50",40.85,1.2,500,6062900,"B"
"VHM","13:00:42",40.85,1.2,1000,6062400,"B"
"VHM","13:00:37",40.85,1.2,1000,6061400,"B"
"VHM","13:00:32",40.85,1.2,4000,6060400,"B"
"VHM","13:00:31",40.85,1.2,200,6056400,"B"
"VHM","13:00:31",40.9,1.25,500,6056200,"S"
"VHM","13:00:30",40.85,1.2,200,6055700,"B"
"VHM","13:00:27",40.9,1.25,300,6055500,"S"
"VHM","13:00:24",40.9,1.25,100,6055200,"S"
"VHM","13:00:23",40.9,1.25,100,6055100,"S"
"VHM","13:00:21",40.9,1.25,100,6055000,"S"
"VHM","13:00:21",40.9,1.25,300,6054900,"S"
"VHM","13:00:20",40.9,1.25,3200,6054600,"S"
"VHM","13:00:17",40.85,1.2,500,6051400,"B"
"VHM","13:00:14",40.85,1.2,200,6050900,"B"
"VHM","13:00:13",40.9,1.25,200,6050700,"S"
"VHM","13:00:12",40.9,1.25,400,6050500,"S"
"VHM","13:00:11",40.95,1.3,600,6050100,"S"
"VHM","13:00:11",40.9,1.25,900,6049500,"B"
"VHM","13:00:11",40.95,1.3,4000,6048600,"S"
"VHM","13:00:10",40.9,1.25,500,6044600,"B"
"VHM","13:00:09",40.95,1.3,500,6044100,"S"
"VHM","13:00:09",40.9,1.25,400,6043600,"B"
"VHM","13:00:08",40.9,1.25,10000,6043200,"B"
"VHM","13:00:07",40.9,1.25,900,6033200,"B"
"VHM","13:00:06",40.9,1.25,1100,6032300,"B"
"VHM","13:00:05",40.95,1.3,1000,6031200,"S"
"VHM","13:00:05",40.9,1.25,1900,6030200,"B"
"VHM","13:00:04",40.9,1.25,100,6028300,"B"
"VHM","13:00:04",40.9,1.25,100,6028200,"B"
"VHM","13:00:03",40.9,1.25,1000,6028100,"B"
"VHM","13:00:02",40.9,1.25,100,6027100,"B"
"VHM","13:00:02",40.9,1.25,800,6027000,"B"
"VHM","13:00:01",40.9,1.25,2200,6026200,"B"
"VHM","13:00:01",40.9,1.25,17200,6024000,"B"
"VHM","13:00:01",40.95,1.3,5000,6006800,"S"
"VHM","13:00:01",40.9,1.25,18200,6001800,"B"
"VHM","11:29:56",40.9,1.25,2000,5983600,"B"
"VHM","11:29:39",40.9,1.25,1000,5981600,"B"
"VHM","11:29:23",40.9,1.25,20000,5980600,"B"
"VHM","11:29:22",40.9,1.25,3000,5960600,"B"
"VHM","11:28:55",40.9,1.25,1000,5957600,"B"
"VHM","11:28:40",40.9,1.25,10000,5956600,"B"
"VHM","11:28:33",40.9,1.25,400,5946600,"B"
"VHM","11:28:20",40.9,1.25,2300,5946200,"B"
"VHM","11:28:20",40.9,1.25,17700,5943900,"B"
"VHM","11:27:35",40.95,1.3,1000,5926200,"S"
"VHM","11:27:29",40.9,1.25,1900,5925200,"B"
"VHM","11:27:25",40.95,1.3,1500,5923300,"S"
"VHM","11:27:24",40.95,1.3,500,5921800,"S"
"VHM","11:27:17",40.9,1.25,500,5921300,"B"
"VHM","11:27:05",40.95,1.3,100,5920800,"S"
"VHM","11:26:59",40.95,1.3,100,5920700,"S"
"VHM","11:26:26",40.95,1.3,100,5920600,"S"
"VHM","11:26:25",40.9,1.25,100,5920500,"B"
"VHM","11:26:12",40.95,1.3,700,5920400,"S"
"VHM","11:26:09",40.95,1.3,5000,5919700,"S"
"VHM","11:25:25",40.95,1.3,300,5914700,"S"
"VHM","11:24:50",40.95,1.3,800,5914400,"S"
"VHM","11:24:27",40.95,1.3,200,5913600,"S"
"VHM","11:23:54",40.95,1.3,1000,5913400,"S"
"VHM","11:23:47",40.95,1.3,500,5912400,"S"
"VHM","11:23:28",40.95,1.3,800,5911900,"S"
"VHM","11:23:16",40.95,1.3,1500,5911100,"S"
"VHM","11:22:32",40.95,1.3,1000,5909600,"S"
"VHM","11:22:18",40.95,1.3,700,5908600,"S"
"VHM","11:22:06",40.95,1.3,700,5907900,"S"
"VHM","11:22:04",40.95,1.3,200,5907200,"S"
"VHM","11:22:02",40.95,1.3,100,5907000,"S"
"VHM","11:21:27",40.95,1.3,1200,5906900,"S"
"VHM","11:21:14",40.95,1.3,3000,5905700,"S"
"VHM","11:21:10",40.95,1.3,300,5902700,"S"
"VHM","11:20:45",40.95,1.3,1500,5902400,"S"
"VHM","11:20:44",40.95,1.3,800,5900900,"S"
"VHM","11:20:42",40.95,1.3,500,5900100,"S"
"VHM","11:20:37",40.95,1.3,100,5899600,"S"
"VHM","11:20:31",40.95,1.3,5000,5899500,"S"
"VHM","11:20:31",40.95,1.3,1000,5894500,"S"
"VHM","11:20:29",40.95,1.3,1200,5893500,"S"
"VHM","11:20:21",40.95,1.3,2000,5892300,"S"
"VHM","11:20:19",40.95,1.3,400,5890300,"S"
"VHM","11:20:12",40.95,1.3,4500,5889900,"S"
"VHM","11:20:09",40.95,1.3,600,5885400,"S"
"VHM","11:20:07",40.95,1.3,1000,5884800,"S"
"VHM","11:19:37",40.95,1.3,200,5883800,"S"
"VHM","11:19:32",40.9,1.25,100,5883600,"B"
"VHM","11:18:55",40.9,1.25,300,5883500,"B"
"VHM","11:18:40",40.95,1.3,800,5883200,"S"
"VHM","11:18:09",40.95,1.3,5000,5882400,"S"
"VHM","11:18:01",40.95,1.3,500,5877400,"S"
"VHM","11:18:01",40.95,1.3,700,5876900,"S"
"VHM","11:17:47",40.95,1.3,2000,5876200,"S"
"VHM","11:17:14",40.95,1.3,300,5874200,"S"
"VHM","11:17:09",40.95,1.3,100,5873900,"S"
"VHM","11:17:06",40.95,1.3,100,5873800,"S"
"VHM","11:16:58",40.95,1.3,5000,5873700,"S"
"VHM","11:16:57",40.9,1.25,2000,5868700,"B"
"VHM","11:16:38",40.95,1.3,3200,5866700,"S"
"VHM","11:16:37",40.95,1.3,8000,5863500,"S"
"VHM","11:16:24",40.95,1.3,200,5855500,"S"
"VHM","11:16:02",40.95,1.3,1400,5855300,"S"
"VHM","11:16:01",40.9,1.25,300,5853900,"B"
"VHM","11:15:43",40.95,1.3,300,5853600,"S"
"VHM","11:15:16",40.95,1.3,800,5853300,"S"
"VHM","11:14:45",40.95,1.3,1000,5852500,"S"
"VHM","11:14:44",40.95,1.3,2000,5851500,"B"
"VHM","11:14:41",40.95,1.3,2000,5849500,"B"
"VHM","11:14:33",40.95,1.3,1000,5847500,"B"
"VHM","11:14:31",40.95,1.3,1000,5846500,"B"
"VHM","11:14:19",40.95,1.3,100,5845500,"B"
"VHM","11:14:17",40.95,1.3,1000,5845400,"B"
"VHM","11:14:13",40.95,1.3,2000,5844400,"B"
"VHM","11:14:12",40.95,1.3,6700,5842400,"B"
"VHM","11:14:05",40.95,1.3,6600,5835700,"B"
"VHM","11:13:59",40.95,1.3,500,5829100,"B"
"VHM","11:13:54",41,1.35,700,5828600,"S"
"VHM","11:13:49",41,1.35,1000,5827900,"S"
"VHM","11:13:45",40.95,1.3,100,5826900,"B"
"VHM","11:13:38",40.95,1.3,4000,5826800,"B"
"VHM","11:13:37",40.95,1.3,2000,5822800,"B"
"VHM","11:13:33",40.95,1.3,2000,5820800,"B"
"VHM","11:13:32",40.95,1.3,500,5818800,"B"
"VHM","11:13:30",40.95,1.3,400,5818300,"B"
"VHM","11:13:26",40.95,1.3,500,5817900,"B"
"VHM","11:13:23",40.95,1.3,3300,5817400,"B"
"VHM","11:13:12",40.95,1.3,500,5814100,"B"
"VHM","11:13:06",40.95,1.3,1000,5813600,"B"
"VHM","11:13:04",40.95,1.3,3500,5812600,"B"
"VHM","11:13:01",40.95,1.3,1000,5809100,"B"
"VHM","11:12:36",40.95,1.3,1000,5808100,"B"
"VHM","11:12:30",40.95,1.3,1000,5807100,"S"
"VHM","11:12:17",40.95,1.3,1300,5806100,"S"
"VHM","11:12:17",40.9,1.25,10000,5804800,"B"
"VHM","11:12:12",40.9,1.25,100,5794800,"B"
"VHM","11:12:11",40.95,1.3,100,5794700,"S"
"VHM","11:12:09",40.95,1.3,100,5794600,"S"
"VHM","11:11:55",40.95,1.3,1000,5794500,"S"
"VHM","11:11:36",40.95,1.3,2800,5793500,"S"
"VHM","11:11:30",40.95,1.3,2000,5790700,"S"
"VHM","11:11:28",40.95,1.3,2900,5788700,"B"
"VHM","11:11:26",40.95,1.3,200,5785800,"B"
"VHM","11:11:24",40.95,1.3,100,5785600,"B"
"VHM","11:11:21",40.95,1.3,100,5785500,"B"
"VHM","11:11:16",40.95,1.3,2200,5785400,"B"
"VHM","11:11:10",40.95,1.3,2000,5783200,"B"
"VHM","11:11:07",40.95,1.3,2000,5781200,"B"
"VHM","11:10:59",40.95,1.3,500,5779200,"B"
"VHM","11:10:37",40.95,1.3,200,5778700,"B"
"VHM","11:10:33",40.95,1.3,200,5778500,"B"
"VHM","11:10:25",41,1.35,200,5778300,"S"
"VHM","11:10:25",40.95,1.3,30000,5778100,"B"
"VHM","11:09:50",41,1.35,500,5748100,"S"
"VHM","11:09:50",40.95,1.3,600,5747600,"B"
"VHM","11:09:24",40.95,1.3,2000,5747000,"B"
"VHM","11:09:24",40.95,1.3,2000,5745000,"B"
"VHM","11:09:20",40.95,1.3,5000,5743000,"B"
"VHM","11:09:17",40.95,1.3,500,5738000,"B"
"VHM","11:09:10",40.95,1.3,500,5737500,"B"
"VHM","11:09:09",40.95,1.3,100,5737000,"B"
"VHM","11:09:06",40.95,1.3,400,5736900,"B"
"VHM","11:08:56",40.95,1.3,100,5736500,"B"
"VHM","11:08:46",41,1.35,100,5736400,"S"
"VHM","11:08:36",40.95,1.3,100,5736300,"B"
"VHM","11:08:25",40.95,1.3,1000,5736200,"B"
"VHM","11:08:18",40.95,1.3,400,5735200,"B"
"VHM","11:08:13",40.95,1.3,200,5734800,"B"
"VHM","11:08:09",40.95,1.3,1000,5734600,"B"
"VHM","11:08:08",40.95,1.3,1000,5733600,"B"
"VHM","11:08:07",40.95,1.3,2000,5732600,"B"
"VHM","11:07:40",40.95,1.3,1100,5730600,"B"
"VHM","11:07:39",40.95,1.3,500,5729500,"B"
"VHM","11:07:38",40.95,1.3,100,5729000,"B"
"VHM","11:07:15",41,1.35,500,5728900,"S"
"VHM","11:07:13",40.95,1.3,20000,5728400,"B"
"VHM","11:07:09",40.95,1.3,100,5708400,"B"
"VHM","11:07:05",40.95,1.3,300,5708300,"B"
"VHM","11:06:27",40.95,1.3,3000,5708000,"B"
"VHM","11:05:42",41,1.35,100,5705000,"S"
"VHM","11:05:25",40.95,1.3,100,5704900,"B"
"VHM","11:04:51",40.95,1.3,1000,5704800,"B"
"VHM","11:04:43",40.95,1.3,1000,5703800,"B"
"VHM","11:04:31",40.95,1.3,5000,5702800,"B"
"VHM","11:04:26",40.95,1.3,2000,5697800,"B"
"VHM","11:04:00",40.95,1.3,10000,5695800,"B"
"VHM","11:03:47",40.95,1.3,1000,5685800,"B"
"VHM","11:03:28",40.95,1.3,500,5684800,"B"
"VHM","11:03:10",40.95,1.3,2000,5684300,"B"
"VHM","11:02:59",40.95,1.3,100,5682300,"B"
"VHM","11:02:58",40.95,1.3,5000,5682200,"B"
"VHM","11:02:37",40.95,1.3,2500,5677200,"B"
"VHM","11:02:07",40.95,1.3,500,5674700,"B"
"VHM","11:01:48",40.95,1.3,1000,5674200,"B"
"VHM","11:01:30",40.95,1.3,1000,5673200,"B"
"VHM","11:01:17",41,1.35,900,5672200,"S"
"VHM","11:01:11",40.95,1.3,100,5671300,"B"
"VHM","11:00:52",41,1.35,100,5671200,"S"
"VHM","11:00:34",40.95,1.3,100,5671100,"B"
"VHM","11:00:23",40.95,1.3,100,5671000,"B"
"VHM","11:00:17",40.95,1.3,300,5670900,"B"
"VHM","11:00:13",40.95,1.3,100,5670600,"B"
"VHM","11:00:05",40.95,1.3,300,5670500,"B"
"VHM","10:59:59",40.95,1.3,9000,5670200,"B"
"VHM","10:59:50",40.95,1.3,1000,5661200,"B"
"VHM","10:59:44",40.95,1.3,1000,5660200,"B"
"VHM","10:59:40",40.95,1.3,500,5659200,"B"
"VHM","10:58:59",40.95,1.3,100,5658700,"B"
"VHM","10:58:48",40.95,1.3,100,5658600,"B"
"VHM","10:58:41",40.95,1.3,1000,5658500,"B"
"VHM","10:58:18",40.95,1.3,100,5657500,"B"
"VHM","10:58:15",40.95,1.3,100,5657400,"B"
"VHM","10:58:01",41,1.35,100,5657300,"S"
"VHM","10:57:31",41,1.35,800,5657200,"S"
"VHM","10:57:21",41,1.35,500,5656400,"S"
"VHM","10:57:15",40.95,1.3,3000,5655900,"B"
"VHM","10:57:12",41,1.35,100,5652900,"S"
"VHM","10:57:10",40.95,1.3,100,5652800,"B"
"VHM","10:57:07",40.95,1.3,600,5652700,"B"
"VHM","10:57:06",40.95,1.3,100,5652100,"B"
"VHM","10:57:02",40.95,1.3,200,5652000,"B"
"VHM","10:56:49",40.95,1.3,2000,5651800,"B"
"VHM","10:56:42",40.95,1.3,100,5649800,"B"
"VHM","10:56:37",40.95,1.3,2000,5649700,"B"
"VHM","10:56:34",40.95,1.3,100,5647700,"B"
"VHM","10:56:31",40.95,1.3,1200,5647600,"B"
"VHM","10:55:41",40.95,1.3,52500,5646400,"S"
"VHM","10:55:41",40.9,1.25,100,5593900,"B"
"VHM","10:55:19",40.95,1.3,300,5593800,"S"
"VHM","10:55:10",40.9,1.25,500,5593500,"B"
"VHM","10:55:08",40.95,1.3,2300,5593000,"S"
"VHM","10:54:47",40.95,1.3,700,5590700,"S"
"VHM","10:54:41",40.95,1.3,500,5590000,"S"
"VHM","10:54:33",40.9,1.25,200,5589500,"B"
"VHM","10:54:05",40.9,1.25,200,5589300,"B"
"VHM","10:54:03",40.9,1.25,2000,5589100,"B"
"VHM","10:53:41",40.9,1.25,3000,5587100,"B"
"VHM","10:53:25",40.95,1.3,200,5584100,"S"
"VHM","10:53:22",40.9,1.25,2000,5583900,"B"
"VHM","10:53:21",40.9,1.25,500,5581900,"B"
"VHM","10:53:10",40.9,1.25,4700,5581400,"B"
"VHM","10:53:03",40.95,1.3,1900,5576700,"S"
"VHM","10:52:47",40.9,1.25,200,5574800,"B"
"VHM","10:52:22",40.95,1.3,100,5574600,"S"
"VHM","10:52:03",40.95,1.3,800,5574500,"S"
"VHM","10:52:00",40.95,1.3,4800,5573700,"B"
"VHM","10:51:56",40.95,1.3,7000,5568900,"B"
"VHM","10:51:51",40.95,1.3,20000,5561900,"B"
"VHM","10:51:34",40.95,1.3,800,5541900,"B"
"VHM","10:51:30",41,1.35,100,5541100,"S"
"VHM","10:51:28",40.95,1.3,500,5541000,"B"
"VHM","10:51:27",40.95,1.3,500,5540500,"B"
"VHM","10:51:13",40.95,1.3,1000,5540000,"B"
"VHM","10:51:11",40.95,1.3,2000,5539000,"B"
"VHM","10:50:44",40.95,1.3,28500,5537000,"B"
"VHM","10:50:26",40.95,1.3,100,5508500,"B"
"VHM","10:49:57",41,1.35,100,5508400,"S"
"VHM","10:49:20",41,1.35,800,5508300,"S"
"VHM","10:49:17",41,1.35,300,5507500,"S"
"VHM","10:49:12",41,1.35,400,5507200,"S"
"VHM","10:49:02",41,1.35,100,5506800,"S"
"VHM","10:49:01",40.95,1.3,100,5506700,"B"
"VHM","10:48:48",40.95,1.3,100,5506600,"B"
"VHM","10:48:26",40.95,1.3,900,5506500,"B"
"VHM","10:48:23",41,1.35,400,5505600,"S"
"VHM","10:48:17",40.95,1.3,800,5505200,"B"
"VHM","10:48:16",40.95,1.3,1000,5504400,"B"
"VHM","10:48:05",40.95,1.3,1000,5503400,"B"
"VHM","10:48:03",40.95,1.3,200,5502400,"B"
"VHM","10:48:01",40.95,1.3,10000,5502200,"B"
"VHM","10:47:57",40.95,1.3,5000,5492200,"B"
"VHM","10:47:47",40.95,1.3,500,5487200,"B"
"VHM","10:47:24",40.95,1.3,200,5486700,"B"
"VHM","10:47:20",40.95,1.3,5000,5486500,"B"
"VHM","10:46:58",40.95,1.3,300,5481500,"B"
"VHM","10:46:35",41,1.35,700,5481200,"S"
"VHM","10:46:30",41,1.35,200,5480500,"S"
"VHM","10:45:59",41,1.35,3900,5480300,"S"
"VHM","10:45:26",40.95,1.3,100,5476400,"B"
"VHM","10:45:22",40.95,1.3,4800,5476300,"B"
"VHM","10:45:22",40.95,1.3,500,5471500,"B"
"VHM","10:45:03",40.95,1.3,100,5471000,"B"
"VHM","10:44:59",40.95,1.3,1000,5470900,"B"
"VHM","10:44:55",40.95,1.3,1000,5469900,"B"
"VHM","10:44:35",41,1.35,300,5468900,"S"
"VHM","10:44:27",40.95,1.3,600,5468600,"B"
"VHM","10:44:23",40.95,1.3,1000,5468000,"B"
"VHM","10:44:17",40.95,1.3,800,5467000,"B"
"VHM","10:43:47",40.95,1.3,100,5466200,"B"
"VHM","10:43:21",40.95,1.3,500,5466100,"B"
"VHM","10:43:10",40.95,1.3,1200,5465600,"B"
"VHM","10:43:04",40.95,1.3,3000,5464400,"B"
"VHM","10:42:42",40.95,1.3,1000,5461400,"B"
"VHM","10:42:41",40.95,1.3,500,5460400,"B"
"VHM","10:42:16",40.95,1.3,100,5459900,"B"
"VHM","10:42:02",40.95,1.3,2000,5459800,"B"
"VHM","10:41:58",41,1.35,1700,5457800,"S"
"VHM","10:41:54",40.95,1.3,100,5456100,"B"
"VHM","10:41:52",40.95,1.3,100,5456000,"B"
"VHM","10:41:51",41,1.35,2500,5455900,"S"
"VHM","10:41:45",40.95,1.3,200,5453400,"B"
"VHM","10:41:29",40.95,1.3,100,5453200,"B"
"VHM","10:41:27",40.95,1.3,2000,5453100,"B"
"VHM","10:41:26",40.95,1.3,100,5451100,"B"
"VHM","10:41:20",40.95,1.3,200,5451000,"B"
"VHM","10:40:51",40.95,1.3,2000,5450800,"B"
"VHM","10:40:50",40.95,1.3,100,5448800,"B"
"VHM","10:40:49",40.95,1.3,200,5448700,"B"
"VHM","10:40:45",41,1.35,1000,5448500,"S"
"VHM","10:40:37",41,1.35,1000,5447500,"S"
"VHM","10:40:33",40.95,1.3,500,5446500,"B"
"VHM","10:40:20",40.95,1.3,1000,5446000,"B"
"VHM","10:40:19",40.95,1.3,600,5445000,"B"
"VHM","10:40:10",40.95,1.3,100,5444400,"B"
"VHM","10:40:08",41,1.35,400,5444300,"S"
"VHM","10:40:05",40.95,1.3,3000,5443900,"B"
"VHM","10:40:02",40.95,1.3,1000,5440900,"B"
"VHM","10:40:01",40.95,1.3,2000,5439900,"B"
"VHM","10:40:00",40.95,1.3,2600,5437900,"B"
"VHM","10:39:49",40.95,1.3,200,5435300,"B"
"VHM","10:39:23",40.95,1.3,300,5435100,"B"
"VHM","10:39:16",40.95,1.3,2000,5434800,"B"
"VHM","10:38:58",40.95,1.3,100,5432800,"B"
"VHM","10:38:58",40.95,1.3,200,5432700,"B"
"VHM","10:38:56",41,1.35,200,5432500,"S"
"VHM","10:38:23",41,1.35,700,5432300,"S"
"VHM","10:38:07",41,1.35,2000,5431600,"S"
"VHM","10:37:53",40.95,1.3,300,5429600,"B"
"VHM","10:37:48",40.95,1.3,100,5429300,"B"
"VHM","10:37:35",40.95,1.3,1000,5429200,"B"
"VHM","10:37:29",40.95,1.3,2000,5428200,"B"
"VHM","10:37:22",40.95,1.3,100,5426200,"B"
"VHM","10:36:59",40.95,1.3,200,5426100,"B"
"VHM","10:36:58",40.95,1.3,3700,5425900,"S"
"VHM","10:36:55",40.95,1.3,10000,5422200,"S"
"VHM","10:36:55",40.95,1.3,1000,5412200,"S"
"VHM","10:36:48",40.95,1.3,300,5411200,"S"
"VHM","10:36:48",40.95,1.3,4700,5410900,"S"
"VHM","10:36:22",40.95,1.3,500,5406200,"S"
"VHM","10:35:49",40.9,1.25,7000,5405700,"B"
"VHM","10:35:46",40.9,1.25,1000,5398700,"B"
"VHM","10:35:45",40.95,1.3,10000,5397700,"S"
"VHM","10:35:41",40.95,1.3,10000,5387700,"S"
"VHM","10:35:34",40.9,1.25,500,5377700,"B"
"VHM","10:35:26",40.9,1.25,600,5377200,"B"
"VHM","10:35:24",40.9,1.25,100,5376600,"B"
"VHM","10:35:17",40.9,1.25,100,5376500,"B"
"VHM","10:35:16",40.95,1.3,2500,5376400,"S"
"VHM","10:35:15",40.95,1.3,1500,5373900,"S"
"VHM","10:35:05",40.95,1.3,100,5372400,"S"
"VHM","10:34:58",40.95,1.3,2000,5372300,"S"
"VHM","10:34:57",40.95,1.3,8000,5370300,"S"
"VHM","10:34:42",40.9,1.25,1000,5362300,"B"
"VHM","10:34:38",40.9,1.25,200,5361300,"B"
"VHM","10:34:15",40.9,1.25,200,5361100,"B"
"VHM","10:33:50",40.9,1.25,1000,5360900,"B"
"VHM","10:33:50",40.9,1.25,100,5359900,"B"
"VHM","10:33:46",40.9,1.25,500,5359800,"B"
"VHM","10:33:43",40.9,1.25,1000,5359300,"B"
"VHM","10:33:21",40.9,1.25,100,5358300,"B"
"VHM","10:33:17",40.9,1.25,2600,5358200,"B"
"VHM","10:33:05",40.9,1.25,500,5355600,"B"
"VHM","10:32:56",40.9,1.25,2000,5355100,"B"
"VHM","10:32:52",40.9,1.25,100,5353100,"B"
"VHM","10:32:46",40.9,1.25,300,5353000,"B"
"VHM","10:32:26",40.9,1.25,500,5352700,"B"
"VHM","10:32:23",40.9,1.25,10000,5352200,"B"
"VHM","10:32:13",40.9,1.25,400,5342200,"B"
"VHM","10:32:12",40.9,1.25,200,5341800,"B"
"VHM","10:32:11",40.9,1.25,500,5341600,"B"
"VHM","10:31:51",40.95,1.3,3300,5341100,"S"
"VHM","10:31:49",40.95,1.3,500,5337800,"S"
"VHM","10:31:47",40.95,1.3,200,5337300,"S"
"VHM","10:31:33",40.95,1.3,800,5337100,"S"
"VHM","10:31:07",40.95,1.3,500,5336300,"S"
"VHM","10:31:00",40.9,1.25,100,5335800,"B"
"VHM","10:30:32",40.95,1.3,1000,5335700,"S"
"VHM","10:30:29",40.95,1.3,100,5334700,"S"
"VHM","10:30:26",40.9,1.25,100,5334600,"B"
"VHM","10:30:13",40.95,1.3,7000,5334500,"B"
"VHM","10:29:48",40.95,1.3,200,5327500,"B"
"VHM","10:29:26",40.95,1.3,300,5327300,"B"
"VHM","10:29:18",40.95,1.3,300,5327000,"B"
"VHM","10:29:17",40.95,1.3,1000,5326700,"B"
"VHM","10:29:04",40.95,1.3,100,5325700,"B"
"VHM","10:29:03",40.95,1.3,100,5325600,"B"
"VHM","10:28:58",40.95,1.3,100,5325500,"B"
"VHM","10:28:56",40.95,1.3,100,5325400,"B"
"VHM","10:28:51",40.95,1.3,100,5325300,"B"
"VHM","10:28:39",40.95,1.3,100,5325200,"B"
"VHM","10:28:36",40.95,1.3,500,5325100,"B"
"VHM","10:28:21",40.95,1.3,1300,5324600,"S"
"VHM","10:28:16",40.95,1.3,1000,5323300,"S"
"VHM","10:28:06",40.95,1.3,3000,5322300,"S"
"VHM","10:27:57",40.95,1.3,1000,5319300,"S"
"VHM","10:27:49",40.9,1.25,500,5318300,"B"
"VHM","10:27:46",40.95,1.3,100,5317800,"S"
"VHM","10:27:44",40.95,1.3,5000,5317700,"S"
"VHM","10:27:40",40.9,1.25,1000,5312700,"B"
"VHM","10:27:28",40.9,1.25,1500,5311700,"B"
"VHM","10:27:26",40.9,1.25,5000,5310200,"B"
"VHM","10:27:17",40.9,1.25,6000,5305200,"B"
"VHM","10:26:57",40.9,1.25,3000,5299200,"B"
"VHM","10:26:50",40.9,1.25,5000,5296200,"B"
"VHM","10:26:45",40.9,1.25,1000,5291200,"B"
"VHM","10:26:20",40.9,1.25,500,5290200,"B"
"VHM","10:26:18",40.95,1.3,200,5289700,"S"
"VHM","10:26:08",40.95,1.3,2000,5289500,"S"
"VHM","10:26:06",40.95,1.3,700,5287500,"S"
"VHM","10:25:46",40.95,1.3,400,5286800,"S"
"VHM","10:25:42",40.95,1.3,500,5286400,"S"
"VHM","10:25:30",40.95,1.3,100,5285900,"S"
"VHM","10:25:04",40.95,1.3,100,5285800,"S"
"VHM","10:25:01",40.95,1.3,900,5285700,"S"
"VHM","10:24:49",40.95,1.3,100,5284800,"S"
"VHM","10:24:44",40.95,1.3,1600,5284700,"S"
"VHM","10:24:41",40.95,1.3,100,5283100,"S"
"VHM","10:23:53",40.95,1.3,200,5283000,"S"
"VHM","10:23:51",40.95,1.3,2000,5282800,"S"
"VHM","10:23:27",40.95,1.3,3000,5280800,"S"
"VHM","10:23:22",40.95,1.3,800,5277800,"S"
"VHM","10:23:14",40.95,1.3,200,5277000,"S"
"VHM","10:22:40",40.95,1.3,100,5276800,"S"
"VHM","10:22:34",41,1.35,1600,5276700,"S"
"VHM","10:22:29",41,1.35,700,5275100,"S"
"VHM","10:22:26",40.95,1.3,5000,5274400,"B"
"VHM","10:22:24",40.95,1.3,500,5269400,"B"
"VHM","10:22:23",40.95,1.3,200,5268900,"B"
"VHM","10:22:20",40.95,1.3,200,5268700,"B"
"VHM","10:22:17",40.95,1.3,100,5268500,"B"
"VHM","10:22:11",40.95,1.3,500,5268400,"B"
"VHM","10:22:10",40.95,1.3,600,5267900,"B"
"VHM","10:22:08",40.95,1.3,3100,5267300,"B"
"VHM","10:22:07",40.95,1.3,100,5264200,"B"
"VHM","10:22:04",40.95,1.3,100,5264100,"B"
"VHM","10:21:59",40.95,1.3,300,5264000,"B"
"VHM","10:21:56",40.95,1.3,100,5263700,"B"
"VHM","10:21:53",40.95,1.3,200,5263600,"B"
"VHM","10:21:42",40.95,1.3,1000,5263400,"B"
"VHM","10:21:29",40.95,1.3,5000,5262400,"B"
"VHM","10:21:18",40.95,1.3,2000,5257400,"B"
"VHM","10:21:18",40.95,1.3,1500,5255400,"B"
"VHM","10:21:06",40.95,1.3,1000,5253900,"B"
"VHM","10:21:01",40.95,1.3,1000,5252900,"B"
"VHM","10:20:54",40.95,1.3,5000,5251900,"B"
"VHM","10:20:38",40.95,1.3,100,5246900,"B"
"VHM","10:20:28",40.95,1.3,1000,5246800,"B"
"VHM","10:19:46",40.95,1.3,100,5245800,"B"
"VHM","10:19:34",40.95,1.3,1000,5245700,"B"
"VHM","10:19:30",41,1.35,3000,5244700,"S"
"VHM","10:19:12",40.95,1.3,1000,5241700,"B"
"VHM","10:19:07",40.95,1.3,200,5240700,"B"
"VHM","10:18:19",41,1.35,2000,5240500,"S"
"VHM","10:18:19",40.95,1.3,6600,5238500,"B"
"VHM","10:18:18",41,1.35,2300,5231900,"S"
"VHM","10:18:17",41,1.35,1000,5229600,"S"
"VHM","10:18:14",40.95,1.3,7000,5228600,"B"
"VHM","10:18:09",41,1.35,6400,5221600,"S"
"VHM","10:18:03",41,1.35,2700,5215200,"B"
"VHM","10:18:03",41,1.35,100,5212500,"B"
"VHM","10:18:00",41,1.35,3000,5212400,"B"
"VHM","10:17:57",41,1.35,10000,5209400,"B"
"VHM","10:17:41",41,1.35,2500,5199400,"B"
"VHM","10:17:41",41,1.35,100,5196900,"B"
"VHM","10:17:34",41,1.35,100,5196800,"B"
"VHM","10:17:26",41,1.35,3200,5196700,"B"
"VHM","10:17:23",41,1.35,500,5193500,"B"
"VHM","10:17:21",41,1.35,100,5193000,"B"
"VHM","10:17:20",41,1.35,1000,5192900,"B"
"VHM","10:17:09",41,1.35,300,5191900,"B"
"VHM","10:17:08",41,1.35,1000,5191600,"B"
"VHM","10:16:46",41.05,1.4,400,5190600,"S"
"VHM","10:16:35",41,1.35,100,5190200,"B"
"VHM","10:16:33",41,1.35,2800,5190100,"S"
"VHM","10:16:32",41,1.35,800,5187300,"S"
"VHM","10:16:20",41,1.35,500,5186500,"S"
"VHM","10:16:15",41,1.35,100,5186000,"S"
"VHM","10:16:13",41,1.35,300,5185900,"S"
"VHM","10:16:08",41,1.35,4600,5185600,"S"
"VHM","10:15:48",41,1.35,2200,5181000,"S"
"VHM","10:15:46",41,1.35,500,5178800,"S"
"VHM","10:15:44",41,1.35,500,5178300,"S"
"VHM","10:15:42",41,1.35,500,5177800,"S"
"VHM","10:15:34",41,1.35,100,5177300,"S"
"VHM","10:15:27",41,1.35,20000,5177200,"S"
"VHM","10:15:12",41,1.35,6700,5157200,"B"
"VHM","10:15:11",41,1.35,1000,5150500,"B"
"VHM","10:15:03",41,1.35,2000,5149500,"B"
"VHM","10:14:57",41,1.35,1000,5147500,"B"
"VHM","10:14:51",41,1.35,2000,5146500,"B"
"VHM","10:14:46",41,1.35,1000,5144500,"B"
"VHM","10:14:45",41,1.35,100,5143500,"B"
"VHM","10:14:37",41,1.35,1000,5143400,"B"
"VHM","10:14:34",41,1.35,500,5142400,"B"
"VHM","10:14:33",41,1.35,1000,5141900,"B"
"VHM","10:14:21",41,1.35,400,5140900,"B"
"VHM","10:14:19",41,1.35,2000,5140500,"B"
"VHM","10:14:08",41,1.35,3400,5138500,"B"
"VHM","10:14:06",41.05,1.4,100,5135100,"S"
"VHM","10:14:01",41,1.35,100,5135000,"B"
"VHM","10:14:01",41,1.35,19500,5134900,"S"
"VHM","10:13:58",41,1.35,5900,5115400,"S"
"VHM","10:13:57",41,1.35,1100,5109500,"S"
"VHM","10:13:50",41,1.35,100,5108400,"S"
"VHM","10:13:48",41,1.35,800,5108300,"S"
"VHM","10:13:46",41,1.35,1000,5107500,"S"
"VHM","10:13:45",41,1.35,500,5106500,"S"
"VHM","10:13:27",41,1.35,1100,5106000,"S"
"VHM","10:13:16",41,1.35,100,5104900,"S"
"VHM","10:12:58",40.95,1.3,22500,5104800,"B"
"VHM","10:12:58",41,1.35,900,5082300,"B"
"VHM","10:12:51",41,1.35,100,5081400,"B"
"VHM","10:12:51",41,1.35,4000,5081300,"S"
"VHM","10:12:46",41,1.35,100,5077300,"S"
"VHM","10:12:37",41,1.35,700,5077200,"B"
"VHM","10:12:31",41,1.35,200,5076500,"B"
"VHM","10:12:29",41,1.35,6600,5076300,"B"
"VHM","10:12:12",41,1.35,1000,5069700,"B"
"VHM","10:12:09",41,1.35,100,5068700,"B"
"VHM","10:12:04",41,1.35,2300,5068600,"S"
"VHM","10:12:01",41,1.35,200,5066300,"S"
"VHM","10:12:00",41,1.35,1500,5066100,"S"
"VHM","10:11:54",41,1.35,100,5064600,"S"
"VHM","10:11:51",41,1.35,2000,5064500,"S"
"VHM","10:11:50",41,1.35,100,5062500,"S"
"VHM","10:11:49",41,1.35,600,5062400,"S"
"VHM","10:11:43",41,1.35,5000,5061800,"S"
"VHM","10:11:41",40.95,1.3,100,5056800,"B"
"VHM","10:11:14",40.95,1.3,5000,5056700,"B"
"VHM","10:10:37",41,1.35,200,5051700,"S"
"VHM","10:10:22",41,1.35,1000,5051500,"S"
"VHM","10:10:21",41,1.35,700,5050500,"S"
"VHM","10:10:13",41,1.35,500,5049800,"S"
"VHM","10:10:07",41,1.35,100,5049300,"S"
"VHM","10:09:59",41,1.35,10900,5049200,"S"
"VHM","10:09:57",41,1.35,1000,5038300,"S"
"VHM","10:09:45",41,1.35,800,5037300,"S"
"VHM","10:09:44",41,1.35,2400,5036500,"S"
"VHM","10:09:43",41,1.35,4900,5034100,"S"
"VHM","10:09:00",41,1.35,200,5029200,"S"
"VHM","10:08:55",41,1.35,1000,5029000,"S"
"VHM","10:08:37",41,1.35,200,5028000,"S"
"VHM","10:08:32",41,1.35,200,5027800,"S"
"VHM","10:07:55",41,1.35,1000,5027600,"S"
"VHM","10:07:50",41,1.35,100,5026600,"S"
"VHM","10:07:13",41,1.35,8100,5026500,"B"
"VHM","10:06:55",41,1.35,300,5018400,"B"
"VHM","10:06:46",41,1.35,600,5018100,"B"
"VHM","10:06:38",41,1.35,4700,5017500,"B"
"VHM","10:06:23",41,1.35,200,5012800,"B"
"VHM","10:06:09",41,1.35,5000,5012600,"B"
"VHM","10:06:06",41.05,1.4,600,5007600,"B"
"VHM","10:06:04",41.05,1.4,500,5007000,"B"
"VHM","10:05:59",41.05,1.4,200,5006500,"B"
"VHM","10:05:53",41.05,1.4,1000,5006300,"B"
"VHM","10:05:52",41,1.35,200,5005300,"S"
"VHM","10:05:52",41.05,1.4,300,5005100,"B"
"VHM","10:05:51",41.05,1.4,200,5004800,"B"
"VHM","10:05:48",41.05,1.4,30000,5004600,"B"
"VHM","10:05:37",41.05,1.4,10000,4974600,"B"
"VHM","10:05:37",41.05,1.4,2000,4964600,"B"
"VHM","10:05:35",41.05,1.4,47300,4962600,"S"
"VHM","10:05:35",41,1.35,10200,4915300,"S"
"VHM","10:05:31",41,1.35,1500,4905100,"S"
"VHM","10:05:21",40.95,1.3,500,4903600,"B"
"VHM","10:05:18",40.95,1.3,900,4903100,"B"
"VHM","10:05:02",40.95,1.3,9300,4902200,"B"
"VHM","10:04:56",41,1.35,900,4892900,"S"
"VHM","10:04:50",40.95,1.3,100,4892000,"B"
"VHM","10:04:18",41,1.35,33600,4891900,"B"
"VHM","10:04:06",41,1.35,100,4858300,"B"
"VHM","10:04:05",41.05,1.4,300,4858200,"S"
"VHM","10:04:02",41.05,1.4,100,4857900,"S"
"VHM","10:03:59",41.05,1.4,6000,4857800,"S"
"VHM","10:03:56",41,1.35,300,4851800,"B"
"VHM","10:03:51",41,1.35,1000,4851500,"B"
"VHM","10:03:44",41.05,1.4,200,4850500,"S"
"VHM","10:03:25",41,1.35,3000,4850300,"B"
"VHM","10:03:24",41,1.35,23000,4847300,"B"
"VHM","10:03:21",41.05,1.4,800,4824300,"S"
"VHM","10:03:11",41,1.35,200,4823500,"B"
"VHM","10:03:04",41.05,1.4,300,4823300,"S"
"VHM","10:02:53",41.05,1.4,100,4823000,"S"
"VHM","10:02:50",41.05,1.4,300,4822900,"S"
"VHM","10:02:47",41.05,1.4,5600,4822600,"B"
"VHM","10:02:43",41.05,1.4,2000,4817000,"B"
"VHM","10:02:40",41.05,1.4,100,4815000,"B"
"VHM","10:02:39",41.05,1.4,200,4814900,"B"
"VHM","10:02:38",41.05,1.4,100,4814700,"B"
"VHM","10:02:38",41.05,1.4,100,4814600,"B"
"VHM","10:02:37",41.05,1.4,3000,4814500,"B"
"VHM","10:02:28",41.05,1.4,2000,4811500,"B"
"VHM","10:02:25",41.05,1.4,100,4809500,"B"
"VHM","10:02:22",41.05,1.4,700,4809400,"B"
"VHM","10:02:22",41.05,1.4,2000,4808700,"B"
"VHM","10:02:21",41.05,1.4,1700,4806700,"S"
"VHM","10:02:18",41.05,1.4,300,4805000,"B"
"VHM","10:02:16",41.05,1.4,100,4804700,"B"
"VHM","10:02:13",41.05,1.4,4400,4804600,"B"
"VHM","10:02:12",41.05,1.4,500,4800200,"B"
"VHM","10:02:06",41.05,1.4,37500,4799700,"S"
"VHM","10:02:00",41,1.35,100,4762200,"B"
"VHM","10:01:58",41,1.35,1000,4762100,"B"
"VHM","10:01:54",41,1.35,5000,4761100,"B"
"VHM","10:01:51",41,1.35,2400,4756100,"B"
"VHM","10:01:49",41,1.35,200,4753700,"B"
"VHM","10:01:47",41,1.35,800,4753500,"B"
"VHM","10:01:43",41,1.35,700,4752700,"B"
"VHM","10:01:38",41,1.35,200,4752000,"B"
"VHM","10:01:31",41,1.35,500,4751800,"B"
"VHM","10:01:30",41,1.35,500,4751300,"B"
"VHM","10:01:26",41,1.35,200,4750800,"B"
"VHM","10:01:14",41,1.35,700,4750600,"B"
"VHM","10:01:13",41,1.35,200,4749900,"B"
"VHM","10:01:11",41.05,1.4,4000,4749700,"S"
"VHM","10:01:05",41,1.35,500,4745700,"B"
"VHM","10:00:58",41.05,1.4,100,4745200,"S"
"VHM","10:00:55",41,1.35,200,4745100,"B"
"VHM","10:00:45",41,1.35,4000,4744900,"B"
"VHM","10:00:45",41,1.35,2000,4740900,"B"
"VHM","10:00:37",41.05,1.4,200,4738900,"S"
"VHM","10:00:32",41.05,1.4,2000,4738700,"S"
"VHM","10:00:27",41,1.35,200,4736700,"B"
"VHM","10:00:21",41,1.35,2000,4736500,"B"
"VHM","10:00:12",41,1.35,200,4734500,"B"
"VHM","10:00:01",41.05,1.4,400,4734300,"S"
"VHM","09:59:57",41,1.35,10000,4733900,"B"
"VHM","09:59:52",41,1.35,400,4723900,"B"
"VHM","09:59:52",41.05,1.4,400,4723500,"S"
"VHM","09:59:50",41,1.35,500,4721100,"B"
"VHM","09:59:48",41,1.35,2000,4720600,"B"
"VHM","09:59:47",41.05,1.4,1000,4718600,"S"
"VHM","09:59:45",41,1.35,200,4717600,"B"
"VHM","09:59:29",41,1.35,200,4717400,"B"
"VHM","09:59:21",41,1.35,1000,4717200,"B"
"VHM","09:59:13",41.05,1.4,1200,4716200,"S"
"VHM","09:58:59",41.05,1.4,200,4715000,"S"
"VHM","09:58:55",41.05,1.4,400,4714800,"B"
"VHM","09:58:53",41,1.35,2600,4714400,"B"
"VHM","09:58:53",41.05,1.4,1000,4711800,"B"
"VHM","09:58:52",41.05,1.4,100,4710800,"B"
"VHM","09:58:48",41.05,1.4,2000,4710700,"B"
"VHM","09:58:43",41.05,1.4,5000,4708700,"B"
"VHM","09:58:37",41.05,1.4,100,4703700,"B"
"VHM","09:58:33",41.1,1.45,800,4703600,"S"
"VHM","09:58:32",41.05,1.4,5100,4702800,"B"
"VHM","09:58:31",41.05,1.4,10000,4697700,"B"
"VHM","09:58:26",41.05,1.4,100,4687700,"B"
"VHM","09:58:25",41.1,1.45,500,4687600,"S"
"VHM","09:58:24",41.05,1.4,500,4687100,"B"
"VHM","09:58:21",41.05,1.4,5000,4686600,"B"
"VHM","09:58:16",41.05,1.4,5000,4681600,"B"
"VHM","09:58:03",41.05,1.4,6600,4676600,"B"
"VHM","09:57:58",41.05,1.4,200,4670000,"B"
"VHM","09:57:58",41.1,1.45,1800,4669800,"S"
"VHM","09:57:56",41.1,1.45,100,4668000,"S"
"VHM","09:57:54",41.05,1.4,2000,4667900,"B"
"VHM","09:57:43",41.05,1.4,2800,4665900,"B"
"VHM","09:57:34",41.05,1.4,500,4663100,"B"
"VHM","09:57:33",41.05,1.4,100,4662600,"B"
"VHM","09:57:29",41.05,1.4,5000,4662500,"B"
"VHM","09:57:12",41.05,1.4,1300,4657500,"S"
"VHM","09:57:12",41,1.35,300,4656200,"B"
"VHM","09:57:08",41.05,1.4,3100,4655900,"B"
"VHM","09:57:07",41.05,1.4,96900,4652800,"S"
"VHM","09:57:01",41.05,1.4,10000,4555900,"S"
"VHM","09:56:59",41,1.35,100,4545900,"B"
"VHM","09:56:57",41,1.35,800,4545800,"B"
"VHM","09:56:55",41,1.35,3000,4545000,"B"
"VHM","09:56:51",41,1.35,200,4542000,"B"
"VHM","09:56:45",41,1.35,100,4541800,"B"
"VHM","09:56:40",41,1.35,100,4541700,"B"
"VHM","09:56:39",41,1.35,200,4541600,"B"
"VHM","09:56:38",41,1.35,100,4541400,"B"
"VHM","09:56:35",41,1.35,500,4541300,"B"
"VHM","09:56:33",41,1.35,600,4540800,"B"
"VHM","09:56:32",41,1.35,40000,4540200,"B"
"VHM","09:56:26",41,1.35,100,4500200,"B"
"VHM","09:56:23",41,1.35,600,4500100,"B"
"VHM","09:56:22",41.05,1.4,100,4499500,"S"
"VHM","09:56:19",41,1.35,200,4499400,"B"
"VHM","09:56:18",41.05,1.4,1000,4499200,"S"
"VHM","09:56:17",41,1.35,1000,4498200,"B"
"VHM","09:56:14",41,1.35,2000,4497200,"B"
"VHM","09:56:12",41.05,1.4,11400,4495200,"S"
"VHM","09:56:11",41,1.35,2000,4483800,"B"
"VHM","09:56:10",41,1.35,200,4481800,"B"
"VHM","09:56:05",41,1.35,3600,4481600,"S"
"VHM","09:56:05",41,1.35,1500,4478000,"S"
"VHM","09:56:00",41,1.35,300,4476500,"S"
"VHM","09:55:42",41,1.35,300,4476200,"B"
"VHM","09:55:40",41,1.35,600,4475900,"B"
"VHM","09:55:38",41,1.35,200,4475300,"B"
"VHM","09:55:37",41,1.35,1000,4475100,"B"
"VHM","09:55:35",41,1.35,100,4474100,"B"
"VHM","09:55:31",41,1.35,500,4474000,"B"
"VHM","09:55:30",41,1.35,8400,4473500,"S"
"VHM","09:55:17",41,1.35,100,4465100,"S"
"VHM","09:55:16",41,1.35,600,4465000,"B"
"VHM","09:55:16",41,1.35,1500,4464400,"B"
"VHM","09:55:14",41,1.35,1000,4462900,"B"
"VHM","09:55:13",41,1.35,400,4461900,"B"
"VHM","09:55:12",41,1.35,3000,4461500,"B"
"VHM","09:55:08",41,1.35,500,4458500,"B"
"VHM","09:55:04",41,1.35,400,4458000,"B"
"VHM","09:55:04",41,1.35,100,4457600,"B"
"VHM","09:54:59",41,1.35,700,4457500,"B"
"VHM","09:54:54",41,1.35,200,4456800,"B"
"VHM","09:54:52",41,1.35,1000,4456600,"B"
"VHM","09:54:51",41,1.35,600,4455600,"B"
"VHM","09:54:50",41,1.35,200,4455000,"B"
"VHM","09:54:49",41,1.35,500,4454800,"B"
"VHM","09:54:48",41,1.35,1000,4454300,"B"
"VHM","09:54:47",41,1.35,1000,4453300,"B"
"VHM","09:54:46",41,1.35,1000,4452300,"B"
"VHM","09:54:43",41,1.35,100,4451300,"B"
"VHM","09:54:42",41,1.35,500,4451200,"B"
"VHM","09:54:39",41,1.35,1000,4450700,"B"
"VHM","09:54:37",41,1.35,3500,4449700,"B"
"VHM","09:54:29",41,1.35,500,4446200,"B"
"VHM","09:54:28",41,1.35,3500,4445700,"B"
"VHM","09:54:27",41,1.35,3000,4442200,"B"
"VHM","09:54:26",41,1.35,1000,4439200,"B"
"VHM","09:54:25",41,1.35,400,4438200,"B"
"VHM","09:54:17",41,1.35,300,4437800,"B"
"VHM","09:54:14",41,1.35,200,4437500,"B"
"VHM","09:54:13",41,1.35,1000,4437300,"B"
"VHM","09:54:09",41,1.35,100,4436300,"B"
"VHM","09:54:07",41,1.35,2000,4436200,"B"
"VHM","09:53:56",41,1.35,100,4434200,"B"
"VHM","09:53:53",41,1.35,4000,4434100,"B"
"VHM","09:53:50",41,1.35,400,4430100,"B"
"VHM","09:53:49",41,1.35,2000,4429700,"B"
"VHM","09:53:42",41,1.35,10900,4427700,"S"
"VHM","09:53:32",41,1.35,300,4416800,"S"
"VHM","09:53:28",41,1.35,1000,4416500,"B"
"VHM","09:53:28",41,1.35,100,4415500,"B"
"VHM","09:53:23",41.05,1.4,1000,4415400,"S"
"VHM","09:53:22",41,1.35,50000,4414400,"B"
"VHM","09:53:21",41.05,1.4,2900,4364400,"S"
"VHM","09:53:19",41.05,1.4,2800,4361500,"S"
"VHM","09:53:18",41.05,1.4,14900,4358700,"S"
"VHM","09:53:15",41.05,1.4,1000,4343800,"S"
"VHM","09:53:09",41,1.35,500,4342800,"B"
"VHM","09:53:07",41.05,1.4,500,4342300,"S"
"VHM","09:53:05",41,1.35,1000,4341800,"B"
"VHM","09:53:03",41.05,1.4,1000,4340800,"S"
"VHM","09:53:02",41.05,1.4,500,4339800,"S"
"VHM","09:53:00",41.05,1.4,10000,4339300,"S"
"VHM","09:52:59",41.05,1.4,100,4329300,"S"
"VHM","09:52:59",41.05,1.4,3800,4329200,"S"
"VHM","09:52:57",41.05,1.4,1000,4325400,"S"
"VHM","09:52:53",41,1.35,400,4324400,"B"
"VHM","09:52:49",41,1.35,600,4324000,"B"
"VHM","09:52:48",41.05,1.4,7000,4323400,"S"
"VHM","09:52:39",41.05,1.4,20000,4316400,"S"
"VHM","09:52:37",41,1.35,5300,4296400,"B"
"VHM","09:52:33",41,1.35,1000,4291100,"B"
"VHM","09:52:29",41,1.35,100,4290100,"B"
"VHM","09:52:28",41,1.35,500,4290000,"B"
"VHM","09:52:27",41,1.35,100,4289500,"B"
"VHM","09:52:26",41,1.35,1000,4289400,"B"
"VHM","09:52:26",41,1.35,3300,4288400,"S"
"VHM","09:52:25",41,1.35,19700,4285100,"S"
"VHM","09:52:25",41,1.35,300,4265400,"S"
"VHM","09:52:22",41,1.35,1000,4265100,"S"
"VHM","09:52:22",40.95,1.3,8300,4264100,"B"
"VHM","09:52:22",41,1.35,500,4255800,"S"
"VHM","09:52:21",40.95,1.3,1000,4255300,"B"
"VHM","09:52:21",41,1.35,100,4254300,"S"
"VHM","09:52:20",41,1.35,300,4254200,"S"
"VHM","09:52:18",41,1.35,10000,4253900,"S"
"VHM","09:52:16",41,1.35,500,4243900,"S"
"VHM","09:52:15",41,1.35,1000,4243400,"S"
"VHM","09:52:14",41,1.35,1000,4242400,"S"
"VHM","09:52:14",41,1.35,500,4241400,"S"
"VHM","09:52:12",41,1.35,12000,4240900,"S"
"VHM","09:52:11",40.95,1.3,400,4228900,"B"
"VHM","09:52:10",41,1.35,100,4228500,"S"
"VHM","09:52:07",41,1.35,5500,4228400,"S"
"VHM","09:52:06",41,1.35,2000,4222900,"S"
"VHM","09:52:05",41,1.35,21000,4220900,"S"
"VHM","09:52:04",41,1.35,16400,4199900,"S"
"VHM","09:52:00",41,1.35,5500,4183500,"S"
"VHM","09:51:59",41,1.35,3000,4178000,"S"
"VHM","09:51:57",41,1.35,16300,4175000,"S"
"VHM","09:51:56",41,1.35,100,4158700,"S"
"VHM","09:51:42",41,1.35,3300,4158600,"S"
"VHM","09:51:37",40.95,1.3,100,4155300,"B"
"VHM","09:51:33",40.95,1.3,1000,4155200,"S"
"VHM","09:51:29",40.95,1.3,12300,4154200,"S"
"VHM","09:51:28",40.9,1.25,100,4141900,"B"
"VHM","09:51:26",40.95,1.3,16300,4141800,"S"
"VHM","09:51:25",40.95,1.3,100,4125500,"S"
"VHM","09:51:22",40.9,1.25,1000,4125400,"B"
"VHM","09:51:13",40.95,1.3,200,4124400,"S"
"VHM","09:51:11",40.95,1.3,2000,4124200,"S"
"VHM","09:51:07",40.95,1.3,500,4122200,"S"
"VHM","09:51:05",40.95,1.3,200,4121700,"S"
"VHM","09:51:03",40.95,1.3,500,4121500,"S"
"VHM","09:50:59",40.95,1.3,6000,4121000,"S"
"VHM","09:50:58",40.95,1.3,100,4115000,"S"
"VHM","09:50:49",40.95,1.3,100,4114900,"S"
"VHM","09:50:44",40.9,1.25,100,4114800,"B"
"VHM","09:50:41",40.95,1.3,100,4114700,"S"
"VHM","09:50:39",40.9,1.25,200,4114600,"B"
"VHM","09:50:36",40.95,1.3,3000,4114400,"S"
"VHM","09:50:35",40.9,1.25,6500,4111400,"B"
"VHM","09:50:28",40.9,1.25,3300,4104900,"B"
"VHM","09:50:27",40.95,1.3,1000,4101600,"S"
"VHM","09:50:26",40.9,1.25,100,4100600,"B"
"VHM","09:50:20",40.85,1.2,3100,4100500,"B"
"VHM","09:50:20",40.9,1.25,1300,4097400,"B"
"VHM","09:50:19",40.9,1.25,5000,4096100,"B"
"VHM","09:50:16",40.9,1.25,300,4091100,"B"
"VHM","09:50:14",40.9,1.25,1000,4090800,"B"
"VHM","09:50:07",40.9,1.25,200,4089800,"B"
"VHM","09:50:06",40.9,1.25,1300,4089600,"B"
"VHM","09:50:03",40.9,1.25,1000,4088300,"B"
"VHM","09:49:57",40.9,1.25,500,4087300,"B"
"VHM","09:49:56",41,1.35,200,4086800,"S"
"VHM","09:49:56",40.95,1.3,1300,4086600,"S"
"VHM","09:49:53",40.9,1.25,800,4085300,"B"
"VHM","09:49:50",40.9,1.25,15700,4084500,"B"
"VHM","09:49:48",40.9,1.25,1500,4068800,"B"
"VHM","09:49:48",40.95,1.3,700,4067300,"B"
"VHM","09:49:47",40.95,1.3,400,4066600,"B"
"VHM","09:49:46",40.95,1.3,8900,4066200,"S"
"VHM","09:49:39",40.9,1.25,100,4057300,"B"
"VHM","09:49:39",40.95,1.3,600,4057200,"S"
"VHM","09:49:35",40.95,1.3,1000,4056600,"S"
"VHM","09:49:31",40.95,1.3,1000,4055600,"B"
"VHM","09:49:30",40.95,1.3,700,4054600,"B"
"VHM","09:49:29",40.9,1.25,9700,4053900,"B"
"VHM","09:49:29",40.95,1.3,20300,4044200,"B"
"VHM","09:49:27",41,1.35,1000,4023900,"S"
"VHM","09:49:27",40.95,1.3,17400,4022900,"B"
"VHM","09:49:25",40.95,1.3,100,4005500,"B"
"VHM","09:49:25",40.95,1.3,1000,4005400,"B"
"VHM","09:49:23",40.95,1.3,800,4004400,"B"
"VHM","09:49:21",40.95,1.3,1000,4003600,"B"
"VHM","09:49:19",40.95,1.3,3200,4002600,"B"
"VHM","09:49:17",40.95,1.3,1100,3999400,"B"
"VHM","09:49:15",40.95,1.3,100,3998300,"B"
"VHM","09:49:11",40.95,1.3,200,3998200,"B"
"VHM","09:49:08",40.95,1.3,2000,3998000,"B"
"VHM","09:49:04",40.95,1.3,1500,3996000,"B"
"VHM","09:49:02",41,1.35,500,3994500,"S"
"VHM","09:49:01",41,1.35,4500,3994000,"S"
"VHM","09:49:00",41,1.35,1000,3989500,"S"
"VHM","09:48:58",41,1.35,48200,3988500,"B"
"VHM","09:48:57",41,1.35,1500,3940300,"B"
"VHM","09:48:55",41,1.35,4200,3938800,"B"
"VHM","09:48:54",41,1.35,2000,3934600,"B"
"VHM","09:48:54",41,1.35,10000,3932600,"B"
"VHM","09:48:53",41,1.35,1600,3922600,"B"
"VHM","09:48:51",41,1.35,3500,3921000,"B"
"VHM","09:48:51",41,1.35,26500,3917500,"B"
"VHM","09:48:50",41,1.35,1000,3891000,"B"
"VHM","09:48:45",41,1.35,100,3890000,"B"
"VHM","09:48:44",41,1.35,500,3889900,"B"
"VHM","09:48:43",41,1.35,5000,3889400,"B"
"VHM","09:48:38",41,1.35,100,3884400,"B"
"VHM","09:48:31",41,1.35,300,3884300,"B"
"VHM","09:48:28",41.05,1.4,2000,3884000,"S"
"VHM","09:48:26",41,1.35,100000,3882000,"B"
"VHM","09:48:22",41,1.35,3200,3782000,"B"
"VHM","09:48:22",41.05,1.4,1800,3778800,"B"
"VHM","09:48:22",41.05,1.4,500,3777000,"B"
"VHM","09:48:21",41.05,1.4,1100,3776500,"B"
"VHM","09:48:21",41.05,1.4,2200,3775400,"B"
"VHM","09:48:20",41.05,1.4,300,3773200,"B"
"VHM","09:48:19",41.05,1.4,10000,3772900,"B"
"VHM","09:48:15",41.05,1.4,5000,3744900,"B"
"VHM","09:48:12",41.05,1.4,500,3739900,"B"
"VHM","09:48:11",41.05,1.4,600,3739400,"B"
"VHM","09:48:11",41.1,1.45,3000,3738800,"S"
"VHM","09:48:10",41.05,1.4,2100,3735800,"B"
"VHM","09:48:09",41.05,1.4,200,3733700,"B"
"VHM","09:48:08",41.05,1.4,10000,3733500,"B"
"VHM","09:48:06",41.05,1.4,2000,3723500,"B"
"VHM","09:48:04",41.05,1.4,12000,3721500,"B"
"VHM","09:48:02",41.05,1.4,1500,3709500,"B"
"VHM","09:47:59",41.05,1.4,500,3708000,"B"
"VHM","09:47:56",41.05,1.4,19500,3707500,"B"
"VHM","09:47:52",41.05,1.4,100,3688000,"B"
"VHM","09:47:49",41.05,1.4,100,3687900,"B"
"VHM","09:47:48",41.05,1.4,300,3687800,"B"
"VHM","09:47:48",41.05,1.4,1000,3687500,"B"
"VHM","09:47:47",41.05,1.4,4400,3686500,"B"
"VHM","09:47:47",41.05,1.4,100,3682100,"B"
"VHM","09:47:44",41.05,1.4,700,3682000,"B"
"VHM","09:47:43",41.1,1.45,500,3681300,"S"
"VHM","09:47:40",41.05,1.4,10000,3680800,"B"
"VHM","09:47:39",41.05,1.4,3000,3670800,"B"
"VHM","09:47:35",41.05,1.4,500,3667800,"B"
"VHM","09:47:31",41.05,1.4,100,3667300,"B"
"VHM","09:47:28",41.05,1.4,100,3667200,"B"
"VHM","09:47:22",41.05,1.4,1000,3667100,"B"
"VHM","09:47:13",41.05,1.4,1000,3666100,"B"
"VHM","09:47:12",41.05,1.4,10000,3665100,"B"
"VHM","09:47:09",41.1,1.45,5000,3655100,"S"
"VHM","09:47:08",41.05,1.4,10000,3650100,"B"
"VHM","09:47:05",41.05,1.4,1000,3640100,"B"
"VHM","09:47:01",41.05,1.4,100,3639100,"B"
"VHM","09:47:00",41.05,1.4,1000,3639000,"B"
"VHM","09:46:58",41.05,1.4,2800,3638000,"B"
"VHM","09:46:57",41.1,1.45,200,3635200,"S"
"VHM","09:46:56",41.05,1.4,4000,3635000,"B"
"VHM","09:46:55",41.05,1.4,3300,3631000,"B"
"VHM","09:46:52",41.05,1.4,800,3627700,"B"
"VHM","09:46:43",41.05,1.4,100,3626900,"B"
"VHM","09:46:41",41.05,1.4,1000,3626800,"B"
"VHM","09:46:40",41.05,1.4,500,3625800,"B"
"VHM","09:46:39",41.05,1.4,500,3625300,"B"
"VHM","09:46:37",41.05,1.4,4000,3624800,"B"
"VHM","09:46:31",41.05,1.4,200,3620800,"B"
"VHM","09:46:26",41.05,1.4,500,3620600,"B"
"VHM","09:46:24",41.05,1.4,1600,3620100,"B"
"VHM","09:46:24",41.05,1.4,100,3618500,"B"
"VHM","09:46:12",41.05,1.4,4400,3618300,"B"
"VHM","09:46:08",41.1,1.45,1200,3613900,"S"
"VHM","09:46:07",41.05,1.4,1000,3612700,"B"
"VHM","09:46:01",41.1,1.45,100,3611700,"S"
"VHM","09:46:00",41.05,1.4,400,3611600,"B"
"VHM","09:45:59",41.05,1.4,200,3611200,"B"
"VHM","09:45:58",41.05,1.4,100,3611000,"B"
"VHM","09:45:51",41.05,1.4,2000,3610900,"B"
"VHM","09:45:48",41.05,1.4,4400,3608900,"B"
"VHM","09:45:41",41.1,1.45,100,3604500,"S"
"VHM","09:45:34",41.1,1.45,4100,3604400,"S"
"VHM","09:45:27",41.1,1.45,1500,3600300,"S"
"VHM","09:45:04",41.1,1.45,13600,3598800,"B"
"VHM","09:45:03",41.1,1.45,9100,3585200,"B"
"VHM","09:45:02",41.1,1.45,11900,3576100,"B"
"VHM","09:45:01",41.1,1.45,3500,3564200,"B"
"VHM","09:45:01",41.1,1.45,100,3560700,"B"
"VHM","09:44:59",41.1,1.45,300,3560600,"B"
"VHM","09:44:59",41.1,1.45,1500,3560300,"B"
"VHM","09:44:58",41.1,1.45,15000,3558800,"B"
"VHM","09:44:58",41.1,1.45,1000,3543800,"B"
"VHM","09:44:57",41.1,1.45,300,3542800,"B"
"VHM","09:44:56",41.1,1.45,100,3542500,"B"
"VHM","09:44:55",41.1,1.45,1000,3542400,"B"
"VHM","09:44:54",41.1,1.45,2000,3541400,"B"
"VHM","09:44:54",41.1,1.45,1200,3539400,"B"
"VHM","09:44:53",41.1,1.45,300,3538200,"B"
"VHM","09:44:50",41.1,1.45,4100,3537900,"B"
"VHM","09:44:49",41.1,1.45,1000,3533800,"B"
"VHM","09:44:48",41.1,1.45,3000,3532800,"B"
"VHM","09:44:47",41.1,1.45,1000,3529800,"B"
"VHM","09:44:47",41.1,1.45,600,3528800,"B"
"VHM","09:44:46",41.1,1.45,7600,3528200,"B"
"VHM","09:44:45",41.1,1.45,1000,3520600,"B"
"VHM","09:44:45",41.1,1.45,100,3519600,"B"
"VHM","09:44:43",41.1,1.45,1100,3519500,"B"
"VHM","09:44:43",41.1,1.45,500,3518400,"B"
"VHM","09:44:40",41.1,1.45,1000,3517900,"B"
"VHM","09:44:38",41.1,1.45,20200,3516900,"B"
"VHM","09:44:34",41.1,1.45,1000,3496700,"B"
"VHM","09:44:32",41.1,1.45,5400,3495700,"B"
"VHM","09:44:31",41.1,1.45,500,3490300,"B"
"VHM","09:44:27",41.1,1.45,500,3489800,"B"
"VHM","09:44:23",41.1,1.45,2000,3489300,"B"
"VHM","09:44:22",41.1,1.45,300,3487300,"B"
"VHM","09:44:18",41.1,1.45,2800,3487000,"B"
"VHM","09:44:17",41.1,1.45,3000,3484200,"B"
"VHM","09:44:12",41.1,1.45,500,3481200,"B"
"VHM","09:44:04",41.1,1.45,500,3480700,"B"
"VHM","09:44:02",41.1,1.45,300,3480200,"B"
"VHM","09:43:59",41.1,1.45,4600,3479900,"B"
"VHM","09:43:55",41.1,1.45,1000,3475300,"B"
"VHM","09:43:54",41.1,1.45,100,3474300,"B"
"VHM","09:43:53",41.1,1.45,300,3474200,"B"
"VHM","09:43:50",41.1,1.45,30000,3473900,"B"
"VHM","09:43:48",41.1,1.45,4000,3443900,"B"
"VHM","09:43:47",41.1,1.45,3500,3439900,"S"
"VHM","09:43:44",41.1,1.45,1700,3436400,"B"
"VHM","09:43:44",41.1,1.45,300,3434700,"S"
"VHM","09:43:40",41.1,1.45,4000,3434400,"S"
"VHM","09:43:38",41.1,1.45,5000,3430400,"S"
"VHM","09:43:37",41.1,1.45,200,3425400,"S"
"VHM","09:43:36",41.1,1.45,5200,3425200,"B"
"VHM","09:43:35",41.1,1.45,100,3420000,"B"
"VHM","09:43:33",41.15,1.5,500,3419900,"S"
"VHM","09:43:32",41.1,1.45,200,3419400,"B"
"VHM","09:43:31",41.1,1.45,2000,3419200,"B"
"VHM","09:43:28",41.1,1.45,2000,3417200,"B"
"VHM","09:43:27",41.1,1.45,500,3415200,"S"
"VHM","09:43:27",41.1,1.45,1000,3414700,"S"
"VHM","09:43:25",41.05,1.4,1000,3413700,"B"
"VHM","09:43:25",41.1,1.45,20000,3412700,"S"
"VHM","09:43:23",41.1,1.45,3000,3392700,"S"
"VHM","09:43:22",41.1,1.45,600,3389700,"S"
"VHM","09:43:21",41.1,1.45,5500,3389100,"S"
"VHM","09:43:17",41.1,1.45,100,3383600,"S"
"VHM","09:43:16",41.1,1.45,300,3383500,"S"
"VHM","09:43:14",41.05,1.4,1000,3383200,"B"
"VHM","09:43:12",41.1,1.45,3000,3382200,"S"
"VHM","09:43:04",41.1,1.45,1000,3379200,"S"
"VHM","09:43:01",41.05,1.4,200,3378200,"B"
"VHM","09:43:00",41.1,1.45,1000,3378000,"S"
"VHM","09:42:59",41.1,1.45,2500,3377000,"S"
"VHM","09:42:57",41.1,1.45,12200,3374500,"S"
"VHM","09:42:56",41.1,1.45,50000,3362300,"S"
"VHM","09:42:56",41.05,1.4,3000,3312300,"B"
"VHM","09:42:55",41.1,1.45,100,3309300,"S"
"VHM","09:42:54",41.05,1.4,100,3309200,"B"
"VHM","09:42:51",41.05,1.4,100,3309100,"B"
"VHM","09:42:49",41.1,1.45,2000,3309000,"S"
"VHM","09:42:46",41.1,1.45,100,3307000,"S"
"VHM","09:42:46",41.05,1.4,100,3306900,"B"
"VHM","09:42:45",41.1,1.45,1700,3306800,"S"
"VHM","09:42:42",41.1,1.45,100,3305100,"S"
"VHM","09:42:40",41.1,1.45,2200,3305000,"S"
"VHM","09:42:39",41.05,1.4,1000,3302800,"B"
"VHM","09:42:27",41.1,1.45,6300,3301800,"S"
"VHM","09:42:26",41.1,1.45,3000,3295500,"S"
"VHM","09:42:25",41.1,1.45,200,3292500,"S"
"VHM","09:42:24",41.1,1.45,100,3292300,"S"
"VHM","09:42:21",41.1,1.45,500,3292200,"S"
"VHM","09:42:19",41.1,1.45,5000,3291700,"S"
"VHM","09:42:17",41.1,1.45,100,3286700,"S"
"VHM","09:42:13",41.05,1.4,100,3286600,"B"
"VHM","09:42:13",41.1,1.45,2000,3286500,"S"
"VHM","09:42:11",41.1,1.45,20000,3284500,"S"
"VHM","09:42:08",41.1,1.45,100,3264500,"S"
"VHM","09:42:07",41.05,1.4,100,3264400,"B"
"VHM","09:42:06",41.1,1.45,50000,3264300,"S"
"VHM","09:41:54",41.1,1.45,100,3214300,"S"
"VHM","09:41:52",41.1,1.45,100,3214200,"S"
"VHM","09:41:51",41.1,1.45,400,3214100,"S"
"VHM","09:41:50",41.1,1.45,1900,3213700,"S"
"VHM","09:41:46",41.1,1.45,4100,3211800,"B"
"VHM","09:41:45",41.1,1.45,2000,3207700,"B"
"VHM","09:41:45",41.1,1.45,4000,3205700,"B"
"VHM","09:41:44",41.1,1.45,100,3201700,"B"
"VHM","09:41:44",41.1,1.45,1000,3201600,"B"
"VHM","09:41:42",41.1,1.45,4500,3200600,"B"
"VHM","09:41:41",41.1,1.45,1500,3196100,"B"
"VHM","09:41:38",41.1,1.45,6000,3194600,"B"
"VHM","09:41:36",41.1,1.45,200,3188600,"B"
"VHM","09:41:35",41.1,1.45,1000,3188400,"B"
"VHM","09:41:34",41.1,1.45,4000,3187400,"B"
"VHM","09:41:33",41.1,1.45,1700,3183400,"B"
"VHM","09:41:33",41.1,1.45,500,3181700,"B"
"VHM","09:41:32",41.1,1.45,10000,3181200,"B"
"VHM","09:41:30",41.1,1.45,1000,3171200,"B"
"VHM","09:41:29",41.1,1.45,100,3170200,"B"
"VHM","09:41:29",41.1,1.45,900,3170100,"B"
"VHM","09:41:27",41.1,1.45,1000,3169200,"B"
"VHM","09:41:25",41.1,1.45,2100,3168200,"S"
"VHM","09:41:24",41.1,1.45,3500,3166100,"B"
"VHM","09:41:23",41.1,1.45,2000,3162600,"B"
"VHM","09:41:21",41.1,1.45,1100,3160600,"B"
"VHM","09:41:19",41.1,1.45,1000,3159500,"B"
"VHM","09:41:18",41.1,1.45,200,3158500,"S"
"VHM","09:41:16",41.1,1.45,100,3158300,"B"
"VHM","09:41:16",41.1,1.45,1500,3158200,"B"
"VHM","09:41:15",41.15,1.5,5000,3156700,"S"
"VHM","09:41:15",41.1,1.45,8200,3151700,"B"
"VHM","09:41:15",41.1,1.45,100,3143500,"B"
"VHM","09:41:13",41.1,1.45,20100,3143400,"B"
"VHM","09:41:13",41.1,1.45,200,3123300,"B"
"VHM","09:41:12",41.1,1.45,10000,3123100,"B"
"VHM","09:41:11",41.1,1.45,200,3113100,"B"
"VHM","09:41:05",41.1,1.45,500,3112900,"B"
"VHM","09:41:03",41.1,1.45,100,3112400,"B"
"VHM","09:41:03",41.1,1.45,1000,3112300,"B"
"VHM","09:41:00",41.1,1.45,4000,3111300,"B"
"VHM","09:41:00",41.1,1.45,200,3107300,"B"
"VHM","09:40:57",41.1,1.45,3900,3107100,"B"
"VHM","09:40:52",41.1,1.45,100,3103200,"B"
"VHM","09:40:50",41.1,1.45,1000,3103100,"B"
"VHM","09:40:47",41.15,1.5,100,3102100,"S"
"VHM","09:40:47",41.1,1.45,100,3102000,"B"
"VHM","09:40:46",41.1,1.45,500,3101900,"B"
"VHM","09:40:44",41.1,1.45,300,3101400,"B"
"VHM","09:40:43",41.1,1.45,200,3101100,"B"
"VHM","09:40:35",41.1,1.45,900,3100900,"B"
"VHM","09:40:32",41.1,1.45,1100,3100000,"B"
"VHM","09:40:30",41.1,1.45,2300,3098900,"B"
"VHM","09:40:27",41.1,1.45,600,3096600,"B"
"VHM","09:40:25",41.1,1.45,5000,3096000,"B"
"VHM","09:40:24",41.1,1.45,1100,3091000,"B"
"VHM","09:40:24",41.1,1.45,100,3089900,"B"
"VHM","09:40:22",41.1,1.45,6900,3088800,"S"
"VHM","09:40:10",41.1,1.45,2400,3081900,"B"
"VHM","09:40:10",41.15,1.5,100,3079500,"S"
"VHM","09:40:10",41.1,1.45,100,3079400,"B"
"VHM","09:40:08",41.1,1.45,100,3079300,"B"
"VHM","09:40:08",41.1,1.45,2000,3079200,"B"
"VHM","09:40:07",41.1,1.45,2500,3077200,"B"
"VHM","09:40:04",41.1,1.45,4400,3074700,"B"
"VHM","09:40:03",41.1,1.45,2500,3070300,"B"
"VHM","09:39:59",41.1,1.45,14500,3067800,"S"
"VHM","09:39:58",41.1,1.45,27200,3053300,"S"
"VHM","09:39:52",41.1,1.45,100,3026100,"S"
"VHM","09:39:48",41.1,1.45,200,3026000,"S"
"VHM","09:39:45",41.1,1.45,36800,3025800,"B"
"VHM","09:39:44",41.1,1.45,5000,2989000,"B"
"VHM","09:39:35",41.1,1.45,2000,2984000,"B"
"VHM","09:39:34",41.1,1.45,6600,2982000,"B"
"VHM","09:39:19",41.15,1.5,100,2975400,"S"
"VHM","09:39:17",41.1,1.45,3500,2975300,"B"
"VHM","09:39:09",41.15,1.5,200,2971800,"S"
"VHM","09:39:05",41.1,1.45,200,2971600,"B"
"VHM","09:39:02",41.1,1.45,2200,2971400,"B"
"VHM","09:38:58",41.1,1.45,5000,2969200,"B"
"VHM","09:38:56",41.15,1.5,400,2964200,"B"
"VHM","09:38:55",41.15,1.5,500,2963800,"S"
"VHM","09:38:55",41.15,1.5,2000,2963300,"S"
"VHM","09:38:53",41.1,1.45,100,2961300,"B"
"VHM","09:38:51",41.15,1.5,4500,2961200,"B"
"VHM","09:38:50",41.15,1.5,200,2956700,"B"
"VHM","09:38:49",41.15,1.5,500,2956500,"B"
"VHM","09:38:49",41.15,1.5,1000,2956000,"B"
"VHM","09:38:48",41.15,1.5,5100,2955000,"B"
"VHM","09:38:46",41.15,1.5,2000,2949900,"B"
"VHM","09:38:42",41.15,1.5,1000,2947900,"B"
"VHM","09:38:40",41.15,1.5,200,2946900,"B"
"VHM","09:38:39",41.15,1.5,500,2946700,"B"
"VHM","09:38:36",41.15,1.5,500,2946200,"B"
"VHM","09:38:36",41.15,1.5,200,2945700,"B"
"VHM","09:38:35",41.15,1.5,5000,2945500,"B"
"VHM","09:38:33",41.15,1.5,500,2940500,"B"
"VHM","09:38:32",41.15,1.5,200,2940000,"B"
"VHM","09:38:28",41.15,1.5,600,2939800,"B"
"VHM","09:38:27",41.15,1.5,700,2939200,"B"
"VHM","09:38:27",41.15,1.5,7400,2938500,"S"
"VHM","09:38:26",41.15,1.5,4100,2931100,"S"
"VHM","09:38:25",41.1,1.45,100,2927000,"B"
"VHM","09:38:24",41.1,1.45,5000,2926900,"B"
"VHM","09:38:23",41.1,1.45,600,2921900,"B"
"VHM","09:38:20",41.1,1.45,6000,2921300,"B"
"VHM","09:38:19",41.1,1.45,1300,2915300,"B"
"VHM","09:38:19",41.15,1.5,2000,2914000,"S"
"VHM","09:38:18",41.15,1.5,50000,2912000,"S"
"VHM","09:38:17",41.1,1.45,100,2862000,"B"
"VHM","09:38:15",41.1,1.45,1000,2861900,"B"
"VHM","09:38:12",41.1,1.45,200,2860900,"B"
"VHM","09:38:11",41.1,1.45,4500,2860700,"B"
"VHM","09:38:10",41.1,1.45,1000,2856200,"B"
"VHM","09:38:09",41.15,1.5,10000,2855200,"S"
"VHM","09:38:06",41.1,1.45,500,2845200,"B"
"VHM","09:38:05",41.1,1.45,100,2844700,"B"
"VHM","09:38:04",41.1,1.45,400,2844600,"B"
"VHM","09:38:01",41.1,1.45,20100,2844200,"B"
"VHM","09:37:57",41.1,1.45,400,2824100,"B"
"VHM","09:37:55",41.1,1.45,500,2823700,"B"
"VHM","09:37:54",41.1,1.45,3800,2823200,"B"
"VHM","09:37:47",41.1,1.45,500,2819400,"B"
"VHM","09:37:45",41.1,1.45,500,2818900,"B"
"VHM","09:37:45",41.1,1.45,24400,2818400,"S"
"VHM","09:37:43",41.1,1.45,200,2794000,"S"
"VHM","09:37:43",41.1,1.45,100,2793800,"S"
"VHM","09:37:42",41.1,1.45,100,2793700,"S"
"VHM","09:37:38",41.1,1.45,2000,2793600,"S"
"VHM","09:37:29",41.1,1.45,1000,2791600,"S"
"VHM","09:37:27",41.05,1.4,4400,2790600,"B"
"VHM","09:37:25",41.1,1.45,300,2786200,"S"
"VHM","09:37:24",41.1,1.45,10100,2785900,"S"
"VHM","09:37:17",41.1,1.45,20000,2775800,"S"
"VHM","09:37:16",41.1,1.45,1100,2755800,"S"
"VHM","09:37:14",41.1,1.45,100,2754700,"S"
"VHM","09:37:13",41.1,1.45,100,2754600,"S"
"VHM","09:37:09",41.05,1.4,1100,2754500,"B"
"VHM","09:37:07",41.1,1.45,10000,2753400,"S"
"VHM","09:37:05",41.1,1.45,500,2743400,"S"
"VHM","09:37:01",41.1,1.45,1600,2742900,"B"
"VHM","09:36:59",41.1,1.45,2000,2741300,"B"
"VHM","09:36:53",41.1,1.45,1000,2739300,"B"
"VHM","09:36:52",41.1,1.45,600,2738300,"S"
"VHM","09:36:45",41.15,1.5,100,2737700,"S"
"VHM","09:36:45",41.1,1.45,300,2737600,"S"
"VHM","09:36:42",41.15,1.5,5400,2737300,"S"
"VHM","09:36:42",41.1,1.45,600,2731900,"S"
"VHM","09:36:41",41.1,1.45,2000,2731300,"B"
"VHM","09:36:40",41.1,1.45,7600,2729300,"B"
"VHM","09:36:40",41.15,1.5,200,2721700,"S"
"VHM","09:36:35",41.1,1.45,4400,2721500,"B"
"VHM","09:36:29",41.1,1.45,10000,2717100,"B"
"VHM","09:36:28",41.15,1.5,10000,2707100,"S"
"VHM","09:36:27",41.1,1.45,2100,2697100,"B"
"VHM","09:36:27",41.1,1.45,2000,2695000,"B"
"VHM","09:36:26",41.1,1.45,1000,2693000,"B"
"VHM","09:36:25",41.15,1.5,200,2692000,"S"
"VHM","09:36:24",41.15,1.5,500,2691800,"S"
"VHM","09:36:22",41.1,1.45,1000,2691300,"B"
"VHM","09:36:21",41.1,1.45,100,2690300,"B"
"VHM","09:36:20",41.15,1.5,600,2690200,"S"
"VHM","09:36:16",41.1,1.45,1500,2689600,"B"
"VHM","09:36:14",41.1,1.45,200,2688100,"B"
"VHM","09:36:14",41.1,1.45,10000,2687900,"B"
"VHM","09:36:12",41.1,1.45,1000,2677900,"B"
"VHM","09:36:02",41.1,1.45,1000,2676900,"B"
"VHM","09:35:59",41.15,1.5,1200,2675900,"S"
"VHM","09:35:57",41.15,1.5,10000,2674700,"S"
"VHM","09:35:53",41.15,1.5,200,2664700,"S"
"VHM","09:35:51",41.15,1.5,200,2664500,"S"
"VHM","09:35:50",41.15,1.5,500,2664300,"S"
"VHM","09:35:49",41.1,1.45,1900,2663800,"B"
"VHM","09:35:46",41.15,1.5,600,2661900,"S"
"VHM","09:35:44",41.15,1.5,1000,2661300,"S"
"VHM","09:35:40",41.15,1.5,900,2660300,"B"
"VHM","09:35:39",41.15,1.5,4000,2659400,"B"
"VHM","09:35:38",41.15,1.5,200,2655400,"B"
"VHM","09:35:37",41.15,1.5,100,2655200,"B"
"VHM","09:35:36",41.15,1.5,1000,2655100,"B"
"VHM","09:35:35",41.15,1.5,1000,2654100,"B"
"VHM","09:35:34",41.15,1.5,3000,2653100,"B"
"VHM","09:35:29",41.15,1.5,5100,2650100,"B"
"VHM","09:35:26",41.15,1.5,400,2645000,"S"
"VHM","09:35:24",41.1,1.45,100,2644600,"B"
"VHM","09:35:21",41.1,1.45,900,2644500,"B"
"VHM","09:35:21",41.15,1.5,9100,2643600,"B"
"VHM","09:35:20",41.15,1.5,6600,2634500,"S"
"VHM","09:35:19",41.15,1.5,34300,2627900,"S"
"VHM","09:35:15",41.1,1.45,500,2593600,"B"
"VHM","09:35:11",41.15,1.5,600,2593100,"S"
"VHM","09:35:09",41.1,1.45,100,2592500,"B"
"VHM","09:35:08",41.15,1.5,6200,2592400,"S"
"VHM","09:35:08",41.1,1.45,3800,2586200,"S"
"VHM","09:35:06",41.1,1.45,6200,2582400,"B"
"VHM","09:35:05",41.1,1.45,300,2576200,"B"
"VHM","09:35:05",41.15,1.5,10000,2575900,"S"
"VHM","09:35:04",41.15,1.5,10000,2565900,"S"
"VHM","09:35:04",41.1,1.45,1500,2555900,"B"
"VHM","09:35:03",41.1,1.45,100,2554400,"B"
"VHM","09:35:02",41.1,1.45,100,2554300,"B"
"VHM","09:35:01",41.15,1.5,7800,2554200,"S"
"VHM","09:34:58",41.15,1.5,100,2546400,"S"
"VHM","09:34:55",41.1,1.45,10000,2546300,"B"
"VHM","09:34:54",41.15,1.5,200,2536300,"S"
"VHM","09:34:54",41.1,1.45,2000,2536100,"B"
"VHM","09:34:53",41.1,1.45,500,2534100,"B"
"VHM","09:34:53",41.15,1.5,100,2533600,"S"
"VHM","09:34:51",41.15,1.5,2000,2533500,"S"
"VHM","09:34:50",41.15,1.5,700,2531500,"S"
"VHM","09:34:49",41.15,1.5,13800,2530800,"S"
"VHM","09:34:48",41.15,1.5,400,2517000,"S"
"VHM","09:34:45",41.15,1.5,2000,2516600,"S"
"VHM","09:34:41",41.15,1.5,200,2514600,"S"
"VHM","09:34:38",41.15,1.5,3000,2514400,"S"
"VHM","09:34:36",41.15,1.5,200,2511400,"S"
"VHM","09:34:34",41.15,1.5,13000,2511200,"S"
"VHM","09:34:32",41.15,1.5,400,2498200,"S"
"VHM","09:34:26",41.15,1.5,1000,2497800,"S"
"VHM","09:34:23",41.15,1.5,100,2496800,"S"
"VHM","09:34:20",41.15,1.5,10000,2496700,"S"
"VHM","09:34:18",41.15,1.5,5000,2486700,"S"
"VHM","09:34:16",41.1,1.45,200,2481700,"B"
"VHM","09:34:15",41.1,1.45,2000,2481500,"B"
"VHM","09:34:14",41.1,1.45,400,2479500,"B"
"VHM","09:34:12",41.15,1.5,1000,2479100,"S"
"VHM","09:34:12",41.1,1.45,200,2478100,"B"
"VHM","09:34:10",41.15,1.5,500,2477900,"S"
"VHM","09:34:04",41.1,1.45,4000,2477400,"B"
"VHM","09:34:03",41.15,1.5,900,2473400,"S"
"VHM","09:34:02",41.1,1.45,6900,2472500,"B"
"VHM","09:34:01",41.2,1.55,10000,2465600,"S"
"VHM","09:33:56",41.15,1.5,500,2455600,"B"
"VHM","09:33:56",41.2,1.55,4300,2455100,"S"
"VHM","09:33:55",41.2,1.55,4800,2450800,"S"
"VHM","09:33:55",41.15,1.5,5900,2446000,"S"
"VHM","09:33:52",41.1,1.45,600,2440100,"B"
"VHM","09:33:52",41.15,1.5,20000,2439500,"S"
"VHM","09:33:49",41.1,1.45,1000,2419500,"B"
"VHM","09:33:45",41.1,1.45,5000,2418500,"B"
"VHM","09:33:44",41.1,1.45,1000,2413500,"B"
"VHM","09:33:38",41.1,1.45,200,2412500,"B"
"VHM","09:33:35",41.1,1.45,3400,2412300,"S"
"VHM","09:33:34",41.1,1.45,1700,2408900,"B"
"VHM","09:33:33",41.1,1.45,2000,2407200,"B"
"VHM","09:33:32",41.1,1.45,4500,2405200,"S"
"VHM","09:33:32",41.1,1.45,2200,2400700,"S"
"VHM","09:33:30",41.1,1.45,500,2398500,"S"
"VHM","09:33:29",41.1,1.45,1000,2398000,"S"
"VHM","09:33:28",41.1,1.45,1000,2397000,"S"
"VHM","09:33:27",41.1,1.45,10000,2396000,"S"
"VHM","09:33:26",41.05,1.4,1000,2386000,"B"
"VHM","09:33:25",41.05,1.4,6000,2385000,"B"
"VHM","09:33:24",41.1,1.45,100,2379000,"S"
"VHM","09:33:22",41.1,1.45,1500,2378900,"S"
"VHM","09:33:19",41.1,1.45,1800,2377400,"S"
"VHM","09:33:18",41.05,1.4,2100,2375600,"B"
"VHM","09:33:15",41.1,1.45,100,2373500,"S"
"VHM","09:33:13",41.15,1.5,400,2373400,"S"
"VHM","09:33:13",41.1,1.45,800,2373000,"S"
"VHM","09:33:10",41.1,1.45,100,2372200,"S"
"VHM","09:33:09",41.1,1.45,9200,2372100,"B"
"VHM","09:33:08",41.15,1.5,1000,2362900,"S"
"VHM","09:33:05",41.1,1.45,100,2361900,"B"
"VHM","09:33:03",41.1,1.45,9000,2361800,"B"
"VHM","09:32:56",41.2,1.55,12000,2352800,"S"
"VHM","09:32:56",41.15,1.5,5000,2340800,"S"
"VHM","09:32:54",41.1,1.45,1000,2335800,"B"
"VHM","09:32:51",41.2,1.55,900,2334800,"S"
"VHM","09:32:51",41.15,1.5,1800,2333900,"S"
"VHM","09:32:47",41.05,1.4,100,2332100,"B"
"VHM","09:32:43",41.2,1.55,100,2332000,"S"
"VHM","09:32:41",41.2,1.55,400,2331900,"S"
"VHM","09:32:41",41.1,1.45,100,2331500,"S"
"VHM","09:32:39",41.25,1.6,6300,2331400,"S"
"VHM","09:32:39",41.2,1.55,2800,2325100,"S"
"VHM","09:32:39",41.15,1.5,600,2322300,"S"
"VHM","09:32:39",41.1,1.45,300,2321700,"S"
"VHM","09:32:36",41.2,1.55,18800,2321400,"S"
"VHM","09:32:36",41.15,1.5,1200,2302600,"S"
"VHM","09:32:35",41.15,1.5,900,2301400,"S"
"VHM","09:32:35",41.1,1.45,100,2300500,"S"
"VHM","09:32:35",41.05,1.4,1000,2300400,"B"
"VHM","09:32:32",41.15,1.5,100,2299400,"S"
"VHM","09:32:32",41.05,1.4,1200,2299300,"B"
"VHM","09:32:32",41.1,1.45,1800,2298100,"B"
"VHM","09:32:31",41.15,1.5,100,2296300,"B"
"VHM","09:32:30",41.2,1.55,600,2296200,"S"
"VHM","09:32:29",41.2,1.55,15700,2295600,"S"
"VHM","09:32:29",41.15,1.5,6700,2279900,"B"
"VHM","09:32:28",41.15,1.5,1000,2273200,"B"
"VHM","09:32:28",41.2,1.55,500,2272200,"S"
"VHM","09:32:26",41.15,1.5,100,2271700,"B"
"VHM","09:32:24",41.2,1.55,300,2271600,"S"
"VHM","09:32:19",41.2,1.55,1000,2271300,"S"
"VHM","09:32:16",41.2,1.55,2000,2270300,"S"
"VHM","09:32:15",41.2,1.55,500,2268300,"S"
"VHM","09:32:15",41.2,1.55,300,2267800,"S"
"VHM","09:32:14",41.2,1.55,2500,2267500,"B"
"VHM","09:32:14",41.2,1.55,1500,2265000,"B"
"VHM","09:32:12",41.25,1.6,1000,2263500,"S"
"VHM","09:32:11",41.2,1.55,1000,2262500,"B"
"VHM","09:32:08",41.25,1.6,100,2261500,"S"
"VHM","09:32:07",41.25,1.6,4000,2261400,"S"
"VHM","09:32:06",41.2,1.55,2500,2257400,"B"
"VHM","09:32:05",41.2,1.55,1000,2254900,"B"
"VHM","09:32:04",41.25,1.6,2000,2253900,"S"
"VHM","09:32:03",41.25,1.6,1600,2251900,"S"
"VHM","09:32:02",41.2,1.55,5000,2250300,"B"
"VHM","09:32:01",41.2,1.55,300,2245300,"B"
"VHM","09:32:00",41.25,1.6,4100,2245000,"B"
"VHM","09:31:58",41.25,1.6,5000,2240900,"B"
"VHM","09:31:58",41.25,1.6,400,2235900,"B"
"VHM","09:31:58",41.3,1.65,200,2235500,"S"
"VHM","09:31:57",41.25,1.6,200,2235300,"B"
"VHM","09:31:57",41.3,1.65,600,2235100,"S"
"VHM","09:31:56",41.25,1.6,100,2234500,"B"
"VHM","09:31:53",41.25,1.6,200,2234400,"B"
"VHM","09:31:52",41.3,1.65,100,2234200,"S"
"VHM","09:31:52",41.25,1.6,300,2234100,"B"
"VHM","09:31:49",41.3,1.65,1700,2233800,"S"
"VHM","09:31:49",41.25,1.6,1000,2232100,"B"
"VHM","09:31:48",41.25,1.6,200,2231100,"B"
"VHM","09:31:47",41.25,1.6,4000,2230900,"B"
"VHM","09:31:47",41.25,1.6,1000,2226900,"B"
"VHM","09:31:47",41.3,1.65,400,2225900,"S"
"VHM","09:31:44",41.25,1.6,5000,2224500,"B"
"VHM","09:31:44",41.25,1.6,200,2219500,"S"
"VHM","09:31:44",41.2,1.55,1000,2219300,"B"
"VHM","09:31:42",41.3,1.65,1500,2218300,"S"
"VHM","09:31:41",41.25,1.6,400,2208100,"S"
"VHM","09:31:40",41.25,1.6,600,2207700,"S"
"VHM","09:31:38",41.25,1.6,3600,2207100,"B"
"VHM","09:31:37",41.3,1.65,2000,2203500,"S"
