"id","symbol","truncTime","matchType","matchVol","matchPrice","accumulatedVolume","createdAt","updatedAt"
158538099,"HTN","1702626290","unknown","13800","15900","557100","2023-12-15T07:45:05.191Z","2023-12-15T07:45:05.191Z"
158535078,"HTN","1702625360","s","400","15850","542300","2023-12-15T07:29:35.193Z","2023-12-15T07:29:35.193Z"
158535077,"HTN","1702625360","s","200","15850","542300","2023-12-15T07:29:35.193Z","2023-12-15T07:29:35.193Z"
158535076,"HTN","1702625360","s","200","15850","542300","2023-12-15T07:29:35.193Z","2023-12-15T07:29:35.193Z"
158535075,"HTN","1702625360","s","200","15850","542300","2023-12-15T07:29:35.193Z","2023-12-15T07:29:35.193Z"
158534899,"HTN","1702625358","b","800","15900","540300","2023-12-15T07:29:33.216Z","2023-12-15T07:29:33.216Z"
158534898,"HTN","1702625358","b","200","15900","540300","2023-12-15T07:29:33.216Z","2023-12-15T07:29:33.216Z"
158534897,"HTN","1702625358","b","1000","15900","540300","2023-12-15T07:29:33.216Z","2023-12-15T07:29:33.216Z"
158533649,"HTN","1702625344","b","200","15900","539300","2023-12-15T07:29:18.249Z","2023-12-15T07:29:18.249Z"
158533648,"HTN","1702625344","b","800","15900","539300","2023-12-15T07:29:18.249Z","2023-12-15T07:29:18.249Z"
158532017,"HTN","1702625326","b","500","15900","539300","2023-12-15T07:29:01.508Z","2023-12-15T07:29:01.508Z"
158529944,"HTN","1702625312","s","500","15900","532800","2023-12-15T07:28:46.304Z","2023-12-15T07:28:46.304Z"
158529943,"HTN","1702625312","s","200","15900","532800","2023-12-15T07:28:46.304Z","2023-12-15T07:28:46.304Z"
158529942,"HTN","1702625312","s","100","15900","532800","2023-12-15T07:28:46.304Z","2023-12-15T07:28:46.304Z"
158529941,"HTN","1702625312","s","1000","15900","532800","2023-12-15T07:28:46.304Z","2023-12-15T07:28:46.304Z"
158529940,"HTN","1702625312","s","100","15900","532800","2023-12-15T07:28:46.304Z","2023-12-15T07:28:46.304Z"
158529939,"HTN","1702625312","s","600","15900","532800","2023-12-15T07:28:46.304Z","2023-12-15T07:28:46.304Z"
158529938,"HTN","1702625312","s","1000","15900","532800","2023-12-15T07:28:46.304Z","2023-12-15T07:28:46.304Z"
158529937,"HTN","1702625312","s","500","15900","532800","2023-12-15T07:28:46.304Z","2023-12-15T07:28:46.304Z"
158529936,"HTN","1702625312","s","1000","15900","532800","2023-12-15T07:28:46.304Z","2023-12-15T07:28:46.304Z"
158529932,"HTN","1702625312","s","1000","15900","520100","2023-12-15T07:28:46.304Z","2023-12-15T07:28:46.304Z"
158529931,"HTN","1702625312","s","500","15900","520100","2023-12-15T07:28:46.304Z","2023-12-15T07:28:46.304Z"
158529930,"HTN","1702625312","s","8000","15900","520100","2023-12-15T07:28:46.304Z","2023-12-15T07:28:46.304Z"
158529929,"HTN","1702625312","s","100","15900","520100","2023-12-15T07:28:46.304Z","2023-12-15T07:28:46.304Z"
158529928,"HTN","1702625312","s","4100","15900","520100","2023-12-15T07:28:46.304Z","2023-12-15T07:28:46.304Z"
158529838,"HTN","1702625311","s","1900","15900","520100","2023-12-15T07:28:46.304Z","2023-12-15T07:28:46.304Z"
158528133,"HTN","1702625296","s","2000","15900","518200","2023-12-15T07:28:31.282Z","2023-12-15T07:28:31.282Z"
158528132,"HTN","1702625296","s","1000","15900","518200","2023-12-15T07:28:31.282Z","2023-12-15T07:28:31.282Z"
158526816,"HTN","1702625284","b","2600","15950","512600","2023-12-15T07:28:18.190Z","2023-12-15T07:28:18.190Z"
158523636,"HTN","1702625240","s","1000","15900","511600","2023-12-15T07:27:34.222Z","2023-12-15T07:27:34.222Z"
158518658,"HTN","1702625169","s","1000","15900","509600","2023-12-15T07:26:23.222Z","2023-12-15T07:26:23.222Z"
158518657,"HTN","1702625169","s","1000","15900","509600","2023-12-15T07:26:23.222Z","2023-12-15T07:26:23.222Z"
158517923,"HTN","1702625160","b","500","15950","509600","2023-12-15T07:26:14.200Z","2023-12-15T07:26:14.200Z"
158517736,"HTN","1702625157","b","300","15950","508800","2023-12-15T07:26:11.297Z","2023-12-15T07:26:11.297Z"
158517185,"HTN","1702625148","s","700","15950","502200","2023-12-15T07:26:03.213Z","2023-12-15T07:26:03.213Z"
158517184,"HTN","1702625148","s","100","15950","502200","2023-12-15T07:26:03.213Z","2023-12-15T07:26:03.213Z"
158517183,"HTN","1702625148","s","600","15950","502200","2023-12-15T07:26:03.213Z","2023-12-15T07:26:03.213Z"
158517182,"HTN","1702625148","s","1000","15950","502200","2023-12-15T07:26:03.213Z","2023-12-15T07:26:03.213Z"
158517181,"HTN","1702625148","s","4200","15950","502200","2023-12-15T07:26:03.213Z","2023-12-15T07:26:03.213Z"
158516917,"HTN","1702625145","s","800","15950","502200","2023-12-15T07:25:59.235Z","2023-12-15T07:25:59.235Z"
158516916,"HTN","1702625145","s","1000","15950","502200","2023-12-15T07:25:59.235Z","2023-12-15T07:25:59.235Z"
158516915,"HTN","1702625145","s","200","15950","502200","2023-12-15T07:25:59.235Z","2023-12-15T07:25:59.235Z"
158516030,"HTN","1702625132","b","500","16000","499700","2023-12-15T07:25:47.204Z","2023-12-15T07:25:47.204Z"
158515082,"HTN","1702625120","s","1500","16000","495700","2023-12-15T07:25:35.216Z","2023-12-15T07:25:35.216Z"
158515081,"HTN","1702625120","s","2000","16000","495700","2023-12-15T07:25:35.216Z","2023-12-15T07:25:35.216Z"
158515080,"HTN","1702625120","s","100","16000","495700","2023-12-15T07:25:35.216Z","2023-12-15T07:25:35.216Z"
158515079,"HTN","1702625120","s","400","16000","495700","2023-12-15T07:25:35.216Z","2023-12-15T07:25:35.216Z"
158514898,"HTN","1702625116","s","1600","16000","485700","2023-12-15T07:25:31.189Z","2023-12-15T07:25:31.189Z"
158514897,"HTN","1702625116","s","100","16000","485700","2023-12-15T07:25:31.189Z","2023-12-15T07:25:31.189Z"
158514896,"HTN","1702625116","s","1000","16000","485700","2023-12-15T07:25:31.189Z","2023-12-15T07:25:31.189Z"
158514895,"HTN","1702625116","s","1900","16000","485700","2023-12-15T07:25:31.189Z","2023-12-15T07:25:31.189Z"
158514894,"HTN","1702625116","s","200","16000","485700","2023-12-15T07:25:31.189Z","2023-12-15T07:25:31.189Z"
158514893,"HTN","1702625116","s","5000","16000","485700","2023-12-15T07:25:31.189Z","2023-12-15T07:25:31.189Z"
158514892,"HTN","1702625116","s","200","16000","485700","2023-12-15T07:25:31.189Z","2023-12-15T07:25:31.189Z"
158514376,"HTN","1702625108","s","500","16000","485700","2023-12-15T07:25:23.190Z","2023-12-15T07:25:23.190Z"
158513004,"HTN","1702625088","s","300","16000","483200","2023-12-15T07:25:02.204Z","2023-12-15T07:25:02.204Z"
158513003,"HTN","1702625088","s","300","16000","483200","2023-12-15T07:25:02.204Z","2023-12-15T07:25:02.204Z"
158513002,"HTN","1702625088","s","500","16000","483200","2023-12-15T07:25:02.204Z","2023-12-15T07:25:02.204Z"
158513001,"HTN","1702625088","s","700","16000","483200","2023-12-15T07:25:02.204Z","2023-12-15T07:25:02.204Z"
158513000,"HTN","1702625088","s","100","16050","483200","2023-12-15T07:25:02.204Z","2023-12-15T07:25:02.204Z"
158512999,"HTN","1702625088","s","100","16050","483200","2023-12-15T07:25:02.204Z","2023-12-15T07:25:02.204Z"
158504023,"HTN","1702624852","b","1000","16050","482200","2023-12-15T07:21:07.183Z","2023-12-15T07:21:07.183Z"
158502599,"HTN","1702624818","b","1000","16050","481200","2023-12-15T07:20:32.226Z","2023-12-15T07:20:32.226Z"
158501923,"HTN","1702624792","b","300","16050","480100","2023-12-15T07:20:06.183Z","2023-12-15T07:20:06.183Z"
158501922,"HTN","1702624792","b","800","16050","480100","2023-12-15T07:20:06.183Z","2023-12-15T07:20:06.183Z"
158499765,"HTN","1702624726","s","100","16000","480000","2023-12-15T07:19:01.177Z","2023-12-15T07:19:01.177Z"
158499132,"HTN","1702624704","b","1400","16000","480000","2023-12-15T07:18:38.175Z","2023-12-15T07:18:38.175Z"
158498981,"HTN","1702624698","b","1000","16000","477600","2023-12-15T07:18:32.186Z","2023-12-15T07:18:32.186Z"
158498580,"HTN","1702624686","s","2000","16000","470000","2023-12-15T07:18:20.207Z","2023-12-15T07:18:20.207Z"
158498579,"HTN","1702624686","s","5100","16000","470000","2023-12-15T07:18:20.207Z","2023-12-15T07:18:20.207Z"
158498578,"HTN","1702624686","s","500","16000","470000","2023-12-15T07:18:20.207Z","2023-12-15T07:18:20.207Z"
158498398,"HTN","1702624679","s","900","16000","469100","2023-12-15T07:18:13.221Z","2023-12-15T07:18:13.221Z"
158496877,"HTN","1702624623","s","500","16000","469100","2023-12-15T07:17:17.174Z","2023-12-15T07:17:17.174Z"
158496803,"HTN","1702624619","b","200","16000","468600","2023-12-15T07:17:14.196Z","2023-12-15T07:17:14.196Z"
158496802,"HTN","1702624619","b","1000","16000","468600","2023-12-15T07:17:14.196Z","2023-12-15T07:17:14.196Z"
158496801,"HTN","1702624619","b","1000","16000","468600","2023-12-15T07:17:14.196Z","2023-12-15T07:17:14.196Z"
158496800,"HTN","1702624619","b","900","16000","468600","2023-12-15T07:17:14.196Z","2023-12-15T07:17:14.196Z"
158496515,"HTN","1702624610","b","2000","16000","463500","2023-12-15T07:17:05.177Z","2023-12-15T07:17:05.177Z"
158495259,"HTN","1702624563","s","500","15950","463000","2023-12-15T07:16:17.202Z","2023-12-15T07:16:17.202Z"
158494256,"HTN","1702624525","b","2000","16000","461000","2023-12-15T07:15:39.198Z","2023-12-15T07:15:39.198Z"
158494026,"HTN","1702624515","b","1000","16000","460000","2023-12-15T07:15:30.188Z","2023-12-15T07:15:30.188Z"
158492107,"HTN","1702624442","b","1000","16000","459000","2023-12-15T07:14:16.185Z","2023-12-15T07:14:16.185Z"
158489179,"HTN","1702624335","s","100","16000","459000","2023-12-15T07:12:30.198Z","2023-12-15T07:12:30.198Z"
158489178,"HTN","1702624335","s","100","16000","459000","2023-12-15T07:12:30.198Z","2023-12-15T07:12:30.198Z"
158489177,"HTN","1702624335","s","1000","16000","459000","2023-12-15T07:12:30.198Z","2023-12-15T07:12:30.198Z"
158489176,"HTN","1702624335","s","500","16000","459000","2023-12-15T07:12:30.198Z","2023-12-15T07:12:30.198Z"
158489175,"HTN","1702624335","s","1400","16000","459000","2023-12-15T07:12:30.198Z","2023-12-15T07:12:30.198Z"
158489140,"HTN","1702624333","s","1600","16000","445900","2023-12-15T07:12:28.179Z","2023-12-15T07:12:28.179Z"
158489139,"HTN","1702624333","s","1000","16000","445900","2023-12-15T07:12:28.179Z","2023-12-15T07:12:28.179Z"
158489138,"HTN","1702624333","s","4000","16000","445900","2023-12-15T07:12:28.179Z","2023-12-15T07:12:28.179Z"
158489137,"HTN","1702624333","s","1000","16000","445900","2023-12-15T07:12:28.179Z","2023-12-15T07:12:28.179Z"
158489136,"HTN","1702624333","s","500","16000","445900","2023-12-15T07:12:28.179Z","2023-12-15T07:12:28.179Z"
158489135,"HTN","1702624333","s","1000","16000","445900","2023-12-15T07:12:28.179Z","2023-12-15T07:12:28.179Z"
158489134,"HTN","1702624333","s","600","16000","445900","2023-12-15T07:12:28.179Z","2023-12-15T07:12:28.179Z"
158489133,"HTN","1702624333","s","200","16000","445900","2023-12-15T07:12:28.179Z","2023-12-15T07:12:28.179Z"
158489132,"HTN","1702624333","s","100","16000","445900","2023-12-15T07:12:28.179Z","2023-12-15T07:12:28.179Z"
158489015,"HTN","1702624329","s","1000","16000","444900","2023-12-15T07:12:23.188Z","2023-12-15T07:12:23.188Z"
158488342,"HTN","1702624309","s","1200","16050","443700","2023-12-15T07:12:03.182Z","2023-12-15T07:12:03.182Z"
158488333,"HTN","1702624308","s","1500","16050","442200","2023-12-15T07:12:02.183Z","2023-12-15T07:12:02.183Z"
158488264,"HTN","1702624305","s","500","16050","442200","2023-12-15T07:12:00.197Z","2023-12-15T07:12:00.197Z"
