"id","symbol","truncTime","matchType","matchVol","matchPrice","accumulatedVolume","createdAt","updatedAt"
158538456,"IPA","1702626328","s","2200","15300","204200","2023-12-15T07:45:31.192Z","2023-12-15T07:45:31.192Z"
158532570,"IPA","1702625344","s","2000","15300","202000","2023-12-15T07:29:06.301Z","2023-12-15T07:29:06.301Z"
158524533,"IPA","1702625265","unknown","100","15400","200000","2023-12-15T07:27:47.251Z","2023-12-15T07:27:47.251Z"
158510058,"IPA","1702625026","b","1000","15500","199900","2023-12-15T07:23:48.224Z","2023-12-15T07:23:48.224Z"
158503695,"IPA","1702624855","b","100","15400","198900","2023-12-15T07:20:57.192Z","2023-12-15T07:20:57.192Z"
158503618,"IPA","1702624852","b","2000","15400","198800","2023-12-15T07:20:54.187Z","2023-12-15T07:20:54.187Z"
158503363,"IPA","1702624844","b","100","15400","196800","2023-12-15T07:20:46.181Z","2023-12-15T07:20:46.181Z"
158503220,"IPA","1702624838","b","2000","15400","196700","2023-12-15T07:20:40.211Z","2023-12-15T07:20:40.211Z"
158502018,"IPA","1702624809","b","500","15400","194700","2023-12-15T07:20:11.194Z","2023-12-15T07:20:11.194Z"
158501810,"IPA","1702624800","b","3900","15400","194200","2023-12-15T07:20:02.195Z","2023-12-15T07:20:02.195Z"
158501696,"IPA","1702624797","b","4600","15400","190300","2023-12-15T07:19:59.187Z","2023-12-15T07:19:59.187Z"
158501239,"IPA","1702624784","b","2000","15400","185700","2023-12-15T07:19:46.181Z","2023-12-15T07:19:46.181Z"
158500986,"IPA","1702624776","b","10000","15400","183700","2023-12-15T07:19:37.197Z","2023-12-15T07:19:37.197Z"
158494433,"IPA","1702624546","b","3300","15400","173700","2023-12-15T07:15:47.180Z","2023-12-15T07:15:47.180Z"
158494268,"IPA","1702624538","s","1000","15400","170400","2023-12-15T07:15:40.178Z","2023-12-15T07:15:40.178Z"
158492463,"IPA","1702624469","s","200","15400","169400","2023-12-15T07:14:31.176Z","2023-12-15T07:14:31.176Z"
158482533,"IPA","1702624166","b","200","15500","169200","2023-12-15T07:09:28.175Z","2023-12-15T07:09:28.175Z"
158479663,"IPA","1702624097","unknown","1000","15500","169000","2023-12-15T07:08:18.171Z","2023-12-15T07:08:18.171Z"
158474912,"IPA","1702623983","s","10000","15500","168000","2023-12-15T07:06:24.177Z","2023-12-15T07:06:24.177Z"
158470988,"IPA","1702623896","b","4000","15600","158000","2023-12-15T07:04:57.239Z","2023-12-15T07:04:57.239Z"
158469881,"IPA","1702623875","s","700","15500","154000","2023-12-15T07:04:37.208Z","2023-12-15T07:04:37.208Z"
158468258,"IPA","1702623850","b","300","15500","153300","2023-12-15T07:04:11.214Z","2023-12-15T07:04:11.214Z"
158468038,"IPA","1702623846","b","1700","15500","153000","2023-12-15T07:04:07.256Z","2023-12-15T07:04:07.256Z"
158467352,"IPA","1702623834","b","1300","15500","151300","2023-12-15T07:03:56.173Z","2023-12-15T07:03:56.173Z"
158466821,"IPA","1702623823","b","200","15500","150000","2023-12-15T07:03:44.207Z","2023-12-15T07:03:44.207Z"
158465495,"IPA","1702623798","b","15000","15500","149800","2023-12-15T07:03:19.182Z","2023-12-15T07:03:19.182Z"
158461915,"IPA","1702623747","b","5000","15400","134800","2023-12-15T07:02:28.196Z","2023-12-15T07:02:28.196Z"
158455935,"IPA","1702623581","s","200","15300","129800","2023-12-15T06:59:43.170Z","2023-12-15T06:59:43.170Z"
158455287,"IPA","1702623558","s","300","15300","129600","2023-12-15T06:59:20.183Z","2023-12-15T06:59:20.183Z"
158453421,"IPA","1702623491","s","200","15300","129300","2023-12-15T06:58:13.170Z","2023-12-15T06:58:13.170Z"
158453045,"IPA","1702623480","s","300","15300","129100","2023-12-15T06:58:02.167Z","2023-12-15T06:58:02.167Z"
158448331,"IPA","1702623284","b","700","15400","128800","2023-12-15T06:54:46.166Z","2023-12-15T06:54:46.166Z"
158438025,"IPA","1702622893","b","100","15400","128100","2023-12-15T06:48:15.152Z","2023-12-15T06:48:15.152Z"
158437759,"IPA","1702622882","b","500","15400","128000","2023-12-15T06:48:04.166Z","2023-12-15T06:48:04.166Z"
158431490,"IPA","1702622636","s","1800","15400","127500","2023-12-15T06:43:57.149Z","2023-12-15T06:43:57.149Z"
158426497,"IPA","1702622454","s","1000","15400","125700","2023-12-15T06:40:55.147Z","2023-12-15T06:40:55.147Z"
158423379,"IPA","1702622336","s","200","15400","124700","2023-12-15T06:38:58.215Z","2023-12-15T06:38:58.215Z"
158414238,"IPA","1702622000","s","2700","15400","124500","2023-12-15T06:33:21.161Z","2023-12-15T06:33:21.161Z"
158410924,"IPA","1702621894","b","300","15400","121800","2023-12-15T06:31:35.165Z","2023-12-15T06:31:35.165Z"
158410845,"IPA","1702621892","b","100","15400","121500","2023-12-15T06:31:34.167Z","2023-12-15T06:31:34.167Z"
158409795,"IPA","1702621858","s","100","15400","121400","2023-12-15T06:30:59.142Z","2023-12-15T06:30:59.142Z"
158406163,"IPA","1702621766","unknown","8800","15500","121300","2023-12-15T06:29:27.141Z","2023-12-15T06:29:27.141Z"
158404240,"IPA","1702621718","s","500","15400","112500","2023-12-15T06:28:39.140Z","2023-12-15T06:28:39.140Z"
158403543,"IPA","1702621703","s","2400","15400","112000","2023-12-15T06:28:25.151Z","2023-12-15T06:28:25.151Z"
158401167,"IPA","1702621646","b","3000","15400","109600","2023-12-15T06:27:27.166Z","2023-12-15T06:27:27.166Z"
158396652,"IPA","1702621561","s","3000","15300","106600","2023-12-15T06:26:02.156Z","2023-12-15T06:26:02.156Z"
158394411,"IPA","1702621530","s","500","15300","103600","2023-12-15T06:25:32.156Z","2023-12-15T06:25:32.156Z"
158391572,"IPA","1702621479","b","400","15300","103100","2023-12-15T06:24:40.159Z","2023-12-15T06:24:40.159Z"
158388607,"IPA","1702621427","b","500","15300","102700","2023-12-15T06:23:49.156Z","2023-12-15T06:23:49.156Z"
158388404,"IPA","1702621424","b","500","15300","102200","2023-12-15T06:23:45.136Z","2023-12-15T06:23:45.136Z"
158387668,"IPA","1702621410","s","400","15200","101700","2023-12-15T06:23:31.135Z","2023-12-15T06:23:31.135Z"
158387016,"IPA","1702621399","b","300","15300","101300","2023-12-15T06:23:20.134Z","2023-12-15T06:23:20.134Z"
158378102,"IPA","1702621146","b","200","15300","101000","2023-12-15T06:19:07.130Z","2023-12-15T06:19:07.130Z"
158373322,"IPA","1702620978","s","4500","15200","100800","2023-12-15T06:16:19.165Z","2023-12-15T06:16:19.165Z"
158352892,"IPA","1702620459","s","1500","15200","96300","2023-12-15T06:07:40.128Z","2023-12-15T06:07:40.128Z"
158342063,"IPA","1702620207","s","8000","15100","94800","2023-12-15T06:03:28.134Z","2023-12-15T06:03:28.134Z"
158342040,"IPA","1702620206","s","3000","15100","86800","2023-12-15T06:03:27.124Z","2023-12-15T06:03:27.124Z"
158342021,"IPA","1702620205","s","2600","15100","83800","2023-12-15T06:03:26.132Z","2023-12-15T06:03:26.132Z"
158341216,"IPA","1702620178","b","1600","15200","81200","2023-12-15T06:03:00.122Z","2023-12-15T06:03:00.122Z"
158340035,"IPA","1702620139","s","300","15200","79600","2023-12-15T06:02:20.122Z","2023-12-15T06:02:20.122Z"
158336453,"IPA","1702620019","b","100","15200","79300","2023-12-15T06:00:21.160Z","2023-12-15T06:00:21.160Z"
158323032,"IPA","1702614042","b","100","15200","79200","2023-12-15T04:20:44.067Z","2023-12-15T04:20:44.067Z"
158322056,"IPA","1702613994","b","100","15200","79100","2023-12-15T04:19:56.055Z","2023-12-15T04:19:56.055Z"
158314408,"IPA","1702613757","s","100","15200","79000","2023-12-15T04:15:59.112Z","2023-12-15T04:15:59.112Z"
158303751,"IPA","1702613344","s","1000","15200","78900","2023-12-15T04:09:05.037Z","2023-12-15T04:09:05.037Z"
158296634,"IPA","1702612935","b","900","15200","77900","2023-12-15T04:02:17.030Z","2023-12-15T04:02:17.030Z"
158284012,"IPA","1702612108","b","200","15200","77000","2023-12-15T03:48:29.026Z","2023-12-15T03:48:29.026Z"
158283753,"IPA","1702612098","b","400","15200","76800","2023-12-15T03:48:19.016Z","2023-12-15T03:48:19.016Z"
158283328,"IPA","1702612074","b","1500","15200","76400","2023-12-15T03:47:56.008Z","2023-12-15T03:47:56.008Z"
158280665,"IPA","1702611935","s","100","15200","74900","2023-12-15T03:45:36.032Z","2023-12-15T03:45:36.032Z"
158279903,"IPA","1702611904","b","100","15300","74800","2023-12-15T03:45:05.010Z","2023-12-15T03:45:05.010Z"
158274785,"IPA","1702611556","s","600","15100","74700","2023-12-15T03:39:18.001Z","2023-12-15T03:39:18.001Z"
158268287,"IPA","1702611160","s","7000","15100","74100","2023-12-15T03:32:42.007Z","2023-12-15T03:32:42.007Z"
158262370,"IPA","1702610931","s","15000","15100","67100","2023-12-15T03:28:53.014Z","2023-12-15T03:28:53.014Z"
158250352,"IPA","1702610364","s","5000","15200","52100","2023-12-15T03:19:25.995Z","2023-12-15T03:19:25.995Z"
158243996,"IPA","1702610017","s","100","15200","47100","2023-12-15T03:13:39.006Z","2023-12-15T03:13:39.006Z"
158237719,"IPA","1702609657","s","500","15200","47000","2023-12-15T03:07:38.993Z","2023-12-15T03:07:38.993Z"
158237348,"IPA","1702609630","s","10000","15200","46500","2023-12-15T03:07:10.988Z","2023-12-15T03:07:10.988Z"
158237009,"IPA","1702609609","s","100","15300","36500","2023-12-15T03:06:51.005Z","2023-12-15T03:06:51.005Z"
158211606,"IPA","1702608268","b","100","15300","36400","2023-12-15T02:44:31.019Z","2023-12-15T02:44:31.019Z"
158210366,"IPA","1702608210","b","200","15300","36300","2023-12-15T02:43:31.971Z","2023-12-15T02:43:31.971Z"
158210347,"IPA","1702608209","b","200","15300","36100","2023-12-15T02:43:30.980Z","2023-12-15T02:43:30.980Z"
158209836,"IPA","1702608184","b","200","15300","35900","2023-12-15T02:43:05.974Z","2023-12-15T02:43:05.974Z"
158209698,"IPA","1702608176","b","3000","15300","35700","2023-12-15T02:42:57.975Z","2023-12-15T02:42:57.975Z"
158209484,"IPA","1702608167","b","1000","15300","32700","2023-12-15T02:42:48.974Z","2023-12-15T02:42:48.974Z"
158209444,"IPA","1702608164","b","1000","15300","31700","2023-12-15T02:42:45.972Z","2023-12-15T02:42:45.972Z"
158205286,"IPA","1702607970","s","100","15200","30700","2023-12-15T02:39:31.978Z","2023-12-15T02:39:31.978Z"
158200486,"IPA","1702607768","s","11000","15200","30600","2023-12-15T02:36:09.969Z","2023-12-15T02:36:09.969Z"
158196623,"IPA","1702607619","s","300","15200","19600","2023-12-15T02:33:40.961Z","2023-12-15T02:33:40.961Z"
158186662,"IPA","1702607342","s","8000","15200","19300","2023-12-15T02:29:03.978Z","2023-12-15T02:29:03.978Z"
158183496,"IPA","1702607238","s","5000","15200","11300","2023-12-15T02:27:19.984Z","2023-12-15T02:27:19.984Z"
158181902,"IPA","1702607191","s","5000","15200","6300","2023-12-15T02:26:32.992Z","2023-12-15T02:26:32.992Z"
158175877,"IPA","1702607007","s","100","15200","1300","2023-12-15T02:23:28.960Z","2023-12-15T02:23:28.960Z"
158175200,"IPA","1702606987","s","100","15200","1200","2023-12-15T02:23:08.026Z","2023-12-15T02:23:08.026Z"
158166111,"IPA","1702606646","b","100","15300","1100","2023-12-15T02:17:27.954Z","2023-12-15T02:17:27.954Z"
158163721,"IPA","1702606527","b","100","15300","1000","2023-12-15T02:15:29.948Z","2023-12-15T02:15:29.948Z"
158162679,"IPA","1702606339","b","200","15300","900","2023-12-15T02:12:20.937Z","2023-12-15T02:12:20.937Z"
158162486,"IPA","1702606250","b","500","15300","700","2023-12-15T02:10:52.935Z","2023-12-15T02:10:52.935Z"
158161342,"IPA","1702605726","s","200","15100","200","2023-12-15T02:02:07.933Z","2023-12-15T02:02:07.933Z"
