"id","symbol","truncTime","matchType","matchVol","matchPrice","accumulatedVolume","createdAt","updatedAt"
158538137,"KHG","1702626292","unknown","501600","6230","3164800","2023-12-15T07:45:07.200Z","2023-12-15T07:45:07.200Z"
158537172,"KHG","1702625385","b","500","6230","2662200","2023-12-15T07:29:59.197Z","2023-12-15T07:29:59.197Z"
158537171,"KHG","1702625385","b","500","6230","2662200","2023-12-15T07:29:59.197Z","2023-12-15T07:29:59.197Z"
158536848,"KHG","1702625380","b","500","6230","2662200","2023-12-15T07:29:55.214Z","2023-12-15T07:29:55.214Z"
158536847,"KHG","1702625380","b","200","6230","2662200","2023-12-15T07:29:55.214Z","2023-12-15T07:29:55.214Z"
158536846,"KHG","1702625380","b","100","6230","2662200","2023-12-15T07:29:55.214Z","2023-12-15T07:29:55.214Z"
158536845,"KHG","1702625380","b","200","6230","2662200","2023-12-15T07:29:55.214Z","2023-12-15T07:29:55.214Z"
158536844,"KHG","1702625380","b","2000","6230","2662200","2023-12-15T07:29:55.214Z","2023-12-15T07:29:55.214Z"
158536755,"KHG","1702625379","s","1000","6220","2658200","2023-12-15T07:29:53.220Z","2023-12-15T07:29:53.220Z"
158536207,"KHG","1702625373","b","500","6220","2657700","2023-12-15T07:29:48.210Z","2023-12-15T07:29:48.210Z"
158535506,"KHG","1702625364","s","7000","6200","2647700","2023-12-15T07:29:38.255Z","2023-12-15T07:29:38.255Z"
158535505,"KHG","1702625364","s","2200","6200","2647700","2023-12-15T07:29:38.255Z","2023-12-15T07:29:38.255Z"
158535504,"KHG","1702625364","s","300","6200","2647700","2023-12-15T07:29:38.255Z","2023-12-15T07:29:38.255Z"
158535503,"KHG","1702625364","s","200","6200","2647700","2023-12-15T07:29:38.255Z","2023-12-15T07:29:38.255Z"
158535502,"KHG","1702625364","s","100","6200","2647700","2023-12-15T07:29:38.255Z","2023-12-15T07:29:38.255Z"
158535501,"KHG","1702625364","s","200","6200","2647700","2023-12-15T07:29:38.255Z","2023-12-15T07:29:38.255Z"
158535194,"KHG","1702625362","b","500","6220","2645700","2023-12-15T07:29:36.250Z","2023-12-15T07:29:36.250Z"
158535193,"KHG","1702625362","b","1500","6210","2645700","2023-12-15T07:29:36.250Z","2023-12-15T07:29:36.250Z"
158534948,"KHG","1702625359","s","1500","6210","2644200","2023-12-15T07:29:33.216Z","2023-12-15T07:29:33.216Z"
158533761,"KHG","1702625345","s","500","6210","2643100","2023-12-15T07:29:20.204Z","2023-12-15T07:29:20.204Z"
158533760,"KHG","1702625345","s","600","6220","2643100","2023-12-15T07:29:20.204Z","2023-12-15T07:29:20.204Z"
158533718,"KHG","1702625345","b","900","6220","2641700","2023-12-15T07:29:19.217Z","2023-12-15T07:29:19.217Z"
158533717,"KHG","1702625345","b","100","6220","2641700","2023-12-15T07:29:19.217Z","2023-12-15T07:29:19.217Z"
158533716,"KHG","1702625345","b","100","6220","2641700","2023-12-15T07:29:19.217Z","2023-12-15T07:29:19.217Z"
158533715,"KHG","1702625345","b","300","6220","2641700","2023-12-15T07:29:19.217Z","2023-12-15T07:29:19.217Z"
158533557,"KHG","1702625343","b","100","6220","2641600","2023-12-15T07:29:17.199Z","2023-12-15T07:29:17.199Z"
158530826,"KHG","1702625319","s","800","6200","2631600","2023-12-15T07:28:53.293Z","2023-12-15T07:28:53.293Z"
158530825,"KHG","1702625319","s","700","6200","2631600","2023-12-15T07:28:53.293Z","2023-12-15T07:28:53.293Z"
158530824,"KHG","1702625319","s","100","6200","2631600","2023-12-15T07:28:53.293Z","2023-12-15T07:28:53.293Z"
158530823,"KHG","1702625319","s","500","6200","2631600","2023-12-15T07:28:53.293Z","2023-12-15T07:28:53.293Z"
158530822,"KHG","1702625319","s","500","6200","2631600","2023-12-15T07:28:53.293Z","2023-12-15T07:28:53.293Z"
158530821,"KHG","1702625319","s","100","6200","2631600","2023-12-15T07:28:53.293Z","2023-12-15T07:28:53.293Z"
158530820,"KHG","1702625319","s","1000","6200","2631600","2023-12-15T07:28:53.293Z","2023-12-15T07:28:53.293Z"
158530819,"KHG","1702625319","s","100","6200","2631600","2023-12-15T07:28:53.293Z","2023-12-15T07:28:53.293Z"
158530818,"KHG","1702625319","s","1000","6200","2631600","2023-12-15T07:28:53.293Z","2023-12-15T07:28:53.293Z"
158530817,"KHG","1702625319","s","2000","6200","2631600","2023-12-15T07:28:53.293Z","2023-12-15T07:28:53.293Z"
158530816,"KHG","1702625319","s","400","6200","2631600","2023-12-15T07:28:53.293Z","2023-12-15T07:28:53.293Z"
158530815,"KHG","1702625319","s","2800","6210","2631600","2023-12-15T07:28:53.293Z","2023-12-15T07:28:53.293Z"
158530144,"KHG","1702625314","s","900","6210","2630700","2023-12-15T07:28:48.242Z","2023-12-15T07:28:48.242Z"
158528863,"KHG","1702625303","s","1000","6210","2629700","2023-12-15T07:28:37.239Z","2023-12-15T07:28:37.239Z"
158528689,"KHG","1702625302","s","300","6210","2629700","2023-12-15T07:28:36.205Z","2023-12-15T07:28:36.205Z"
158528258,"KHG","1702625297","s","600","6200","2609400","2023-12-15T07:28:32.263Z","2023-12-15T07:28:32.263Z"
158528257,"KHG","1702625297","s","400","6200","2609400","2023-12-15T07:28:32.263Z","2023-12-15T07:28:32.263Z"
158528256,"KHG","1702625297","s","300","6200","2609400","2023-12-15T07:28:32.263Z","2023-12-15T07:28:32.263Z"
158528255,"KHG","1702625297","s","1500","6200","2609400","2023-12-15T07:28:32.263Z","2023-12-15T07:28:32.263Z"
158528254,"KHG","1702625297","s","7000","6200","2609400","2023-12-15T07:28:32.263Z","2023-12-15T07:28:32.263Z"
158528253,"KHG","1702625297","s","1900","6200","2609400","2023-12-15T07:28:32.263Z","2023-12-15T07:28:32.263Z"
158528252,"KHG","1702625297","s","100","6200","2609400","2023-12-15T07:28:32.263Z","2023-12-15T07:28:32.263Z"
158528251,"KHG","1702625297","s","200","6200","2609400","2023-12-15T07:28:32.263Z","2023-12-15T07:28:32.263Z"
158528250,"KHG","1702625297","s","8000","6200","2609400","2023-12-15T07:28:32.263Z","2023-12-15T07:28:32.263Z"
158525138,"KHG","1702625259","s","400","6200","2605400","2023-12-15T07:27:54.287Z","2023-12-15T07:27:54.287Z"
158525137,"KHG","1702625259","s","1100","6200","2605400","2023-12-15T07:27:54.287Z","2023-12-15T07:27:54.287Z"
158525136,"KHG","1702625259","s","2500","6200","2605400","2023-12-15T07:27:54.287Z","2023-12-15T07:27:54.287Z"
158523289,"KHG","1702625236","s","3000","6200","2595400","2023-12-15T07:27:30.202Z","2023-12-15T07:27:30.202Z"
158523288,"KHG","1702625236","s","1000","6200","2595400","2023-12-15T07:27:30.202Z","2023-12-15T07:27:30.202Z"
158523287,"KHG","1702625236","s","200","6200","2595400","2023-12-15T07:27:30.202Z","2023-12-15T07:27:30.202Z"
158523286,"KHG","1702625236","s","400","6200","2595400","2023-12-15T07:27:30.202Z","2023-12-15T07:27:30.202Z"
158523285,"KHG","1702625236","s","200","6210","2595400","2023-12-15T07:27:30.202Z","2023-12-15T07:27:30.202Z"
158523284,"KHG","1702625236","s","5200","6210","2595400","2023-12-15T07:27:30.202Z","2023-12-15T07:27:30.202Z"
158522687,"KHG","1702625225","s","100","6210","2595300","2023-12-15T07:27:20.227Z","2023-12-15T07:27:20.227Z"
158522555,"KHG","1702625223","s","1700","6210","2595300","2023-12-15T07:27:18.213Z","2023-12-15T07:27:18.213Z"
158522554,"KHG","1702625223","s","100","6210","2595300","2023-12-15T07:27:18.213Z","2023-12-15T07:27:18.213Z"
158522553,"KHG","1702625223","s","100","6210","2595300","2023-12-15T07:27:18.213Z","2023-12-15T07:27:18.213Z"
158522552,"KHG","1702625223","s","100","6210","2595300","2023-12-15T07:27:18.213Z","2023-12-15T07:27:18.213Z"
158521771,"KHG","1702625211","s","400","6210","2569300","2023-12-15T07:27:05.205Z","2023-12-15T07:27:05.205Z"
158521770,"KHG","1702625211","s","100","6210","2569300","2023-12-15T07:27:05.205Z","2023-12-15T07:27:05.205Z"
158521769,"KHG","1702625211","s","100","6210","2569300","2023-12-15T07:27:05.205Z","2023-12-15T07:27:05.205Z"
158521768,"KHG","1702625211","s","100","6210","2569300","2023-12-15T07:27:05.205Z","2023-12-15T07:27:05.205Z"
158521767,"KHG","1702625211","s","1000","6210","2569300","2023-12-15T07:27:05.205Z","2023-12-15T07:27:05.205Z"
158521766,"KHG","1702625211","s","400","6210","2569300","2023-12-15T07:27:05.205Z","2023-12-15T07:27:05.205Z"
158521765,"KHG","1702625211","s","500","6210","2569300","2023-12-15T07:27:05.205Z","2023-12-15T07:27:05.205Z"
158521764,"KHG","1702625211","s","100","6210","2569300","2023-12-15T07:27:05.205Z","2023-12-15T07:27:05.205Z"
158521763,"KHG","1702625211","s","14100","6210","2569300","2023-12-15T07:27:05.205Z","2023-12-15T07:27:05.205Z"
158521762,"KHG","1702625211","s","100","6210","2569300","2023-12-15T07:27:05.205Z","2023-12-15T07:27:05.205Z"
158521761,"KHG","1702625211","s","7100","6210","2569300","2023-12-15T07:27:05.205Z","2023-12-15T07:27:05.205Z"
158521062,"KHG","1702625201","s","1800","6220","2569300","2023-12-15T07:26:56.278Z","2023-12-15T07:26:56.278Z"
158521061,"KHG","1702625201","s","300","6220","2569300","2023-12-15T07:26:56.278Z","2023-12-15T07:26:56.278Z"
158521060,"KHG","1702625201","s","100","6220","2569300","2023-12-15T07:26:56.278Z","2023-12-15T07:26:56.278Z"
158520691,"KHG","1702625195","b","2900","6230","2567100","2023-12-15T07:26:50.187Z","2023-12-15T07:26:50.187Z"
158520690,"KHG","1702625195","b","100","6220","2567100","2023-12-15T07:26:50.187Z","2023-12-15T07:26:50.187Z"
158520326,"KHG","1702625191","s","200","6220","2564100","2023-12-15T07:26:46.187Z","2023-12-15T07:26:46.187Z"
158520325,"KHG","1702625191","s","2200","6220","2564100","2023-12-15T07:26:46.187Z","2023-12-15T07:26:46.187Z"
158520183,"KHG","1702625190","s","3600","6220","2556700","2023-12-15T07:26:44.208Z","2023-12-15T07:26:44.208Z"
158520182,"KHG","1702625190","s","1400","6220","2556700","2023-12-15T07:26:44.208Z","2023-12-15T07:26:44.208Z"
158519874,"KHG","1702625186","s","3600","6220","2548700","2023-12-15T07:26:40.198Z","2023-12-15T07:26:40.198Z"
158519873,"KHG","1702625186","s","100","6220","2548700","2023-12-15T07:26:40.198Z","2023-12-15T07:26:40.198Z"
158519872,"KHG","1702625186","s","100","6220","2548700","2023-12-15T07:26:40.198Z","2023-12-15T07:26:40.198Z"
158519871,"KHG","1702625186","s","100","6220","2548700","2023-12-15T07:26:40.198Z","2023-12-15T07:26:40.198Z"
158519870,"KHG","1702625186","s","1600","6220","2548700","2023-12-15T07:26:40.198Z","2023-12-15T07:26:40.198Z"
158519869,"KHG","1702625186","s","2500","6220","2548700","2023-12-15T07:26:40.198Z","2023-12-15T07:26:40.198Z"
158519697,"KHG","1702625184","s","600","6220","2548100","2023-12-15T07:26:38.185Z","2023-12-15T07:26:38.185Z"
158517915,"KHG","1702625159","s","6700","6220","2541400","2023-12-15T07:26:13.205Z","2023-12-15T07:26:13.205Z"
158516560,"KHG","1702625140","s","900","6220","2540500","2023-12-15T07:25:54.221Z","2023-12-15T07:25:54.221Z"
158516104,"KHG","1702625133","s","7000","6220","2533500","2023-12-15T07:25:48.264Z","2023-12-15T07:25:48.264Z"
158515652,"KHG","1702625128","s","5900","6220","2533500","2023-12-15T07:25:42.249Z","2023-12-15T07:25:42.249Z"
158515651,"KHG","1702625128","s","1000","6220","2533500","2023-12-15T07:25:42.249Z","2023-12-15T07:25:42.249Z"
158515649,"KHG","1702625128","s","600","6220","2523500","2023-12-15T07:25:42.249Z","2023-12-15T07:25:42.249Z"
158515648,"KHG","1702625128","s","500","6220","2523500","2023-12-15T07:25:42.249Z","2023-12-15T07:25:42.249Z"
158515647,"KHG","1702625128","s","200","6220","2523500","2023-12-15T07:25:42.249Z","2023-12-15T07:25:42.249Z"
158515646,"KHG","1702625128","s","1800","6220","2523500","2023-12-15T07:25:42.249Z","2023-12-15T07:25:42.249Z"
