"id","symbol","truncTime","matchType","matchVol","matchPrice","accumulatedVolume","createdAt","updatedAt"
158539180,"QTP","1702627154","b","100","14300","165800","2023-12-15T07:59:16.205Z","2023-12-15T07:59:16.205Z"
158539147,"QTP","1702627133","s","15000","14100","165700","2023-12-15T07:58:55.202Z","2023-12-15T07:58:55.202Z"
158538531,"QTP","1702626357","b","200","14200","150700","2023-12-15T07:45:59.187Z","2023-12-15T07:45:59.187Z"
158537990,"QTP","1702626277","s","400","14100","150500","2023-12-15T07:44:38.188Z","2023-12-15T07:44:38.188Z"
158537962,"QTP","1702626228","b","1000","14200","150100","2023-12-15T07:43:49.188Z","2023-12-15T07:43:49.188Z"
158537921,"QTP","1702626145","b","2200","14200","149100","2023-12-15T07:42:26.185Z","2023-12-15T07:42:26.185Z"
158537896,"QTP","1702626110","b","1400","14200","146900","2023-12-15T07:41:51.188Z","2023-12-15T07:41:51.188Z"
158537653,"QTP","1702625727","s","5000","14200","145500","2023-12-15T07:35:28.179Z","2023-12-15T07:35:28.179Z"
158537636,"QTP","1702625711","s","700","14200","140500","2023-12-15T07:35:12.187Z","2023-12-15T07:35:12.187Z"
158537580,"QTP","1702625629","b","300","14200","139800","2023-12-15T07:33:51.180Z","2023-12-15T07:33:51.180Z"
158537526,"QTP","1702625578","s","400","14200","139500","2023-12-15T07:32:59.178Z","2023-12-15T07:32:59.178Z"
158537468,"QTP","1702625510","s","5000","14200","139100","2023-12-15T07:31:51.181Z","2023-12-15T07:31:51.181Z"
158527869,"QTP","1702625307","b","100","14300","134100","2023-12-15T07:28:30.282Z","2023-12-15T07:28:30.282Z"
158499339,"QTP","1702624723","unknown","300","14200","134000","2023-12-15T07:18:44.180Z","2023-12-15T07:18:44.180Z"
158498572,"QTP","1702624698","s","1000","14200","133700","2023-12-15T07:18:20.207Z","2023-12-15T07:18:20.207Z"
158497317,"QTP","1702624653","b","100","14300","132700","2023-12-15T07:17:34.181Z","2023-12-15T07:17:34.181Z"
158496534,"QTP","1702624624","unknown","600","14200","132600","2023-12-15T07:17:06.184Z","2023-12-15T07:17:06.184Z"
158488132,"QTP","1702624314","unknown","100","14200","132000","2023-12-15T07:11:56.182Z","2023-12-15T07:11:56.182Z"
158484477,"QTP","1702624217","b","3000","14200","131900","2023-12-15T07:10:19.235Z","2023-12-15T07:10:19.235Z"
158479232,"QTP","1702624088","s","3200","14200","128900","2023-12-15T07:08:09.208Z","2023-12-15T07:08:09.208Z"
158472726,"QTP","1702623934","s","500","14200","125700","2023-12-15T07:05:35.181Z","2023-12-15T07:05:35.181Z"
158445189,"QTP","1702623165","s","1000","14200","125200","2023-12-15T06:52:46.165Z","2023-12-15T06:52:46.165Z"
158438406,"QTP","1702622911","s","1000","14200","124200","2023-12-15T06:48:33.159Z","2023-12-15T06:48:33.159Z"
158435041,"QTP","1702622781","s","2000","14200","123200","2023-12-15T06:46:23.166Z","2023-12-15T06:46:23.166Z"
158430970,"QTP","1702622614","b","100","14300","121200","2023-12-15T06:43:35.165Z","2023-12-15T06:43:35.165Z"
158428253,"QTP","1702622514","s","500","14200","121100","2023-12-15T06:41:55.145Z","2023-12-15T06:41:55.145Z"
158425465,"QTP","1702622418","s","500","14200","120600","2023-12-15T06:40:19.155Z","2023-12-15T06:40:19.155Z"
158413916,"QTP","1702621990","s","100","14200","120100","2023-12-15T06:33:11.144Z","2023-12-15T06:33:11.144Z"
158407856,"QTP","1702621811","s","1400","14200","120000","2023-12-15T06:30:12.143Z","2023-12-15T06:30:12.143Z"
158401938,"QTP","1702621662","s","400","14200","118600","2023-12-15T06:27:44.226Z","2023-12-15T06:27:44.226Z"
158400552,"QTP","1702621634","s","2800","14200","118200","2023-12-15T06:27:16.158Z","2023-12-15T06:27:16.158Z"
158389329,"QTP","1702621436","s","6000","14200","115400","2023-12-15T06:23:58.153Z","2023-12-15T06:23:58.153Z"
158378569,"QTP","1702621161","s","100","14200","109400","2023-12-15T06:19:22.127Z","2023-12-15T06:19:22.127Z"
158366330,"QTP","1702620795","s","1000","14200","109300","2023-12-15T06:13:17.143Z","2023-12-15T06:13:17.143Z"
158358569,"QTP","1702620591","s","1700","14200","108300","2023-12-15T06:09:53.138Z","2023-12-15T06:09:53.138Z"
158346234,"QTP","1702620323","s","600","14200","106600","2023-12-15T06:05:24.128Z","2023-12-15T06:05:24.128Z"
158340245,"QTP","1702620147","s","2400","14300","106000","2023-12-15T06:02:28.150Z","2023-12-15T06:02:28.150Z"
158335460,"QTP","1702620008","s","2100","14300","103600","2023-12-15T06:00:11.158Z","2023-12-15T06:00:11.158Z"
158333488,"QTP","1702614596","s","100","14300","101500","2023-12-15T04:29:58.052Z","2023-12-15T04:29:58.052Z"
158333377,"QTP","1702614585","s","30000","14300","101400","2023-12-15T04:29:47.054Z","2023-12-15T04:29:47.054Z"
158327876,"QTP","1702614292","s","200","14300","71400","2023-12-15T04:24:53.049Z","2023-12-15T04:24:53.049Z"
158325175,"QTP","1702614141","s","100","14300","71200","2023-12-15T04:22:22.046Z","2023-12-15T04:22:22.046Z"
158304181,"QTP","1702613368","s","8800","14300","71100","2023-12-15T04:09:31.040Z","2023-12-15T04:09:31.040Z"
158291716,"QTP","1702612563","b","5000","14400","62300","2023-12-15T03:56:04.017Z","2023-12-15T03:56:04.017Z"
158282862,"QTP","1702612048","s","2900","14300","57300","2023-12-15T03:47:30.018Z","2023-12-15T03:47:30.018Z"
158266369,"QTP","1702611079","b","4100","14300","54400","2023-12-15T03:31:21.010Z","2023-12-15T03:31:21.010Z"
158254110,"QTP","1702610585","b","3800","14300","50300","2023-12-15T03:23:07.000Z","2023-12-15T03:23:07.000Z"
158245274,"QTP","1702610100","s","4500","14300","46500","2023-12-15T03:15:00.998Z","2023-12-15T03:15:00.998Z"
158238189,"QTP","1702609684","s","500","14300","42000","2023-12-15T03:08:04.989Z","2023-12-15T03:08:04.989Z"
158237185,"QTP","1702609620","b","5000","14400","41500","2023-12-15T03:07:02.009Z","2023-12-15T03:07:02.009Z"
158235200,"QTP","1702609496","s","700","14300","36500","2023-12-15T03:04:57.993Z","2023-12-15T03:04:57.993Z"
158235005,"QTP","1702609488","s","100","14300","35800","2023-12-15T03:04:51.019Z","2023-12-15T03:04:51.019Z"
158233975,"QTP","1702609415","s","500","14300","35700","2023-12-15T03:03:36.990Z","2023-12-15T03:03:36.990Z"
158229827,"QTP","1702609151","s","2000","14300","35200","2023-12-15T02:59:12.996Z","2023-12-15T02:59:12.996Z"
158229040,"QTP","1702609103","s","1900","14300","33200","2023-12-15T02:58:24.983Z","2023-12-15T02:58:24.983Z"
158227653,"QTP","1702609028","b","1000","14300","31300","2023-12-15T02:57:09.990Z","2023-12-15T02:57:09.990Z"
158225471,"QTP","1702608910","unknown","5000","14300","30300","2023-12-15T02:55:11.986Z","2023-12-15T02:55:11.986Z"
158221016,"QTP","1702608687","b","100","14300","25300","2023-12-15T02:51:28.972Z","2023-12-15T02:51:28.972Z"
158214949,"QTP","1702608405","s","100","14300","25200","2023-12-15T02:46:45.972Z","2023-12-15T02:46:45.972Z"
158214716,"QTP","1702608394","s","4900","14300","25100","2023-12-15T02:46:35.982Z","2023-12-15T02:46:35.982Z"
158212360,"QTP","1702608305","s","600","14200","20200","2023-12-15T02:45:05.982Z","2023-12-15T02:45:05.982Z"
158205983,"QTP","1702607989","s","600","14200","19600","2023-12-15T02:39:51.968Z","2023-12-15T02:39:51.968Z"
158205621,"QTP","1702607978","b","5000","14300","19000","2023-12-15T02:39:39.972Z","2023-12-15T02:39:39.972Z"
158202291,"QTP","1702607836","unknown","100","14200","14000","2023-12-15T02:37:17.996Z","2023-12-15T02:37:17.996Z"
158201291,"QTP","1702607800","b","300","14200","13900","2023-12-15T02:36:42.966Z","2023-12-15T02:36:42.966Z"
158199077,"QTP","1702607720","b","100","14300","13600","2023-12-15T02:35:21.969Z","2023-12-15T02:35:21.969Z"
158197201,"QTP","1702607643","b","200","14300","13500","2023-12-15T02:34:04.972Z","2023-12-15T02:34:04.972Z"
158189200,"QTP","1702607400","b","10000","14300","13300","2023-12-15T02:30:01.971Z","2023-12-15T02:30:01.971Z"
158182196,"QTP","1702607201","s","400","14200","3300","2023-12-15T02:26:42.959Z","2023-12-15T02:26:42.959Z"
158181546,"QTP","1702607181","s","400","14200","2900","2023-12-15T02:26:23.006Z","2023-12-15T02:26:23.006Z"
158174861,"QTP","1702606973","b","1800","14300","2500","2023-12-15T02:22:54.960Z","2023-12-15T02:22:54.960Z"
158167505,"QTP","1702606700","b","300","14300","700","2023-12-15T02:18:21.949Z","2023-12-15T02:18:21.949Z"
158166561,"QTP","1702606664","unknown","200","14200","400","2023-12-15T02:17:45.952Z","2023-12-15T02:17:45.952Z"
158165806,"QTP","1702606639","b","100","14200","200","2023-12-15T02:17:20.982Z","2023-12-15T02:17:20.982Z"
158162243,"QTP","1702606126","unknown","100","14200","100","2023-12-15T02:08:47.936Z","2023-12-15T02:08:47.936Z"
