"price","change","match_qtty","side","time","total_vol"
9600,-360,122400,"bu","09:15:03",122400
9600,-360,4300,"bu","09:15:11",126700
9600,-360,13100,"bu","09:15:11",139800
9610,-350,500,"bu","09:15:11",140300
9610,-350,1100,"bu","09:15:12",141400
9500,-460,27300,"sd","09:15:16",168700
9500,-460,2700,"bu","09:15:17",171400
9500,-460,1500,"bu","09:15:17",172900
9500,-460,6200,"sd","09:15:17",179100
9500,-460,100,"bu","09:15:17",181400
9640,-320,5900,"sd","09:15:44",187300
9640,-320,1000,"bu","09:15:48",188300
9640,-320,5900,"sd","09:15:48",194200
9700,-260,6200,"sd","09:15:50",200400
9700,-260,400,"sd","09:16:07",200800
9800,-160,1000,"bu","09:16:16",201800
9900,-60,10000,"sd","09:16:50",211800
9900,-60,100,"bu","09:17:03",211900
9900,-60,28900,"sd","09:17:08",240800
9900,-60,1000,"sd","09:17:31",241800
9980,20,100,"bu","09:17:38",241900
9980,20,1200,"bu","09:18:21",243100
9980,20,400,"bu","09:18:41",243500
9980,20,100,"sd","09:18:42",243600
9980,20,200,"sd","09:18:51",243800
9960,0,700,"bu","09:19:07",244500
9950,-10,400,"sd","09:19:41",244900
9950,-10,300,"sd","09:20:03",245200
9950,-10,4300,"sd","09:20:10",249500
9900,-60,2300,"bu","09:20:35",251800
9910,-50,8500,"bu","09:22:43",260300
9910,-50,3800,"sd","09:23:14",264100
9910,-50,1200,"bu","09:23:15",265300
9910,-50,2500,"bu","09:23:47",267800
9910,-50,1300,"bu","09:24:13",269100
9910,-50,1000,"sd","09:24:23",270100
9900,-60,4000,"bu","09:24:28",274100
9910,-50,4000,"bu","09:24:37",278100
9910,-50,200,"sd","09:24:54",278300
9910,-50,7000,"bu","09:25:13",285300
9900,-60,1000,"sd","09:25:46",286300
9910,-50,100,"bu","09:26:01",286400
9910,-50,9900,"bu","09:26:12",296300
9950,-10,2800,"bu","09:26:28",299100
9910,-50,5000,"sd","09:26:29",304100
9910,-50,1000,"sd","09:26:59",305100
9910,-50,300,"bu","09:27:08",305400
9900,-60,7000,"bu","09:27:16",312400
9910,-50,700,"bu","09:27:18",313100
9910,-50,5000,"sd","09:27:37",318100
9910,-50,1000,"sd","09:27:42",319100
9910,-50,5000,"bu","09:27:46",324100
9910,-50,500,"bu","09:27:48",324600
9910,-50,1500,"sd","09:28:00",326100
9910,-50,1300,"bu","09:28:25",327400
9910,-50,500,"sd","09:28:37",327900
9900,-60,700,"sd","09:29:01",328600
9910,-50,100,"sd","09:29:14",328700
9910,-50,5400,"sd","09:29:22",334100
9910,-50,100,"bu","09:29:35",334200
9900,-60,2000,"sd","09:29:40",336200
9900,-60,1000,"sd","09:30:35",337200
9910,-50,100,"bu","09:31:14",337300
9920,-40,300,"sd","09:32:39",337600
9920,-40,200,"sd","09:32:41",337800
9930,-30,5300,"sd","09:33:28",343100
9940,-20,6000,"bu","09:33:35",349100
9940,-20,4000,"bu","09:33:44",353100
9950,-10,500,"sd","09:33:56",353600
9950,-10,100,"bu","09:34:09",353700
9950,-10,2100,"bu","09:34:16",355800
9950,-10,100,"bu","09:34:21",355900
9950,-10,200,"sd","09:34:28",356100
9950,-10,2000,"bu","09:34:33",358100
9950,-10,6000,"bu","09:34:36",364100
9950,-10,5000,"bu","09:34:38",369100
9950,-10,100,"bu","09:34:43",369200
9940,-20,1800,"sd","09:34:57",371000
9940,-20,1000,"bu","09:35:17",372000
9950,-10,500,"bu","09:35:20",372500
9950,-10,1900,"sd","09:35:49",374400
9950,-10,100,"sd","09:36:01",374500
9950,-10,2000,"sd","09:36:04",376500
9950,-10,500,"bu","09:36:09",377000
9950,-10,6000,"sd","09:36:16",383000
9950,-10,100,"sd","09:36:26",383100
9950,-10,18500,"sd","09:36:27",401600
9950,-10,1500,"bu","09:36:34",403100
9960,0,200,"sd","09:36:49",403300
9960,0,100,"bu","09:37:26",403400
9950,-10,5000,"bu","09:37:58",408400
9950,-10,30000,"bu","09:38:19",438400
9960,0,1000,"sd","09:38:27",439400
9950,-10,6000,"sd","09:38:32",445400
9960,0,1300,"bu","09:38:44",446700
9950,-10,1000,"bu","09:38:45",447700
9960,0,3000,"bu","09:38:49",450700
9950,-10,5000,"sd","09:38:56",455700
9950,-10,26100,"sd","09:39:55",481800
9950,-10,100,"bu","09:40:13",481900
9950,-10,26400,"bu","09:40:58",508300
9950,-10,200,"bu","09:41:05",508500
9950,-10,10000,"sd","09:41:47",518500
9960,0,5000,"bu","09:41:53",523500
9950,-10,20100,"bu","09:42:08",543600
9960,0,100,"sd","09:42:52",543700
9960,0,600,"sd","09:43:17",544300
9960,0,500,"bu","09:43:29",544800
9960,0,100,"bu","09:43:38",544900
9960,0,3000,"bu","09:43:50",547900
9960,0,100,"bu","09:44:29",548000
9960,0,1000,"bu","09:44:57",549000
9960,0,500,"sd","09:46:05",549500
9950,-10,5000,"sd","09:46:08",554500
9960,0,600,"bu","09:46:31",555100
9950,-10,7700,"bu","09:47:01",562800
9950,-10,2300,"bu","09:47:01",565100
9950,-10,5400,"sd","09:47:18",570500
9950,-10,500,"bu","09:47:36",571000
9950,-10,100,"sd","09:47:41",571100
9940,-20,5000,"sd","09:47:44",576100
9940,-20,2700,"bu","09:48:04",578800
9950,-10,1000,"sd","09:48:20",579800
9940,-20,5000,"bu","09:48:23",584800
9950,-10,5200,"sd","09:48:55",590000
9950,-10,300,"sd","09:49:02",590300
9950,-10,1000,"sd","09:49:08",591300
9950,-10,6300,"bu","09:49:52",597600
9950,-10,5000,"bu","09:50:56",602600
9960,0,1000,"bu","09:51:45",603600
9950,-10,3000,"sd","09:51:48",606600
9950,-10,400,"sd","09:52:37",607000
9950,-10,1300,"bu","09:53:02",608300
9950,-10,100,"sd","09:53:53",608400
9950,-10,200,"sd","09:54:40",608600
9940,-20,5000,"bu","09:55:30",613600
9940,-20,400,"bu","09:56:34",614000
9940,-20,1000,"sd","09:57:06",615000
9950,-10,500,"sd","09:57:22",615500
9940,-20,500,"sd","09:57:38",616000
9950,-10,1300,"bu","09:58:05",617300
9950,-10,20000,"sd","10:00:15",637300
9950,-10,1000,"sd","10:02:22",638300
9950,-10,6100,"bu","10:02:31",644400
9950,-10,1000,"sd","10:03:06",645400
9950,-10,300,"sd","10:03:13",645700
9950,-10,5600,"sd","10:04:26",651300
9950,-10,2400,"bu","10:04:54",653700
9950,-10,100,"bu","10:07:58",653800
9950,-10,1000,"bu","10:08:57",654800
9950,-10,100,"bu","10:09:13",654900
9950,-10,1000,"sd","10:09:21",655900
9950,-10,100,"sd","10:09:26",656000
9930,-30,18400,"sd","10:10:15",674400
9930,-30,300,"sd","10:10:24",674700
9930,-30,500,"bu","10:10:36",675200
9930,-30,1300,"sd","10:10:41",676500
9930,-30,600,"sd","10:11:05",677100
9920,-40,73300,"bu","10:11:37",750400
9910,-50,600,"bu","10:11:44",751000
9920,-40,1000,"sd","10:11:54",752000
9920,-40,400,"sd","10:12:17",752400
9920,-40,10000,"bu","10:12:57",762400
9920,-40,100,"sd","10:13:21",762500
9910,-50,5100,"bu","10:14:02",767600
9920,-40,10000,"sd","10:14:15",777600
9920,-40,5100,"bu","10:14:22",782700
9920,-40,10000,"sd","10:16:50",792700
9930,-30,200,"sd","10:17:10",792900
9920,-40,27200,"bu","10:17:38",820100
9920,-40,5000,"bu","10:17:56",825100
9920,-40,50000,"bu","10:18:28",875100
9920,-40,5000,"bu","10:19:06",880100
9920,-40,4000,"bu","10:19:13",884100
9920,-40,12200,"sd","10:19:22",896300
9920,-40,5000,"sd","10:20:04",901300
9920,-40,500,"sd","10:20:16",901800
9920,-40,400,"sd","10:21:29",902200
9910,-50,60000,"bu","10:21:46",962200
9920,-40,10000,"sd","10:21:51",972200
9920,-40,1000,"bu","10:22:07",973200
9910,-50,32000,"bu","10:22:25",1005200
9910,-50,2000,"sd","10:22:28",1007200
9910,-50,50000,"bu","10:23:40",1057200
9910,-50,4800,"bu","10:24:17",1062000
9910,-50,2000,"sd","10:24:35",1064000
9910,-50,5000,"sd","10:25:17",1069000
9910,-50,1500,"bu","10:25:34",1070500
9910,-50,4600,"sd","10:26:12",1075100
9900,-60,5900,"bu","10:26:30",1081000
9920,-40,3000,"bu","10:26:31",1084000
9910,-50,100,"bu","10:27:43",1084100
9910,-50,1000,"bu","10:28:26",1085100
9900,-60,1900,"bu","10:28:51",1087000
9900,-60,10000,"bu","10:29:32",1097000
9900,-60,1800,"bu","10:29:50",1098800
9900,-60,5000,"sd","10:29:54",1103800
9900,-60,11200,"bu","10:30:14",1115000
9900,-60,500,"bu","10:30:22",1115500
9900,-60,2200,"sd","10:30:44",1117700
9900,-60,1000,"bu","10:32:12",1118700
9910,-50,8900,"bu","10:33:41",1127600
9910,-50,100,"bu","10:34:03",1127700
9910,-50,800,"sd","10:34:50",1128500
9920,-40,200,"bu","10:35:18",1128700
9920,-40,22800,"bu","10:35:28",1151500
9920,-40,3300,"bu","10:36:08",1154800
9920,-40,200,"bu","10:36:21",1155000
9920,-40,600,"sd","10:36:31",1155600
9920,-40,100,"bu","10:36:37",1155700
9920,-40,800,"sd","10:36:39",1156500
9920,-40,100,"bu","10:37:13",1156600
9930,-30,2000,"sd","10:40:08",1158600
9930,-30,1500,"bu","10:42:29",1160100
9930,-30,2000,"sd","10:44:00",1162100
9930,-30,1000,"bu","10:44:14",1163100
9920,-40,100,"bu","10:46:03",1163200
9930,-30,600,"sd","10:46:09",1163800
9930,-30,200,"bu","10:46:36",1164000
9930,-30,10000,"sd","10:48:11",1174000
9920,-40,1300,"sd","10:48:34",1175300
9930,-30,100,"bu","10:48:35",1175400
9930,-30,6900,"bu","10:49:13",1182300
9930,-30,16700,"sd","10:49:18",1199000
9940,-20,2000,"bu","10:50:08",1201000
9950,-10,63000,"sd","10:50:41",1264000
9950,-10,2000,"sd","10:51:11",1266000
9950,-10,2800,"bu","10:51:35",1268800
9950,-10,200,"bu","10:52:14",1269000
9950,-10,400,"bu","10:52:20",1269400
9950,-10,100,"sd","10:53:55",1269500
9950,-10,2000,"bu","10:54:35",1271500
9950,-10,2000,"sd","10:54:53",1273500
9950,-10,200,"bu","10:55:21",1273700
9950,-10,700,"bu","10:55:48",1274400
9950,-10,100,"sd","10:57:14",1274500
9960,0,2100,"bu","10:57:34",1276600
9960,0,100,"sd","10:58:52",1276700
9960,0,300,"bu","11:00:02",1277000
9950,-10,100,"sd","11:06:03",1277100
9940,-20,200,"bu","11:07:34",1277300
9950,-10,800,"bu","11:07:55",1278100
9940,-20,2200,"bu","11:07:57",1280300
9940,-20,5000,"bu","11:08:31",1285300
9960,0,4100,"bu","11:08:39",1289400
9960,0,100,"sd","11:09:37",1289500
9940,-20,4400,"sd","11:16:51",1293900
9940,-20,5000,"bu","11:17:23",1298900
9940,-20,2000,"bu","11:17:57",1300900
9940,-20,300,"bu","11:18:36",1301200
9940,-20,10000,"sd","11:18:51",1311200
9950,-10,200,"bu","11:19:11",1311400
9940,-20,4000,"sd","11:20:34",1315400
9940,-20,1000,"sd","11:20:53",1316400
9940,-20,2500,"bu","11:21:09",1318900
9940,-20,500,"sd","11:21:26",1319400
9940,-20,100,"sd","11:22:23",1319500
9950,-10,400,"bu","11:22:44",1319900
9950,-10,1000,"sd","11:23:59",1320900
9950,-10,500,"bu","11:24:03",1321400
9950,-10,12600,"sd","11:24:25",1334000
9950,-10,100,"bu","11:24:50",1334100
9950,-10,1000,"bu","11:26:11",1335100
9950,-10,1300,"sd","11:27:13",1336400
9950,-10,2000,"sd","11:27:28",1338400
9950,-10,4700,"sd","11:28:17",1343100
9960,0,1000,"sd","11:28:47",1344100
9950,-10,5000,"bu","11:29:02",1349100
9950,-10,1000,"sd","11:29:10",1350100
9960,0,33800,"bu","11:29:24",1383900
9950,-10,6900,"sd","13:00:15",1390800
9950,-10,1700,"bu","13:00:24",1392500
9960,0,9800,"bu","13:00:25",1402300
9960,0,300,"sd","13:00:27",1402600
9960,0,2000,"bu","13:00:29",1404600
9960,0,300,"sd","13:00:35",1404900
9970,10,1800,"sd","13:00:44",1406700
9960,0,100,"bu","13:00:57",1406800
9970,10,1000,"sd","13:01:18",1407800
9970,10,300,"sd","13:02:00",1408100
9970,10,500,"sd","13:02:45",1408600
9970,10,15100,"sd","13:03:14",1423700
9970,10,100,"bu","13:03:20",1423800
9980,20,200,"bu","13:03:42",1424000
9980,20,5000,"sd","13:03:49",1429000
9980,20,7700,"bu","13:03:54",1436700
10000,40,25100,"bu","13:04:09",1461800
10000,40,10900,"sd","13:04:13",1472700
10000,40,2000,"sd","13:04:31",1474700
10000,40,14300,"sd","13:05:31",1489000
10050,90,900,"sd","13:05:53",1489900
10050,90,300,"sd","13:06:08",1490200
10050,90,5000,"bu","13:06:21",1495200
10100,140,15500,"bu","13:06:44",1510700
10100,140,3800,"bu","13:06:59",1514500
10100,140,300,"bu","13:07:05",1514800
10100,140,20500,"bu","13:07:09",1535300
10100,140,1000,"bu","13:07:12",1536300
10100,140,15800,"sd","13:07:16",1552100
10100,140,3000,"bu","13:07:28",1555100
10100,140,200,"sd","13:07:49",1555300
10100,140,8500,"sd","13:07:56",1563800
10150,190,22000,"sd","13:07:58",1585800
10100,140,200,"bu","13:08:09",1586000
10100,140,500,"sd","13:08:24",1586500
10100,140,5000,"bu","13:08:25",1591500
10100,140,100,"sd","13:08:43",1591600
10100,140,5000,"bu","13:08:54",1596600
10100,140,500,"bu","13:08:59",1597100
10100,140,100,"sd","13:09:10",1597200
10100,140,5000,"bu","13:09:24",1602200
10100,140,500,"bu","13:09:26",1602700
10100,140,1000,"bu","13:09:29",1603700
10100,140,1500,"sd","13:09:53",1605200
10100,140,1000,"sd","13:09:56",1606200
10100,140,7300,"sd","13:09:59",1613500
10100,140,600,"sd","13:10:27",1614100
10100,140,100,"sd","13:10:36",1614200
10100,140,600,"sd","13:10:43",1614800
10050,90,3000,"bu","13:10:58",1617800
10100,140,2200,"bu","13:11:06",1620000
10100,140,100,"sd","13:12:27",1620100
10100,140,1000,"sd","13:14:14",1621100
10100,140,100,"bu","13:14:31",1621200
10050,90,2000,"bu","13:14:57",1623200
10100,140,300,"bu","13:15:00",1623500
10050,90,2000,"sd","13:15:07",1625500
10050,90,4000,"sd","13:15:12",1629500
10050,90,100,"sd","13:15:29",1629600
10050,90,16000,"sd","13:16:28",1645600
10050,90,1500,"sd","13:17:17",1647100
10050,90,10000,"sd","13:17:47",1657100
10050,90,400,"sd","13:18:25",1657500
10050,90,7700,"bu","13:18:38",1665200
10050,90,100,"bu","13:18:49",1665300
10050,90,2000,"sd","13:19:23",1667300
10050,90,27000,"bu","13:20:59",1694300
10000,40,46700,"sd","13:21:02",1741000
10000,40,27300,"sd","13:21:07",1768300
10000,40,2000,"sd","13:21:46",1770300
10050,90,300,"sd","13:22:38",1770600
10050,90,100,"bu","13:23:07",1770700
10050,90,10000,"bu","13:23:54",1780700
10050,90,7400,"sd","13:24:08",1788100
10050,90,5000,"sd","13:24:28",1793100
10050,90,1000,"bu","13:24:36",1794100
10000,40,12000,"bu","13:25:03",1806100
10050,90,2400,"sd","13:25:29",1808500
10100,140,5000,"sd","13:26:39",1813500
10100,140,700,"bu","13:26:52",1814200
10100,140,6000,"sd","13:27:07",1820200
10100,140,5000,"bu","13:27:23",1825200
10100,140,2000,"bu","13:27:24",1827200
10100,140,100,"bu","13:27:40",1827300
10100,140,200,"sd","13:27:53",1827500
10100,140,500,"bu","13:28:52",1828000
10100,140,3000,"bu","13:28:57",1831000
10100,140,2500,"sd","13:29:07",1833500
10050,90,4600,"bu","13:30:16",1838100
10050,90,10000,"bu","13:30:27",1848100
10050,90,5000,"sd","13:30:50",1853100
10050,90,100,"bu","13:31:14",1853200
10050,90,2100,"bu","13:31:42",1855300
10000,40,9000,"bu","13:33:19",1864300
10050,90,400,"bu","13:33:36",1864700
10000,40,200,"bu","13:34:54",1864900
10050,90,4200,"sd","13:35:24",1869100
10000,40,1000,"sd","13:35:47",1870100
10000,40,9700,"bu","13:36:47",1879800
10000,40,20000,"sd","13:37:32",1899800
10000,40,5000,"sd","13:37:50",1904800
10050,90,900,"sd","13:37:51",1905700
10000,40,2500,"sd","13:38:24",1908200
10000,40,5100,"sd","13:39:44",1913300
10000,40,1000,"bu","13:39:57",1914300
10050,90,100,"sd","13:41:09",1914400
10050,90,1200,"bu","13:41:19",1915600
10050,90,8500,"sd","13:41:48",1924100
10050,90,5000,"bu","13:41:52",1929100
10000,40,600,"sd","13:41:56",1929700
10000,40,500,"sd","13:42:12",1930200
10050,90,100,"bu","13:42:27",1930300
10050,90,700,"sd","13:43:30",1931000
10050,90,3300,"bu","13:43:39",1934300
10050,90,500,"sd","13:43:42",1934800
10050,90,400,"sd","13:43:47",1935200
10050,90,2000,"sd","13:43:57",1937200
10050,90,700,"bu","13:46:40",1937900
10050,90,100,"sd","13:46:41",1938000
10050,90,10000,"bu","13:48:34",1948000
10050,90,11000,"sd","13:50:38",1959000
10050,90,7400,"bu","13:51:17",1966400
10050,90,14600,"bu","13:51:49",1981000
10050,90,1000,"bu","13:52:19",1982000
10050,90,200,"sd","13:52:20",1982200
10050,90,2200,"bu","13:52:22",1984400
10050,90,2000,"bu","13:52:28",1986400
10050,90,200,"bu","13:52:49",1986600
10000,40,10000,"bu","13:53:59",1996600
10000,40,2000,"bu","13:54:31",1998600
10050,90,1000,"bu","13:54:39",1999600
10050,90,27000,"bu","13:56:35",2026600
10050,90,200,"sd","13:57:06",2026800
10050,90,6300,"bu","13:57:23",2033100
10000,40,29100,"sd","13:58:40",2062200
10050,90,10000,"bu","13:58:45",2072200
10050,90,13600,"bu","13:59:41",2085800
10050,90,100,"bu","13:59:52",2085900
10050,90,1500,"sd","13:59:56",2087400
10050,90,2500,"bu","14:01:25",2089900
10100,140,1600,"sd","14:01:51",2091500
10050,90,100,"bu","14:02:05",2091600
10050,90,9400,"bu","14:02:33",2101000
10050,90,2800,"sd","14:02:48",2103800
10100,140,5300,"bu","14:03:16",2109100
10100,140,200,"sd","14:03:29",2109300
10100,140,3000,"sd","14:04:08",2112300
10100,140,100,"sd","14:04:14",2112400
10100,140,10300,"sd","14:05:12",2122700
10100,140,50200,"bu","14:05:35",2172900
10100,140,1000,"bu","14:05:39",2173900
10100,140,13000,"sd","14:06:39",2186900
10100,140,5000,"sd","14:07:16",2191900
10100,140,1000,"bu","14:07:28",2192900
10150,190,600,"sd","14:07:37",2193500
10100,140,1000,"bu","14:07:46",2194500
10100,140,3400,"sd","14:07:59",2197900
10100,140,100,"sd","14:08:01",2198000
10100,140,500,"bu","14:08:07",2198500
10100,140,500,"bu","14:08:12",2199000
10100,140,3000,"bu","14:08:21",2202000
10100,140,500,"bu","14:08:54",2202500
10100,140,1000,"bu","14:08:57",2203500
10100,140,8100,"sd","14:09:01",2211600
10100,140,400,"bu","14:09:42",2212000
10050,90,5000,"bu","14:09:45",2217000
10050,90,18000,"sd","14:11:54",2235000
10050,90,5000,"bu","14:12:19",2240000
10100,140,2000,"sd","14:12:35",2242000
10050,90,2000,"bu","14:14:14",2244000
10050,90,20000,"bu","14:15:26",2264000
10050,90,1900,"bu","14:15:54",2265900
10000,40,1200,"bu","14:16:56",2267100
10050,90,2000,"sd","14:17:32",2269100
10000,40,100,"sd","14:17:55",2269200
10050,90,8100,"bu","14:18:22",2277300
10050,90,800,"bu","14:20:31",2278100
10050,90,2000,"bu","14:20:37",2280100
10050,90,1600,"sd","14:20:47",2281700
10100,140,5000,"bu","14:20:55",2286700
10050,90,200,"sd","14:21:51",2286900
10100,140,200,"sd","14:22:07",2287100
10100,140,100,"bu","14:22:09",2287200
10050,90,1900,"bu","14:22:35",2289100
10050,90,100,"sd","14:23:01",2289200
10050,90,800,"bu","14:23:12",2290000
10000,40,10000,"sd","14:23:28",2300000
10000,40,400,"sd","14:25:25",2300400
10000,40,5400,"bu","14:26:00",2305800
10000,40,1000,"bu","14:27:07",2306800
10000,40,1800,"sd","14:28:21",2308600
10000,40,200,"bu","14:28:30",2308800
10000,40,100,"bu","14:28:32",2308900
10000,40,20000,"bu","14:28:38",2328900
10000,40,1000,"sd","14:28:46",2329900
9990,30,800,"bu","14:29:16",2330700
9990,30,1000,"bu","14:29:18",2331700
9990,30,1400,"bu","14:29:29",2333100
9990,30,900,"bu","14:29:31",2334000
9980,20,14600,"sd","14:29:42",2348600
9980,20,5400,"sd","14:29:44",2354000
9990,30,5000,"sd","14:30:01",2359000
9990,30,63200,"bu","14:45:07",2422200
