"price","change","match_qtty","side","time","total_vol"
18500,100,10000,"sd","09:00:38",10000
19000,600,10000,"bu","09:02:16",20000
19000,600,5000,"sd","09:02:47",25000
18900,500,50000,"sd","09:05:09",75000
18900,500,3000,"bu","09:05:28",78000
18900,500,80000,"sd","09:05:35",158000
18900,500,50000,"sd","09:05:48",208000
18900,500,5000,"sd","09:05:55",213000
18900,500,10000,"sd","09:06:17",223000
18900,500,7000,"bu","09:06:32",230000
19000,600,100000,"bu","09:07:04",330000
19000,600,20000,"bu","09:07:27",350000
18900,500,1000,"sd","09:08:21",351000
18900,500,9000,"sd","09:08:28",360000
19200,800,59000,"bu","09:08:49",419000
19300,900,41000,"sd","09:08:50",460000
19300,900,100000,"bu","09:09:04",560000
19300,900,30000,"bu","09:09:20",590000
19300,900,20000,"sd","09:09:28",610000
19000,600,31000,"bu","09:12:47",641000
19000,600,3000,"bu","09:12:54",644000
19000,600,2000,"sd","09:13:39",646000
19000,600,34000,"sd","09:14:41",680000
19000,600,5000,"bu","09:15:18",685000
19000,600,6000,"bu","09:16:28",691000
19000,600,4000,"bu","09:16:37",695000
19300,900,20000,"sd","09:16:45",715000
19100,700,1000,"sd","09:17:38",716000
19100,700,1000,"sd","09:17:52",717000
18900,500,70000,"sd","09:18:43",787000
18900,500,7000,"bu","09:19:27",794000
18900,500,3000,"bu","09:19:29",797000
19100,700,9000,"bu","09:20:35",806000
19000,600,5000,"sd","09:21:48",811000
19000,600,1000,"sd","09:22:08",812000
19000,600,5000,"bu","09:22:21",817000
19400,1000,200000,"sd","09:22:23",1017000
19300,900,20000,"bu","09:23:46",1037000
19300,900,10000,"bu","09:24:43",1047000
19000,600,27000,"sd","09:24:50",1074000
19300,900,30000,"sd","09:24:58",1104000
19200,800,5000,"bu","09:26:49",1109000
19200,800,1000,"bu","09:27:13",1110000
19200,800,5000,"bu","09:27:36",1115000
19100,700,1000,"bu","09:28:23",1116000
19100,700,1000,"sd","09:28:32",1117000
19000,600,12000,"sd","09:29:25",1129000
19000,600,13000,"sd","09:29:32",1142000
19100,700,77000,"sd","09:29:42",1219000
19100,700,20000,"sd","09:29:48",1239000
19100,700,3000,"bu","09:30:05",1242000
19000,600,19000,"sd","09:30:45",1261000
19000,600,11000,"sd","09:31:30",1272000
19000,600,36000,"sd","09:31:53",1308000
19100,700,5000,"bu","09:32:06",1313000
19100,700,25000,"bu","09:32:14",1338000
19100,700,5000,"sd","09:32:16",1343000
19100,700,15000,"sd","09:32:44",1358000
19000,600,1000,"bu","09:34:06",1359000
19000,600,1000,"sd","09:35:08",1360000
19100,700,17000,"bu","09:37:33",1377000
19100,700,9000,"bu","09:37:59",1386000
19100,700,14000,"sd","09:38:11",1400000
19100,700,5000,"bu","09:38:16",1405000
19100,700,4000,"sd","09:38:25",1409000
19100,700,50000,"sd","09:39:24",1459000
19100,700,1000,"sd","09:39:39",1460000
19100,700,5000,"bu","09:41:09",1465000
19200,800,4000,"sd","09:41:17",1469000
19100,700,10000,"bu","09:42:05",1479000
19200,800,2000,"bu","09:46:51",1481000
19200,800,2000,"sd","09:47:32",1483000
19200,800,12000,"sd","09:52:28",1495000
19200,800,4000,"sd","09:52:51",1499000
19200,800,1000,"sd","09:53:11",1500000
19200,800,23000,"bu","09:53:33",1523000
19200,800,3000,"bu","09:53:59",1526000
19200,800,7000,"sd","09:54:52",1533000
19100,700,51000,"bu","09:59:02",1584000
19100,700,32000,"sd","09:59:16",1616000
19100,700,10000,"sd","09:59:23",1626000
19100,700,78000,"bu","09:59:29",1704000
19000,600,4000,"sd","10:02:29",1708000
19000,600,19000,"bu","10:02:45",1727000
19000,600,52000,"bu","10:03:40",1779000
19000,600,1000,"bu","10:04:45",1780000
19000,600,28000,"bu","10:05:01",1808000
19000,600,20000,"bu","10:05:16",1828000
19100,700,10000,"bu","10:05:30",1838000
19000,600,7000,"bu","10:05:38",1845000
19000,600,13000,"bu","10:07:55",1858000
19100,700,16000,"bu","10:08:05",1874000
19100,700,20000,"bu","10:09:29",1894000
19000,600,10000,"sd","10:11:54",1904000
19100,700,90000,"bu","10:12:39",1994000
19000,600,15000,"sd","10:16:42",2009000
19000,600,33000,"sd","10:16:46",2042000
19000,600,17000,"sd","10:17:03",2059000
19000,600,10000,"sd","10:17:48",2069000
19000,600,10000,"bu","10:17:57",2079000
19000,600,1000,"bu","10:18:11",2080000
19000,600,3000,"bu","10:18:29",2083000
19000,600,7000,"bu","10:18:45",2090000
19000,600,10000,"bu","10:19:34",2100000
19000,600,10000,"bu","10:20:36",2110000
19000,600,2000,"sd","10:20:38",2112000
19000,600,9000,"sd","10:21:20",2121000
19000,600,1000,"bu","10:21:23",2122000
19000,600,9000,"bu","10:21:32",2131000
18900,500,20000,"bu","10:22:58",2151000
19000,600,1000,"bu","10:23:29",2152000
19100,700,3000,"sd","10:23:48",2155000
19200,800,53000,"sd","10:24:00",2208000
19000,600,5000,"bu","10:41:20",2213000
18900,500,15000,"sd","10:43:45",2228000
18900,500,5000,"sd","10:45:33",2233000
18900,500,10000,"sd","10:46:17",2243000
18900,500,25000,"bu","10:49:41",2268000
18900,500,18000,"bu","10:49:57",2286000
18900,500,20000,"bu","10:50:46",2306000
18900,500,19000,"sd","10:50:48",2325000
18900,500,18000,"sd","10:51:03",2343000
18900,500,30000,"sd","10:51:18",2373000
18900,500,10000,"sd","10:51:35",2383000
18900,500,13000,"sd","10:53:46",2396000
18900,500,3000,"sd","11:03:12",2399000
18900,500,20000,"sd","11:06:33",2419000
18900,500,5000,"sd","11:09:46",2424000
18900,500,20000,"sd","11:12:16",2444000
18900,500,15000,"bu","11:14:05",2459000
18900,500,21000,"bu","11:14:46",2480000
18900,500,15000,"bu","11:16:16",2495000
18900,500,20000,"bu","11:17:28",2515000
18900,500,3000,"bu","11:17:56",2518000
18900,500,19000,"sd","11:18:47",2537000
19000,600,1000,"sd","11:19:03",2538000
18900,500,15000,"sd","11:20:09",2553000
19000,600,50000,"bu","11:21:20",2603000
18900,500,20000,"sd","11:22:51",2623000
18900,500,18000,"bu","11:23:24",2641000
18900,500,1000,"sd","11:23:43",2642000
18900,500,1000,"bu","11:24:40",2643000
19000,600,1000,"sd","11:28:47",2644000
19100,700,20000,"bu","13:00:12",2664000
18900,500,5000,"bu","13:00:13",2669000
19000,600,2000,"bu","13:00:14",2671000
19000,600,50000,"sd","13:02:23",2721000
19000,600,8000,"sd","13:03:05",2729000
19000,600,2000,"sd","13:04:14",2731000
19000,600,2000,"sd","13:06:36",2733000
19000,600,24000,"bu","13:06:50",2757000
19000,600,21000,"bu","13:07:03",2778000
19100,700,93000,"sd","13:07:41",2871000
19100,700,7000,"bu","13:08:04",2878000
19000,600,1000,"sd","13:08:17",2879000
19000,600,19000,"sd","13:09:57",2898000
19000,600,10000,"sd","13:12:32",2908000
18900,500,26000,"bu","13:13:50",2934000
19000,600,19000,"bu","13:15:29",2953000
19000,600,24000,"sd","13:15:41",2977000
19200,800,100000,"sd","13:15:51",3077000
19000,600,20000,"bu","13:15:59",3097000
19000,600,22000,"bu","13:16:14",3119000
19200,800,43000,"bu","13:16:26",3162000
19200,800,1000,"sd","13:16:31",3163000
19200,800,16000,"bu","13:17:16",3179000
19200,800,20000,"sd","13:17:24",3199000
19200,800,20000,"bu","13:17:25",3219000
19000,600,62000,"sd","13:17:44",3281000
19000,600,1000,"bu","13:18:14",3282000
19000,600,7000,"bu","13:18:15",3289000
19000,600,5000,"sd","13:18:22",3294000
18900,500,1000,"sd","13:20:38",3295000
19000,600,10000,"bu","13:23:23",3305000
19000,600,15000,"bu","13:23:32",3320000
19200,800,1000,"sd","13:30:26",3321000
19200,800,10000,"sd","13:32:39",3331000
19200,800,8000,"bu","13:32:46",3339000
19100,700,30000,"sd","13:34:11",3369000
19200,800,30000,"sd","13:40:07",3399000
19200,800,50000,"sd","13:40:26",3449000
19200,800,30000,"bu","13:41:00",3479000
19100,700,12000,"sd","13:41:16",3491000
19400,1000,200000,"sd","13:41:48",3691000
19400,1000,2000,"sd","13:44:34",3693000
19400,1000,1000,"sd","13:44:57",3694000
19300,900,9000,"bu","13:46:09",3703000
19300,900,1000,"bu","13:48:11",3704000
19200,800,50000,"sd","13:49:25",3754000
19200,800,5000,"bu","13:49:57",3759000
19200,800,1000,"sd","13:50:17",3760000
19300,900,50000,"bu","13:50:20",3810000
19300,900,5000,"bu","13:53:27",3815000
19300,900,1000,"bu","13:57:08",3816000
19300,900,1000,"bu","13:58:38",3817000
19300,900,1000,"bu","14:01:07",3818000
19300,900,1000,"sd","14:02:09",3819000
19300,900,10000,"bu","14:03:05",3829000
19300,900,8000,"bu","14:04:53",3837000
19300,900,2000,"bu","14:06:48",3839000
19500,1100,200000,"sd","14:09:27",4039000
19500,1100,100000,"bu","14:10:11",4139000
19500,1100,30000,"bu","14:11:07",4169000
19500,1100,30000,"sd","14:11:30",4199000
19400,1000,4000,"bu","14:12:14",4203000
19500,1100,16000,"sd","14:12:31",4219000
19400,1000,6000,"sd","14:13:01",4225000
19500,1100,14000,"bu","14:14:09",4239000
19500,1100,7000,"bu","14:14:23",4246000
19400,1000,4000,"bu","14:15:30",4250000
19400,1000,3000,"bu","14:15:51",4253000
19500,1100,70000,"sd","14:16:00",4323000
19500,1100,5000,"sd","14:17:35",4328000
19500,1100,5000,"sd","14:18:13",4333000
19600,1200,1000,"sd","14:18:30",4334000
19600,1200,10000,"sd","14:18:47",4344000
19600,1200,10000,"sd","14:18:56",4354000
19600,1200,10000,"bu","14:19:01",4364000
19500,1100,2000,"sd","14:19:52",4366000
19600,1200,17000,"sd","14:20:30",4383000
19500,1100,3000,"bu","14:20:33",4386000
19500,1100,90000,"sd","14:21:33",4476000
19500,1100,5000,"sd","14:21:42",4481000
19600,1200,23000,"bu","14:22:00",4504000
19600,1200,17000,"bu","14:22:18",4521000
19500,1100,105000,"bu","14:24:02",4626000
19500,1100,2000,"bu","14:27:05",4628000
19400,1000,20000,"bu","14:27:14",4648000
19400,1000,100000,"bu","14:27:31",4748000
19400,1000,23000,"sd","14:27:39",4771000
19300,900,10000,"bu","14:28:46",4781000
19300,900,5000,"bu","14:28:53",4786000
19300,900,5000,"bu","14:28:58",4791000
19200,800,10000,"bu","14:29:37",4801000
19300,900,5000,"bu","14:29:46",4806000
19300,900,8000,"bu","14:32:20",4814000
19300,900,20000,"sd","14:34:53",4834000
19300,900,1000,"bu","14:37:04",4835000
19400,1000,1000,"bu","14:39:06",4836000
19400,1000,10000,"bu","14:39:51",4846000
19400,1000,13000,"sd","14:39:59",4859000
19500,1100,7000,"sd","14:40:29",4866000
19400,1000,4000,"sd","14:41:46",4870000
19400,1000,3000,"sd","14:45:23",4873000
19400,1000,7000,"bu","14:46:01",4880000
19600,1200,134000,"sd","14:46:46",5014000
19600,1200,50000,"sd","14:47:09",5064000
19700,1300,27000,"sd","14:47:26",5091000
19700,1300,5000,"bu","14:47:33",5096000
19600,1200,34000,"bu","14:47:39",5130000
19400,1000,1000,"sd","14:50:01",5131000
19400,1000,1000,"sd","14:51:03",5132000
19400,1000,3000,"sd","14:54:25",5135000
19300,900,5000,"sd","14:55:31",5140000
19300,900,42000,"bu","14:55:49",5182000
19200,800,5000,"sd","14:56:04",5187000
19200,800,131000,"sd","14:58:10",5318000
19200,800,10000,"sd","14:58:24",5328000
19500,1100,39000,"bu","14:58:30",5367000
19500,1100,40000,"sd","14:58:34",5407000
19500,1100,121000,"bu","14:58:44",5528000
19200,800,9000,"bu","14:59:53",5537000
19500,1100,43000,"sd","14:59:59",5580000
19800,1400,102000,"bu","15:00:01",5682000
