"price","change","match_qtty","side","time","total_vol"
5620,-50,1000,"bu","09:15:05",1000
5670,0,300,"bu","09:15:16",1300
5660,-10,200,"bu","09:15:23",1500
5650,-20,1400,"sd","09:16:17",2900
5640,-30,300,"bu","09:17:13",3200
5650,-20,100,"sd","09:17:28",3300
5630,-40,700,"sd","09:23:12",4000
5610,-60,4400,"sd","09:25:10",8400
5620,-50,100,"sd","09:26:04",8500
5610,-60,600,"sd","09:26:43",9100
5610,-60,2000,"bu","09:26:49",11100
5610,-60,100,"sd","09:26:50",11200
5600,-70,3300,"sd","09:27:30",14500
5600,-70,900,"bu","09:27:58",15400
5550,-120,10000,"bu","09:27:59",25400
5550,-120,3000,"sd","09:28:46",28400
5540,-130,200,"sd","09:29:16",28600
5540,-130,100,"sd","09:29:32",28700
5540,-130,2000,"sd","09:29:47",30700
5550,-120,800,"bu","09:30:00",31500
5550,-120,1000,"bu","09:30:39",32500
5530,-140,700,"sd","09:31:24",33200
5550,-120,600,"sd","09:32:50",33800
5550,-120,600,"sd","09:33:28",34400
5550,-120,2000,"sd","09:33:29",36400
5520,-150,2000,"bu","09:33:33",38400
5550,-120,4000,"sd","09:33:57",42400
5580,-90,100,"bu","09:36:50",42500
5580,-90,300,"sd","09:43:03",42800
5580,-90,3000,"sd","09:43:15",45800
5580,-90,1300,"bu","09:43:31",47100
5590,-80,200,"bu","09:43:54",47300
5610,-60,700,"sd","09:45:24",48000
5600,-70,2700,"bu","09:47:26",50700
5600,-70,500,"sd","09:48:27",51200
5630,-40,900,"bu","09:49:38",52100
5630,-40,100,"sd","09:50:02",52200
5600,-70,900,"sd","09:50:26",53100
5600,-70,13000,"bu","09:51:10",66100
5640,-30,200,"bu","09:52:50",66300
5580,-90,700,"sd","10:10:49",67000
5580,-90,4900,"sd","10:10:53",71900
5580,-90,100,"bu","10:11:05",72000
5570,-100,600,"bu","10:19:43",72600
5560,-110,3000,"sd","10:26:22",75600
5580,-90,5000,"sd","10:26:47",80600
5570,-100,1000,"sd","10:26:55",81600
5560,-110,18000,"bu","10:27:21",99600
5560,-110,2000,"sd","10:28:50",101600
5570,-100,200,"bu","10:32:14",101800
5570,-100,5200,"bu","10:50:22",107000
5580,-90,600,"sd","10:50:24",107600
5590,-80,1000,"sd","10:50:48",108600
5580,-90,1000,"sd","11:11:15",109600
5580,-90,4300,"bu","11:13:23",113900
5580,-90,100,"sd","11:13:58",114000
5580,-90,200,"sd","11:15:47",114200
5560,-110,5400,"bu","11:26:45",119600
5560,-110,2000,"bu","13:00:18",121600
5560,-110,5000,"sd","13:00:20",126600
5560,-110,2400,"sd","13:00:23",129000
5560,-110,3600,"sd","13:00:28",132600
5580,-90,300,"bu","13:00:41",132900
5570,-100,10300,"bu","13:01:33",143200
5570,-100,300,"bu","13:01:48",143500
5550,-120,5000,"sd","13:02:04",148500
5550,-120,12200,"sd","13:02:40",160700
5550,-120,200,"sd","13:02:56",160900
5550,-120,1500,"bu","13:04:23",162400
5540,-130,4100,"sd","13:04:51",166500
5550,-120,200,"sd","13:05:03",166700
5550,-120,100,"sd","13:07:02",166800
5530,-140,5000,"bu","13:07:28",171800
5550,-120,200,"sd","13:07:51",172000
5550,-120,300,"sd","13:09:34",172300
5530,-140,1100,"bu","13:12:37",173400
5550,-120,1000,"sd","13:13:32",174400
5550,-120,500,"sd","13:14:10",174900
5550,-120,200,"sd","13:14:17",175100
5550,-120,500,"bu","13:14:25",175600
5550,-120,100,"sd","13:14:33",175700
5550,-120,2700,"bu","13:18:26",178400
5540,-130,1400,"bu","13:19:17",179800
5520,-150,9000,"sd","13:20:28",188800
5520,-150,300,"bu","13:21:15",189100
5520,-150,1000,"bu","13:21:18",190100
5520,-150,300,"bu","13:21:24",190400
5520,-150,400,"sd","13:21:49",190800
5520,-150,1100,"bu","13:26:32",191900
5530,-140,700,"sd","13:31:09",192600
5520,-150,13200,"sd","13:31:43",205800
5530,-140,1400,"bu","13:32:06",207200
5550,-120,100,"sd","13:32:55",207300
5550,-120,1700,"sd","13:33:36",209000
5510,-160,5000,"bu","13:33:37",214000
5520,-150,10000,"bu","13:36:03",224000
5540,-130,500,"sd","13:36:15",224500
5520,-150,400,"bu","13:36:44",224900
5520,-150,500,"bu","13:38:32",225400
5520,-150,100,"sd","13:39:42",225500
5520,-150,1200,"bu","13:41:48",226700
5520,-150,5200,"sd","13:42:07",231900
5510,-160,10100,"sd","13:42:22",242000
5510,-160,200,"bu","13:42:24",242200
5500,-170,15500,"sd","13:42:59",257700
5500,-170,5400,"sd","13:43:56",263100
5500,-170,10000,"bu","13:44:47",273100
5500,-170,2500,"sd","13:45:05",275600
5500,-170,18000,"sd","13:45:10",293600
5500,-170,1000,"sd","13:45:46",294600
5500,-170,5000,"bu","13:45:56",299600
5500,-170,100,"sd","13:46:26",299700
5500,-170,700,"bu","13:46:57",300400
5510,-160,2700,"bu","13:49:50",303100
5510,-160,2000,"bu","13:51:07",305100
5510,-160,1000,"sd","13:51:13",306100
5540,-130,100,"bu","13:52:50",306200
5540,-130,1700,"bu","13:54:05",307900
5540,-130,200,"sd","13:54:24",308100
5540,-130,5000,"bu","13:54:53",313100
5540,-130,3800,"bu","13:55:26",316900
5540,-130,1500,"bu","13:56:14",318400
5520,-150,200,"sd","13:56:20",318600
5520,-150,100,"bu","13:57:51",318700
5520,-150,5800,"bu","13:58:20",324500
5510,-160,6000,"bu","14:00:12",330500
5540,-130,5000,"sd","14:03:29",335500
5540,-130,4600,"bu","14:03:44",340100
5550,-120,1200,"sd","14:04:30",341300
5550,-120,5500,"bu","14:04:37",346800
5560,-110,500,"sd","14:04:53",347300
5560,-110,100,"sd","14:05:26",347400
5560,-110,300,"sd","14:05:44",347700
5560,-110,400,"sd","14:06:14",348100
5560,-110,5000,"bu","14:06:28",353100
5560,-110,900,"sd","14:06:41",354000
5560,-110,100,"bu","14:07:28",354100
5560,-110,5000,"bu","14:07:57",359100
5560,-110,4900,"bu","14:09:22",364000
5560,-110,1000,"bu","14:10:15",365000
5560,-110,100,"sd","14:10:47",365100
5560,-110,500,"sd","14:11:09",365600
5550,-120,1000,"sd","14:14:25",366600
5520,-150,10000,"bu","14:15:26",376600
5520,-150,700,"bu","14:15:49",377300
5520,-150,100,"sd","14:16:14",377400
5520,-150,9200,"sd","14:16:18",386600
5510,-160,4200,"bu","14:16:22",390800
5500,-170,6000,"bu","14:16:34",396800
5520,-150,2000,"sd","14:17:30",398800
5500,-170,2700,"sd","14:17:46",401500
5520,-150,1000,"sd","14:17:55",402500
5500,-170,4000,"sd","14:19:24",406500
5520,-150,100,"bu","14:20:01",406600
5520,-150,5000,"sd","14:20:08",411600
5520,-150,900,"bu","14:20:28",412500
5510,-160,100,"sd","14:21:27",412600
5520,-150,900,"bu","14:25:25",413500
5500,-170,10000,"bu","14:25:53",423500
5520,-150,3000,"bu","14:26:12",426500
5500,-170,14000,"sd","14:26:19",440500
5500,-170,2600,"sd","14:26:25",443100
5490,-180,5100,"sd","14:26:43",448200
5490,-180,3000,"bu","14:27:48",451200
5490,-180,300,"sd","14:27:52",451500
5500,-170,5000,"sd","14:27:57",456500
5500,-170,2400,"sd","14:28:21",458900
5490,-180,100,"bu","14:28:25",459000
5480,-190,8000,"bu","14:28:53",467000
5480,-190,400,"sd","14:29:24",467400
5470,-200,19600,"sd","14:29:29",487000
5470,-200,100,"bu","14:29:31",487100
5460,-210,400,"bu","14:29:42",487500
5470,-200,3000,"sd","14:29:50",490500
5450,-220,28000,"bu","14:29:57",518500
5460,-210,300,"bu","14:29:59",518800
5430,-240,46100,"sd","14:45:09",564900
