"price","change","match_qtty","side","time","total_vol"
26200,100,187100,"bu","09:15:08",187100
26150,50,1200,"bu","09:15:30",188300
26150,50,1000,"sd","09:15:32",189300
26150,50,100,"bu","09:15:37",189400
26100,0,4800,"sd","09:15:41",194200
26100,0,3700,"sd","09:15:42",200900
26150,50,100,"bu","09:15:47",201000
26100,0,1000,"sd","09:15:48",202000
26100,0,1100,"sd","09:16:02",203100
26100,0,1000,"sd","09:16:08",204100
26100,0,2000,"bu","09:16:16",206100
26200,100,3000,"sd","09:16:29",209100
26150,50,5000,"bu","09:16:44",214100
26150,50,7000,"sd","09:16:54",221100
26150,50,400,"bu","09:16:59",221500
26150,50,1200,"sd","09:17:05",222700
26150,50,3000,"bu","09:17:06",225700
26200,100,3000,"bu","09:17:11",228700
26150,50,1800,"bu","09:17:21",230500
26150,50,1200,"sd","09:17:23",231700
26100,0,500,"sd","09:17:26",232200
26150,50,1000,"bu","09:17:28",233200
26100,0,8500,"bu","09:17:38",241700
26150,50,100,"sd","09:17:39",241800
26150,50,2000,"sd","09:17:43",243800
26100,0,5000,"bu","09:17:44",248800
26150,50,1900,"bu","09:17:45",250700
26150,50,100,"bu","09:17:45",250800
26100,0,17000,"bu","09:17:52",267800
26150,50,500,"sd","09:17:57",268300
26100,0,700,"bu","09:17:58",269000
26100,0,25900,"sd","09:18:07",294900
26150,50,10000,"bu","09:18:08",304900
26150,50,600,"bu","09:18:10",305500
26100,0,2100,"sd","09:18:15",307600
26100,0,600,"bu","09:18:20",308200
26050,-50,19300,"sd","09:18:28",327500
26100,0,200,"sd","09:18:31",327700
26100,0,2700,"bu","09:18:32",330400
26100,0,500,"bu","09:18:35",330900
26050,-50,2500,"sd","09:18:38",333400
26050,-50,2000,"sd","09:18:41",335400
26100,0,1000,"bu","09:18:56",336400
26050,-50,500,"bu","09:18:58",336900
26100,0,200,"bu","09:19:00",337100
26100,0,1000,"bu","09:19:16",338100
26100,0,100,"sd","09:19:17",338200
26050,-50,300,"sd","09:19:18",338500
26050,-50,4500,"bu","09:19:22",343000
26050,-50,500,"bu","09:19:29",343500
26050,-50,1300,"bu","09:19:34",344800
26050,-50,400,"sd","09:19:43",345200
26050,-50,20000,"bu","09:19:49",365200
26050,-50,1000,"sd","09:20:14",366200
26000,-100,5000,"bu","09:20:17",371200
26000,-100,400,"bu","09:20:17",371600
26000,-100,20000,"bu","09:20:22",391600
26100,0,1000,"bu","09:20:23",392600
26000,-100,14900,"sd","09:20:28",407500
26100,0,1000,"bu","09:20:30",408500
26050,-50,3300,"sd","09:21:00",411800
26050,-50,100,"bu","09:21:08",411900
26050,-50,200,"sd","09:21:11",412100
26050,-50,500,"sd","09:21:21",412600
26050,-50,3000,"bu","09:21:27",415600
26050,-50,500,"sd","09:21:29",416100
26100,0,1000,"sd","09:21:29",417100
26050,-50,1500,"bu","09:21:43",418600
26050,-50,17800,"sd","09:21:48",436400
26050,-50,3000,"sd","09:21:49",439400
26000,-100,20000,"bu","09:21:52",459400
26000,-100,10000,"sd","09:21:53",469400
26050,-50,800,"bu","09:21:55",470200
26000,-100,5200,"sd","09:21:56",475400
26000,-100,3800,"sd","09:21:57",479200
26000,-100,1500,"bu","09:22:02",480700
26000,-100,35600,"bu","09:22:02",516300
26000,-100,1000,"sd","09:22:03",517300
26000,-100,400,"bu","09:22:05",517700
26000,-100,700,"sd","09:22:07",518400
26000,-100,500,"bu","09:22:08",518900
26000,-100,700,"bu","09:22:25",519600
26000,-100,100,"sd","09:22:26",519700
25950,-150,1000,"sd","09:22:33",520700
26000,-100,10000,"sd","09:22:34",530700
25950,-150,1000,"sd","09:22:34",531700
25950,-150,500,"sd","09:22:39",532200
25950,-150,1000,"sd","09:22:42",533200
25950,-150,5000,"sd","09:22:43",538200
25950,-150,13900,"bu","09:22:48",552100
25900,-200,3200,"sd","09:22:49",555300
25900,-200,1000,"sd","09:22:50",556500
25950,-150,100,"bu","09:22:51",557400
26000,-100,400,"bu","09:22:52",558500
25950,-150,300,"bu","09:22:56",558800
25950,-150,100,"bu","09:22:59",558900
25950,-150,300,"sd","09:23:06",559200
25950,-150,1000,"bu","09:23:07",560200
25900,-200,8500,"bu","09:23:14",568700
25950,-150,5000,"bu","09:23:21",573700
25900,-200,300,"bu","09:23:25",574000
25950,-150,1000,"bu","09:23:26",575000
25950,-150,500,"sd","09:23:34",575500
25950,-150,1000,"sd","09:23:37",576500
25900,-200,2800,"sd","09:23:40",579300
25900,-200,200,"sd","09:23:49",579500
25900,-200,500,"sd","09:23:50",580000
25900,-200,12000,"sd","09:23:57",592000
25900,-200,500,"bu","09:24:02",613700
25900,-200,100,"sd","09:24:08",613800
25900,-200,200,"bu","09:24:10",614000
25900,-200,100,"sd","09:24:12",614100
25900,-200,1100,"sd","09:24:15",615200
25900,-200,2000,"bu","09:24:16",617200
25900,-200,800,"bu","09:24:19",618000
25900,-200,1600,"sd","09:24:20",619600
25900,-200,1000,"bu","09:24:20",619000
25900,-200,700,"sd","09:24:22",619700
25900,-200,3300,"bu","09:24:27",623000
25900,-200,2000,"bu","09:24:27",621900
25900,-200,1600,"sd","09:24:28",623500
25900,-200,100,"sd","09:24:29",623600
25900,-200,300,"bu","09:24:33",623900
25900,-200,700,"bu","09:24:36",624600
25900,-200,200,"sd","09:24:38",625600
25900,-200,1700,"bu","09:24:39",627300
25900,-200,500,"bu","09:24:40",627800
25900,-200,1100,"bu","09:24:42",628900
25900,-200,200,"sd","09:24:43",629100
25900,-200,6900,"bu","09:24:45",636000
25900,-200,100,"sd","09:24:46",636100
25900,-200,300,"sd","09:24:48",636400
25900,-200,500,"sd","09:24:50",636900
25900,-200,5000,"sd","09:24:52",641900
25850,-250,200,"sd","09:24:52",642100
25900,-200,6000,"bu","09:24:53",648100
25900,-200,500,"sd","09:24:54",648600
25900,-200,800,"bu","09:24:55",649400
25900,-200,100,"sd","09:24:56",649500
25900,-200,2500,"sd","09:24:58",652000
25850,-250,1000,"bu","09:24:59",653000
25850,-250,5000,"bu","09:25:02",658000
25900,-200,1000,"sd","09:25:04",659000
25900,-200,4900,"sd","09:25:04",663900
25900,-200,1000,"sd","09:25:07",664900
25900,-200,100,"bu","09:25:09",665000
25850,-250,900,"sd","09:25:10",665900
25900,-200,2000,"bu","09:25:11",667900
25850,-250,2100,"bu","09:25:12",670000
25900,-200,1000,"bu","09:25:18",671000
25900,-200,200,"bu","09:25:19",671200
25900,-200,3300,"sd","09:25:20",674500
25900,-200,100,"sd","09:25:23",674600
25900,-200,500,"sd","09:25:27",675100
25900,-200,1600,"sd","09:25:28",676700
25900,-200,4800,"sd","09:25:37",681500
25900,-200,2500,"bu","09:25:38",684000
25850,-250,900,"sd","09:25:40",684900
25900,-200,200,"bu","09:25:45",685600
25900,-200,300,"bu","09:25:45",685900
25900,-200,2000,"bu","09:25:47",687900
25900,-200,1100,"sd","09:25:49",689000
25900,-200,800,"sd","09:25:51",689800
25900,-200,3200,"sd","09:25:55",693000
25900,-200,500,"bu","09:26:00",693500
25900,-200,18400,"bu","09:26:01",711900
25900,-200,5000,"bu","09:26:02",716900
25900,-200,1000,"bu","09:26:06",717900
25900,-200,20000,"sd","09:26:06",737900
25900,-200,400,"bu","09:26:08",738300
25850,-250,5000,"bu","09:26:10",743300
25900,-200,1000,"sd","09:26:17",744300
25900,-200,100,"bu","09:26:18",744400
25900,-200,600,"bu","09:26:28",745000
25900,-200,3000,"bu","09:26:30",748000
25900,-200,100,"sd","09:26:33",748100
25900,-200,900,"bu","09:26:34",749000
25850,-250,3200,"bu","09:26:49",752200
25900,-200,1100,"sd","09:26:53",753300
25900,-200,200,"sd","09:26:57",753500
25850,-250,500,"bu","09:26:59",754000
25900,-200,600,"sd","09:27:17",755000
25850,-250,5000,"sd","09:27:20",760000
25900,-200,3100,"sd","09:27:22",763100
25900,-200,1000,"sd","09:27:22",764100
25900,-200,5000,"sd","09:27:35",769100
25850,-250,9000,"sd","09:27:40",778100
25900,-200,1200,"sd","09:27:41",779300
25900,-200,400,"bu","09:27:46",779700
25900,-200,3000,"sd","09:27:52",782700
25850,-250,3500,"bu","09:27:57",786200
25850,-250,1000,"sd","09:28:00",787200
25850,-250,1400,"sd","09:28:02",788600
25850,-250,17000,"sd","09:28:04",805600
25850,-250,4400,"bu","09:28:10",810000
25850,-250,7300,"bu","09:28:11",817300
25850,-250,30000,"sd","09:28:12",847300
25850,-250,2000,"bu","09:28:14",849300
25800,-300,20000,"sd","09:28:16",869300
25800,-300,500,"bu","09:28:17",869800
25800,-300,200,"bu","09:28:18",870000
25800,-300,800,"bu","09:28:19",870800
25800,-300,2000,"sd","09:28:23",872800
25850,-250,1300,"sd","09:28:28",874100
25850,-250,2000,"bu","09:28:29",876100
25850,-250,2500,"sd","09:28:33",878600
25850,-250,400,"sd","09:28:35",879000
25850,-250,1300,"bu","09:28:41",880300
25850,-250,400,"bu","09:28:44",881300
25850,-250,700,"sd","09:28:47",882000
25850,-250,300,"bu","09:28:48",882300
25800,-300,1000,"bu","09:28:49",883300
25850,-250,2000,"sd","09:28:50",885300
25850,-250,100,"sd","09:28:52",885400
25850,-250,1000,"bu","09:28:58",886400
25800,-300,600,"bu","09:28:59",887000
25850,-250,13000,"bu","09:29:05",900000
25800,-300,3400,"bu","09:29:05",890400
25850,-250,16600,"sd","09:29:10",907000
25850,-250,600,"sd","09:29:14",907600
25850,-250,500,"sd","09:29:16",908100
25800,-300,2000,"sd","09:29:18",910100
25850,-250,1600,"sd","09:29:19",911700
25850,-250,400,"sd","09:29:24",912200
25850,-250,1500,"sd","09:29:26",913700
25850,-250,100,"sd","09:29:28",913800
25850,-250,800,"bu","09:29:30",914600
25850,-250,2300,"sd","09:29:32",916900
25800,-300,500,"sd","09:29:34",918900
25850,-250,5000,"sd","09:29:35",923900
25850,-250,5300,"bu","09:29:37",929200
25850,-250,4000,"sd","09:29:39",933200
25850,-250,1000,"bu","09:29:41",934200
25850,-250,1100,"bu","09:29:44",935300
25850,-250,700,"sd","09:29:45",936000
25850,-250,100,"sd","09:29:46",936100
25850,-250,1000,"sd","09:29:48",937100
25850,-250,300,"bu","09:29:50",937400
25850,-250,900,"bu","09:29:51",938300
25850,-250,100,"sd","09:29:52",938400
25850,-250,200,"sd","09:29:53",938600
25850,-250,100,"sd","09:29:56",938700
25850,-250,500,"sd","09:29:59",939200
25850,-250,9400,"sd","09:29:59",948600
25850,-250,500,"bu","09:30:00",949100
25850,-250,3500,"bu","09:30:03",952600
25850,-250,5300,"bu","09:30:05",957900
25850,-250,1200,"sd","09:30:07",959600
25850,-250,2400,"bu","09:30:09",962000
25850,-250,500,"sd","09:30:10",962500
25850,-250,3100,"sd","09:30:11",965600
25850,-250,200,"bu","09:30:12",965800
25850,-250,100,"sd","09:30:14",965900
25850,-250,36700,"sd","09:30:18",1002600
25850,-250,2000,"bu","09:30:25",1004600
25850,-250,4000,"sd","09:30:27",1008600
25850,-250,200,"sd","09:30:32",1008800
25850,-250,700,"sd","09:30:33",1009500
25850,-250,5000,"bu","09:30:46",1014500
25900,-200,500,"sd","09:30:58",1015000
25900,-200,21000,"sd","09:31:02",1036000
25850,-250,4000,"bu","09:31:12",1040000
25900,-200,500,"bu","09:31:13",1040500
25900,-200,100,"sd","09:31:13",1040600
25900,-200,1200,"bu","09:31:15",1041800
25900,-200,300,"sd","09:31:16",1042100
25900,-200,1300,"bu","09:31:19",1043400
25900,-200,4000,"bu","09:31:29",1047400
25900,-200,200,"sd","09:31:33",1047600
25900,-200,400,"sd","09:31:34",1048000
25900,-200,200,"bu","09:31:36",1048200
25900,-200,10900,"bu","09:31:41",1059100
25850,-250,4900,"sd","09:31:45",1064000
25900,-200,100,"sd","09:31:47",1064100
25900,-200,24000,"sd","09:31:49",1088100
25900,-200,100,"bu","09:31:49",1088200
25900,-200,1000,"sd","09:31:51",1089200
25900,-200,5000,"bu","09:31:55",1094200
25950,-150,50000,"bu","09:31:55",1144200
25900,-200,500,"bu","09:31:58",1145700
25900,-200,400,"sd","09:32:00",1146100
25900,-200,300,"sd","09:32:02",1146400
25950,-150,1400,"sd","09:32:13",1147800
25950,-150,100,"bu","09:32:23",1147900
26000,-100,2000,"sd","09:32:29",1149900
26000,-100,600,"bu","09:32:31",1150500
26000,-100,100,"sd","09:32:35",1150600
26000,-100,700,"sd","09:32:41",1151300
26000,-100,300,"sd","09:32:42",1151600
26000,-100,2800,"bu","09:32:43",1154400
26000,-100,600,"sd","09:32:46",1155000
26000,-100,300,"sd","09:32:48",1155300
26000,-100,100,"bu","09:32:51",1155400
26000,-100,1000,"sd","09:32:53",1156400
26000,-100,100,"bu","09:32:57",1156500
26000,-100,500,"bu","09:32:58",1157000
26000,-100,600,"sd","09:33:07",1157600
25900,-200,50200,"sd","09:33:12",1207800
26000,-100,100,"sd","09:33:18",1207900
25950,-150,5200,"bu","09:33:27",1213100
26000,-100,6500,"sd","09:33:31",1219600
25950,-150,1000,"sd","09:33:37",1220600
26000,-100,200,"sd","09:33:37",1220800
25950,-150,700,"sd","09:33:39",1221500
25950,-150,7200,"sd","09:33:52",1228700
26000,-100,1600,"bu","09:34:02",1230300
25950,-150,1900,"sd","09:34:04",1232200
25950,-150,2200,"sd","09:34:07",1234400
25950,-150,600,"sd","09:34:08",1235000
26000,-100,100,"bu","09:34:10",1235100
25950,-150,600,"bu","09:34:15",1235700
25950,-150,500,"bu","09:34:17",1236200
26000,-100,3000,"bu","09:34:21",1239200
26000,-100,500,"bu","09:34:29",1239700
26000,-100,1200,"bu","09:34:36",1240900
26000,-100,500,"bu","09:34:44",1241400
26000,-100,600,"sd","09:34:49",1242000
26000,-100,400,"sd","09:34:59",1242400
26000,-100,4000,"bu","09:35:10",1246400
26000,-100,100,"bu","09:35:17",1246500
26000,-100,5000,"sd","09:35:19",1251500
26000,-100,100,"bu","09:35:20",1251600
26000,-100,200,"sd","09:35:27",1251800
26000,-100,1000,"bu","09:35:28",1252800
26000,-100,5000,"sd","09:35:29",1257800
26000,-100,1100,"sd","09:35:33",1258900
26000,-100,400,"bu","09:35:33",1259300
26000,-100,100,"sd","09:35:35",1259400
26000,-100,2100,"bu","09:35:49",1261500
25950,-150,100,"bu","09:35:51",1261600
26000,-100,300,"sd","09:35:53",1261900
26000,-100,1000,"sd","09:35:59",1262900
26000,-100,4100,"sd","09:36:00",1267000
26000,-100,100,"bu","09:36:01",1267100
26000,-100,1000,"bu","09:36:06",1268100
26000,-100,5700,"sd","09:36:07",1273800
26000,-100,200,"sd","09:36:07",1273300
26000,-100,7000,"bu","09:36:09",1280300
26000,-100,11000,"sd","09:36:12",1291300
26000,-100,1000,"bu","09:36:13",1292300
26000,-100,200,"bu","09:36:14",1292500
26000,-100,3300,"bu","09:36:15",1295800
26000,-100,5000,"sd","09:36:18",1300800
26000,-100,800,"bu","09:36:19",1301600
26000,-100,1300,"bu","09:36:20",1302900
26000,-100,3000,"sd","09:36:21",1305900
26000,-100,3000,"sd","09:36:22",1308900
26000,-100,10000,"sd","09:36:24",1318900
26000,-100,1000,"sd","09:36:26",1319900
26000,-100,1200,"sd","09:36:28",1321100
26000,-100,4700,"sd","09:36:29",1325800
26050,-50,17500,"bu","09:36:38",1343300
26000,-100,500,"bu","09:36:39",1353300
26050,-50,1900,"bu","09:37:19",1355200
26000,-100,10000,"sd","09:37:21",1365200
26050,-50,500,"bu","09:37:22",1365700
26050,-50,800,"sd","09:37:35",1366500
26050,-50,14700,"sd","09:37:37",1381200
26050,-50,500,"bu","09:37:42",1381700
26050,-50,2000,"bu","09:37:43",1383700
26050,-50,100,"bu","09:37:47",1383800
26050,-50,300,"sd","09:37:48",1384100
26050,-50,200,"sd","09:37:49",1384300
26050,-50,100,"bu","09:37:49",1384400
26100,0,51900,"sd","09:37:52",1436300
26050,-50,4600,"bu","09:38:03",1440900
26050,-50,1000,"bu","09:38:04",1442300
26050,-50,7000,"bu","09:38:08",1450300
26050,-50,200,"bu","09:38:09",1450500
26050,-50,100,"bu","09:38:10",1450600
26100,0,3500,"bu","09:38:11",1454100
26050,-50,1100,"bu","09:38:13",1455200
26050,-50,1100,"sd","09:38:22",1456300
26050,-50,300,"bu","09:38:23",1456600
26050,-50,300,"bu","09:38:26",1456900
26000,-100,4700,"sd","09:38:34",1470100
26050,-50,4000,"bu","09:38:37",1474100
26050,-50,17600,"bu","09:38:38",1491700
26050,-50,1000,"sd","09:38:44",1492700
26000,-100,5000,"sd","09:38:49",1497700
26050,-50,5000,"bu","09:38:49",1502700
26000,-100,14000,"sd","09:38:51",1516700
26050,-50,20500,"sd","09:38:53",1537200
26000,-100,5000,"sd","09:38:54",1542200
26050,-50,1000,"bu","09:38:58",1543200
25950,-150,53300,"bu","09:38:59",1596500
26050,-50,100,"bu","09:39:01",1596600
26000,-100,200,"bu","09:39:02",1596800
26050,-50,2200,"sd","09:39:03",1599000
26050,-50,4300,"bu","09:39:07",1603300
26000,-100,1100,"sd","09:39:08",1604400
26000,-100,700,"sd","09:39:10",1605100
26000,-100,1100,"sd","09:39:14",1606200
26000,-100,5600,"sd","09:39:19",1611800
26000,-100,100,"bu","09:39:21",1611900
26000,-100,500,"sd","09:39:23",1612400
26000,-100,1600,"sd","09:39:25",1614000
26000,-100,400,"bu","09:39:27",1616200
26000,-100,300,"sd","09:39:28",1616500
26000,-100,200,"bu","09:39:32",1616700
26000,-100,10500,"sd","09:39:34",1627200
26000,-100,100,"bu","09:39:35",1627300
26000,-100,3400,"bu","09:39:36",1630700
26000,-100,200,"sd","09:39:44",1630900
26000,-100,16000,"bu","09:39:45",1646900
26000,-100,100,"sd","09:39:48",1647000
26050,-50,1000,"sd","09:39:53",1648000
26050,-50,1500,"sd","09:40:01",1649500
26050,-50,500,"sd","09:40:06",1650000
26100,0,5700,"sd","09:40:11",1655700
26100,0,1500,"sd","09:40:20",1657200
26100,0,1600,"bu","09:40:27",1658800
26100,0,2000,"sd","09:40:33",1660800
26100,0,100,"sd","09:40:34",1660900
26100,0,2000,"bu","09:40:37",1662900
26100,0,500,"sd","09:40:41",1663400
26100,0,2500,"bu","09:40:44",1665900
26100,0,3500,"bu","09:40:53",1669400
26100,0,600,"sd","09:40:57",1670000
26100,0,500,"sd","09:41:14",1670500
26100,0,24000,"bu","09:41:16",1694500
26100,0,100,"bu","09:41:21",1694600
26100,0,2000,"sd","09:41:25",1696600
26100,0,1000,"sd","09:41:35",1697600
26100,0,300,"bu","09:41:36",1697900
26100,0,16400,"sd","09:41:45",1714300
26100,0,3600,"bu","09:41:46",1717900
26100,0,500,"bu","09:41:46",1718400
26100,0,1900,"sd","09:41:48",1720300
26100,0,1800,"bu","09:41:49",1722100
26100,0,3000,"sd","09:41:55",1725100
26100,0,1000,"bu","09:41:56",1726100
26100,0,300,"bu","09:42:02",1726400
26100,0,100,"bu","09:42:10",1726500
26100,0,1200,"sd","09:42:11",1727700
26100,0,3000,"bu","09:42:14",1730700
26100,0,1000,"bu","09:42:16",1731700
26050,-50,4000,"sd","09:42:17",1735700
26100,0,3200,"bu","09:42:30",1738900
26050,-50,5000,"sd","09:42:32",1743900
26050,-50,600,"sd","09:42:41",1744500
26100,0,400,"sd","09:42:43",1744900
26100,0,1500,"bu","09:42:45",1746400
26100,0,500,"sd","09:42:55",1746900
26100,0,300,"sd","09:42:57",1747200
26100,0,50000,"bu","09:42:59",1797200
26100,0,1000,"bu","09:43:02",1798200
26150,50,1000,"sd","09:43:05",1799200
26050,-50,12000,"sd","09:43:11",1811200
26150,50,1000,"sd","09:43:12",1812200
26150,50,1500,"sd","09:43:16",1813700
26050,-50,15500,"sd","09:43:18",1829200
26150,50,2000,"sd","09:43:20",1831200
26100,0,100,"bu","09:43:23",1831300
26100,0,2000,"bu","09:43:25",1833300
26100,0,2100,"sd","09:43:32",1835400
26100,0,2500,"bu","09:43:33",1837900
26100,0,8000,"bu","09:43:36",1845900
26100,0,2500,"sd","09:43:37",1848400
26100,0,500,"bu","09:43:39",1848900
26100,0,700,"sd","09:43:44",1849600
26100,0,100,"bu","09:43:48",1849700
26100,0,6400,"sd","09:43:51",1856100
26100,0,100,"sd","09:43:52",1856200
26100,0,7100,"sd","09:43:57",1863300
26100,0,200,"sd","09:44:00",1863500
26100,0,2700,"bu","09:44:01",1866200
26100,0,4000,"sd","09:44:03",1870200
26100,0,3500,"bu","09:44:15",1873700
26100,0,3000,"bu","09:44:18",1876700
26100,0,400,"bu","09:44:22",1877100
26100,0,1200,"sd","09:44:25",1878300
26100,0,500,"sd","09:44:27",1878800
26050,-50,5000,"sd","09:44:29",1883800
26100,0,1200,"sd","09:44:33",1885000
26100,0,1000,"sd","09:44:33",1886000
26100,0,1200,"bu","09:44:37",1887200
26100,0,1700,"bu","09:44:39",1888900
26100,0,200,"bu","09:44:42",1889100
26100,0,1700,"bu","09:44:44",1890800
26100,0,200,"bu","09:44:46",1891000
26100,0,700,"bu","09:44:48",1891700
26100,0,5200,"bu","09:44:53",1896900
26100,0,2000,"sd","09:44:54",1898900
26100,0,3900,"bu","09:44:59",1902800
26100,0,1000,"bu","09:44:59",1903800
26050,-50,400,"bu","09:45:02",1907900
26100,0,900,"sd","09:45:07",1908800
26100,0,1000,"sd","09:45:11",1909800
26100,0,1300,"sd","09:45:19",1911100
26100,0,2700,"bu","09:45:21",1913800
26100,0,500,"bu","09:45:24",1914300
26100,0,3700,"sd","09:45:25",1918000
26100,0,2500,"sd","09:45:31",1920500
26050,-50,700,"sd","09:45:32",1921300
26100,0,200,"bu","09:45:34",1921500
26100,0,100,"sd","09:45:35",1921600
26100,0,1100,"bu","09:45:48",1922700
26050,-50,5000,"sd","09:45:51",1927700
26100,0,3000,"bu","09:45:53",1930700
26100,0,1000,"sd","09:45:58",1931700
26100,0,46700,"sd","09:46:02",1978400
26100,0,100,"bu","09:46:03",1978500
26100,0,17000,"bu","09:46:08",1995500
26150,50,20000,"sd","09:46:19",2015500
26150,50,1000,"bu","09:46:24",2016500
26150,50,2000,"bu","09:46:27",2018500
26150,50,3000,"sd","09:46:27",2021500
26150,50,8100,"bu","09:46:28",2029600
26100,0,12000,"sd","09:46:31",2041600
26100,0,800,"bu","09:46:33",2042400
26150,50,900,"sd","09:46:39",2043300
26150,50,18100,"bu","09:46:41",2061400
26150,50,200,"bu","09:46:42",2061600
26150,50,400,"sd","09:46:46",2062000
26150,50,15200,"bu","09:46:55",2077200
26150,50,300,"bu","09:46:56",2077500
26100,0,800,"bu","09:47:03",2078300
26150,50,200,"sd","09:47:04",2078500
26100,0,10200,"sd","09:47:10",2088700
26150,50,5000,"sd","09:47:13",2093700
26100,0,100,"bu","09:47:17",2093800
26150,50,11800,"sd","09:47:20",2105600
26150,50,9000,"sd","09:47:22",2114600
26150,50,100,"sd","09:47:25",2114700
26150,50,1800,"bu","09:47:33",2116500
26200,100,500,"sd","09:47:33",2117000
26200,100,200,"bu","09:47:34",2117200
26200,100,27300,"bu","09:47:39",2144500
26150,50,400,"bu","09:47:46",2144900
26200,100,10200,"sd","09:47:48",2155100
26150,50,12000,"sd","09:47:49",2167100
26200,100,100,"bu","09:47:51",2167200
26200,100,400,"sd","09:48:02",2167600
26200,100,300,"bu","09:48:03",2167900
26150,50,800,"sd","09:48:04",2168700
26200,100,100,"bu","09:48:05",2168800
26200,100,500,"sd","09:48:10",2169300
26200,100,200,"bu","09:48:11",2169500
26200,100,1000,"sd","09:48:24",2170500
26150,50,800,"bu","09:48:26",2171300
26200,100,600,"bu","09:48:32",2171900
26150,50,800,"sd","09:48:34",2172700
26200,100,500,"sd","09:48:37",2173200
26200,100,1600,"bu","09:48:42",2174800
26200,100,100,"sd","09:48:54",2174900
26200,100,1300,"sd","09:48:59",2176200
26150,50,800,"bu","09:49:08",2177000
26200,100,200,"bu","09:49:09",2177200
26200,100,800,"sd","09:49:10",2178000
26200,100,100,"bu","09:49:29",2178100
26150,50,900,"sd","09:49:34",2179000
26150,50,6500,"bu","09:49:47",2185500
26150,50,1100,"bu","09:49:50",2187500
26150,50,1000,"bu","09:49:51",2188500
26150,50,2000,"sd","09:49:57",2190500
26100,0,4700,"bu","09:50:03",2195200
26150,50,3000,"sd","09:50:05",2198200
26150,50,1000,"sd","09:50:06",2199200
26150,50,500,"sd","09:50:07",2199700
26150,50,400,"bu","09:50:11",2200100
26150,50,2000,"bu","09:50:19",2202100
26150,50,500,"bu","09:50:21",2202600
26100,0,900,"bu","09:50:33",2203500
26150,50,2100,"bu","09:50:35",2205600
26150,50,3000,"bu","09:50:37",2208600
26150,50,2000,"bu","09:50:43",2210600
26200,100,100,"sd","09:50:49",2210700
26150,50,3500,"sd","09:50:56",2214200
26150,50,500,"bu","09:50:57",2214700
26150,50,300,"bu","09:51:00",2215000
26100,0,900,"bu","09:51:03",2215900
26150,50,200,"sd","09:51:08",2216100
26150,50,400,"sd","09:51:11",2216500
26150,50,1000,"sd","09:51:22",2217500
26150,50,100,"sd","09:51:27",2217600
26100,0,900,"sd","09:51:33",2218500
26150,50,800,"bu","09:51:49",2219300
26100,0,300,"bu","09:51:59",2219600
26100,0,1000,"sd","09:52:03",2220600
26100,0,900,"bu","09:52:04",2221500
26150,50,1000,"bu","09:52:09",2222500
26150,50,100,"bu","09:52:20",2222600
26150,50,200,"bu","09:52:22",2222800
26100,0,100,"bu","09:52:23",2222900
26100,0,1100,"bu","09:52:32",2224000
26100,0,900,"sd","09:52:34",2224900
26150,50,10000,"sd","09:52:39",2234900
26150,50,5000,"sd","09:52:42",2239900
26150,50,1500,"sd","09:52:44",2241400
26100,0,900,"sd","09:53:05",2242300
26100,0,1000,"bu","09:53:06",2243300
26150,50,200,"bu","09:53:15",2243500
26100,0,100,"bu","09:53:19",2243600
26100,0,900,"bu","09:53:34",2244500
26100,0,100,"sd","09:53:45",2244600
26150,50,300,"sd","09:53:54",2244900
26150,50,100,"sd","09:53:59",2245000
26100,0,1000,"sd","09:54:05",2246000
26150,50,300,"sd","09:54:12",2246300
26100,0,900,"sd","09:54:35",2247200
26100,0,500,"bu","09:54:58",2247700
26100,0,900,"sd","09:55:04",2248600
26150,50,500,"bu","09:55:28",2249100
26100,0,300,"sd","09:55:29",2249400
26100,0,2000,"sd","09:55:33",2251400
26100,0,900,"sd","09:55:35",2252300
26100,0,500,"sd","09:55:38",2252800
26100,0,300,"sd","09:55:44",2253100
26100,0,3000,"sd","09:56:02",2256100
26100,0,2000,"bu","09:56:04",2258100
26100,0,900,"bu","09:56:05",2259000
26100,0,12000,"sd","09:56:26",2271000
26100,0,100,"bu","09:56:27",2271100
26100,0,1000,"bu","09:56:30",2272100
26100,0,900,"sd","09:56:36",2273000
26100,0,100,"sd","09:56:37",2273100
26100,0,12900,"sd","09:56:39",2286000
26100,0,1000,"sd","09:56:41",2287000
26100,0,15000,"sd","09:56:46",2302000
26100,0,2000,"sd","09:56:55",2304000
26100,0,17000,"sd","09:56:58",2321000
26100,0,11000,"sd","09:57:03",2332000
26100,0,10000,"sd","09:57:04",2342000
26100,0,900,"sd","09:57:05",2342900
26100,0,5100,"bu","09:57:06",2348000
26100,0,19000,"sd","09:57:09",2367000
26100,0,14000,"sd","09:57:11",2381000
26100,0,2000,"bu","09:57:12",2383000
26100,0,200,"bu","09:57:13",2383200
26100,0,1000,"bu","09:57:14",2384200
26100,0,21000,"sd","09:57:15",2405200
26100,0,4000,"sd","09:57:15",2409200
26100,0,13000,"bu","09:57:19",2422200
26100,0,500,"bu","09:57:25",2422700
26050,-50,23000,"sd","09:57:27",2445700
26050,-50,15000,"sd","09:57:29",2460700
26050,-50,25000,"bu","09:57:34",2485700
26050,-50,900,"bu","09:57:35",2486600
26050,-50,17000,"sd","09:57:43",2503600
26050,-50,18000,"sd","09:57:53",2521600
26050,-50,16000,"bu","09:58:00",2537600
26050,-50,900,"sd","09:58:05",2538500
26050,-50,14000,"sd","09:58:07",2552500
26100,0,1100,"sd","09:58:12",2553600
26050,-50,500,"sd","09:58:18",2554100
26050,-50,12000,"sd","09:58:24",2566100
26050,-50,4400,"sd","09:58:30",2570500
26050,-50,10000,"bu","09:58:35",2580500
26050,-50,900,"sd","09:58:36",2581400
26050,-50,6000,"bu","09:58:56",2587400
26100,0,100,"bu","09:59:01",2587500
26050,-50,6000,"bu","09:59:17",2593500
26100,0,1000,"sd","09:59:33",2594500
26050,-50,2100,"bu","09:59:54",2596600
26050,-50,1000,"bu","10:00:09",2597600
26050,-50,4000,"bu","10:00:46",2601600
26050,-50,1000,"bu","10:01:06",2602600
26100,0,6000,"sd","10:02:11",2608600
26100,0,500,"sd","10:02:34",2609100
26050,-50,1000,"bu","10:02:37",2610100
26050,-50,3000,"sd","10:03:06",2613100
26100,0,500,"bu","10:03:10",2613600
26100,0,700,"sd","10:03:22",2614300
26100,0,40000,"bu","10:03:24",2654300
26100,0,5000,"bu","10:03:26",2659300
26100,0,100,"sd","10:03:27",2659400
26100,0,2000,"bu","10:03:32",2661400
26050,-50,5000,"bu","10:03:34",2666400
26050,-50,1100,"bu","10:03:36",2667500
26100,0,200,"bu","10:03:38",2667700
26100,0,400,"sd","10:03:39",2668100
26100,0,700,"bu","10:03:40",2668800
26100,0,8000,"sd","10:03:47",2676800
26150,50,300,"sd","10:03:56",2677100
26100,0,200,"sd","10:03:59",2677300
26100,0,1000,"sd","10:04:06",2678300
26050,-50,8000,"sd","10:04:11",2686300
26050,-50,17000,"bu","10:04:16",2703300
26050,-50,4000,"sd","10:04:22",2707300
26050,-50,19000,"sd","10:04:25",2726300
26050,-50,21000,"bu","10:04:30",2747300
26050,-50,24000,"bu","10:04:37",2771300
26050,-50,5500,"bu","10:04:39",2776800
26050,-50,33700,"sd","10:04:49",2810500
26050,-50,23300,"bu","10:04:54",2833800
26050,-50,300,"sd","10:04:55",2834100
26050,-50,1100,"sd","10:05:02",2835200
26000,-100,600,"sd","10:05:07",2836200
26050,-50,1000,"sd","10:05:11",2837200
26050,-50,1500,"bu","10:05:19",2838700
26000,-100,1100,"sd","10:05:20",2839800
26050,-50,5000,"sd","10:05:36",2844800
26000,-100,1000,"sd","10:05:36",2845800
26000,-100,2000,"bu","10:05:44",2847800
26000,-100,2500,"sd","10:06:07",2850300
26050,-50,100,"sd","10:06:12",2850400
26000,-100,14600,"sd","10:06:19",2865000
26000,-100,400,"bu","10:06:19",2865400
26000,-100,100,"sd","10:06:21",2865500
26000,-100,1000,"sd","10:06:37",2866500
26000,-100,20000,"sd","10:06:41",2886500
26000,-100,1000,"sd","10:06:54",2887500
26000,-100,6000,"bu","10:07:09",2893500
26050,-50,100,"sd","10:07:17",2893600
26050,-50,400,"bu","10:07:23",2894000
26050,-50,5000,"sd","10:07:24",2899000
26050,-50,100,"bu","10:07:31",2899100
26000,-100,1100,"sd","10:07:37",2900200
26050,-50,1400,"sd","10:07:46",2901600
26000,-100,1000,"sd","10:07:47",2902600
26000,-100,200,"bu","10:08:04",2902800
26000,-100,1100,"bu","10:08:07",2903900
26050,-50,500,"bu","10:08:27",2904400
26000,-100,200,"sd","10:08:33",2904600
26000,-100,1100,"sd","10:08:37",2905700
26050,-50,200,"bu","10:08:54",2905900
26000,-100,300,"bu","10:08:57",2906200
26000,-100,200,"sd","10:09:05",2906400
26000,-100,300,"bu","10:09:06",2906700
26000,-100,1100,"bu","10:09:07",2907800
26000,-100,16100,"sd","10:09:39",2923900
26000,-100,1500,"bu","10:09:41",2925400
26000,-100,5000,"sd","10:09:44",2930400
26050,-50,400,"bu","10:09:56",2930800
26050,-50,100,"bu","10:10:06",2930900
26050,-50,1300,"sd","10:10:19",2932200
26050,-50,7400,"bu","10:10:32",2939600
26000,-100,1100,"sd","10:10:38",2940700
26000,-100,100,"bu","10:10:43",2940800
26000,-100,400,"sd","10:10:58",2941200
26050,-50,4000,"sd","10:10:59",2945200
26050,-50,500,"bu","10:11:06",2945700
26000,-100,1600,"sd","10:11:08",2947300
26050,-50,100,"bu","10:11:11",2947400
26000,-100,1000,"bu","10:11:16",2948400
26000,-100,1100,"bu","10:11:37",2949500
26000,-100,38000,"sd","10:11:40",2987500
26000,-100,2300,"sd","10:11:55",2989800
26000,-100,100,"sd","10:12:04",2989900
26000,-100,1100,"bu","10:12:07",2991000
26050,-50,1000,"sd","10:12:12",2992000
26000,-100,500,"bu","10:12:16",2992500
26000,-100,5000,"bu","10:12:17",2997500
26000,-100,1300,"bu","10:12:20",2998800
26050,-50,2000,"sd","10:12:22",3000800
26050,-50,300,"sd","10:12:36",3001100
26000,-100,1100,"sd","10:12:38",3002200
26050,-50,3000,"bu","10:12:58",3005200
26000,-100,1100,"sd","10:13:08",3006300
26050,-50,1000,"sd","10:13:23",3007300
26050,-50,2000,"sd","10:13:29",3009300
26050,-50,1000,"bu","10:13:35",3010300
26000,-100,1100,"sd","10:13:39",3011400
26000,-100,10000,"bu","10:13:41",3021400
26000,-100,10000,"sd","10:13:50",3031400
26000,-100,100,"bu","10:13:52",3031500
26050,-50,300,"sd","10:13:54",3031800
26000,-100,1200,"bu","10:14:08",3033000
26000,-100,1300,"sd","10:14:20",3034300
26000,-100,100,"sd","10:14:23",3034400
26000,-100,10000,"bu","10:14:26",3044400
26050,-50,800,"bu","10:14:28",3045200
26050,-50,100,"bu","10:14:31",3045300
26000,-100,1200,"sd","10:14:39",3046500
26000,-100,100,"sd","10:14:44",3046600
26000,-100,800,"sd","10:14:53",3047400
26000,-100,2000,"sd","10:14:54",3049400
26000,-100,3000,"bu","10:14:56",3052400
26000,-100,7600,"bu","10:15:05",3060000
26000,-100,1200,"bu","10:15:09",3061200
26000,-100,5300,"sd","10:15:31",3066500
26000,-100,1200,"bu","10:15:39",3067700
26000,-100,3000,"sd","10:16:09",3070700
26000,-100,600,"bu","10:16:16",3080700
26000,-100,500,"bu","10:16:32",3081200
26000,-100,1000,"sd","10:16:34",3082200
26000,-100,2000,"bu","10:16:37",3084200
26000,-100,1200,"sd","10:16:40",3085400
26000,-100,7900,"sd","10:16:46",3093300
26050,-50,1200,"bu","10:16:55",3094500
26000,-100,100,"bu","10:16:56",3094600
26000,-100,5800,"bu","10:17:06",3100400
26000,-100,9300,"bu","10:17:07",3109700
26000,-100,200,"sd","10:17:08",3109900
25950,-150,1200,"bu","10:17:09",3111100
26000,-100,300,"bu","10:17:13",3111400
26000,-100,200,"sd","10:17:29",3111600
26000,-100,1000,"bu","10:17:31",3112600
25950,-150,2600,"bu","10:18:12",3115200
25950,-150,900,"bu","10:18:24",3116100
25950,-150,300,"sd","10:18:32",3116400
25950,-150,1200,"sd","10:18:39",3117600
26000,-100,1000,"sd","10:18:46",3118600
25950,-150,5000,"bu","10:18:56",3123600
26000,-100,3000,"sd","10:18:58",3126600
26000,-100,200,"bu","10:19:05",3126800
25950,-150,1200,"bu","10:19:09",3128000
26000,-100,100,"bu","10:19:14",3128100
25950,-150,200,"sd","10:19:27",3128300
26000,-100,2500,"sd","10:19:34",3130800
25950,-150,1200,"bu","10:19:40",3132000
26000,-100,11600,"sd","10:19:42",3143600
26000,-100,2500,"bu","10:19:44",3146100
26000,-100,1000,"sd","10:19:47",3147100
26000,-100,100,"bu","10:19:55",3147200
26000,-100,1000,"bu","10:20:01",3148200
26000,-100,200,"sd","10:20:07",3148400
26000,-100,1300,"bu","10:20:10",3149700
26000,-100,100,"sd","10:20:14",3149800
26000,-100,1100,"bu","10:20:30",3150900
26000,-100,200,"bu","10:20:37",3151100
26000,-100,1300,"bu","10:20:40",3152400
26000,-100,10000,"sd","10:20:55",3162400
26000,-100,1300,"bu","10:21:11",3163700
26000,-100,3000,"bu","10:21:12",3166700
26000,-100,1000,"sd","10:21:23",3167700
26000,-100,4300,"sd","10:21:40",3172000
26000,-100,1000,"bu","10:21:46",3173000
26000,-100,1300,"sd","10:22:11",3174300
26000,-100,100,"sd","10:22:19",3174400
26000,-100,1900,"sd","10:22:30",3176300
26000,-100,1300,"sd","10:22:41",3177600
26000,-100,2000,"sd","10:22:54",3179600
26000,-100,500,"bu","10:22:57",3180100
26000,-100,14600,"bu","10:22:58",3194700
25950,-150,1300,"bu","10:23:11",3196000
26000,-100,1000,"bu","10:23:14",3197000
26000,-100,1300,"bu","10:23:40",3198300
26000,-100,200,"sd","10:23:42",3198500
26000,-100,500,"sd","10:23:44",3199000
26000,-100,1100,"bu","10:23:56",3200100
26050,-50,200,"sd","10:24:03",3200300
26000,-100,500,"sd","10:24:07",3200800
26050,-50,2000,"bu","10:24:11",3202800
26000,-100,900,"sd","10:24:19",3203700
26000,-100,500,"sd","10:24:23",3204200
26000,-100,1300,"sd","10:24:41",3205500
26000,-100,1000,"bu","10:25:11",3206500
26000,-100,1700,"bu","10:25:14",3208200
26000,-100,20000,"sd","10:25:20",3228200
26000,-100,1500,"bu","10:25:28",3242000
25950,-150,1400,"bu","10:25:41",3243400
26000,-100,100,"sd","10:25:43",3243500
25950,-150,1400,"bu","10:26:17",3244900
26000,-100,100,"bu","10:26:19",3245000
25950,-150,20400,"bu","10:26:24",3265400
25950,-150,20000,"sd","10:26:28",3285400
25950,-150,500,"bu","10:26:36",3285900
25950,-150,2000,"sd","10:26:40",3287900
25950,-150,1400,"bu","10:26:41",3289300
25950,-150,300,"sd","10:26:46",3289600
25950,-150,20000,"sd","10:26:49",3309600
25950,-150,400,"bu","10:26:57",3310000
25950,-150,600,"bu","10:26:58",3310600
26000,-100,100,"bu","10:26:59",3310700
25950,-150,200,"bu","10:27:00",3310900
25950,-150,100,"bu","10:27:13",3311000
25950,-150,1400,"bu","10:27:16",3312400
25950,-150,500,"bu","10:27:32",3312900
26000,-100,4000,"sd","10:27:33",3316900
25950,-150,1400,"bu","10:27:42",3318300
26000,-100,400,"bu","10:27:45",3318700
25950,-150,1700,"sd","10:28:13",3320400
26000,-100,200,"sd","10:28:15",3320600
25950,-150,300,"bu","10:28:26",3320900
25950,-150,20000,"bu","10:28:34",3340900
25950,-150,3000,"sd","10:28:40",3343900
25950,-150,5400,"bu","10:28:41",3349300
25950,-150,800,"sd","10:28:54",3350100
25950,-150,5200,"sd","10:28:57",3355300
25950,-150,4000,"sd","10:28:59",3359300
25950,-150,9800,"sd","10:29:09",3369100
25900,-200,1500,"sd","10:29:11",3370600
25950,-150,5000,"sd","10:29:15",3375600
25950,-150,32700,"bu","10:29:41",3408300
25950,-150,300,"sd","10:30:07",3408600
25950,-150,1500,"sd","10:30:12",3410100
25950,-150,800,"sd","10:30:14",3410900
25950,-150,2600,"bu","10:30:42",3413500
25950,-150,20000,"bu","10:30:51",3433500
25950,-150,500,"bu","10:30:54",3434000
25950,-150,1300,"sd","10:30:57",3435300
25950,-150,100,"bu","10:30:58",3435400
25950,-150,1100,"bu","10:31:09",3436500
25950,-150,800,"sd","10:31:10",3437300
25950,-150,1000,"bu","10:31:12",3438300
25950,-150,2000,"sd","10:31:15",3440300
25900,-200,1500,"sd","10:31:16",3441800
25950,-150,2000,"sd","10:31:19",3443800
26000,-100,2800,"sd","10:31:23",3446600
26000,-100,2800,"bu","10:31:26",3449400
25950,-150,100,"bu","10:31:28",3449500
26000,-100,3700,"bu","10:31:31",3453200
26000,-100,3600,"bu","10:31:34",3456800
25950,-150,100,"bu","10:31:40",3456900
25950,-150,2000,"bu","10:31:41",3458900
26000,-100,2000,"sd","10:31:43",3460900
25900,-200,1500,"bu","10:31:44",3462400
26000,-100,2800,"sd","10:31:49",3465200
26000,-100,2800,"sd","10:31:50",3468000
26000,-100,3600,"sd","10:31:56",3471600
26000,-100,5600,"bu","10:32:01",3477200
26000,-100,1400,"bu","10:32:02",3478600
26000,-100,2000,"bu","10:32:08",3480600
25950,-150,3500,"bu","10:32:13",3484100
26000,-100,2800,"bu","10:32:16",3486900
26000,-100,2800,"sd","10:32:18",3489700
25950,-150,900,"sd","10:32:22",3490600
26000,-100,3600,"sd","10:32:23",3494200
26000,-100,3900,"sd","10:32:28",3498100
26000,-100,2000,"bu","10:32:30",3500100
26000,-100,4800,"sd","10:32:37",3504900
26000,-100,3900,"bu","10:32:40",3508800
25950,-150,1500,"sd","10:32:42",3510300
26000,-100,3600,"bu","10:32:45",3513900
26000,-100,4800,"sd","10:32:51",3518700
26000,-100,1400,"bu","10:32:52",3520100
26000,-100,200,"sd","10:32:53",3520300
26000,-100,1200,"bu","10:32:55",3521500
26000,-100,8500,"bu","10:32:57",3530000
26000,-100,6500,"sd","10:32:58",3536500
25950,-150,400,"bu","10:33:01",3536900
26000,-100,1700,"bu","10:33:03",3538600
26000,-100,3900,"bu","10:33:11",3542500
26000,-100,2000,"sd","10:33:13",3544500
25950,-150,1600,"sd","10:33:14",3546100
26000,-100,2200,"sd","10:33:15",3548300
25950,-150,100,"bu","10:33:21",3548400
26000,-100,2700,"bu","10:33:25",3551100
26000,-100,2700,"bu","10:33:29",3553800
26000,-100,1400,"sd","10:33:34",3555200
26000,-100,1000,"sd","10:33:40",3556200
25950,-150,1600,"sd","10:33:43",3557800
26000,-100,2000,"bu","10:33:46",3559800
26000,-100,14000,"sd","10:34:06",3573800
26000,-100,3300,"sd","10:34:10",3577100
25950,-150,4400,"sd","10:34:15",3581500
26000,-100,3600,"sd","10:34:19",3585100
26000,-100,3600,"sd","10:34:24",3588700
26000,-100,2000,"bu","10:34:34",3590700
26000,-100,300,"sd","10:34:38",3591000
26000,-100,2000,"sd","10:34:40",3593000
25950,-150,3100,"bu","10:34:42",3596100
26000,-100,2800,"bu","10:34:45",3598900
26000,-100,200,"sd","10:34:46",3599100
26000,-100,100,"sd","10:34:47",3599200
26000,-100,2800,"bu","10:34:49",3602000
26000,-100,3600,"sd","10:34:54",3605600
26000,-100,3600,"sd","10:34:59",3609200
26000,-100,2300,"bu","10:35:10",3611500
25950,-150,1600,"sd","10:35:13",3613100
25950,-150,100,"bu","10:35:24",3613200
25950,-150,1600,"bu","10:35:43",3614800
26000,-100,2000,"bu","10:35:48",3616800
26000,-100,2000,"sd","10:35:52",3618800
26000,-100,2800,"bu","10:35:57",3621600
26000,-100,1500,"sd","10:35:58",3623100
26000,-100,4800,"bu","10:36:01",3627900
26000,-100,3600,"sd","10:36:05",3631500
26000,-100,5600,"bu","10:36:15",3637100
25950,-150,1600,"sd","10:36:18",3638700
26000,-100,2000,"sd","10:36:20",3640700
26000,-100,400,"sd","10:36:22",3641100
26000,-100,1000,"bu","10:36:24",3642100
26000,-100,2800,"bu","10:36:31",3644900
26000,-100,2800,"sd","10:36:36",3647700
26000,-100,3600,"sd","10:36:40",3651300
26000,-100,3600,"bu","10:36:43",3654900
25950,-150,1700,"bu","10:36:47",3656600
26000,-100,100,"sd","10:36:49",3656700
26000,-100,1000,"sd","10:36:50",3657700
26000,-100,1400,"bu","10:36:53",3659100
26000,-100,300,"sd","10:36:58",3659400
26000,-100,20000,"bu","10:37:00",3679400
26050,-50,10000,"sd","10:37:04",3689400
26000,-100,1700,"sd","10:37:14",3691100
26000,-100,2600,"bu","10:37:24",3693700
26000,-100,2400,"bu","10:37:28",3696100
26000,-100,3700,"sd","10:37:39",3699800
26000,-100,1700,"bu","10:37:43",3701500
26000,-100,2700,"bu","10:38:19",3704200
26000,-100,2900,"sd","10:38:28",3707100
26000,-100,2500,"bu","10:38:29",3709600
26000,-100,9600,"sd","10:38:38",3719200
25950,-150,1700,"bu","10:38:43",3720900
26000,-100,500,"bu","10:38:52",3721400
26000,-100,2000,"bu","10:39:01",3723400
26000,-100,1800,"sd","10:39:16",3725200
26000,-100,100,"sd","10:39:31",3725300
26050,-50,2400,"bu","10:39:44",3727700
26000,-100,4000,"bu","10:39:49",3731700
26000,-100,6000,"sd","10:39:55",3737700
26000,-100,1800,"bu","10:40:18",3739500
26000,-100,1900,"sd","10:40:33",3741400
26000,-100,1100,"sd","10:40:42",3742500
26000,-100,7800,"sd","10:40:44",3750300
26000,-100,1800,"bu","10:40:47",3752100
26000,-100,400,"sd","10:40:48",3752500
26000,-100,600,"sd","10:40:52",3753100
26000,-100,400,"bu","10:41:01",3753500
25950,-150,1200,"bu","10:41:09",3754700
26000,-100,2700,"sd","10:41:14",3757400
26000,-100,1100,"bu","10:41:15",3767000
25950,-150,1800,"sd","10:41:46",3768800
26000,-100,200,"bu","10:42:11",3769000
25950,-150,1900,"bu","10:42:17",3770900
26000,-100,500,"sd","10:42:33",3771400
26000,-100,800,"bu","10:42:40",3772200
25950,-150,1900,"bu","10:42:44",3774100
26000,-100,1000,"bu","10:42:52",3775100
26000,-100,100,"sd","10:43:05",3775200
26000,-100,500,"sd","10:43:08",3775700
26000,-100,5000,"bu","10:43:13",3780700
26000,-100,2200,"sd","10:43:15",3782900
25950,-150,1900,"sd","10:43:18",3784800
25950,-150,1900,"sd","10:43:45",3786700
26000,-100,1300,"sd","10:43:52",3788000
26000,-100,100,"sd","10:43:55",3788100
25950,-150,2000,"sd","10:44:15",3790100
26000,-100,500,"bu","10:44:18",3790600
26000,-100,800,"sd","10:44:20",3791400
26000,-100,300,"sd","10:44:38",3791700
25950,-150,2100,"bu","10:44:45",3793800
26000,-100,1000,"sd","10:44:51",3794800
25950,-150,20000,"sd","10:44:56",3814800
25950,-150,20000,"sd","10:45:01",3834800
25950,-150,100,"bu","10:45:03",3834900
25950,-150,6100,"bu","10:45:04",3841000
25900,-200,2000,"sd","10:45:16",3843000
25900,-200,20000,"sd","10:45:17",3863000
25950,-150,5000,"sd","10:45:19",3868000
25950,-150,300,"bu","10:45:22",3868300
25950,-150,100,"sd","10:45:27",3868400
25950,-150,3100,"bu","10:45:30",3871500
25950,-150,100,"bu","10:45:31",3871600
25950,-150,500,"sd","10:45:32",3872100
25950,-150,100,"bu","10:45:41",3872200
25950,-150,1000,"sd","10:45:43",3873200
25900,-200,2500,"bu","10:45:44",3875700
26000,-100,12000,"sd","10:45:48",3887700
26000,-100,3400,"sd","10:45:53",3891100
26000,-100,2000,"bu","10:46:00",3893100
26000,-100,300,"sd","10:46:02",3893400
26000,-100,2000,"sd","10:46:15",3895400
26000,-100,500,"sd","10:46:24",3895900
26000,-100,3000,"sd","10:46:36",3898900
26000,-100,1000,"bu","10:46:43",3899900
26050,-50,100,"bu","10:46:44",3900000
26000,-100,2100,"sd","10:46:45",3902100
26000,-100,200,"sd","10:47:00",3902300
26000,-100,2100,"sd","10:47:14",3904400
26000,-100,3700,"sd","10:47:29",3908100
26000,-100,600,"sd","10:47:34",3908700
26000,-100,2100,"sd","10:47:45",3910800
26050,-50,3000,"bu","10:47:46",3913800
26000,-100,2100,"sd","10:48:16",3915900
26050,-50,200,"bu","10:48:23",3916100
26000,-100,2000,"sd","10:48:24",3918100
26050,-50,2000,"bu","10:48:32",3920100
26050,-50,2000,"sd","10:48:36",3922100
26050,-50,600,"sd","10:48:36",3922700
26050,-50,2800,"bu","10:48:41",3925500
26050,-50,2800,"bu","10:48:44",3928300
26000,-100,2200,"sd","10:48:45",3930500
26050,-50,3600,"bu","10:48:55",3934100
26050,-50,3600,"sd","10:48:58",3937700
26050,-50,2000,"sd","10:49:07",3939700
26000,-100,7000,"sd","10:49:15",3946700
26050,-50,2800,"bu","10:49:18",3949500
26050,-50,13100,"sd","10:49:22",3962600
26050,-50,3600,"sd","10:49:23",3966200
26050,-50,3600,"bu","10:49:27",3969800
26050,-50,20000,"sd","10:49:29",3989800
26050,-50,1400,"sd","10:49:34",3991200
26050,-50,3000,"sd","10:49:37",3994200
26050,-50,3900,"bu","10:49:43",3998100
26050,-50,9000,"sd","10:49:45",4007100
26050,-50,5000,"sd","10:49:46",4012100
26050,-50,2000,"bu","10:49:47",4014100
26050,-50,2000,"bu","10:49:53",4016100
26050,-50,2100,"bu","10:49:55",4018200
26050,-50,1100,"sd","10:49:56",4019300
26050,-50,2300,"bu","10:49:57",4021600
26050,-50,3000,"bu","10:50:00",4024600
26050,-50,2800,"sd","10:50:04",4027400
26050,-50,5100,"sd","10:50:07",4032500
26100,0,3600,"sd","10:50:08",4036100
26050,-50,3000,"sd","10:50:12",4039100
26050,-50,3600,"bu","10:50:13",4042700
26050,-50,2400,"bu","10:50:16",4045100
26050,-50,2000,"bu","10:50:18",4047100
26050,-50,2000,"sd","10:50:21",4049100
26050,-50,2800,"bu","10:50:25",4051900
26050,-50,3000,"sd","10:50:33",4054900
26100,0,3600,"bu","10:50:34",4058500
26050,-50,5900,"sd","10:50:45",4064400
26100,0,1400,"bu","10:50:48",4065800
26100,0,1000,"sd","10:50:52",4066800
26100,0,10000,"bu","10:50:57",4076800
26100,0,5000,"bu","10:51:00",4081800
26100,0,10000,"bu","10:51:01",4091800
26050,-50,14600,"bu","10:51:06",4106400
26000,-100,1000,"bu","10:51:13",4107400
26050,-50,1700,"bu","10:51:16",4109100
26100,0,15000,"bu","10:51:17",4124100
26100,0,100,"sd","10:51:18",4124200
26100,0,300,"sd","10:51:19",4124500
26150,50,11100,"bu","10:51:20",4135600
26100,0,100,"sd","10:51:21",4135700
26150,50,2000,"sd","10:51:25",4137700
26150,50,2800,"bu","10:51:28",4140500
26150,50,2800,"bu","10:51:35",4143300
26150,50,3600,"sd","10:51:36",4146900
26100,0,800,"sd","10:51:37",4147700
26100,0,3600,"sd","10:51:38",4151300
26100,0,2000,"sd","10:51:45",4153300
26050,-50,3800,"bu","10:51:48",4157100
26050,-50,2000,"bu","10:51:49",4159100
26050,-50,4800,"sd","10:51:54",4163900
26050,-50,200,"bu","10:51:55",4164100
26050,-50,2800,"bu","10:51:57",4166900
26050,-50,2000,"bu","10:51:59",4168900
26050,-50,3600,"bu","10:52:02",4172500
26050,-50,3000,"bu","10:52:05",4175500
26050,-50,3600,"bu","10:52:06",4179100
26050,-50,2500,"sd","10:52:08",4181600
26050,-50,3400,"bu","10:52:11",4185000
26050,-50,2000,"sd","10:52:12",4187000
26000,-100,20000,"sd","10:52:13",4207000
26050,-50,500,"bu","10:52:14",4207500
26050,-50,2800,"bu","10:52:15",4210300
26000,-100,20000,"bu","10:52:16",4230300
26050,-50,2800,"bu","10:52:17",4233100
26050,-50,20500,"bu","10:52:19",4253600
26100,0,5600,"sd","10:52:21",4259200
26000,-100,20000,"sd","10:52:22",4279200
26100,0,3600,"sd","10:52:23",4282800
26100,0,2000,"sd","10:52:28",4284800
26050,-50,100,"bu","10:52:29",4284900
26050,-50,2000,"bu","10:52:30",4286900
26000,-100,4200,"sd","10:52:35",4291100
26000,-100,1000,"bu","10:52:37",4292100
26000,-100,500,"sd","10:52:40",4292600
26000,-100,2800,"sd","10:52:42",4295400
26000,-100,500,"sd","10:52:42",4295900
26000,-100,100,"bu","10:52:43",4296000
26000,-100,300,"bu","10:52:44",4296300
26000,-100,3600,"sd","10:52:47",4299900
26000,-100,3800,"sd","10:52:51",4303700
26000,-100,1400,"bu","10:52:55",4305100
26000,-100,100,"bu","10:52:58",4305200
26000,-100,8200,"bu","10:53:06",4313400
26000,-100,10000,"sd","10:53:18",4323400
26000,-100,800,"sd","10:53:35",4324200
26000,-100,2000,"bu","10:53:38",4326200
26000,-100,7100,"bu","10:53:45",4333300
26000,-100,300,"bu","10:53:51",4333600
26000,-100,16100,"sd","10:53:55",4349700
26000,-100,400,"sd","10:54:41",4350100
26050,-50,100,"sd","10:55:13",4350200
26050,-50,400,"sd","10:55:23",4350600
26050,-50,200,"bu","10:55:34",4350800
26050,-50,100,"sd","10:55:45",4350900
26000,-100,2000,"bu","10:55:51",4352900
26050,-50,12000,"sd","10:55:56",4364900
26050,-50,100,"bu","10:56:05",4365000
26050,-50,1200,"sd","10:56:25",4366200
26050,-50,3000,"bu","10:57:00",4369200
26050,-50,100,"bu","10:57:32",4369300
26000,-100,20100,"bu","10:58:11",4389400
26000,-100,20000,"bu","10:58:15",4409400
26000,-100,11400,"bu","10:58:20",4420800
26000,-100,200,"bu","10:58:52",4421000
26000,-100,100,"bu","10:58:55",4421100
26000,-100,6800,"bu","10:58:58",4427900
26000,-100,500,"bu","10:59:05",4428400
26000,-100,1600,"sd","10:59:10",4430000
26000,-100,20000,"sd","10:59:15",4450000
26000,-100,2100,"bu","10:59:33",4452100
26000,-100,400,"bu","10:59:57",4452500
26000,-100,300,"sd","11:00:11",4452800
26000,-100,200,"bu","11:00:18",4453000
26000,-100,2500,"bu","11:00:26",4455500
26000,-100,10000,"bu","11:01:27",4465500
26000,-100,1000,"sd","11:02:00",4466500
26000,-100,200,"sd","11:02:17",4466700
26000,-100,700,"sd","11:02:35",4467400
25950,-150,100,"sd","11:02:37",4467500
26000,-100,1700,"sd","11:02:56",4469200
26000,-100,300,"bu","11:03:03",4469500
26000,-100,600,"bu","11:03:22",4470100
26000,-100,500,"bu","11:03:28",4470600
26000,-100,5000,"sd","11:03:32",4475600
26000,-100,100,"sd","11:03:34",4475700
26000,-100,500,"bu","11:03:36",4476200
26000,-100,200,"sd","11:03:37",4476400
26000,-100,5000,"bu","11:03:58",4481400
26000,-100,200,"sd","11:04:11",4481600
26000,-100,1100,"sd","11:04:13",4482700
26000,-100,1100,"bu","11:04:17",4483800
26000,-100,300,"bu","11:04:23",4484100
26000,-100,100,"sd","11:04:24",4484200
26000,-100,1300,"sd","11:05:15",4485500
26000,-100,3600,"bu","11:05:47",4489100
26000,-100,2000,"sd","11:05:58",4491100
25950,-150,1200,"sd","11:06:04",4492300
26000,-100,400,"sd","11:06:12",4492700
26000,-100,600,"bu","11:06:22",4493300
25950,-150,500,"sd","11:06:29",4493800
26000,-100,5000,"sd","11:06:31",4498800
26000,-100,100,"sd","11:06:41",4498900
26000,-100,300,"sd","11:06:43",4499200
26000,-100,300,"sd","11:06:56",4499500
25950,-150,20000,"bu","11:07:02",4519500
25950,-150,20000,"bu","11:07:24",4539500
25950,-150,20000,"bu","11:07:34",4559500
25950,-150,5100,"bu","11:07:42",4564600
25950,-150,100,"bu","11:08:21",4564700
25950,-150,11000,"sd","11:08:23",4575700
25950,-150,4100,"sd","11:08:35",4579800
25950,-150,3400,"sd","11:08:44",4583200
25950,-150,200,"bu","11:08:50",4583400
25950,-150,5000,"sd","11:08:56",4588400
25950,-150,2700,"bu","11:09:55",4591100
26000,-100,200,"bu","11:09:56",4591300
25950,-150,3000,"sd","11:10:13",4594300
25950,-150,1000,"sd","11:11:34",4595300
25950,-150,5000,"sd","11:11:42",4600300
26000,-100,15900,"bu","11:11:50",4616200
25950,-150,5000,"bu","11:11:51",4621200
25950,-150,200,"bu","11:12:10",4621400
25950,-150,1000,"bu","11:12:14",4622400
25950,-150,3000,"sd","11:12:16",4625400
25950,-150,1000,"bu","11:12:21",4626400
25950,-150,10000,"sd","11:12:28",4636400
25950,-150,5900,"sd","11:12:32",4642300
25950,-150,4500,"bu","11:12:37",4646800
25950,-150,7000,"sd","11:12:38",4653800
25950,-150,500,"sd","11:12:51",4654300
25950,-150,100,"sd","11:12:57",4654400
25950,-150,1100,"sd","11:13:07",4655500
25950,-150,500,"sd","11:13:11",4656000
25950,-150,200,"sd","11:13:13",4656200
25950,-150,700,"sd","11:13:15",4656900
25950,-150,7600,"bu","11:14:36",4664500
25950,-150,500,"bu","11:14:52",4665000
25950,-150,1200,"sd","11:15:07",4666200
25950,-150,500,"bu","11:15:19",4666700
25950,-150,1500,"bu","11:15:28",4668200
25900,-200,300,"bu","11:15:33",4668500
25900,-200,3200,"bu","11:16:23",4671700
25900,-200,1400,"bu","11:16:26",4673100
25900,-200,5000,"sd","11:16:27",4678100
25950,-150,16000,"sd","11:16:33",4694100
25950,-150,100,"bu","11:16:50",4694200
25950,-150,4700,"bu","11:16:51",4698900
25950,-150,2000,"sd","11:16:54",4700900
25950,-150,500,"bu","11:17:10",4701400
25950,-150,1100,"bu","11:17:15",4702500
25950,-150,200,"sd","11:17:18",4702700
25950,-150,400,"sd","11:17:27",4703100
25950,-150,2000,"bu","11:17:36",4705100
25950,-150,3000,"bu","11:17:40",4708100
25950,-150,5100,"sd","11:17:42",4713200
25950,-150,500,"sd","11:17:52",4713700
25950,-150,1200,"sd","11:17:55",4714900
25950,-150,14600,"sd","11:17:57",4729500
25950,-150,11000,"sd","11:18:09",4740500
25950,-150,7000,"sd","11:18:21",4747500
25950,-150,1300,"sd","11:18:22",4748800
25950,-150,6200,"bu","11:18:48",4755000
26000,-100,3300,"sd","11:18:52",4758300
26000,-100,10000,"bu","11:19:12",4768300
26000,-100,300,"bu","11:19:16",4768600
25950,-150,2000,"bu","11:19:17",4770600
25950,-150,300,"sd","11:19:44",4770900
25950,-150,20000,"sd","11:19:45",4790900
25950,-150,1000,"bu","11:19:59",4791900
25950,-150,300,"bu","11:20:08",4792200
25950,-150,200,"sd","11:20:49",4792400
25950,-150,2800,"sd","11:20:53",4795200
25950,-150,100,"sd","11:21:26",4795300
25950,-150,1000,"sd","11:21:32",4796300
25950,-150,500,"bu","11:21:34",4796800
25950,-150,600,"sd","11:21:52",4797400
25950,-150,17000,"sd","11:21:54",4814400
25950,-150,500,"sd","11:21:55",4814900
25950,-150,700,"sd","11:22:03",4815600
25950,-150,100,"bu","11:22:10",4815700
25950,-150,500,"bu","11:22:28",4816200
25950,-150,200,"bu","11:22:33",4816400
26000,-100,2000,"sd","11:23:03",4818400
26000,-100,400,"bu","11:23:10",4818800
26000,-100,900,"sd","11:23:16",4819700
26000,-100,3000,"bu","11:23:47",4822700
26000,-100,500,"sd","11:23:48",4823200
26000,-100,500,"sd","11:23:57",4823700
26000,-100,500,"bu","11:24:11",4824200
26000,-100,4800,"sd","11:24:13",4829000
26000,-100,2000,"bu","11:24:33",4831000
26000,-100,47600,"sd","11:24:35",4878600
26000,-100,1600,"bu","11:24:52",4880200
26000,-100,500,"sd","11:25:05",4880700
26000,-100,1100,"bu","11:25:24",4881800
26050,-50,200,"sd","11:25:27",4882000
26050,-50,20000,"sd","11:25:37",4902000
26000,-100,200,"bu","11:25:53",4902200
26000,-100,10000,"sd","11:26:11",4912200
26050,-50,6000,"bu","11:26:19",4918200
26000,-100,100,"bu","11:26:35",4918300
26050,-50,10100,"bu","11:27:19",4928400
26050,-50,4000,"bu","11:27:27",4932400
26050,-50,500,"sd","11:27:41",4932900
26000,-100,10000,"sd","11:27:53",4942900
26000,-100,6200,"sd","11:28:00",4949100
26050,-50,2000,"sd","11:28:02",4951100
26000,-100,400,"sd","11:28:03",4951500
26050,-50,1700,"sd","11:28:35",4953200
26050,-50,1500,"bu","11:28:38",4954700
26050,-50,3000,"bu","11:28:44",4957700
26000,-100,18800,"bu","11:28:49",4976500
26000,-100,1000,"bu","11:28:50",4977500
26000,-100,500,"bu","11:28:51",4978000
26000,-100,200,"bu","11:28:53",4978200
26050,-50,2900,"sd","11:28:55",4981100
26050,-50,400,"bu","11:29:20",4981500
26050,-50,100,"sd","11:29:22",4981600
26050,-50,500,"bu","11:29:36",4982100
26050,-50,11300,"bu","11:29:48",4993400
26050,-50,10000,"sd","11:29:49",5003400
26050,-50,100,"sd","13:00:03",5003500
26000,-100,12500,"bu","13:00:16",5016000
26000,-100,200,"bu","13:00:16",5016200
26050,-50,10000,"bu","13:00:17",5026200
26050,-50,400,"sd","13:00:18",5026600
26050,-50,200,"bu","13:00:26",5026800
26050,-50,100,"sd","13:00:29",5026900
26050,-50,300,"bu","13:00:29",5027200
26050,-50,3200,"bu","13:00:35",5030400
26050,-50,100,"bu","13:00:38",5030500
26050,-50,22000,"sd","13:00:41",5052500
26050,-50,1600,"sd","13:00:42",5054100
26050,-50,3000,"sd","13:00:43",5057100
26050,-50,1000,"bu","13:00:45",5058100
26050,-50,5000,"bu","13:00:45",5063100
26050,-50,1000,"bu","13:00:57",5064100
26050,-50,1100,"sd","13:01:06",5065200
26100,0,300,"bu","13:01:11",5065500
26050,-50,2000,"bu","13:01:12",5067500
26050,-50,3700,"sd","13:01:22",5071200
26050,-50,200,"sd","13:01:24",5071400
26050,-50,100,"bu","13:01:49",5071500
26050,-50,1000,"sd","13:02:01",5072500
26050,-50,1800,"sd","13:02:22",5074300
26050,-50,1000,"bu","13:02:25",5075300
26050,-50,300,"bu","13:02:35",5075600
26050,-50,1000,"sd","13:02:37",5076600
26100,0,49200,"sd","13:02:40",5125800
26100,0,800,"sd","13:02:44",5126600
26100,0,200,"sd","13:02:45",5126800
26100,0,800,"sd","13:02:57",5127600
26100,0,100,"bu","13:03:07",5127700
26100,0,200,"bu","13:03:14",5127900
26100,0,14900,"bu","13:03:21",5142800
26100,0,100,"bu","13:03:24",5142900
26100,0,1000,"bu","13:03:25",5143900
26100,0,1300,"bu","13:03:30",5145200
26100,0,6000,"bu","13:03:43",5151200
26100,0,1000,"sd","13:03:57",5152200
26100,0,200,"sd","13:03:58",5152400
26150,50,400,"bu","13:04:06",5152800
26150,50,500,"bu","13:04:13",5153300
26150,50,13000,"sd","13:04:14",5166300
26100,0,1000,"bu","13:04:16",5167300
26100,0,500,"bu","13:04:18",5167800
26150,50,1100,"sd","13:04:19",5168900
26150,50,200,"bu","13:04:21",5169100
26150,50,10000,"bu","13:04:22",5179100
26100,0,5400,"bu","13:04:31",5184500
26150,50,200,"sd","13:04:32",5184700
26100,0,100,"sd","13:04:33",5184800
26150,50,3700,"sd","13:04:35",5188500
26150,50,3700,"bu","13:04:38",5192200
26150,50,2000,"bu","13:04:40",5194200
26150,50,500,"sd","13:04:41",5194700
26150,50,500,"bu","13:04:42",5195200
26150,50,3000,"bu","13:04:43",5198200
26150,50,2000,"sd","13:04:44",5200200
26150,50,300,"bu","13:04:45",5200500
26150,50,500,"bu","13:04:46",5201000
26150,50,36400,"sd","13:04:50",5237400
26200,100,100,"bu","13:04:51",5237500
26150,50,1000,"bu","13:04:52",5238500
26200,100,12200,"sd","13:05:15",5250700
26200,100,2000,"bu","13:05:16",5252700
26200,100,300,"bu","13:05:23",5253000
26200,100,3500,"sd","13:05:24",5256500
26200,100,200,"sd","13:05:26",5256700
26200,100,5300,"bu","13:05:30",5262000
26200,100,10000,"bu","13:05:33",5272000
26200,100,1200,"bu","13:05:34",5273200
26200,100,1000,"sd","13:05:35",5274200
26200,100,2000,"bu","13:05:36",5276200
26200,100,30200,"sd","13:05:38",5306400
26200,100,10000,"sd","13:05:39",5316400
26200,100,6400,"sd","13:05:40",5322800
26200,100,3000,"bu","13:05:53",5325800
26200,100,5000,"bu","13:05:55",5330800
26250,150,500,"sd","13:06:01",5331300
26200,100,100,"bu","13:06:03",5331400
26250,150,10000,"sd","13:06:13",5341400
26250,150,100,"sd","13:06:16",5341500
26250,150,2200,"sd","13:06:19",5343700
26250,150,11000,"sd","13:06:21",5354700
26200,100,200,"sd","13:06:23",5354900
26250,150,2400,"sd","13:06:24",5357300
26250,150,200,"sd","13:06:25",5357500
26300,200,5700,"bu","13:06:26",5363200
26300,200,42200,"bu","13:06:30",5405400
26300,200,1000,"bu","13:06:31",5406400
26350,250,200,"sd","13:06:34",5406600
26300,200,100,"bu","13:06:35",5406700
26350,250,1000,"bu","13:06:38",5407700
26350,250,800,"bu","13:06:40",5408500
26350,250,12500,"sd","13:06:44",5421000
26350,250,1800,"sd","13:06:45",5422800
26350,250,14800,"sd","13:06:47",5437600
26350,250,600,"bu","13:06:48",5438200
26350,250,100,"bu","13:06:52",5438300
26350,250,10600,"sd","13:06:54",5448900
26300,200,13100,"sd","13:06:58",5462000
26350,250,8400,"bu","13:07:05",5470400
26400,300,10000,"bu","13:07:07",5480400
26300,200,12100,"bu","13:07:09",5492500
26350,250,1000,"sd","13:07:13",5493500
26400,300,5000,"sd","13:07:15",5498500
26300,200,6000,"bu","13:07:16",5504500
26350,250,100,"bu","13:07:20",5504600
26350,250,200,"bu","13:07:22",5504800
26350,250,2000,"sd","13:07:26",5506800
26400,300,13000,"bu","13:07:27",5519800
26350,250,5700,"bu","13:07:28",5525500
26350,250,500,"sd","13:07:30",5526000
26300,200,8200,"sd","13:07:32",5534200
26350,250,2000,"sd","13:07:34",5536200
26350,250,11200,"bu","13:07:39",5547400
26400,300,20000,"bu","13:07:40",5567400
26300,200,9100,"bu","13:07:45",5576500
26300,200,3300,"sd","13:07:52",5579800
26400,300,8400,"sd","13:07:56",5588200
26400,300,5000,"sd","13:07:58",5593200
26400,300,7700,"sd","13:07:59",5600900
26400,300,100,"sd","13:08:02",5601000
26400,300,20000,"sd","13:08:05",5621000
26400,300,3000,"bu","13:08:06",5624000
26300,200,6500,"bu","13:08:08",5630500
26350,250,4200,"sd","13:08:09",5634700
26400,300,1600,"bu","13:08:10",5636300
26400,300,400,"sd","13:08:12",5636700
26400,300,500,"bu","13:08:13",5637200
26300,200,13800,"sd","13:08:14",5651000
26300,200,7800,"sd","13:08:16",5658800
26400,300,500,"sd","13:08:23",5659300
26300,200,6500,"sd","13:08:28",5665800
26300,200,500,"bu","13:08:36",5666300
26400,300,1000,"bu","13:08:40",5667300
26300,200,8000,"bu","13:08:43",5675300
26350,250,300,"sd","13:08:47",5675600
26300,200,7700,"sd","13:08:48",5683300
26350,250,700,"bu","13:08:56",5684000
26350,250,300,"bu","13:08:57",5684300
26350,250,700,"sd","13:09:00",5685000
26350,250,5300,"bu","13:09:04",5690300
26350,250,1500,"sd","13:09:07",5691800
26350,250,400,"sd","13:09:08",5692200
26350,250,300,"sd","13:09:10",5692500
26350,250,1000,"bu","13:09:11",5693500
26350,250,5200,"bu","13:09:12",5698700
26350,250,100,"sd","13:09:15",5698800
26350,250,7000,"sd","13:09:18",5705800
26350,250,200,"sd","13:09:22",5706000
26350,250,100,"bu","13:09:23",5706100
26350,250,5000,"sd","13:09:24",5711100
26350,250,8400,"sd","13:09:25",5719500
26350,250,11700,"bu","13:09:32",5731200
26350,250,17600,"sd","13:09:37",5748800
26350,250,2100,"sd","13:09:39",5750900
26350,250,12500,"sd","13:09:41",5763400
26350,250,100,"bu","13:09:48",5763500
26350,250,3100,"sd","13:09:49",5766600
26300,200,9600,"bu","13:09:52",5776200
26350,250,500,"sd","13:09:53",5776700
26350,250,8600,"bu","13:09:56",5785300
26350,250,600,"bu","13:09:57",5785900
26350,250,5000,"bu","13:09:58",5790900
26300,200,17400,"bu","13:10:01",5808300
26350,250,15000,"bu","13:10:03",5823300
26300,200,700,"sd","13:10:05",5824000
26300,200,6300,"sd","13:10:07",5830300
26350,250,100,"bu","13:10:09",5830400
26350,250,5900,"sd","13:10:13",5836300
26300,200,1000,"sd","13:10:15",5837300
26300,200,100,"sd","13:10:17",5837400
26350,250,6000,"bu","13:10:20",5843400
26350,250,500,"sd","13:10:31",5843900
26350,250,600,"sd","13:10:34",5844500
26300,200,5500,"bu","13:10:35",5850000
26350,250,100,"bu","13:10:36",5850100
26350,250,2000,"bu","13:10:38",5852100
26300,200,7000,"sd","13:10:40",5859100
26350,250,100,"bu","13:10:43",5859200
26350,250,5500,"sd","13:10:46",5864700
26300,200,6000,"bu","13:10:50",5870700
26350,250,2000,"sd","13:10:51",5872700
26300,200,6700,"sd","13:10:54",5879400
26300,200,7500,"sd","13:11:01",5886900
26350,250,3800,"bu","13:11:04",5890700
26300,200,8500,"sd","13:11:06",5899200
26300,200,400,"bu","13:11:10",5899600
26300,200,7900,"bu","13:11:12",5907500
26300,200,5000,"bu","13:11:13",5912500
26350,250,2600,"sd","13:11:15",5915100
26300,200,18900,"bu","13:11:16",5934000
26300,200,1500,"bu","13:11:18",5935500
26300,200,300,"sd","13:11:20",5935800
26300,200,2000,"sd","13:11:21",5937800
26300,200,600,"sd","13:11:23",5938400
26250,150,200,"bu","13:11:24",5938600
26300,200,1000,"sd","13:11:25",5939600
26300,200,400,"sd","13:11:31",5940000
26300,200,500,"bu","13:11:35",5940500
26300,200,100,"sd","13:11:37",5940600
26300,200,1500,"sd","13:11:42",5942100
26300,200,200,"bu","13:11:44",5942300
26250,150,3900,"sd","13:11:54",5946200
26300,200,100,"sd","13:11:58",5946300
26250,150,15900,"sd","13:12:06",5962200
26250,150,2500,"sd","13:12:08",5964700
26250,150,400,"bu","13:12:09",5965100
26250,150,900,"bu","13:12:18",5966000
26250,150,2000,"bu","13:12:20",5968000
26250,150,200,"sd","13:12:24",5968200
26250,150,2000,"bu","13:12:27",5970200
26200,100,5000,"sd","13:12:29",5975200
26200,100,3000,"sd","13:12:36",5978200
26200,100,500,"bu","13:12:39",5978700
26200,100,500,"bu","13:12:42",5979200
26250,150,6400,"bu","13:12:46",5985600
26200,100,100,"sd","13:12:50",5985700
26200,100,4000,"bu","13:12:51",5989700
26200,100,300,"bu","13:12:53",5990000
26250,150,200,"bu","13:12:58",5990200
26200,100,500,"sd","13:13:05",5990700
26250,150,36100,"bu","13:13:06",6026800
26250,150,1000,"sd","13:13:09",6027800
26250,150,5000,"sd","13:13:10",6032800
26250,150,2000,"bu","13:13:12",6034800
26250,150,5000,"bu","13:13:16",6039800
26250,150,2900,"bu","13:13:17",6042700
26250,150,1500,"sd","13:13:23",6044200
26250,150,300,"bu","13:13:27",6044500
26250,150,2000,"bu","13:13:38",6046500
26250,150,200,"bu","13:13:39",6046700
26250,150,100,"sd","13:13:47",6046800
26250,150,300,"bu","13:14:00",6047100
26250,150,100,"sd","13:14:05",6047200
26250,150,6500,"sd","13:14:16",6053700
26200,100,400,"bu","13:14:18",6054100
26200,100,500,"sd","13:14:20",6054600
26250,150,100,"bu","13:14:26",6054700
26250,150,300,"bu","13:14:33",6055000
26200,100,3000,"bu","13:14:35",6058000
26250,150,500,"bu","13:14:36",6058500
26200,100,1300,"bu","13:14:58",6059800
26250,150,300,"sd","13:15:04",6060100
26250,150,100,"bu","13:15:05",6060200
26250,150,31700,"bu","13:15:15",6091900
26250,150,4000,"bu","13:15:18",6095900
26250,150,400,"bu","13:15:21",6096300
26250,150,500,"bu","13:15:23",6096800
26250,150,2000,"bu","13:15:25",6098800
26200,100,1000,"bu","13:15:29",6099800
26250,150,1100,"bu","13:15:30",6100900
26250,150,200,"bu","13:15:32",6101100
26250,150,3400,"bu","13:15:33",6104500
26250,150,500,"bu","13:15:41",6105000
26250,150,2000,"sd","13:15:46",6107000
26250,150,100,"bu","13:15:54",6107100
26250,150,1000,"bu","13:16:02",6108100
26300,200,3300,"sd","13:16:11",6111400
26250,150,10000,"sd","13:16:12",6121400
26250,150,200,"sd","13:16:14",6121600
26300,200,5000,"bu","13:16:15",6126600
26250,150,2600,"bu","13:16:16",6129200
26300,200,40000,"bu","13:16:18",6169200
26250,150,5000,"bu","13:16:20",6174200
26250,150,5000,"sd","13:16:23",6179200
26300,200,300,"bu","13:16:26",6179500
26250,150,6000,"sd","13:16:28",6185500
26300,200,2000,"bu","13:16:29",6187500
26300,200,2000,"sd","13:16:32",6189500
26250,150,4000,"sd","13:16:35",6193500
26250,150,1000,"sd","13:16:39",6194500
26300,200,300,"bu","13:16:44",6194800
26250,150,1400,"sd","13:16:46",6196200
26300,200,2000,"sd","13:16:47",6198200
26250,150,100,"sd","13:16:50",6198300
26300,200,1500,"bu","13:16:51",6199800
26250,150,300,"bu","13:16:52",6200100
26300,200,10100,"sd","13:17:02",6210200
26300,200,400,"sd","13:17:04",6210600
26300,200,11200,"bu","13:17:07",6221800
26300,200,6300,"sd","13:17:12",6228100
26250,150,12000,"sd","13:17:15",6240100
26300,200,1000,"sd","13:17:20",6241100
26250,150,100,"bu","13:17:22",6241200
26300,200,50000,"bu","13:17:24",6291200
26300,200,1800,"sd","13:17:28",6293000
26300,200,300,"bu","13:17:31",6293300
26250,150,1000,"bu","13:17:38",6294300
26300,200,900,"sd","13:17:39",6295200
26300,200,1000,"bu","13:17:44",6296200
26300,200,200,"sd","13:17:46",6296400
26300,200,3000,"sd","13:17:47",6299400
26300,200,5000,"sd","13:17:55",6304400
26300,200,100,"sd","13:17:59",6304500
26300,200,900,"bu","13:18:09",6305400
26300,200,1400,"sd","13:18:13",6306800
26300,200,100,"sd","13:18:15",6306900
26300,200,1100,"sd","13:18:27",6308000
26300,200,4000,"bu","13:18:49",6312000
26300,200,1000,"bu","13:19:06",6313000
26300,200,800,"sd","13:19:13",6313800
26300,200,100,"bu","13:19:19",6313900
26300,200,5000,"sd","13:19:25",6318900
26300,200,1500,"bu","13:19:28",6320400
26300,200,100,"bu","13:19:30",6320500
26300,200,600,"bu","13:19:31",6321100
26300,200,2500,"sd","13:19:36",6323600
26300,200,100,"bu","13:19:40",6323700
26300,200,3600,"bu","13:19:44",6327300
26300,200,1000,"sd","13:19:45",6328300
26300,200,400,"bu","13:19:51",6328700
26300,200,200,"sd","13:19:53",6328900
26250,150,1000,"bu","13:19:58",6329900
26300,200,200,"bu","13:20:09",6330100
26250,150,13000,"sd","13:20:31",6343100
26300,200,1600,"sd","13:20:37",6344700
26300,200,400,"sd","13:20:44",6345100
26300,200,300,"bu","13:20:47",6345400
26300,200,1500,"bu","13:20:49",6346900
26300,200,100,"bu","13:20:58",6347000
26250,150,1200,"bu","13:21:07",6348200
26300,200,1000,"bu","13:21:14",6349200
26300,200,3000,"sd","13:21:20",6352200
26300,200,200,"sd","13:21:28",6352400
26300,200,5500,"bu","13:21:29",6357900
26300,200,500,"sd","13:21:32",6358400
26300,200,10500,"sd","13:21:34",6368900
26300,200,59500,"bu","13:21:35",6428400
26300,200,2600,"sd","13:21:40",6431000
26300,200,1000,"bu","13:21:43",6432000
26300,200,5000,"bu","13:21:50",6437000
26350,250,85000,"sd","13:21:53",6522000
26350,250,4600,"sd","13:21:55",6526600
26350,250,1100,"sd","13:21:58",6527700
26300,200,9200,"sd","13:21:59",6536900
26350,250,500,"sd","13:22:01",6537400
26350,250,5100,"sd","13:22:02",6542500
26350,250,4800,"sd","13:22:07",6547300
26350,250,5300,"bu","13:22:12",6552600
26400,300,95700,"bu","13:22:14",6648300
26400,300,7000,"bu","13:22:17",6655300
26400,300,28600,"sd","13:22:22",6683900
26400,300,1100,"sd","13:22:24",6685000
26450,350,8600,"sd","13:22:27",6693600
26450,350,10900,"sd","13:22:28",6704500
26500,400,8300,"sd","13:22:31",6712800
26450,350,7000,"bu","13:22:35",6719800
26450,350,200,"sd","13:22:38",6720000
26500,400,11500,"sd","13:22:39",6731500
26450,350,1600,"bu","13:22:42",6733100
26500,400,200,"sd","13:22:47",6733300
26500,400,600,"bu","13:22:48",6733900
26500,400,3000,"bu","13:22:51",6736900
26450,350,3200,"bu","13:22:52",6740100
26500,400,1000,"sd","13:22:54",6741100
26500,400,12400,"bu","13:22:56",6753500
26500,400,500,"bu","13:22:57",6754000
26500,400,22000,"bu","13:23:01",6776000
26500,400,4300,"sd","13:23:02",6780300
26500,400,10100,"bu","13:23:04",6790400
26500,400,8800,"sd","13:23:05",6799200
26600,500,160900,"bu","13:23:07",6960100
26500,400,4000,"sd","13:23:08",6964100
26500,400,100,"sd","13:23:18",6964200
26550,450,300,"bu","13:23:20",6964500
26600,500,20000,"bu","13:23:21",6984500
26600,500,1000,"bu","13:23:22",6985500
26550,450,1000,"bu","13:23:27",6986500
26600,500,4300,"bu","13:23:28",6990800
26600,500,1000,"sd","13:23:31",6991800
26600,500,11000,"sd","13:23:32",7002800
26600,500,12800,"bu","13:23:34",7015600
26600,500,1200,"sd","13:23:35",7016800
26600,500,4700,"bu","13:23:37",7021500
26600,500,300,"sd","13:23:39",7021800
26600,500,3000,"sd","13:23:41",7024800
26650,550,200,"bu","13:23:44",7025000
26600,500,300,"bu","13:23:45",7025300
26650,550,300,"sd","13:23:47",7025600
26650,550,2000,"sd","13:23:48",7027600
26650,550,100,"sd","13:23:50",7027700
26650,550,500,"bu","13:23:51",7028200
26650,550,6100,"sd","13:24:00",7034300
26600,500,7500,"sd","13:24:02",7041800
26650,550,2000,"sd","13:24:03",7043800
26650,550,23400,"bu","13:24:05",7067200
26650,550,10000,"sd","13:24:06",7077200
26650,550,3500,"bu","13:24:09",7080700
26700,600,2000,"sd","13:24:11",7082700
26650,550,200,"bu","13:24:12",7082900
26650,550,7600,"sd","13:24:14",7090500
26700,600,2000,"sd","13:24:15",7092500
26700,600,9200,"bu","13:24:17",7101700
26700,600,4800,"sd","13:24:20",7106500
26650,550,2200,"bu","13:24:21",7108700
26700,600,28000,"sd","13:24:23",7136700
26700,600,3800,"sd","13:24:25",7140500
26700,600,4100,"sd","13:24:26",7144600
26700,600,8600,"sd","13:24:28",7153200
26700,600,2000,"sd","13:24:29",7155200
26700,600,32900,"sd","13:24:31",7188100
26750,650,35000,"bu","13:24:32",7223100
26700,600,11100,"sd","13:24:36",7234200
26750,650,2200,"sd","13:24:38",7236400
26750,650,11200,"sd","13:24:39",7247600
26700,600,3000,"sd","13:24:41",7250600
26750,650,6000,"bu","13:24:42",7256600
26750,650,4000,"bu","13:24:44",7260600
26750,650,500,"sd","13:24:45",7261100
26750,650,1000,"sd","13:24:47",7262100
26750,650,46700,"sd","13:24:48",7308800
26750,650,12500,"sd","13:24:55",7321300
26750,650,6000,"bu","13:24:58",7327300
26800,700,4600,"sd","13:25:02",7331900
26800,700,400,"sd","13:25:03",7332300
26800,700,3700,"bu","13:25:05",7336000
26800,700,1600,"sd","13:25:08",7337600
26800,700,2300,"bu","13:25:09",7339900
26750,650,1000,"sd","13:25:11",7340900
26800,700,1000,"sd","13:25:12",7341900
26800,700,500,"sd","13:25:14",7342400
26800,700,2000,"sd","13:25:15",7344400
26800,700,3300,"sd","13:25:17",7347700
26800,700,5600,"bu","13:25:20",7353300
26800,700,2100,"bu","13:25:22",7355400
26800,700,7900,"sd","13:25:23",7363300
26750,650,400,"bu","13:25:25",7363700
26800,700,7800,"bu","13:25:26",7371500
26750,650,2000,"bu","13:25:28",7373500
26800,700,3000,"bu","13:25:29",7376500
26800,700,2800,"sd","13:25:31",7379300
26800,700,20000,"sd","13:25:33",7399300
26800,700,14000,"sd","13:25:36",7413300
26800,700,3600,"bu","13:25:38",7416900
26750,650,46600,"sd","13:25:39",7463500
26750,650,5000,"sd","13:25:41",7468500
26750,650,5900,"bu","13:25:42",7474400
26750,650,2100,"sd","13:25:44",7476500
26700,600,27400,"sd","13:25:46",7503900
26700,600,2500,"bu","13:25:49",7506400
26700,600,1000,"bu","13:25:51",7507400
26700,600,100,"bu","13:25:52",7507500
26650,550,12600,"bu","13:25:53",7520100
26700,600,9100,"sd","13:25:57",7529200
26700,600,3300,"bu","13:26:01",7532500
26700,600,2000,"sd","13:26:03",7534500
26700,600,2800,"bu","13:26:04",7537300
26700,600,1200,"sd","13:26:08",7538500
26700,600,3600,"bu","13:26:09",7542100
26600,500,11000,"sd","13:26:11",7553100
26700,600,4600,"bu","13:26:14",7557700
26650,550,300,"sd","13:26:16",7558000
26650,550,6900,"bu","13:26:17",7564900
26650,550,1400,"sd","13:26:19",7566300
26600,500,10400,"sd","13:26:21",7576700
26600,500,500,"bu","13:26:25",7577200
26650,550,7000,"sd","13:26:27",7584200
26700,600,14500,"sd","13:26:28",7598700
26650,550,100,"bu","13:26:31",7598800
26600,500,19100,"bu","13:26:36",7617900
26650,550,15100,"bu","13:26:37",7633000
26600,500,65700,"bu","13:26:39",7698700
26600,500,2900,"sd","13:26:40",7701600
26600,500,200,"sd","13:26:46",7701800
26600,500,13800,"sd","13:26:50",7715600
26600,500,100,"sd","13:26:51",7715700
26500,400,6600,"sd","13:26:54",7722300
26500,400,3100,"sd","13:26:57",7725400
26550,450,8000,"sd","13:27:00",7733400
26550,450,5100,"bu","13:27:02",7738500
26550,450,900,"bu","13:27:04",7739400
26550,450,1400,"sd","13:27:05",7740800
26550,450,1300,"sd","13:27:07",7742100
26600,500,300,"sd","13:27:08",7742400
26600,500,2000,"bu","13:27:11",7744400
26600,500,1200,"sd","13:27:13",7745600
26550,450,5700,"bu","13:27:15",7751300
26650,550,62500,"bu","13:27:18",7813800
26550,450,500,"sd","13:27:19",7814300
26700,600,5000,"sd","13:27:21",7819300
26550,450,2400,"bu","13:27:27",7821700
26550,450,1100,"sd","13:27:32",7822800
26550,450,1000,"bu","13:27:33",7823800
26500,400,10000,"bu","13:27:34",7833800
26550,450,200,"sd","13:27:48",7834000
26550,450,100,"bu","13:27:56",7834100
26650,550,8600,"bu","13:27:59",7842700
26650,550,1500,"bu","13:28:02",7844200
26700,600,16000,"bu","13:28:04",7860200
26650,550,1000,"bu","13:28:05",7861200
26550,450,9500,"sd","13:28:08",7870700
26650,550,500,"bu","13:28:10",7871200
26650,550,900,"sd","13:28:19",7872100
26650,550,300,"sd","13:28:22",7872400
26650,550,1500,"sd","13:28:25",7873900
26650,550,11000,"bu","13:28:27",7884900
26700,600,5100,"sd","13:28:29",7890000
26700,600,11000,"sd","13:28:32",7901000
26700,600,100,"sd","13:28:34",7901100
26700,600,15000,"sd","13:28:36",7916100
26700,600,13900,"sd","13:28:37",7930000
26700,600,2100,"bu","13:28:41",7932100
26700,600,5200,"sd","13:28:42",7937300
26700,600,15000,"sd","13:28:44",7952300
26650,550,12300,"bu","13:28:46",7964600
26700,600,200,"bu","13:28:47",7964800
26700,600,2500,"sd","13:28:49",7967300
26650,550,37800,"sd","13:28:51",8005100
26650,550,3200,"sd","13:28:52",8008300
26700,600,2800,"sd","13:28:56",8011100
26700,600,2800,"sd","13:29:01",8013900
26650,550,7500,"bu","13:29:03",8021400
26700,600,3600,"sd","13:29:07",8025000
26700,600,200,"sd","13:29:09",8025200
26700,600,3900,"sd","13:29:11",8029100
26650,550,9000,"sd","13:29:12",8038100
26650,550,17000,"sd","13:29:16",8055100
26650,550,4000,"bu","13:29:17",8059100
26650,550,500,"bu","13:29:19",8059600
26700,600,2000,"bu","13:29:22",8061600
26600,500,10100,"sd","13:29:24",8071700
26700,600,4300,"sd","13:29:26",8076000
26700,600,3300,"bu","13:29:28",8079300
26650,550,3500,"sd","13:29:31",8082800
26650,550,1300,"bu","13:29:33",8084100
26650,550,2500,"sd","13:29:34",8086600
26650,550,3600,"sd","13:29:36",8090200
26650,550,300,"sd","13:29:37",8090500
26700,600,3600,"bu","13:29:40",8094100
26650,550,13600,"sd","13:29:47",8107700
26650,550,1400,"sd","13:29:50",8109100
26600,500,49900,"bu","13:29:53",8159000
26600,500,16600,"sd","13:29:57",8175600
26550,450,16000,"sd","13:29:58",8191600
26600,500,11900,"sd","13:30:00",8203500
26600,500,1000,"bu","13:30:08",8204500
26600,500,11800,"bu","13:30:11",8216300
26600,500,1000,"sd","13:30:14",8217300
26600,500,13800,"sd","13:30:22",8231100
26600,500,400,"sd","13:30:24",8231500
26600,500,5100,"sd","13:30:25",8236600
26550,450,1000,"bu","13:30:30",8237600
26550,450,100,"sd","13:30:35",8237700
26550,450,1200,"bu","13:30:40",8238900
26500,400,200,"sd","13:30:42",8239100
26550,450,100,"bu","13:30:43",8239200
26500,400,10000,"sd","13:30:44",8249200
26550,450,2600,"bu","13:30:50",8251800
26500,400,12500,"bu","13:30:56",8264300
26500,400,1100,"bu","13:30:57",8265400
26600,500,600,"sd","13:31:03",8266000
26500,400,9000,"bu","13:31:08",8275000
26550,450,100,"bu","13:31:12",8275100
26500,400,200,"bu","13:31:15",8275300
26550,450,200,"bu","13:31:20",8275500
26550,450,1000,"sd","13:31:23",8276500
26550,450,5000,"bu","13:31:31",8281500
26500,400,1200,"bu","13:31:32",8282700
26500,400,3100,"sd","13:31:42",8285800
26500,400,12600,"sd","13:31:57",8298400
26550,450,700,"bu","13:31:58",8299100
26500,400,6000,"bu","13:32:03",8305100
26550,450,2600,"bu","13:32:06",8307700
26550,450,100,"bu","13:32:08",8307800
26550,450,1000,"sd","13:32:09",8308800
26500,400,2000,"sd","13:32:13",8310800
26550,450,600,"sd","13:32:21",8311400
26550,450,4300,"bu","13:32:25",8315700
26550,450,800,"sd","13:32:32",8316500
26550,450,1100,"sd","13:32:42",8317600
26600,500,2000,"bu","13:32:43",8319600
26550,450,9000,"bu","13:32:50",8328600
26600,500,6700,"bu","13:32:52",8335300
26600,500,4900,"sd","13:32:55",8340200
26600,500,3600,"sd","13:33:01",8343800
26600,500,3600,"bu","13:33:04",8347400
26550,450,3900,"bu","13:33:08",8351300
26600,500,500,"bu","13:33:09",8351800
26600,500,100,"sd","13:33:11",8351900
26600,500,2000,"sd","13:33:13",8353900
26500,400,1100,"bu","13:33:16",8355000
26600,500,10000,"bu","13:33:17",8365000
26600,500,2800,"bu","13:33:21",8367800
26600,500,3100,"bu","13:33:24",8370900
26600,500,100,"sd","13:33:27",8371000
26600,500,8600,"sd","13:33:39",8379600
26550,450,100,"bu","13:33:40",8379700
26600,500,10000,"sd","13:33:45",8389700
26550,450,1100,"bu","13:33:49",8390800
26600,500,11000,"bu","13:33:51",8401800
26550,450,1000,"bu","13:33:52",8402800
26550,450,1200,"sd","13:33:54",8404000
26550,450,500,"sd","13:33:59",8404500
26550,450,100,"bu","13:34:06",8404600
26600,500,8000,"bu","13:34:15",8412600
26550,450,200,"sd","13:34:18",8412800
26550,450,1400,"bu","13:34:26",8414200
26600,500,3000,"sd","13:34:28",8417200
26550,450,1800,"sd","13:34:31",8419000
26600,500,500,"bu","13:34:37",8419500
26600,500,500,"bu","13:34:45",8420000
26600,500,3500,"sd","13:34:52",8423500
26600,500,1500,"sd","13:34:54",8425000
26550,450,1100,"sd","13:34:58",8426100
26600,500,1700,"sd","13:35:11",8427800
26600,500,700,"sd","13:35:12",8428500
26600,500,100,"bu","13:35:14",8428600
26600,500,1000,"bu","13:35:15",8429600
26650,550,5000,"bu","13:35:17",8434600
26600,500,500,"bu","13:35:19",8435100
26600,500,400,"sd","13:35:20",8435500
26650,550,6000,"sd","13:35:22",8441500
26650,550,900,"sd","13:35:27",8442400
26650,550,3900,"sd","13:35:30",8446300
26600,500,100,"bu","13:35:31",8446400
26600,500,1100,"bu","13:35:33",8447500
26650,550,4800,"sd","13:35:35",8452300
26650,550,2600,"sd","13:35:41",8454900
26600,500,1500,"sd","13:35:43",8456400
26650,550,5600,"bu","13:35:47",8462000
26650,550,500,"sd","13:35:52",8462500
26600,500,15100,"bu","13:35:56",8477600
26600,500,5600,"bu","13:36:02",8483200
26600,500,100,"sd","13:36:03",8483300
26600,500,2800,"sd","13:36:05",8486100
26550,450,1100,"bu","13:36:08",8487200
26600,500,100,"bu","13:36:10",8487300
26600,500,2800,"bu","13:36:13",8490100
26600,500,4100,"bu","13:36:19",8494200
26600,500,13000,"sd","13:36:28",8507200
26600,500,3600,"bu","13:36:41",8510800
26550,450,1100,"sd","13:36:42",8511900
26550,450,800,"bu","13:36:46",8512700
26550,450,200,"bu","13:36:49",8512900
26600,500,500,"bu","13:37:03",8513400
26600,500,2100,"bu","13:37:08",8515500
26550,450,1000,"sd","13:37:12",8516500
26550,450,6100,"bu","13:37:31",8522600
26600,500,200,"sd","13:37:35",8522800
26550,450,10000,"bu","13:37:42",8532800
26600,500,500,"sd","13:37:43",8533300
26550,450,100,"bu","13:37:45",8533400
26600,500,500,"sd","13:37:48",8533900
26600,500,2000,"bu","13:37:50",8535900
26550,450,1100,"sd","13:37:51",8537000
26600,500,2000,"bu","13:37:53",8539000
26600,500,8800,"bu","13:37:59",8547800
26600,500,2800,"bu","13:38:02",8550600
26600,500,300,"bu","13:38:07",8550900
26600,500,100,"sd","13:38:08",8551000
26600,500,3600,"sd","13:38:10",8554600
26600,500,200,"bu","13:38:11",8554800
26650,550,3600,"sd","13:38:13",8558400
26600,500,100,"sd","13:38:19",8558500
26650,550,2000,"bu","13:38:21",8560500
26650,550,2000,"sd","13:38:28",8562500
26650,550,8800,"sd","13:38:33",8571300
26600,500,100,"sd","13:38:37",8571400
26600,500,1600,"bu","13:38:42",8573000
26600,500,500,"sd","13:38:43",8573500
26600,500,600,"bu","13:38:47",8574100
26600,500,1000,"sd","13:38:49",8575100
26600,500,3100,"sd","13:38:50",8578200
26600,500,1200,"bu","13:38:53",8579400
26550,450,5900,"bu","13:38:57",8585300
26600,500,300,"bu","13:39:00",8585600
26600,500,2000,"bu","13:39:02",8587600
26600,500,2000,"bu","13:39:08",8589600
26600,500,2400,"bu","13:39:16",8592000
26600,500,200,"sd","13:39:19",8592200
26600,500,3800,"bu","13:39:21",8596000
26600,500,100,"sd","13:39:23",8596100
26600,500,5800,"bu","13:39:24",8601900
26650,550,3600,"bu","13:39:28",8605500
26650,550,3700,"sd","13:39:31",8609200
26600,500,800,"sd","13:39:32",8610000
26600,500,100,"bu","13:39:36",8610100
26650,550,3100,"sd","13:39:37",8613200
26650,550,1000,"bu","13:39:40",8614200
26650,550,2500,"sd","13:39:42",8616700
26600,500,5000,"sd","13:39:48",8621700
26650,550,2400,"sd","13:39:49",8624100
26600,500,1000,"sd","13:39:51",8625100
26600,500,6800,"sd","13:39:54",8631900
26600,500,2800,"bu","13:39:57",8634700
26600,500,700,"bu","13:39:59",8635400
26600,500,100,"sd","13:40:01",8635500
26600,500,900,"bu","13:40:09",8636400
26550,450,2100,"bu","13:40:12",8638500
26600,500,1000,"sd","13:40:13",8639500
26600,500,100,"bu","13:40:38",8639600
26600,500,500,"bu","13:40:45",8640100
26550,450,1100,"bu","13:40:48",8641200
26600,500,10000,"bu","13:40:51",8651200
26550,450,100,"bu","13:41:09",8651300
26550,450,2000,"bu","13:41:17",8653300
26550,450,500,"bu","13:41:21",8653800
26550,450,2500,"bu","13:41:33",8656300
26600,500,200,"sd","13:41:38",8656500
26600,500,900,"sd","13:41:49",8657400
26600,500,1500,"sd","13:41:51",8658900
26550,450,35000,"sd","13:41:56",8693900
26550,450,1100,"bu","13:41:57",8695000
26600,500,400,"bu","13:42:24",8695400
26600,500,20000,"bu","13:42:25",8715400
26600,500,2100,"sd","13:42:27",8717500
26600,500,3800,"bu","13:42:28",8721300
26600,500,6000,"bu","13:42:30",8727300
26550,450,1100,"bu","13:42:32",8728400
26600,500,2000,"bu","13:42:35",8730400
26600,500,1000,"bu","13:42:45",8731400
26550,450,1300,"bu","13:42:56",8732700
26600,500,5000,"sd","13:42:57",8737700
26600,500,500,"sd","13:43:00",8738200
26600,500,1500,"sd","13:43:03",8739700
26600,500,11100,"bu","13:43:05",8750800
26600,500,5000,"bu","13:43:10",8755800
26600,500,500,"bu","13:43:11",8756300
26600,500,29600,"bu","13:43:17",8785900
26600,500,1000,"sd","13:43:31",8786900
26600,500,1000,"bu","13:43:35",8787900
26600,500,1100,"sd","13:43:40",8789000
26600,500,10000,"bu","13:43:45",8799000
26600,500,4000,"sd","13:43:47",8803000
26600,500,100,"sd","13:43:50",8803100
26600,500,300,"sd","13:43:52",8803400
26600,500,15000,"bu","13:43:54",8818400
26600,500,4100,"sd","13:43:57",8822500
26600,500,500,"bu","13:43:59",8823000
26600,500,1000,"bu","13:44:03",8824000
26600,500,1200,"bu","13:44:16",8825200
26600,500,7100,"sd","13:44:23",8832300
26600,500,100,"sd","13:44:30",8832400
26600,500,1800,"bu","13:44:32",8834200
26600,500,1000,"bu","13:44:37",8835200
26600,500,500,"bu","13:44:40",8835700
26600,500,2100,"bu","13:44:48",8837800
26600,500,600,"bu","13:44:53",8838400
26600,500,1200,"sd","13:44:58",8839600
26600,500,200,"bu","13:45:01",8839800
26600,500,5600,"bu","13:45:03",8845400
26600,500,3800,"bu","13:45:06",8849200
26600,500,400,"sd","13:45:11",8849600
26600,500,500,"bu","13:45:16",8850100
26650,550,100,"sd","13:45:19",8850200
26600,500,8200,"sd","13:45:33",8858400
26600,500,300,"bu","13:45:34",8858700
26600,500,1000,"sd","13:45:36",8859700
26600,500,200,"sd","13:45:39",8859900
26600,500,3100,"sd","13:45:46",8863000
26600,500,9500,"sd","13:46:15",8872500
26600,500,17000,"bu","13:46:17",8889500
26650,550,3000,"sd","13:46:21",8892500
26600,500,1000,"sd","13:46:26",8893500
26600,500,400,"bu","13:46:28",8893900
26600,500,1100,"bu","13:46:33",8895000
26600,500,4500,"bu","13:46:34",8899500
26600,500,2000,"bu","13:46:40",8901500
26600,500,1000,"bu","13:46:43",8902500
26600,500,10000,"sd","13:46:47",8912500
26600,500,1100,"bu","13:46:57",8913600
26600,500,1000,"sd","13:46:59",8914600
26600,500,200,"sd","13:47:00",8914800
26600,500,1100,"bu","13:47:08",8915900
26650,550,10000,"sd","13:47:13",8925900
26650,550,500,"sd","13:47:22",8926400
26650,550,3000,"bu","13:47:23",8929400
26650,550,2000,"sd","13:47:26",8931400
26650,550,10000,"bu","13:47:29",8941400
26650,550,30000,"bu","13:47:31",8971400
26650,550,500,"sd","13:47:33",8971900
26650,550,200,"sd","13:47:38",8972100
26650,550,8800,"sd","13:47:46",8980900
26650,550,200,"sd","13:47:48",8981100
26650,550,500,"bu","13:47:51",8981600
26650,550,3900,"bu","13:47:53",8985500
26650,550,10500,"sd","13:47:55",8996000
26650,550,100,"sd","13:47:57",8996100
26650,550,2200,"sd","13:47:58",8998300
26650,550,700,"bu","13:48:00",8999000
26650,550,300,"sd","13:48:03",8999300
26650,550,2700,"bu","13:48:06",9002000
26650,550,2000,"bu","13:48:09",9004000
26650,550,700,"bu","13:48:14",9004700
26650,550,1200,"bu","13:48:16",9005900
26700,600,2000,"bu","13:48:20",9007900
26700,600,2000,"bu","13:48:21",9009900
26700,600,2800,"bu","13:48:27",9012700
26700,600,100,"bu","13:48:29",9012800
26700,600,2800,"bu","13:48:30",9015600
26700,600,500,"sd","13:48:34",9016100
26650,550,3800,"sd","13:48:35",9019900
26650,550,3800,"sd","13:48:39",9023700
26700,600,2000,"sd","13:48:42",9025700
26700,600,2000,"bu","13:48:44",9027700
26650,550,200,"bu","13:48:47",9027900
26700,600,1400,"bu","13:48:49",9029300
26650,550,1200,"sd","13:48:52",9030500
26650,550,200,"sd","13:49:03",9030700
26650,550,40800,"bu","13:49:11",9071500
26700,600,10000,"sd","13:49:13",9081500
26650,550,100,"sd","13:49:24",9081600
26650,550,6200,"sd","13:49:26",9087800
26650,550,7000,"sd","13:49:28",9094800
26700,600,500,"bu","13:49:32",9095300
26650,550,100,"sd","13:49:35",9095400
26650,550,5000,"sd","13:49:38",9100400
26700,600,1000,"bu","13:49:43",9101400
26700,600,2000,"sd","13:49:47",9103400
26650,550,1000,"bu","13:49:52",9104400
26700,600,1000,"sd","13:49:53",9105400
26700,600,2000,"sd","13:49:55",9107400
26700,600,99300,"bu","13:49:56",9206700
26700,600,3000,"sd","13:49:58",9209700
26700,600,1200,"bu","13:50:00",9210900
26700,600,200,"sd","13:50:01",9211100
26750,650,2800,"bu","13:50:03",9213900
26750,650,7800,"sd","13:50:05",9221700
26700,600,1200,"sd","13:50:06",9222900
26750,650,3600,"sd","13:50:10",9226500
26750,650,3600,"bu","13:50:11",9230100
26750,650,2000,"sd","13:50:16",9232100
26750,650,2000,"bu","13:50:18",9234100
26750,650,2900,"sd","13:50:23",9237000
26750,650,2900,"bu","13:50:24",9239900
26750,650,5000,"bu","13:50:26",9244900
26750,650,1400,"bu","13:50:32",9246300
26750,650,500,"bu","13:50:33",9246800
26700,600,1200,"sd","13:50:35",9248000
26700,600,100,"sd","13:50:38",9248100
26700,600,2000,"bu","13:50:42",9250100
26700,600,3100,"sd","13:50:48",9253200
26750,650,1200,"sd","13:50:53",9254400
26700,600,5000,"bu","13:51:00",9259400
26750,650,3000,"sd","13:51:05",9262400
26750,650,300,"sd","13:51:07",9262700
26700,600,1200,"bu","13:51:08",9263900
26700,600,5000,"sd","13:51:12",9268900
26700,600,100,"bu","13:51:13",9269000
26700,600,20000,"bu","13:51:15",9289000
26750,650,2000,"sd","13:51:17",9291000
26700,600,63000,"sd","13:51:20",9354000
26700,600,1400,"bu","13:51:22",9355400
26750,650,5300,"bu","13:51:23",9360700
26700,600,37400,"bu","13:51:25",9398100
26700,600,500,"sd","13:51:32",9398600
26700,600,3600,"sd","13:51:33",9402200
26650,550,5700,"bu","13:51:40",9407900
26650,550,2000,"sd","13:51:43",9409900
26650,550,1200,"bu","13:51:46",9411100
26700,600,100,"sd","13:51:49",9411200
26650,550,17400,"sd","13:51:51",9428600
26650,550,10200,"sd","13:51:53",9438800
26700,600,13600,"sd","13:52:10",9452400
26700,600,500,"sd","13:52:12",9452900
26650,550,500,"sd","13:52:13",9453400
26700,600,3700,"sd","13:52:20",9457100
26650,550,2100,"bu","13:52:22",9459200
26650,550,300,"bu","13:52:24",9459500
26700,600,3600,"bu","13:52:27",9463100
26700,600,3600,"sd","13:52:28",9466700
26650,550,5300,"bu","13:52:30",9472000
26700,600,100,"bu","13:52:32",9472100
26700,600,1400,"sd","13:52:33",9473500
26650,550,1000,"bu","13:52:35",9474500
26700,600,10000,"bu","13:52:38",9484500
26700,600,10000,"sd","13:52:40",9494500
26650,550,3800,"sd","13:52:42",9498300
26650,550,5000,"bu","13:52:45",9503300
26650,550,1000,"bu","13:52:50",9504300
26650,550,1200,"sd","13:52:52",9505500
26650,550,300,"bu","13:52:54",9505800
26650,550,10000,"sd","13:52:57",9515800
26650,550,400,"sd","13:52:59",9516200
26650,550,10800,"bu","13:53:02",9527000
26650,550,100,"sd","13:53:03",9527100
26650,550,1000,"sd","13:53:07",9528100
26650,550,1500,"bu","13:53:09",9529600
26650,550,2700,"bu","13:53:11",9532300
26650,550,1500,"sd","13:53:15",9533800
26650,550,500,"sd","13:53:17",9534300
26650,550,13700,"bu","13:53:19",9548000
26650,550,10300,"bu","13:53:21",9558300
26650,550,3100,"sd","13:53:23",9561400
26650,550,8700,"bu","13:53:26",9570100
26650,550,1200,"bu","13:53:28",9571300
26650,550,10900,"sd","13:53:29",9582200
26650,550,7100,"bu","13:53:31",9589300
26650,550,13300,"bu","13:53:33",9602600
26650,550,12800,"sd","13:53:35",9615400
26650,550,2000,"bu","13:53:37",9617400
26600,500,500,"bu","13:53:40",9617900
26600,500,700,"bu","13:53:51",9618600
26650,550,1000,"sd","13:53:59",9619600
26600,500,16300,"bu","13:54:01",9635900
26600,500,400,"sd","13:54:09",9636300
26600,500,1300,"sd","13:54:15",9637600
26600,500,15400,"sd","13:54:19",9653000
26650,550,2500,"bu","13:54:22",9655500
26600,500,5000,"bu","13:54:26",9660500
26600,500,6200,"bu","13:54:36",9666700
26600,500,1000,"bu","13:54:39",9667700
26600,500,2000,"sd","13:54:45",9669700
26600,500,600,"sd","13:54:51",9670300
26600,500,10000,"bu","13:54:57",9680300
26600,500,5700,"sd","13:55:00",9686000
26600,500,400,"sd","13:55:04",9686400
26600,500,5000,"bu","13:55:05",9691400
26600,500,2000,"sd","13:55:09",9693400
26600,500,2200,"bu","13:55:11",9695600
26600,500,12400,"bu","13:55:13",9708000
26600,500,3600,"bu","13:55:14",9711600
26600,500,28900,"bu","13:55:16",9740500
26600,500,1000,"bu","13:55:18",9741500
26600,500,4400,"bu","13:55:20",9745900
26600,500,23000,"sd","13:55:24",9768900
26600,500,6000,"bu","13:55:26",9774900
26600,500,20000,"bu","13:55:27",9794900
26600,500,100,"bu","13:55:29",9795000
26600,500,14400,"bu","13:55:31",9809400
26600,500,1000,"bu","13:55:33",9810400
26600,500,8300,"sd","13:55:36",9818700
26600,500,1500,"bu","13:55:38",9820200
26600,500,3700,"sd","13:55:40",9823900
26600,500,30000,"bu","13:55:41",9853900
26600,500,6500,"sd","13:55:43",9860400
26600,500,33800,"sd","13:55:46",9894200
26600,500,8000,"sd","13:55:48",9902200
26600,500,500,"sd","13:55:52",9902700
26600,500,200,"sd","13:55:55",9902900
26550,450,34100,"sd","13:55:59",9937000
26600,500,7100,"bu","13:56:00",9944100
26600,500,2400,"sd","13:56:02",9946500
26600,500,3700,"bu","13:56:05",9950200
26600,500,10400,"sd","13:56:09",9960600
26600,500,11600,"bu","13:56:14",9972200
26600,500,3000,"bu","13:56:16",9975200
26600,500,1500,"bu","13:56:21",9976700
26600,500,400,"bu","13:56:23",9977100
26600,500,7000,"bu","13:56:30",9984100
26600,500,200,"bu","13:56:34",9984300
26600,500,1900,"bu","13:56:37",9986200
26600,500,100,"sd","13:56:39",9986300
26550,450,20800,"bu","13:56:43",10007100
26600,500,2500,"bu","13:56:50",10009600
26600,500,100,"bu","13:56:53",10009700
26550,450,2200,"sd","13:56:56",10011900
26600,500,1000,"bu","13:56:59",10012900
26600,500,3700,"bu","13:57:03",10016600
26600,500,1700,"bu","13:57:04",10018300
26600,500,10000,"sd","13:57:09",10028300
26600,500,1100,"sd","13:57:16",10029400
26600,500,2500,"bu","13:57:21",10031900
26600,500,2000,"sd","13:57:24",10033900
26600,500,4000,"sd","13:57:26",10037900
26600,500,1000,"bu","13:57:28",10038900
26550,450,1200,"bu","13:57:31",10040100
26600,500,500,"bu","13:57:35",10040600
26550,450,3000,"sd","13:57:44",10043600
26550,450,2300,"bu","13:57:49",10045900
26550,450,1200,"bu","13:58:07",10047100
26600,500,500,"bu","13:58:15",10047600
26600,500,1500,"sd","13:58:26",10049100
26600,500,1000,"bu","13:58:28",10050100
26600,500,500,"bu","13:58:32",10050600
26600,500,5200,"sd","13:58:34",10055800
26600,500,700,"bu","13:58:36",10056500
26550,450,3300,"bu","13:58:41",10059800
26600,500,500,"sd","13:58:43",10060300
26550,450,24000,"bu","13:58:50",10084300
26600,500,3000,"bu","13:58:55",10087300
26600,500,1900,"bu","13:59:03",10089200
26600,500,100,"bu","13:59:07",10089300
26600,500,1000,"bu","13:59:10",10090300
26600,500,1700,"sd","13:59:17",10092000
26600,500,5000,"sd","13:59:19",10097000
26600,500,100,"bu","13:59:22",10097100
26600,500,5000,"sd","13:59:24",10102100
26600,500,100,"sd","13:59:27",10102200
26600,500,2000,"bu","13:59:29",10104200
26600,500,5900,"bu","13:59:36",10110100
26600,500,50000,"bu","13:59:38",10160100
26600,500,1600,"sd","13:59:39",10161700
26600,500,500,"bu","13:59:41",10162200
26600,500,17000,"bu","13:59:43",10179200
26600,500,500,"sd","13:59:46",10179700
26600,500,1200,"bu","13:59:48",10180900
26550,450,2800,"bu","13:59:50",10183700
26600,500,700,"sd","13:59:52",10184400
26600,500,2000,"bu","13:59:54",10186400
26600,500,300,"sd","13:59:56",10186700
26600,500,1600,"bu","14:00:07",10188300
26600,500,500,"sd","14:00:09",10188800
26600,500,200,"sd","14:00:11",10189000
26600,500,6500,"sd","14:00:16",10195500
26600,500,500,"bu","14:00:18",10196000
26600,500,1000,"bu","14:00:19",10197000
26600,500,2400,"bu","14:00:21",10199400
26550,450,1300,"bu","14:00:25",10200700
26600,500,1500,"sd","14:00:34",10202200
26600,500,900,"bu","14:00:35",10203100
26600,500,5000,"sd","14:00:37",10208100
26600,500,4500,"bu","14:00:39",10212600
26600,500,10000,"sd","14:00:43",10222600
26600,500,30100,"sd","14:00:45",10252700
26600,500,18100,"bu","14:00:47",10270800
26600,500,1300,"bu","14:00:59",10272100
26600,500,33300,"sd","14:01:12",10305400
26600,500,500,"bu","14:01:16",10305900
26650,550,14700,"bu","14:01:19",10320600
26650,550,20100,"sd","14:01:25",10340700
26650,550,300,"bu","14:01:29",10341000
26600,500,1300,"bu","14:01:34",10342300
26600,500,27000,"sd","14:01:39",10369300
26600,500,20000,"bu","14:01:42",10389300
26600,500,500,"bu","14:01:44",10389800
26600,500,34100,"bu","14:01:54",10423900
26600,500,9000,"sd","14:02:10",10432900
26600,500,12300,"bu","14:02:12",10445200
26600,500,4000,"sd","14:02:16",10449200
26650,550,500,"sd","14:02:18",10449700
26650,550,1500,"bu","14:02:22",10451200
26600,500,24500,"sd","14:02:28",10475700
26600,500,2600,"bu","14:02:30",10478300
26650,550,6000,"bu","14:02:31",10484300
26650,550,1000,"sd","14:02:35",10485300
26600,500,1300,"sd","14:02:44",10486600
26650,550,7000,"sd","14:02:45",10493600
26600,500,23000,"sd","14:02:48",10516600
26650,550,4100,"sd","14:02:49",10520700
26650,550,2000,"bu","14:02:52",10522700
26650,550,100,"bu","14:03:04",10522800
26600,500,26900,"bu","14:03:08",10549700
26600,500,100,"sd","14:03:12",10549800
26600,500,1400,"bu","14:03:18",10551200
26650,550,6000,"bu","14:03:20",10557200
26650,550,2000,"sd","14:03:25",10559200
26650,550,24000,"bu","14:03:27",10583200
26650,550,3700,"sd","14:03:29",10586900
26650,550,100,"bu","14:03:30",10587000
26700,600,5000,"sd","14:03:44",10592000
26700,600,500,"sd","14:03:47",10592500
26700,600,200,"sd","14:03:49",10592700
26650,550,1300,"bu","14:03:55",10594000
26650,550,4200,"sd","14:04:08",10598200
26700,600,100,"sd","14:04:12",10598300
26700,600,1000,"sd","14:04:14",10599300
26700,600,51100,"bu","14:04:20",10650400
26700,600,2000,"bu","14:04:22",10652400
26700,600,45000,"bu","14:04:24",10697400
26700,600,20000,"bu","14:04:26",10717400
26700,600,34000,"sd","14:04:28",10751400
26700,600,2500,"sd","14:04:32",10753900
26700,600,1000,"sd","14:04:37",10754900
26750,650,100,"bu","14:04:39",10755000
26700,600,1000,"sd","14:04:41",10756000
26750,650,2500,"bu","14:04:43",10758500
26750,650,5000,"sd","14:04:51",10763500
26750,650,2000,"bu","14:04:54",10765500
26750,650,7000,"sd","14:04:56",10772500
26750,650,20000,"sd","14:04:58",10792500
26700,600,6300,"bu","14:05:06",10798800
26750,650,2000,"sd","14:05:08",10800800
26700,600,14000,"bu","14:05:18",10814800
26700,600,70200,"sd","14:05:20",10885000
26700,600,600,"bu","14:05:22",10885600
26700,600,2200,"sd","14:05:24",10887800
26700,600,1900,"sd","14:05:28",10889700
26700,600,6500,"bu","14:05:33",10896200
26700,600,100,"bu","14:05:35",10896300
26700,600,3500,"bu","14:05:36",10899800
26700,600,5000,"sd","14:05:39",10904800
26700,600,200,"sd","14:05:41",10905000
26700,600,23800,"bu","14:05:43",10928800
26750,650,500,"bu","14:05:47",10929300
26750,650,2200,"sd","14:05:50",10931500
26750,650,1900,"bu","14:05:55",10933400
26750,650,2900,"sd","14:05:57",10936300
26750,650,6800,"bu","14:05:59",10943100
26750,650,200,"bu","14:06:01",10943300
26750,650,200,"bu","14:06:07",10943500
26750,650,2400,"bu","14:06:10",10945900
26750,650,10000,"sd","14:06:12",10955900
26700,600,1400,"bu","14:06:16",10957300
26750,650,1000,"sd","14:06:24",10958300
26700,600,3000,"bu","14:06:28",10961300
26750,650,5000,"bu","14:06:32",10966300
26750,650,10000,"sd","14:06:34",10976300
26750,650,4000,"sd","14:06:39",10980300
26750,650,300,"sd","14:06:41",10980600
26750,650,100,"sd","14:06:48",10980700
26750,650,3400,"bu","14:06:52",10984100
26700,600,100,"bu","14:06:56",10984200
26750,650,500,"bu","14:06:58",10984700
26750,650,10000,"bu","14:07:04",10994700
26750,650,1100,"sd","14:07:09",10995800
26750,650,600,"bu","14:07:10",10996400
26750,650,7000,"sd","14:07:12",11003400
26750,650,2000,"sd","14:07:14",11005400
26750,650,7000,"bu","14:07:20",11012400
26700,600,1400,"bu","14:07:26",11013800
26750,650,100,"bu","14:07:30",11013900
26750,650,300,"sd","14:07:32",11014200
26750,650,100,"sd","14:07:35",11014300
26750,650,11100,"sd","14:07:39",11025400
26750,650,10000,"bu","14:07:42",11035400
26750,650,1000,"sd","14:07:44",11036400
26750,650,15500,"sd","14:07:50",11051900
26750,650,2000,"bu","14:07:52",11053900
26700,600,5200,"bu","14:07:54",11059100
26750,650,500,"sd","14:07:57",11059600
26750,650,32000,"sd","14:07:59",11091600
26700,600,1400,"bu","14:08:01",11093000
26750,650,25700,"bu","14:08:03",11118700
26750,650,31000,"bu","14:08:05",11149700
26700,600,14000,"bu","14:08:08",11163700
26750,650,3700,"bu","14:08:10",11167400
26750,650,200,"sd","14:08:12",11167600
26750,650,3000,"bu","14:08:16",11170600
26750,650,1000,"bu","14:08:19",11171600
26700,600,16000,"sd","14:08:25",11187600
26700,600,3500,"sd","14:08:32",11191100
26700,600,2500,"bu","14:08:34",11193600
26650,550,3500,"bu","14:08:36",11197100
26700,600,4900,"sd","14:08:45",11202000
26650,550,5000,"sd","14:08:46",11207000
26700,600,2000,"sd","14:08:49",11209000
26650,550,300,"bu","14:08:51",11209300
26650,550,2000,"bu","14:08:53",11211300
26700,600,2200,"sd","14:08:54",11213500
26700,600,2400,"bu","14:09:03",11215900
26700,600,6000,"sd","14:09:09",11221900
26650,550,1600,"sd","14:09:11",11223500
26700,600,2500,"sd","14:09:14",11226000
26700,600,200,"bu","14:09:18",11226200
26650,550,12500,"sd","14:09:20",11238700
26650,550,100,"bu","14:09:26",11238800
26700,600,6500,"bu","14:09:28",11245300
26650,550,300,"sd","14:09:30",11245600
26650,550,5300,"bu","14:09:32",11250900
26650,550,3800,"bu","14:09:36",11254700
26650,550,100,"bu","14:09:40",11254800
26700,600,3000,"bu","14:09:42",11257800
26700,600,4600,"bu","14:09:56",11262400
26700,600,2200,"sd","14:09:58",11264600
26650,550,5000,"sd","14:09:59",11269600
26700,600,2400,"bu","14:10:03",11272000
26700,600,2800,"bu","14:10:05",11274800
26650,550,3500,"sd","14:10:07",11278300
26650,550,500,"sd","14:10:09",11278800
26700,600,3500,"sd","14:10:13",11282300
26700,600,17000,"bu","14:10:15",11299300
26700,600,3500,"sd","14:10:19",11302800
26700,600,5700,"sd","14:10:21",11308500
26600,500,100,"bu","14:10:23",11308600
26700,600,5000,"bu","14:10:39",11313600
26600,500,5000,"sd","14:10:45",11318600
26600,500,300,"sd","14:10:55",11318900
26600,500,1600,"sd","14:10:58",11320500
26600,500,1500,"bu","14:11:00",11322000
26600,500,200,"sd","14:11:04",11322200
26600,500,1000,"sd","14:11:09",11323200
26600,500,500,"bu","14:11:11",11323700
26650,550,400,"sd","14:11:21",11324100
26600,500,7700,"sd","14:11:23",11331800
26600,500,1700,"bu","14:11:25",11333500
26600,500,2600,"sd","14:11:32",11336100
26600,500,100,"bu","14:11:40",11336200
26600,500,3100,"bu","14:11:47",11339300
26600,500,1800,"sd","14:11:53",11341100
26600,500,1900,"sd","14:12:05",11343000
26600,500,1000,"sd","14:12:09",11344000
26600,500,10700,"bu","14:12:11",11354700
26600,500,100,"bu","14:12:13",11354800
26600,500,600,"bu","14:12:16",11355400
26600,500,2000,"bu","14:12:17",11357400
26600,500,2100,"sd","14:12:29",11359500
26550,450,900,"sd","14:12:31",11360400
26600,500,100,"sd","14:12:37",11360500
26550,450,2600,"sd","14:12:44",11363100
26550,450,1600,"bu","14:13:14",11364700
26550,450,2100,"bu","14:13:15",11366800
26550,450,13000,"sd","14:13:17",11379800
26600,500,500,"sd","14:13:19",11380300
26550,450,15000,"sd","14:13:21",11395300
26600,500,1000,"sd","14:13:23",11396300
26550,450,18000,"sd","14:13:27",11414300
26550,450,3000,"bu","14:13:28",11417300
26550,450,14000,"sd","14:13:33",11431300
26550,450,14000,"bu","14:13:37",11445300
26550,450,4800,"bu","14:13:42",11450100
26550,450,800,"sd","14:13:46",11450900
26550,450,700,"bu","14:13:48",11451600
26500,400,7200,"sd","14:13:50",11458800
26550,450,100,"bu","14:13:56",11458900
26550,450,600,"bu","14:14:04",11459500
26500,400,300,"sd","14:14:08",11459800
26550,450,3700,"bu","14:14:12",11463500
26500,400,11300,"bu","14:14:16",11474800
26550,450,500,"bu","14:14:20",11475300
26550,450,100,"bu","14:14:23",11475400
26500,400,2100,"sd","14:14:25",11477500
26550,450,3000,"bu","14:14:29",11480500
26550,450,100,"sd","14:14:32",11480600
26550,450,1800,"sd","14:14:39",11482400
26550,450,500,"bu","14:14:41",11482900
26550,450,3000,"sd","14:14:43",11485900
26550,450,3500,"sd","14:14:45",11489400
26550,450,600,"sd","14:14:47",11490000
26550,450,500,"sd","14:14:48",11490500
26550,450,2000,"bu","14:14:50",11492500
26550,450,900,"sd","14:14:52",11493400
26500,400,500,"bu","14:14:54",11493900
26550,450,2200,"bu","14:15:00",11496100
26550,450,4500,"bu","14:15:10",11500600
26550,450,2500,"sd","14:15:14",11503100
26550,450,3000,"bu","14:15:16",11506100
26550,450,2500,"bu","14:15:18",11508600
26550,450,2500,"sd","14:15:20",11511100
26550,450,2000,"sd","14:15:24",11513100
26550,450,21100,"sd","14:15:26",11534200
26550,450,1800,"sd","14:15:28",11536000
26550,450,19500,"bu","14:15:30",11555500
26550,450,6700,"sd","14:15:34",11562200
26550,450,2100,"bu","14:15:36",11564300
26550,450,5000,"bu","14:15:38",11569300
26550,450,2000,"sd","14:15:40",11571300
26550,450,100,"sd","14:15:42",11571400
26550,450,2700,"sd","14:15:43",11574100
26550,450,3000,"bu","14:15:45",11577100
26550,450,24400,"bu","14:15:49",11601500
26550,450,3100,"sd","14:15:52",11604600
26550,450,2000,"bu","14:15:54",11606600
26550,450,11000,"bu","14:16:00",11617600
