"price","change","match_qtty","side","time","total_vol"
12500,0,37600,"bu","09:15:06",37600
12500,0,100,"bu","09:15:39",37700
12500,0,3000,"bu","09:15:46",40700
12500,0,100,"bu","09:16:43",40800
12500,0,600,"bu","09:17:07",41400
12500,0,100,"sd","09:17:23",41500
12500,0,1000,"sd","09:17:25",42500
12450,-50,700,"sd","09:17:54",43200
12500,0,100,"sd","09:17:55",43300
12500,0,500,"bu","09:18:33",43800
12500,0,1000,"sd","09:18:54",44800
12450,-50,4400,"sd","09:19:40",49200
12500,0,16900,"bu","09:20:25",66100
12500,0,1000,"sd","09:20:57",67100
12500,0,5000,"bu","09:22:24",72100
12550,50,10000,"sd","09:22:31",82100
12500,0,1300,"sd","09:22:32",83400
12500,0,2000,"bu","09:22:35",85400
12500,0,3000,"bu","09:22:56",88400
12500,0,500,"sd","09:23:18",88900
12550,50,1000,"bu","09:24:03",89900
12550,50,2000,"bu","09:24:17",91900
12500,0,2500,"sd","09:24:32",94400
12500,0,100000,"bu","09:24:36",194400
12500,0,1000,"bu","09:25:01",195400
12500,0,500,"sd","09:25:04",195900
12500,0,1000,"bu","09:25:12",196900
12500,0,6000,"bu","09:25:17",202900
12500,0,200,"sd","09:25:25",204100
12500,0,400,"sd","09:25:51",204500
12500,0,500,"sd","09:26:28",205000
12450,-50,200,"bu","09:27:03",205200
12500,0,10800,"sd","09:27:09",216000
12500,0,800,"sd","09:27:13",216800
12500,0,5600,"sd","09:27:18",222400
12500,0,3800,"sd","09:27:37",226200
12500,0,11400,"bu","09:28:34",237600
12450,-50,200000,"sd","09:28:36",437600
12500,0,2000,"sd","09:28:47",439600
12450,-50,3000,"bu","09:28:50",442600
12400,-100,30000,"sd","09:29:09",472600
12450,-50,5000,"sd","09:29:22",477600
12450,-50,500,"bu","09:30:17",478100
12450,-50,2000,"bu","09:30:22",480100
12400,-100,900,"bu","09:30:30",481000
12450,-50,200,"bu","09:30:32",481200
12450,-50,600,"bu","09:30:42",481800
12450,-50,6000,"sd","09:30:58",487800
12450,-50,600,"bu","09:31:15",488400
12450,-50,100,"sd","09:31:36",488500
12500,0,70200,"bu","09:31:53",558700
12500,0,1000,"sd","09:32:16",559700
12500,0,3000,"bu","09:32:23",562700
12500,0,100,"bu","09:32:38",562800
12500,0,5800,"bu","09:33:04",568600
12500,0,1400,"bu","09:33:13",570000
12500,0,1000,"bu","09:33:20",571000
12500,0,5900,"bu","09:33:44",576900
12500,0,2000,"sd","09:34:20",578900
12500,0,100,"sd","09:35:17",579000
12500,0,2000,"sd","09:35:19",581000
12500,0,3000,"bu","09:35:47",584000
12550,50,500,"bu","09:35:58",584500
12500,0,400,"sd","09:36:13",584900
12550,50,1000,"bu","09:36:20",585900
12550,50,400,"sd","09:36:21",586300
12550,50,800,"bu","09:36:27",587100
12550,50,100,"sd","09:36:46",587200
12550,50,2100,"bu","09:37:04",589300
12550,50,20000,"sd","09:37:06",609300
12550,50,2100,"sd","09:37:10",620400
12550,50,5000,"bu","09:37:12",625400
12550,50,2000,"sd","09:37:13",627400
12550,50,3000,"bu","09:37:19",630400
12550,50,500,"sd","09:37:20",630900
12550,50,20000,"bu","09:37:21",650900
12550,50,30400,"bu","09:37:27",681300
12600,100,1000,"bu","09:38:49",682300
12600,100,300,"sd","09:39:20",682600
12600,100,4000,"sd","09:39:35",686600
12600,100,1000,"sd","09:39:42",687600
12600,100,300,"sd","09:40:12",687900
12550,50,5000,"bu","09:40:14",692900
12550,50,2000,"bu","09:40:30",694900
12550,50,500,"sd","09:40:37",695400
12550,50,300,"sd","09:40:50",695700
12550,50,100,"sd","09:40:55",695800
12600,100,2000,"sd","09:41:06",697800
12600,100,4000,"bu","09:41:25",701800
12600,100,5000,"sd","09:41:49",706800
12600,100,500,"sd","09:41:50",707300
12600,100,100,"bu","09:42:05",707400
12600,100,200,"bu","09:42:29",707600
12600,100,1100,"bu","09:43:03",708700
12600,100,200,"sd","09:43:25",708900
12600,100,4900,"bu","09:44:12",713800
12600,100,500,"sd","09:44:16",714300
12600,100,40000,"sd","09:44:30",754300
12600,100,60000,"sd","09:44:32",814300
12600,100,500,"bu","09:44:35",814800
12600,100,2400,"sd","09:44:37",817200
12600,100,500,"bu","09:44:44",817700
12600,100,200,"sd","09:44:44",817900
12600,100,20000,"sd","09:45:21",837900
12600,100,1500,"sd","09:45:32",839400
12600,100,8300,"bu","09:45:45",847700
12600,100,4900,"bu","09:46:05",852600
12600,100,600,"sd","09:46:08",853200
12600,100,800,"sd","09:46:09",854000
12550,50,3000,"bu","09:46:19",857000
12550,50,5000,"sd","09:46:39",862000
12550,50,3000,"bu","09:47:41",865000
12550,50,1000,"sd","09:47:56",866000
12600,100,2000,"bu","09:47:57",868000
12600,100,5000,"sd","09:47:59",873000
12550,50,100,"bu","09:48:01",873100
12600,100,200,"sd","09:48:23",873300
12600,100,300,"bu","09:49:02",873600
12550,50,2500,"sd","09:49:15",876100
12550,50,4000,"bu","09:50:00",880100
12600,100,5000,"bu","09:50:02",885100
12550,50,10000,"bu","09:50:04",895100
12600,100,400,"bu","09:50:18",895500
12600,100,1500,"bu","09:51:03",897000
12550,50,200,"bu","09:51:07",897200
12550,50,60000,"bu","09:51:42",957200
12550,50,100,"bu","09:51:46",967200
12600,100,700,"sd","09:52:11",967900
12550,50,2000,"bu","09:52:12",969900
12550,50,28300,"bu","09:52:18",998200
12550,50,3000,"bu","09:52:23",1001200
12550,50,400,"sd","09:52:46",1001600
12550,50,100,"sd","09:53:11",1001700
12550,50,1100,"sd","09:54:27",1002800
12550,50,700,"bu","09:55:23",1003500
12550,50,500,"sd","09:55:32",1004000
12550,50,5000,"sd","09:55:53",1009000
12550,50,2000,"sd","09:57:11",1011000
12500,0,3100,"sd","09:58:59",1014100
12550,50,21500,"sd","09:59:10",1035600
12500,0,3500,"bu","09:59:22",1039100
12550,50,700,"bu","09:59:26",1039800
12550,50,20000,"sd","09:59:30",1059800
12550,50,1500,"bu","09:59:39",1061300
12550,50,600,"sd","09:59:40",1061900
12550,50,15000,"sd","09:59:50",1076900
12550,50,1000,"sd","09:59:56",1077900
12550,50,4000,"sd","09:59:59",1081900
12500,0,500,"sd","10:00:09",1082400
12550,50,10000,"sd","10:00:15",1092400
12550,50,5000,"bu","10:00:27",1097400
12550,50,1500,"sd","10:00:39",1098900
12550,50,50000,"sd","10:00:49",1148900
12550,50,5200,"sd","10:00:54",1154100
12550,50,200,"sd","10:01:00",1154300
12550,50,700,"sd","10:01:28",1155000
12550,50,100,"sd","10:03:33",1155100
12550,50,1000,"sd","10:04:40",1156100
12600,100,7700,"sd","10:05:30",1163800
12550,50,200,"bu","10:06:09",1164000
12600,100,3200,"sd","10:06:10",1167200
12550,50,12300,"sd","10:06:11",1179500
12550,50,3800,"sd","10:06:37",1183300
12550,50,1700,"bu","10:06:52",1185000
12500,0,2000,"sd","10:07:00",1187000
12500,0,1000,"bu","10:08:04",1188000
12500,0,1500,"bu","10:08:59",1189500
12500,0,1000,"bu","10:09:27",1190500
12550,50,300,"bu","10:09:37",1190800
12500,0,15000,"bu","10:09:42",1205800
12500,0,500,"sd","10:10:02",1206300
12500,0,2400,"sd","10:10:28",1208700
12550,50,4500,"sd","10:11:01",1213200
12550,50,500,"sd","10:12:24",1213700
12550,50,10000,"bu","10:12:40",1223700
12500,0,1900,"bu","10:13:16",1225600
12500,0,200,"bu","10:13:43",1225800
12550,50,100,"bu","10:15:38",1225900
12550,50,1600,"bu","10:17:23",1227500
12550,50,2700,"sd","10:18:53",1230200
12550,50,300,"bu","10:18:56",1230500
12500,0,5000,"bu","10:19:01",1235500
12500,0,200,"bu","10:19:14",1235700
12550,50,15000,"sd","10:19:41",1250700
12550,50,100,"bu","10:20:14",1250800
12550,50,500,"sd","10:20:17",1251300
12550,50,200,"bu","10:20:34",1251500
12500,0,1000,"sd","10:21:13",1252500
12550,50,8000,"bu","10:21:25",1260500
12550,50,22700,"bu","10:21:27",1283200
12550,50,500,"bu","10:22:08",1283700
12550,50,7400,"bu","10:22:25",1291100
12550,50,1000,"bu","10:22:38",1292100
12550,50,600,"bu","10:22:48",1292700
12550,50,1000,"bu","10:23:01",1293700
12550,50,6000,"bu","10:23:33",1299700
12550,50,5400,"sd","10:24:04",1305100
12550,50,27300,"bu","10:24:18",1332400
12550,50,1000,"sd","10:24:45",1333400
12550,50,3000,"bu","10:24:51",1336400
12550,50,1000,"bu","10:25:13",1337400
12550,50,200,"sd","10:25:31",1337600
12550,50,400,"sd","10:25:42",1338000
12550,50,1400,"bu","10:25:57",1339400
12550,50,6000,"sd","10:28:53",1345400
12550,50,10000,"sd","10:29:27",1355400
12500,0,5200,"bu","10:30:54",1360600
12550,50,100,"bu","10:31:07",1360700
12500,0,10000,"bu","10:31:41",1370700
12500,0,2400,"bu","10:31:51",1373100
12550,50,1000,"sd","10:32:36",1374100
12550,50,43000,"bu","10:34:05",1417100
12550,50,200,"bu","10:34:25",1417300
12550,50,1000,"sd","10:34:36",1418300
12550,50,300,"bu","10:34:47",1418600
12550,50,2300,"bu","10:35:37",1420900
12550,50,100,"bu","10:35:46",1421000
12500,0,2000,"sd","10:36:01",1423000
12500,0,1000,"sd","10:36:18",1424000
12500,0,700,"sd","10:36:51",1424700
12500,0,1300,"bu","10:39:02",1426000
12500,0,1000,"bu","10:39:17",1427000
12500,0,500,"bu","10:39:20",1427500
12550,50,2500,"sd","10:40:01",1430000
12500,0,3000,"bu","10:40:04",1433000
12550,50,800,"bu","10:40:33",1433800
12550,50,500,"sd","10:40:50",1434300
12500,0,200,"bu","10:42:30",1434500
12500,0,100,"bu","10:42:39",1434600
12550,50,3200,"sd","10:42:55",1437800
12550,50,7000,"bu","10:43:53",1444800
12550,50,80000,"bu","10:45:41",1524800
12550,50,20000,"sd","10:46:32",1544800
12550,50,500,"sd","10:47:02",1545300
12500,0,300,"bu","10:47:10",1545600
12500,0,100,"sd","10:47:26",1545700
12550,50,400,"bu","10:47:58",1546100
12500,0,300,"bu","10:48:45",1546400
12550,50,100,"bu","10:48:46",1546500
12550,50,600,"bu","10:49:10",1547100
12550,50,500,"bu","10:49:13",1547600
12550,50,10000,"bu","10:49:31",1557600
12550,50,100,"bu","10:49:32",1557700
12550,50,200,"sd","10:49:45",1557900
12550,50,3500,"bu","10:50:00",1561400
12550,50,3300,"sd","10:50:02",1564700
12550,50,500,"bu","10:50:06",1565200
12550,50,10000,"bu","10:50:10",1575200
12550,50,50000,"bu","10:50:23",1625200
12550,50,500,"sd","10:50:26",1625700
12550,50,5000,"bu","10:50:27",1630700
12550,50,4600,"sd","10:50:35",1635300
12550,50,2000,"sd","10:50:37",1637300
12550,50,500,"bu","10:50:41",1637800
12600,100,10000,"sd","10:51:20",1647800
12600,100,500,"bu","10:51:48",1648300
12550,50,15000,"sd","10:52:06",1663300
12600,100,5000,"sd","10:53:26",1668300
12600,100,200,"bu","10:54:35",1668500
12600,100,4000,"sd","10:55:02",1672500
12600,100,500,"bu","10:55:25",1673000
12600,100,6000,"bu","10:55:29",1679000
12600,100,600,"bu","10:56:12",1679600
12550,50,25000,"bu","10:56:45",1704600
12600,100,500,"bu","10:57:29",1705100
12550,50,7500,"bu","10:58:15",1712600
12550,50,300,"sd","10:58:21",1712900
12550,50,2100,"bu","10:59:20",1715000
12550,50,5000,"bu","11:00:02",1720000
12550,50,100,"bu","11:00:30",1720100
12550,50,1000,"bu","11:00:54",1721100
12550,50,600,"bu","11:01:04",1721700
12550,50,1000,"bu","11:01:12",1722700
12550,50,8000,"bu","11:02:24",1730700
12550,50,2000,"sd","11:03:16",1732700
12550,50,10000,"bu","11:03:44",1742700
12550,50,4000,"sd","11:03:52",1746700
12550,50,9400,"sd","11:04:08",1756100
12550,50,5000,"bu","11:06:56",1761100
12500,0,1600,"sd","11:08:24",1762700
12500,0,200,"bu","11:10:08",1762900
12550,50,4000,"sd","11:10:25",1766900
12550,50,300,"sd","11:10:39",1767200
12550,50,100,"bu","11:11:27",1767300
12550,50,20000,"bu","11:11:56",1787300
12550,50,20000,"bu","11:12:15",1807300
12550,50,5000,"sd","11:12:21",1812300
12550,50,100,"sd","11:12:33",1812400
12550,50,10000,"sd","11:13:02",1822400
12550,50,15300,"sd","11:13:11",1837700
12550,50,1000,"sd","11:13:21",1838700
12550,50,10000,"sd","11:13:35",1848700
12550,50,7900,"sd","11:13:51",1856600
12550,50,300,"sd","11:14:13",1856900
12500,0,10000,"bu","11:14:25",1866900
12500,0,1000,"sd","11:14:45",1867900
12500,0,30000,"sd","11:15:22",1897900
12500,0,50000,"sd","11:15:56",1947900
12500,0,200,"bu","11:16:05",1948100
12500,0,1000,"sd","11:16:08",1949100
12500,0,10000,"bu","11:16:23",1959100
12500,0,1000,"sd","11:16:30",1960100
12500,0,100,"bu","11:17:04",1960200
12500,0,20000,"sd","11:17:10",1980200
12500,0,5000,"bu","11:17:29",1985200
12500,0,6700,"bu","11:17:36",1991900
12500,0,500,"bu","11:18:06",1992400
12500,0,1000,"bu","11:18:13",1993400
12500,0,2000,"bu","11:18:19",1995400
12500,0,1000,"sd","11:18:36",1996400
12550,50,1400,"sd","11:18:57",1997800
12550,50,400,"bu","11:19:31",1998200
12550,50,200,"bu","11:19:39",1998400
12500,0,500,"sd","11:20:37",1998900
12500,0,400,"sd","11:21:11",1999300
12550,50,800,"bu","11:21:17",2000100
12500,0,100,"bu","11:21:22",2000200
12500,0,12700,"sd","11:21:37",2012900
12500,0,10000,"sd","11:22:15",2022900
12550,50,2000,"bu","11:22:37",2024900
12550,50,20000,"bu","11:23:35",2044900
12550,50,200,"sd","11:23:37",2045100
12550,50,100,"sd","11:24:52",2045200
12550,50,500,"bu","11:25:12",2045700
12550,50,1000,"sd","11:25:21",2046700
12550,50,300,"bu","11:25:25",2047000
12550,50,2000,"sd","11:25:27",2049000
12550,50,5000,"bu","11:25:41",2054000
12550,50,2000,"sd","11:26:05",2056000
12500,0,20000,"bu","11:26:40",2076000
12550,50,9100,"sd","11:26:56",2085100
12500,0,15000,"bu","11:27:00",2100100
12550,50,30000,"bu","11:27:18",2130100
12550,50,1000,"bu","11:27:21",2131100
12550,50,15000,"sd","11:27:35",2146100
12550,50,10000,"bu","11:27:48",2156100
12550,50,34900,"sd","11:27:53",2191000
12550,50,200,"sd","11:28:09",2191200
12550,50,1000,"bu","11:28:22",2192200
12600,100,10000,"sd","11:28:54",2202200
12550,50,3000,"sd","11:29:16",2205200
12550,50,1000,"bu","11:29:39",2206200
12550,50,5000,"bu","11:29:42",2211200
12550,50,1000,"sd","11:29:43",2212200
12550,50,10000,"sd","11:29:44",2222200
12550,50,500,"bu","11:29:53",2222700
12550,50,2400,"sd","13:00:15",2225100
12550,50,6200,"sd","13:00:17",2231300
12550,50,3400,"bu","13:00:21",2234700
12550,50,200,"bu","13:00:29",2234900
12550,50,30100,"sd","13:00:30",2265000
12550,50,400,"bu","13:00:34",2265400
12550,50,1000,"bu","13:00:35",2266400
12550,50,12500,"sd","13:00:37",2278900
12550,50,12900,"sd","13:00:38",2291800
12550,50,20000,"sd","13:00:47",2311800
12550,50,1100,"bu","13:01:12",2312900
12550,50,47000,"sd","13:01:14",2359900
12550,50,3000,"sd","13:01:35",2362900
12550,50,500,"sd","13:01:45",2363400
12550,50,3000,"sd","13:02:09",2366400
12550,50,500,"sd","13:02:36",2366900
12550,50,10000,"sd","13:02:37",2376900
12550,50,1000,"sd","13:02:44",2377900
12550,50,8800,"sd","13:03:29",2386700
12500,0,500,"sd","13:03:32",2387200
12500,0,10000,"sd","13:03:59",2397200
12550,50,1200,"bu","13:04:00",2398400
12500,0,20000,"sd","13:04:30",2418400
12550,50,300,"sd","13:04:42",2418700
12550,50,500,"bu","13:05:12",2419200
12550,50,51000,"bu","13:05:18",2470200
12550,50,8500,"sd","13:05:20",2478700
12550,50,2500,"sd","13:05:25",2481200
12550,50,500,"sd","13:05:26",2481700
12550,50,6400,"bu","13:05:38",2488100
12550,50,1000,"sd","13:05:39",2489100
12550,50,1200,"bu","13:05:57",2490300
12550,50,500,"sd","13:06:07",2490800
12550,50,1000,"sd","13:06:51",2491800
12550,50,100,"bu","13:07:01",2491900
12600,100,500,"sd","13:07:16",2492400
12550,50,10000,"bu","13:07:25",2502400
12600,100,800,"sd","13:08:47",2503200
12600,100,5000,"bu","13:08:54",2508200
12550,50,1000,"sd","13:09:10",2509200
12550,50,3000,"bu","13:09:16",2512200
12600,100,100,"bu","13:09:43",2512300
12600,100,5500,"bu","13:09:50",2517800
12550,50,100,"bu","13:09:52",2517900
12600,100,8000,"sd","13:10:09",2525900
12600,100,400,"bu","13:10:21",2526300
12600,100,2000,"sd","13:10:51",2528300
12600,100,500,"bu","13:10:53",2528800
12600,100,5000,"sd","13:10:58",2533800
12600,100,10000,"bu","13:11:04",2543800
12600,100,5000,"bu","13:11:12",2548800
12600,100,100,"sd","13:11:15",2548900
12600,100,2000,"bu","13:11:17",2550900
12600,100,15000,"bu","13:11:27",2565900
12600,100,500,"sd","13:11:28",2566400
12600,100,100,"bu","13:11:31",2566500
12600,100,800,"sd","13:11:34",2567300
12600,100,7000,"bu","13:11:35",2574300
12600,100,2000,"sd","13:11:37",2576300
12600,100,10000,"sd","13:11:58",2586300
12600,100,3000,"bu","13:12:02",2589300
12600,100,1000,"bu","13:12:04",2590300
12600,100,100,"sd","13:12:12",2590400
12600,100,500,"bu","13:12:18",2590900
12600,100,100,"sd","13:12:19",2591000
12600,100,400,"bu","13:12:27",2591400
12600,100,10000,"bu","13:12:36",2601400
12600,100,13000,"sd","13:12:42",2614400
12600,100,33300,"bu","13:12:43",2647700
12600,100,800,"bu","13:12:46",2648500
12600,100,50000,"sd","13:12:49",2698500
12600,100,4500,"sd","13:12:51",2703000
12600,100,50000,"sd","13:12:53",2753000
12600,100,13400,"bu","13:12:58",2766400
12600,100,11100,"sd","13:13:01",2777500
12600,100,4000,"bu","13:13:35",2781500
12600,100,200,"bu","13:13:39",2781700
12600,100,400,"bu","13:13:42",2782100
12650,150,1000,"sd","13:13:49",2783100
12650,150,1100,"bu","13:14:13",2784200
12600,100,2000,"sd","13:14:14",2786200
12650,150,200,"sd","13:14:22",2786400
12650,150,2000,"sd","13:14:31",2788400
12650,150,2000,"bu","13:14:32",2790400
12650,150,2300,"sd","13:15:23",2792700
12600,100,1700,"bu","13:15:41",2794400
12600,100,5000,"sd","13:16:20",2799400
12600,100,30000,"sd","13:16:25",2829400
12600,100,200,"bu","13:16:30",2829600
12600,100,41500,"sd","13:16:33",2871100
12600,100,4600,"sd","13:16:36",2875700
12600,100,1700,"sd","13:16:40",2877400
12600,100,2000,"bu","13:16:47",2879400
12600,100,400,"sd","13:17:04",2879800
12600,100,30000,"sd","13:17:20",2909800
12600,100,2000,"bu","13:17:27",2911800
12600,100,4600,"sd","13:17:35",2916400
12600,100,700,"bu","13:17:54",2917100
12600,100,5000,"bu","13:18:02",2922100
12600,100,1000,"bu","13:18:09",2923100
12600,100,5000,"bu","13:18:22",2928100
12600,100,15000,"sd","13:18:29",2943100
12600,100,500,"bu","13:18:31",2943600
12600,100,1600,"sd","13:18:38",2945200
12600,100,1000,"sd","13:18:43",2946200
12600,100,22000,"sd","13:19:16",2968200
12600,100,300,"bu","13:19:25",2968500
12600,100,1000,"sd","13:19:27",2969500
12600,100,8000,"sd","13:19:36",2977500
12600,100,100,"bu","13:19:55",2977600
12600,100,5000,"sd","13:20:23",2982600
12600,100,100,"bu","13:20:28",2982700
12600,100,500,"sd","13:20:37",2983200
12600,100,2000,"bu","13:20:53",2985200
12600,100,5000,"bu","13:20:59",2990200
12600,100,9300,"bu","13:21:07",2999500
12600,100,100,"bu","13:21:11",2999600
12600,100,5000,"bu","13:21:13",3004600
12600,100,1000,"sd","13:21:14",3005600
12600,100,12600,"sd","13:21:24",3018200
12600,100,200,"bu","13:21:28",3018400
12600,100,10000,"bu","13:21:40",3028400
12600,100,24500,"sd","13:21:46",3052900
12600,100,30000,"sd","13:22:09",3082900
12600,100,55000,"sd","13:22:41",3137900
12650,150,5000,"bu","13:22:56",3142900
12600,100,300,"sd","13:23:01",3143200
12650,150,10000,"bu","13:23:08",3153200
12650,150,10000,"sd","13:23:12",3163200
12650,150,5000,"sd","13:23:15",3168200
12650,150,10600,"sd","13:23:17",3178800
12650,150,500,"sd","13:23:18",3179300
12650,150,5100,"bu","13:23:27",3184400
12650,150,1000,"sd","13:23:28",3185400
12650,150,6500,"sd","13:23:31",3191900
12650,150,2100,"bu","13:23:32",3194000
12650,150,1300,"sd","13:23:38",3195300
12650,150,500,"sd","13:23:50",3195800
12650,150,8200,"bu","13:23:51",3204000
12700,200,9000,"sd","13:24:00",3213000
12700,200,200,"bu","13:24:32",3213200
12700,200,3000,"sd","13:24:45",3216200
12700,200,8000,"sd","13:25:12",3224200
12700,200,500,"sd","13:25:15",3224700
12700,200,1000,"bu","13:25:17",3225700
12650,150,7000,"sd","13:25:57",3232700
12650,150,3000,"sd","13:26:09",3235700
12650,150,5400,"sd","13:26:19",3241100
12650,150,5000,"bu","13:26:52",3246100
12700,200,10000,"sd","13:26:54",3256100
12650,150,200,"sd","13:26:59",3256300
12650,150,2000,"sd","13:27:08",3258300
12650,150,14300,"bu","13:27:19",3272600
12650,150,100,"bu","13:27:33",3272700
12650,150,22000,"bu","13:27:45",3294700
12650,150,2100,"sd","13:27:52",3296800
12650,150,3000,"bu","13:28:13",3299800
12650,150,1000,"bu","13:28:42",3300800
12650,150,500,"sd","13:28:54",3301300
12650,150,4000,"sd","13:28:57",3305300
12700,200,2000,"bu","13:29:01",3307300
12700,200,72000,"sd","13:29:17",3379300
12650,150,900,"sd","13:29:19",3380200
12700,200,500,"bu","13:29:22",3380700
12700,200,3000,"bu","13:29:33",3383700
12700,200,400,"sd","13:29:39",3384100
12650,150,300,"bu","13:30:14",3384400
12650,150,5000,"sd","13:31:06",3389400
12650,150,2500,"sd","13:31:15",3391900
12650,150,500,"bu","13:31:20",3392400
12650,150,300,"bu","13:31:31",3392700
12650,150,2000,"bu","13:31:40",3394700
12650,150,10000,"sd","13:31:49",3404700
12700,200,2000,"sd","13:31:51",3406700
12700,200,10000,"sd","13:32:01",3416700
12700,200,65000,"bu","13:32:06",3481700
12700,200,100,"bu","13:32:25",3481800
12650,150,33600,"sd","13:32:27",3515400
12650,150,1800,"bu","13:32:29",3517200
12650,150,9000,"bu","13:32:36",3526200
12650,150,24900,"sd","13:32:38",3551100
12650,150,11800,"bu","13:32:43",3562900
12650,150,500,"bu","13:32:55",3563400
12650,150,200,"sd","13:32:56",3563600
12650,150,2000,"bu","13:33:02",3565600
12650,150,8000,"sd","13:33:04",3573600
12650,150,2000,"bu","13:33:08",3575600
12650,150,7000,"sd","13:33:22",3582600
12650,150,300,"sd","13:33:34",3582900
12650,150,6000,"sd","13:33:39",3588900
12650,150,5500,"bu","13:34:28",3594400
12650,150,200,"sd","13:34:29",3594600
12700,200,1400,"bu","13:34:32",3596000
12700,200,3000,"sd","13:34:37",3599000
12700,200,200,"sd","13:34:52",3599200
12700,200,3000,"sd","13:34:54",3602200
12650,150,1000,"bu","13:34:55",3603200
12650,150,300,"sd","13:35:19",3603500
12650,150,500,"bu","13:35:38",3604000
12650,150,1000,"bu","13:35:47",3605000
12650,150,14000,"sd","13:36:03",3619000
12650,150,4100,"bu","13:36:11",3623100
12650,150,45000,"bu","13:36:26",3668100
12650,150,600,"bu","13:36:29",3668700
12650,150,5000,"sd","13:36:51",3673700
12700,200,5100,"sd","13:37:15",3678800
12700,200,2000,"bu","13:37:23",3680800
12700,200,2200,"bu","13:37:31",3683000
12650,150,500,"bu","13:37:45",3683500
12650,150,100,"bu","13:37:54",3683600
12650,150,1500,"sd","13:38:02",3685100
12650,150,500,"sd","13:38:24",3685600
12700,200,600,"sd","13:38:38",3686200
12700,200,200,"bu","13:38:50",3686400
12700,200,300,"bu","13:38:55",3686700
12700,200,100000,"bu","13:39:34",3786700
12700,200,500,"bu","13:39:42",3787200
12700,200,100,"bu","13:40:01",3787300
12700,200,400,"sd","13:40:09",3787700
12700,200,100,"bu","13:40:18",3787800
12700,200,1000,"bu","13:40:22",3788800
12700,200,3000,"bu","13:40:46",3791800
12700,200,13500,"sd","13:40:48",3805300
12700,200,36400,"sd","13:40:53",3841700
12700,200,200,"bu","13:41:05",3841900
12700,200,300,"sd","13:41:32",3842200
12700,200,37600,"bu","13:42:07",3879800
12700,200,7500,"sd","13:42:11",3887300
12700,200,1000,"sd","13:42:16",3888300
12700,200,500,"bu","13:43:13",3888800
12700,200,29900,"bu","13:43:21",3918700
12700,200,100,"sd","13:44:09",3918800
12700,200,1000,"sd","13:44:19",3919800
12700,200,29400,"bu","13:45:08",3949200
12700,200,900,"bu","13:45:11",3950100
12700,200,200,"bu","13:46:26",3950300
12700,200,1100,"sd","13:46:34",3951400
12700,200,1000,"sd","13:46:38",3952400
12700,200,300,"bu","13:46:40",3952700
12700,200,100,"bu","13:46:47",3952800
12700,200,800,"bu","13:46:53",3953600
12650,150,100,"bu","13:46:57",3953700
12650,150,600,"bu","13:48:16",3954300
12650,150,5000,"sd","13:48:59",3959300
12700,200,500,"bu","13:50:26",3959800
12650,150,5000,"bu","13:50:40",3964800
12650,150,10000,"bu","13:51:15",3974800
12650,150,10000,"sd","13:51:17",3984800
12650,150,200,"bu","13:51:18",3985000
12700,200,3800,"bu","13:51:22",3988800
12650,150,1000,"bu","13:51:23",3989800
12650,150,1000,"sd","13:51:29",3990800
12650,150,5000,"sd","13:51:57",3995800
12650,150,10000,"sd","13:51:59",4005800
12650,150,5000,"bu","13:52:00",4010800
12650,150,3000,"sd","13:52:05",4013800
12650,150,30000,"sd","13:52:12",4043800
12650,150,1000,"bu","13:52:13",4044800
12650,150,2800,"sd","13:52:19",4047600
12600,100,1000,"bu","13:53:05",4048600
12600,100,4500,"sd","13:53:26",4053100
12650,150,58800,"sd","13:53:31",4111900
12650,150,22500,"sd","13:53:47",4134400
12650,150,2000,"bu","13:53:49",4136400
12700,200,4400,"sd","13:53:51",4140800
12650,150,5000,"bu","13:53:54",4145800
12650,150,12700,"bu","13:53:56",4158500
12650,150,100,"bu","13:54:05",4158600
12650,150,800,"bu","13:54:07",4159400
12650,150,400,"bu","13:54:15",4159800
12600,100,9000,"bu","13:55:04",4168800
12600,100,5000,"sd","13:55:18",4173800
12650,150,4100,"bu","13:55:20",4177900
12650,150,100,"bu","13:55:48",4178000
12600,100,2500,"sd","13:55:53",4180500
12600,100,2600,"bu","13:56:05",4183100
12600,100,7200,"bu","13:56:32",4190300
12600,100,9900,"bu","13:56:39",4200200
12650,150,200,"sd","13:57:16",4200400
12650,150,1800,"sd","13:57:49",4202200
12650,150,1000,"sd","13:58:13",4203200
12650,150,500,"sd","13:58:22",4203700
12650,150,8200,"sd","13:58:26",4211900
12600,100,30000,"bu","13:58:36",4241900
12600,100,4000,"sd","13:58:48",4245900
12600,100,2500,"bu","13:58:53",4248400
12600,100,15000,"sd","13:59:01",4263400
12600,100,800,"bu","13:59:22",4264200
12650,150,5800,"bu","13:59:27",4270000
12650,150,27000,"bu","13:59:31",4297000
12650,150,10000,"sd","13:59:45",4307000
12650,150,1000,"sd","13:59:54",4308000
12650,150,100,"bu","14:00:21",4308100
12650,150,400,"bu","14:00:37",4308500
12650,150,300,"sd","14:00:56",4308800
12650,150,1000,"bu","14:01:25",4309800
12650,150,1300,"bu","14:01:37",4311100
12700,200,6000,"sd","14:01:42",4317100
12650,150,46400,"bu","14:01:48",4363500
12650,150,2100,"sd","14:01:51",4365600
12650,150,3000,"sd","14:01:58",4368600
12650,150,4000,"bu","14:02:09",4372600
12650,150,200,"sd","14:02:10",4372800
12650,150,300,"sd","14:02:12",4373100
12700,200,5000,"sd","14:02:16",4378100
12700,200,2000,"bu","14:02:28",4380100
12700,200,75700,"bu","14:03:02",4455800
12700,200,5000,"bu","14:03:04",4460800
12700,200,11100,"bu","14:03:16",4471900
12700,200,1000,"bu","14:03:18",4472900
12750,250,34400,"sd","14:03:42",4507300
12700,200,100,"sd","14:03:52",4507400
12750,250,2600,"bu","14:04:24",4510000
12700,200,1000,"sd","14:04:26",4511000
12750,250,4000,"bu","14:04:37",4515000
12750,250,100,"sd","14:04:54",4515100
12700,200,6100,"bu","14:05:18",4521200
12700,200,10000,"sd","14:05:28",4531200
12700,200,500,"bu","14:05:43",4531700
12750,250,100,"bu","14:05:49",4531800
12700,200,3000,"sd","14:05:57",4534800
12750,250,100,"sd","14:06:01",4534900
12750,250,200,"sd","14:06:09",4535100
12750,250,3000,"sd","14:06:12",4538100
12750,250,5400,"sd","14:06:20",4543500
12750,250,5000,"sd","14:06:44",4548500
12750,250,10200,"sd","14:06:56",4558700
12750,250,2000,"sd","14:07:02",4560700
12750,250,3000,"sd","14:07:12",4563700
12750,250,600,"sd","14:07:24",4564300
12700,200,20700,"sd","14:07:28",4585000
12750,250,4400,"sd","14:07:52",4589400
12750,250,1000,"bu","14:08:07",4590400
12750,250,400,"bu","14:08:10",4590800
12700,200,1400,"sd","14:08:25",4592200
12700,200,300,"sd","14:08:27",4592500
12700,200,6000,"sd","14:08:43",4598500
12700,200,1000,"bu","14:08:46",4599500
12700,200,500,"sd","14:08:59",4600000
12700,200,2100,"sd","14:09:03",4602100
12750,250,2000,"bu","14:09:24",4604100
12750,250,100,"sd","14:09:30",4604200
12700,200,5000,"bu","14:09:32",4609200
12700,200,1500,"sd","14:09:42",4610700
12700,200,51000,"bu","14:09:50",4661700
12700,200,20000,"sd","14:09:52",4681700
12700,200,21800,"bu","14:09:54",4703500
12700,200,2200,"bu","14:10:15",4705700
12650,150,1000,"bu","14:11:23",4706700
12700,200,2200,"bu","14:11:25",4708900
12650,150,2900,"bu","14:11:40",4711800
12700,200,2000,"bu","14:11:44",4713800
12650,150,5000,"sd","14:11:54",4718800
12700,200,1000,"bu","14:12:01",4719800
12650,150,400,"bu","14:12:05",4720200
12650,150,1000,"sd","14:12:07",4721200
12650,150,3400,"sd","14:12:25",4724600
12650,150,20000,"bu","14:12:27",4744600
12650,150,27700,"bu","14:12:29",4772300
12650,150,1000,"bu","14:12:31",4773300
12650,150,2400,"sd","14:12:37",4775700
12650,150,1000,"sd","14:12:39",4776700
12650,150,5300,"sd","14:13:03",4782000
12650,150,400,"bu","14:13:19",4782400
12700,200,200,"bu","14:13:25",4782600
12650,150,22500,"sd","14:13:27",4805100
12650,150,3000,"sd","14:13:28",4808100
12650,150,20000,"bu","14:13:37",4828100
12650,150,1000,"bu","14:13:42",4829100
12650,150,5000,"sd","14:13:44",4834100
12650,150,300,"bu","14:13:46",4834400
12650,150,3400,"bu","14:13:48",4837800
12650,150,5000,"bu","14:13:50",4842800
12650,150,1000,"bu","14:13:52",4843800
12650,150,8000,"sd","14:13:54",4851800
12650,150,9000,"sd","14:13:56",4860800
12650,150,1800,"sd","14:14:04",4862600
12650,150,1000,"sd","14:14:06",4863600
12650,150,300,"bu","14:14:18",4863900
12650,150,2000,"sd","14:14:25",4865900
12650,150,300,"bu","14:14:33",4866200
12650,150,2000,"bu","14:14:41",4868200
12650,150,100,"sd","14:14:52",4868300
12650,150,200,"sd","14:14:54",4868500
12650,150,2400,"sd","14:15:00",4870900
12650,150,1000,"sd","14:15:09",4871900
12650,150,19000,"bu","14:15:10",4890900
12650,150,5700,"bu","14:15:12",4896600
12650,150,5400,"sd","14:15:38",4902000
12650,150,10000,"sd","14:15:54",4912000
12650,150,4600,"bu","14:16:00",4916600
12650,150,400,"sd","14:16:02",4917000
12650,150,400,"sd","14:16:04",4917400
12650,150,1000,"bu","14:16:18",4918400
12650,150,100,"sd","14:16:26",4918500
12600,100,500,"bu","14:16:36",4919000
12600,100,91500,"bu","14:16:46",5010500
12600,100,11000,"sd","14:16:50",5021500
12600,100,3500,"sd","14:17:00",5025000
12600,100,100,"sd","14:17:02",5025100
12650,150,2000,"sd","14:17:07",5027100
12700,200,93000,"sd","14:17:09",5120100
12650,150,600,"bu","14:17:17",5120700
12650,150,5800,"sd","14:17:30",5126500
12650,150,600,"sd","14:17:37",5127100
12650,150,7400,"sd","14:17:39",5134500
12650,150,2500,"sd","14:17:41",5137000
12650,150,100,"bu","14:17:43",5137100
12650,150,4000,"sd","14:17:48",5141100
12650,150,1200,"sd","14:18:14",5142300
12650,150,2500,"bu","14:18:24",5144800
12650,150,200,"bu","14:19:01",5145000
12650,150,1000,"bu","14:19:38",5146000
12700,200,500,"sd","14:19:41",5146500
12650,150,5300,"sd","14:19:47",5151800
12650,150,1000,"bu","14:20:28",5152800
12650,150,700,"sd","14:20:53",5153500
12650,150,100,"bu","14:20:57",5153600
12650,150,1100,"sd","14:21:42",5154700
12650,150,600,"sd","14:22:13",5155300
12650,150,500,"bu","14:22:26",5155800
12650,150,4000,"bu","14:22:42",5159800
12700,200,15000,"bu","14:23:25",5174800
12700,200,500,"bu","14:23:32",5175300
12700,200,1000,"sd","14:23:34",5176300
12700,200,200,"bu","14:23:47",5176500
12700,200,52000,"sd","14:23:57",5228500
12700,200,500,"bu","14:24:03",5229000
12700,200,12000,"bu","14:24:05",5241000
12700,200,5600,"bu","14:24:13",5246600
12700,200,500,"bu","14:24:20",5247100
12700,200,20000,"sd","14:24:24",5267100
12700,200,300,"bu","14:24:26",5267400
12700,200,17900,"sd","14:24:36",5285300
12700,200,1000,"sd","14:24:39",5286300
12700,200,500,"bu","14:24:45",5286800
12750,250,100,"bu","14:24:49",5286900
12700,200,300,"bu","14:25:10",5287200
12700,200,5300,"sd","14:25:16",5292500
12700,200,5000,"bu","14:25:18",5297500
12700,200,15600,"bu","14:25:27",5313100
12700,200,6000,"bu","14:25:29",5319100
12700,200,2500,"sd","14:25:31",5321600
12700,200,1000,"sd","14:25:38",5322600
12700,200,4500,"sd","14:25:42",5327100
12700,200,100,"sd","14:26:07",5327200
12700,200,2000,"sd","14:26:35",5329200
12650,150,2000,"sd","14:26:57",5331200
12700,200,200,"bu","14:27:07",5331400
12650,150,3000,"bu","14:27:12",5334400
12650,150,600,"sd","14:27:19",5335000
12650,150,1000,"sd","14:27:34",5336000
12650,150,300,"bu","14:27:38",5336300
12650,150,76100,"bu","14:27:39",5412400
12650,150,6000,"bu","14:27:48",5418400
12650,150,2800,"bu","14:27:50",5421200
12650,150,600,"sd","14:27:55",5421800
12600,100,5000,"bu","14:27:57",5426800
12650,150,5000,"sd","14:27:59",5431800
12600,100,4500,"sd","14:28:14",5436300
12600,100,5500,"sd","14:28:16",5441800
12600,100,11000,"sd","14:28:21",5452800
12600,100,11000,"bu","14:28:36",5463800
12600,100,200,"sd","14:28:44",5464000
12600,100,52600,"bu","14:28:46",5516600
12550,50,9300,"bu","14:28:48",5525900
12550,50,1000,"bu","14:28:56",5526900
12550,50,3500,"bu","14:29:02",5530400
12600,100,5000,"bu","14:29:11",5535400
12600,100,2000,"sd","14:29:14",5537400
12550,50,500,"sd","14:29:19",5537900
12600,100,100,"sd","14:29:31",5538000
12550,50,300,"sd","14:29:40",5538300
12600,100,1000,"bu","14:29:50",5539300
12550,50,300,"sd","14:29:55",5539600
12600,100,100,"sd","14:30:01",5539700
12550,50,1247000,"bu","14:45:42",6786700
