"Stockcode","Package","TradingDate","Price","Vol","TotalVol","TotalVal","Change","IsBuy","PerChange"
"BAF",144455,"/Date(1703835900000)/",25850,187800,1862300,47986000000,50,false,0.19
"BAF",142954,"/Date(1703834982000)/",25800,2000,1674500,43132000000,0,true,0
"BAF",142954,"/Date(1703834982000)/",25800,2500,1672500,43080000000,0,true,0
"BAF",142954,"/Date(1703834982000)/",25800,2000,1670000,43016000000,0,true,0
"BAF",142954,"/Date(1703834982000)/",25800,1000,1668000,42964000000,0,true,0
"BAF",142954,"/Date(1703834982000)/",25800,1000,1667000,42938000000,0,true,0
"BAF",142954,"/Date(1703834982000)/",25800,1300,1666000,42913000000,0,true,0
"BAF",142941,"/Date(1703834969000)/",25750,7000,1664700,42879000000,-50,true,-0.19
"BAF",142931,"/Date(1703834960000)/",25800,3500,1657700,42699000000,0,false,0
"BAF",142921,"/Date(1703834951000)/",25800,7500,1654200,42609000000,0,false,0
"BAF",142921,"/Date(1703834950000)/",25750,500,1646700,42415000000,-50,true,-0.19
"BAF",142848,"/Date(1703834919000)/",25750,1000,1646200,42402000000,-50,true,-0.19
"BAF",142842,"/Date(1703834914000)/",25750,500,1645200,42376000000,-50,true,-0.19
"BAF",142838,"/Date(1703834910000)/",25750,1000,1644700,42364000000,-50,true,-0.19
"BAF",142838,"/Date(1703834910000)/",25750,1900,1643700,42338000000,-50,true,-0.19
"BAF",142838,"/Date(1703834909000)/",25750,100,1641800,42289000000,-50,true,-0.19
"BAF",142828,"/Date(1703834899000)/",25750,200,1641700,42286000000,-50,true,-0.19
"BAF",142808,"/Date(1703834879000)/",25750,4200,1641500,42281000000,-50,true,-0.19
"BAF",142805,"/Date(1703834879000)/",25750,100,1637300,42173000000,-50,true,-0.19
"BAF",142801,"/Date(1703834876000)/",25750,100,1637200,42170000000,-50,true,-0.19
"BAF",142642,"/Date(1703834800000)/",25750,3400,1637100,42168000000,-50,true,-0.19
"BAF",142642,"/Date(1703834800000)/",25750,9400,1633700,42080000000,-50,true,-0.19
"BAF",142632,"/Date(1703834792000)/",25800,500,1624300,41838000000,0,false,0
"BAF",142608,"/Date(1703834769000)/",25750,600,1623800,41825000000,-50,true,-0.19
"BAF",142608,"/Date(1703834769000)/",25750,300,1623200,41810000000,-50,true,-0.19
"BAF",142545,"/Date(1703834746000)/",25800,1200,1622900,41802000000,0,false,0
"BAF",142522,"/Date(1703834725000)/",25800,9000,1621700,41771000000,0,false,0
"BAF",142516,"/Date(1703834716000)/",25800,400,1612700,41539000000,0,true,0
"BAF",142513,"/Date(1703834713000)/",25800,600,1612300,41529000000,0,true,0
"BAF",142513,"/Date(1703834713000)/",25800,1900,1611700,41513000000,0,true,0
"BAF",142513,"/Date(1703834713000)/",25800,1500,1609800,41464000000,0,true,0
"BAF",142506,"/Date(1703834709000)/",25850,1100,1608300,41425000000,50,false,0.19
"BAF",142503,"/Date(1703834703000)/",25800,500,1607200,41397000000,0,true,0
"BAF",142450,"/Date(1703834691000)/",25800,3900,1606700,41384000000,0,true,0
"BAF",142447,"/Date(1703834690000)/",25800,500,1602800,41283000000,0,true,0
"BAF",142441,"/Date(1703834681000)/",25800,3600,1602300,41271000000,0,true,0
"BAF",142441,"/Date(1703834681000)/",25800,100,1598700,41178000000,0,true,0
"BAF",142441,"/Date(1703834681000)/",25800,200,1598600,41175000000,0,true,0
"BAF",142434,"/Date(1703834678000)/",25800,2000,1598400,41170000000,0,true,0
"BAF",142424,"/Date(1703834668000)/",25800,600,1596400,41118000000,0,true,0
"BAF",142411,"/Date(1703834654000)/",25850,100,1595800,41103000000,50,false,0.19
"BAF",142411,"/Date(1703834654000)/",25850,400,1595700,41100000000,50,false,0.19
"BAF",142411,"/Date(1703834653000)/",25800,1000,1595300,41090000000,0,true,0
"BAF",142405,"/Date(1703834649000)/",25800,300,1594300,41064000000,0,true,0
"BAF",142402,"/Date(1703834643000)/",25800,500,1594000,41056000000,0,true,0
"BAF",142349,"/Date(1703834632000)/",25800,1000,1593500,41044000000,0,true,0
"BAF",142346,"/Date(1703834628000)/",25800,5000,1592500,41018000000,0,true,0
"BAF",142336,"/Date(1703834618000)/",25850,600,1587500,40889000000,50,false,0.19
"BAF",142336,"/Date(1703834618000)/",25850,500,1586900,40873000000,50,false,0.19
"BAF",142317,"/Date(1703834598000)/",25800,5000,1586400,40860000000,0,true,0
"BAF",142300,"/Date(1703834583000)/",25850,1800,1581400,40731000000,50,false,0.19
"BAF",142300,"/Date(1703834583000)/",25800,100,1579600,40685000000,0,false,0
"BAF",142300,"/Date(1703834583000)/",25800,1000,1579500,40682000000,0,false,0
"BAF",142300,"/Date(1703834583000)/",25800,500,1578500,40656000000,0,false,0
"BAF",142300,"/Date(1703834583000)/",25800,1000,1578000,40643000000,0,false,0
"BAF",142300,"/Date(1703834583000)/",25800,400,1577000,40618000000,0,false,0
"BAF",142300,"/Date(1703834583000)/",25800,200,1576600,40607000000,0,false,0
"BAF",142300,"/Date(1703834583000)/",25800,2500,1576400,40602000000,0,false,0
"BAF",142257,"/Date(1703834580000)/",25800,100,1573900,40538000000,0,false,0
"BAF",142244,"/Date(1703834567000)/",25800,2400,1573800,40535000000,0,false,0
"BAF",142244,"/Date(1703834567000)/",25800,5100,1571400,40473000000,0,false,0
"BAF",142234,"/Date(1703834558000)/",25800,5000,1566300,40342000000,0,false,0
"BAF",142234,"/Date(1703834558000)/",25750,200,1561300,40213000000,-50,true,-0.19
"BAF",142234,"/Date(1703834558000)/",25800,1000,1561100,40207000000,0,false,0
"BAF",142234,"/Date(1703834556000)/",25800,1500,1560100,40182000000,0,false,0
"BAF",142205,"/Date(1703834528000)/",25800,1100,1558600,40143000000,0,false,0
"BAF",142152,"/Date(1703834517000)/",25800,10000,1557500,40115000000,0,false,0
"BAF",142116,"/Date(1703834480000)/",25800,2200,1547500,39857000000,0,false,0
"BAF",142100,"/Date(1703834464000)/",25800,100,1545300,39800000000,0,false,0
"BAF",142038,"/Date(1703834443000)/",25800,500,1545200,39797000000,0,false,0
"BAF",142005,"/Date(1703834409000)/",25800,5000,1544700,39784000000,0,false,0
"BAF",141959,"/Date(1703834403000)/",25800,1400,1539700,39655000000,0,false,0
"BAF",141953,"/Date(1703834398000)/",25750,100,1538300,39619000000,-50,true,-0.19
"BAF",141953,"/Date(1703834397000)/",25800,2100,1538200,39617000000,0,false,0
"BAF",141943,"/Date(1703834387000)/",25800,5500,1536100,39562000000,0,false,0
"BAF",141936,"/Date(1703834381000)/",25800,1100,1530600,39421000000,0,false,0
"BAF",141927,"/Date(1703834371000)/",25750,100,1529500,39392000000,-50,true,-0.19
"BAF",141901,"/Date(1703834345000)/",25750,2800,1529400,39390000000,-50,true,-0.19
"BAF",141819,"/Date(1703834304000)/",25750,6500,1526600,39318000000,-50,true,-0.19
"BAF",141819,"/Date(1703834304000)/",25750,3500,1520100,39150000000,-50,true,-0.19
"BAF",141800,"/Date(1703834286000)/",25800,1300,1516600,39060000000,0,false,0
"BAF",141747,"/Date(1703834273000)/",25800,1100,1515300,39026000000,0,false,0
"BAF",141747,"/Date(1703834273000)/",25800,100,1514200,38998000000,0,false,0
"BAF",141747,"/Date(1703834273000)/",25800,800,1514100,38996000000,0,false,0
"BAF",141747,"/Date(1703834273000)/",25800,800,1513300,38975000000,0,false,0
"BAF",141747,"/Date(1703834273000)/",25800,1000,1512500,38954000000,0,false,0
"BAF",141747,"/Date(1703834273000)/",25800,700,1511500,38928000000,0,false,0
"BAF",141747,"/Date(1703834273000)/",25800,200,1510800,38910000000,0,false,0
"BAF",141747,"/Date(1703834273000)/",25800,200,1510600,38905000000,0,false,0
"BAF",141747,"/Date(1703834273000)/",25800,100,1510400,38900000000,0,false,0
"BAF",141747,"/Date(1703834273000)/",25800,500,1510300,38897000000,0,false,0
"BAF",141731,"/Date(1703834256000)/",25750,100,1509800,38885000000,-50,true,-0.19
"BAF",141727,"/Date(1703834254000)/",25750,100,1509700,38882000000,-50,false,-0.19
"BAF",141727,"/Date(1703834254000)/",25750,500,1509600,38879000000,-50,false,-0.19
"BAF",141727,"/Date(1703834254000)/",25750,5000,1509100,38867000000,-50,false,-0.19
"BAF",141727,"/Date(1703834254000)/",25750,800,1504100,38738000000,-50,false,-0.19
"BAF",141718,"/Date(1703834243000)/",25750,200,1503300,38717000000,-50,false,-0.19
"BAF",141718,"/Date(1703834243000)/",25750,900,1503100,38712000000,-50,false,-0.19
"BAF",141718,"/Date(1703834243000)/",25750,400,1502200,38689000000,-50,false,-0.19
"BAF",141708,"/Date(1703834234000)/",25700,4000,1501800,38679000000,-100,false,-0.39
"BAF",141708,"/Date(1703834234000)/",25700,900,1497800,38576000000,-100,false,-0.39
"BAF",141708,"/Date(1703834234000)/",25700,1100,1496900,38553000000,-100,false,-0.39
"BAF",141701,"/Date(1703834228000)/",25700,1500,1495800,38524000000,-100,false,-0.39
"BAF",141701,"/Date(1703834226000)/",25700,5000,1494300,38486000000,-100,false,-0.39
"BAF",141658,"/Date(1703834226000)/",25650,100,1489300,38357000000,-150,true,-0.58
"BAF",141658,"/Date(1703834225000)/",25700,100,1489200,38355000000,-100,false,-0.39
"BAF",141658,"/Date(1703834224000)/",25700,3200,1489100,38352000000,-100,false,-0.39
"BAF",141652,"/Date(1703834219000)/",25700,10000,1485900,38270000000,-100,false,-0.39
"BAF",141642,"/Date(1703834207000)/",25650,1100,1475900,38013000000,-150,true,-0.58
"BAF",141642,"/Date(1703834207000)/",25700,20000,1474800,37985000000,-100,false,-0.39
"BAF",141636,"/Date(1703834202000)/",25700,11500,1454800,37471000000,-100,false,-0.39
"BAF",141636,"/Date(1703834202000)/",25700,100,1443300,37175000000,-100,false,-0.39
"BAF",141636,"/Date(1703834202000)/",25700,1000,1443200,37173000000,-100,false,-0.39
"BAF",141636,"/Date(1703834202000)/",25700,500,1442200,37147000000,-100,false,-0.39
"BAF",141636,"/Date(1703834202000)/",25700,200,1441700,37134000000,-100,false,-0.39
"BAF",141636,"/Date(1703834202000)/",25700,200,1441500,37129000000,-100,false,-0.39
"BAF",141636,"/Date(1703834202000)/",25700,1500,1441300,37124000000,-100,false,-0.39
"BAF",141632,"/Date(1703834200000)/",25650,300,1439800,37085000000,-150,true,-0.58
"BAF",141629,"/Date(1703834195000)/",25700,1500,1439500,37078000000,-100,false,-0.39
"BAF",141623,"/Date(1703834190000)/",25700,7000,1438000,37039000000,-100,false,-0.39
"BAF",141623,"/Date(1703834190000)/",25700,3000,1431000,36859000000,-100,false,-0.39
"BAF",141619,"/Date(1703834186000)/",25650,600,1428000,36782000000,-150,true,-0.58
"BAF",141610,"/Date(1703834177000)/",25650,10800,1427400,36767000000,-150,true,-0.58
"BAF",141603,"/Date(1703834171000)/",25650,4200,1416600,36490000000,-150,false,-0.58
"BAF",141603,"/Date(1703834171000)/",25650,2000,1412400,36382000000,-150,false,-0.58
"BAF",141603,"/Date(1703834171000)/",25650,1000,1410400,36331000000,-150,false,-0.58
"BAF",141603,"/Date(1703834171000)/",25650,1000,1409400,36305000000,-150,false,-0.58
"BAF",141603,"/Date(1703834171000)/",25650,200,1408400,36279000000,-150,false,-0.58
"BAF",141603,"/Date(1703834171000)/",25650,6600,1408200,36274000000,-150,false,-0.58
"BAF",141600,"/Date(1703834167000)/",25600,2000,1401600,36105000000,-200,true,-0.78
"BAF",141423,"/Date(1703834070000)/",25600,1000,1399600,36054000000,-200,true,-0.78
"BAF",141354,"/Date(1703834041000)/",25600,500,1398600,36028000000,-200,true,-0.78
"BAF",141354,"/Date(1703834041000)/",25600,500,1398100,36015000000,-200,true,-0.78
"BAF",141354,"/Date(1703834041000)/",25600,100,1397600,36002000000,-200,true,-0.78
"BAF",141354,"/Date(1703834041000)/",25600,100,1397500,36000000000,-200,true,-0.78
"BAF",141315,"/Date(1703834004000)/",25650,400,1397400,35997000000,-150,false,-0.58
"BAF",141315,"/Date(1703834004000)/",25650,900,1397000,35987000000,-150,false,-0.58
"BAF",141154,"/Date(1703833923000)/",25650,100,1396100,35964000000,-150,false,-0.58
"BAF",141144,"/Date(1703833915000)/",25650,300,1396000,35961000000,-150,false,-0.58
"BAF",141033,"/Date(1703833845000)/",25650,200,1395700,35954000000,-150,true,-0.58
"BAF",141029,"/Date(1703833840000)/",25650,1600,1395500,35949000000,-150,true,-0.58
"BAF",141029,"/Date(1703833840000)/",25650,13400,1393900,35908000000,-150,true,-0.58
"BAF",140947,"/Date(1703833798000)/",25650,100,1380500,35564000000,-150,true,-0.58
"BAF",140941,"/Date(1703833793000)/",25650,100,1380400,35561000000,-150,false,-0.58
"BAF",140941,"/Date(1703833793000)/",25650,6400,1380300,35559000000,-150,false,-0.58
"BAF",140921,"/Date(1703833775000)/",25650,2100,1373900,35395000000,-150,false,-0.58
"BAF",140908,"/Date(1703833761000)/",25650,1500,1371800,35341000000,-150,false,-0.58
"BAF",140842,"/Date(1703833734000)/",25600,1000,1370300,35302000000,-200,true,-0.78
"BAF",140842,"/Date(1703833734000)/",25600,10000,1369300,35277000000,-200,true,-0.78
"BAF",140842,"/Date(1703833734000)/",25600,1000,1359300,35021000000,-200,true,-0.78
"BAF",140842,"/Date(1703833734000)/",25600,20000,1358300,34995000000,-200,true,-0.78
"BAF",140842,"/Date(1703833734000)/",25600,100,1338300,34483000000,-200,true,-0.78
"BAF",140842,"/Date(1703833734000)/",25600,1400,1338200,34480000000,-200,true,-0.78
"BAF",140842,"/Date(1703833734000)/",25650,500,1336800,34445000000,-150,false,-0.58
"BAF",140842,"/Date(1703833734000)/",25650,6000,1336300,34432000000,-150,false,-0.58
"BAF",140842,"/Date(1703833734000)/",25650,10000,1330300,34278000000,-150,false,-0.58
"BAF",140751,"/Date(1703833685000)/",25650,2000,1320300,34021000000,-150,true,-0.58
"BAF",140751,"/Date(1703833685000)/",25650,2100,1318300,33970000000,-150,true,-0.58
"BAF",140745,"/Date(1703833676000)/",25650,2900,1316200,33916000000,-150,false,-0.58
"BAF",140745,"/Date(1703833676000)/",25650,300,1313300,33842000000,-150,false,-0.58
"BAF",140739,"/Date(1703833671000)/",25650,100,1313000,33834000000,-150,false,-0.58
"BAF",140739,"/Date(1703833671000)/",25650,600,1312900,33832000000,-150,false,-0.58
"BAF",140739,"/Date(1703833671000)/",25650,4800,1312300,33816000000,-150,false,-0.58
"BAF",140625,"/Date(1703833598000)/",25650,200,1307500,33693000000,-150,false,-0.58
"BAF",140625,"/Date(1703833598000)/",25650,100,1307300,33688000000,-150,false,-0.58
"BAF",140557,"/Date(1703833569000)/",25600,100,1307200,33685000000,-200,true,-0.78
"BAF",140557,"/Date(1703833569000)/",25600,100,1307100,33683000000,-200,true,-0.78
"BAF",140557,"/Date(1703833569000)/",25600,500,1307000,33680000000,-200,true,-0.78
"BAF",140557,"/Date(1703833569000)/",25600,200,1306500,33667000000,-200,true,-0.78
"BAF",140557,"/Date(1703833569000)/",25600,500,1306300,33662000000,-200,true,-0.78
"BAF",140557,"/Date(1703833569000)/",25600,500,1305800,33650000000,-200,true,-0.78
"BAF",140547,"/Date(1703833558000)/",25600,500,1305300,33637000000,-200,true,-0.78
"BAF",140547,"/Date(1703833558000)/",25600,100,1304800,33624000000,-200,true,-0.78
"BAF",140547,"/Date(1703833558000)/",25600,400,1304700,33621000000,-200,true,-0.78
"BAF",140518,"/Date(1703833530000)/",25600,100,1304300,33611000000,-200,true,-0.78
"BAF",140424,"/Date(1703833478000)/",25600,1000,1304200,33609000000,-200,true,-0.78
"BAF",140424,"/Date(1703833478000)/",25600,300,1303200,33583000000,-200,true,-0.78
"BAF",140412,"/Date(1703833463000)/",25600,200,1302900,33575000000,-200,true,-0.78
"BAF",140412,"/Date(1703833463000)/",25600,300,1302700,33570000000,-200,true,-0.78
"BAF",140412,"/Date(1703833463000)/",25600,400,1302400,33562000000,-200,true,-0.78
"BAF",140340,"/Date(1703833430000)/",25650,900,1302000,33552000000,-150,false,-0.58
"BAF",140340,"/Date(1703833430000)/",25650,300,1301100,33529000000,-150,false,-0.58
"BAF",140327,"/Date(1703833418000)/",25650,100,1300800,33521000000,-150,false,-0.58
"BAF",140258,"/Date(1703833391000)/",25650,1000,1300700,33519000000,-150,false,-0.58
"BAF",140148,"/Date(1703833320000)/",25650,1000,1299700,33493000000,-150,true,-0.58
"BAF",140145,"/Date(1703833318000)/",25650,200,1298700,33468000000,-150,true,-0.58
"BAF",140145,"/Date(1703833318000)/",25650,100,1298500,33462000000,-150,true,-0.58
"BAF",140145,"/Date(1703833318000)/",25650,100,1298400,33460000000,-150,true,-0.58
"BAF",140145,"/Date(1703833318000)/",25650,5100,1298300,33457000000,-150,true,-0.58
"BAF",140145,"/Date(1703833318000)/",25650,100,1293200,33327000000,-150,true,-0.58
"BAF",140145,"/Date(1703833318000)/",25650,700,1293100,33324000000,-150,true,-0.58
"BAF",140145,"/Date(1703833318000)/",25650,400,1292400,33306000000,-150,true,-0.58
"BAF",140145,"/Date(1703833318000)/",25650,100,1292000,33296000000,-150,true,-0.58
"BAF",140145,"/Date(1703833318000)/",25650,5000,1291900,33293000000,-150,true,-0.58
"BAF",140145,"/Date(1703833318000)/",25650,4200,1286900,33165000000,-150,true,-0.58
"BAF",140107,"/Date(1703833279000)/",25650,400,1282700,33057000000,-150,true,-0.58
"BAF",140038,"/Date(1703833250000)/",25650,1700,1282300,33047000000,-150,true,-0.58
"BAF",140016,"/Date(1703833226000)/",25650,3000,1280600,33003000000,-150,true,-0.58
"BAF",140013,"/Date(1703833225000)/",25650,700,1277600,32926000000,-150,true,-0.58
"BAF",140013,"/Date(1703833225000)/",25650,100,1276900,32908000000,-150,true,-0.58
"BAF",140013,"/Date(1703833225000)/",25650,200,1276800,32906000000,-150,true,-0.58
"BAF",135934,"/Date(1703833185000)/",25650,100,1276600,32901000000,-150,true,-0.58
"BAF",135931,"/Date(1703833182000)/",25650,900,1276500,32898000000,-150,true,-0.58
"BAF",135931,"/Date(1703833182000)/",25650,500,1275600,32875000000,-150,true,-0.58
"BAF",135931,"/Date(1703833182000)/",25650,500,1275100,32862000000,-150,true,-0.58
"BAF",135931,"/Date(1703833182000)/",25650,100,1274600,32849000000,-150,true,-0.58
"BAF",135922,"/Date(1703833172000)/",25650,100,1274500,32847000000,-150,true,-0.58
"BAF",135915,"/Date(1703833166000)/",25650,200,1274400,32844000000,-150,true,-0.58
"BAF",135902,"/Date(1703833153000)/",25650,100,1274200,32839000000,-150,true,-0.58
"BAF",135902,"/Date(1703833153000)/",25650,300,1274100,32837000000,-150,true,-0.58
"BAF",135902,"/Date(1703833153000)/",25650,500,1273800,32829000000,-150,true,-0.58
"BAF",135902,"/Date(1703833153000)/",25650,900,1273300,32816000000,-150,true,-0.58
"BAF",135843,"/Date(1703833133000)/",25650,100,1272400,32793000000,-150,true,-0.58
"BAF",135733,"/Date(1703833062000)/",25700,1100,1272300,32790000000,-100,false,-0.39
"BAF",135548,"/Date(1703832960000)/",25750,100,1271200,32762000000,-50,false,-0.19
"BAF",135548,"/Date(1703832960000)/",25700,600,1271100,32760000000,-100,false,-0.39
"BAF",135542,"/Date(1703832951000)/",25700,300,1270500,32744000000,-100,false,-0.39
"BAF",135542,"/Date(1703832951000)/",25700,200,1270200,32736000000,-100,false,-0.39
"BAF",135457,"/Date(1703832907000)/",25700,1000,1270000,32731000000,-100,true,-0.39
"BAF",135457,"/Date(1703832907000)/",25700,2800,1269000,32706000000,-100,true,-0.39
"BAF",135445,"/Date(1703832886000)/",25700,400,1266200,32634000000,-100,true,-0.39
"BAF",135445,"/Date(1703832885000)/",25700,10000,1265800,32623000000,-100,true,-0.39
"BAF",135435,"/Date(1703832879000)/",25700,6800,1255800,32366000000,-100,true,-0.39
"BAF",135435,"/Date(1703832879000)/",25700,500,1249000,32192000000,-100,true,-0.39
"BAF",135435,"/Date(1703832879000)/",25700,1700,1248500,32179000000,-100,true,-0.39
"BAF",135435,"/Date(1703832879000)/",25700,300,1246800,32135000000,-100,true,-0.39
"BAF",135435,"/Date(1703832879000)/",25700,200,1246500,32127000000,-100,true,-0.39
"BAF",135435,"/Date(1703832879000)/",25700,500,1246300,32122000000,-100,true,-0.39
"BAF",135244,"/Date(1703832774000)/",25700,100,1245800,32109000000,-100,true,-0.39
"BAF",135159,"/Date(1703832730000)/",25750,1800,1245700,32107000000,-50,false,-0.19
"BAF",135046,"/Date(1703832656000)/",25750,600,1243900,32060000000,-50,false,-0.19
"BAF",134932,"/Date(1703832581000)/",25750,1000,1243300,32045000000,-50,false,-0.19
"BAF",134812,"/Date(1703832502000)/",25750,1500,1242300,32019000000,-50,false,-0.19
"BAF",134724,"/Date(1703832455000)/",25750,2600,1240800,31981000000,-50,false,-0.19
"BAF",134523,"/Date(1703832332000)/",25750,1500,1238200,31914000000,-50,false,-0.19
"BAF",134426,"/Date(1703832275000)/",25700,200,1236700,31875000000,-100,true,-0.39
"BAF",134334,"/Date(1703832224000)/",25750,1200,1236500,31870000000,-50,false,-0.19
"BAF",134334,"/Date(1703832224000)/",25750,100,1235300,31839000000,-50,false,-0.19
"BAF",134319,"/Date(1703832208000)/",25700,3800,1235200,31836000000,-100,true,-0.39
"BAF",134319,"/Date(1703832208000)/",25700,9400,1231400,31739000000,-100,true,-0.39
"BAF",134244,"/Date(1703832172000)/",25700,600,1222000,31497000000,-100,true,-0.39
"BAF",134244,"/Date(1703832172000)/",25700,100,1221400,31482000000,-100,true,-0.39
"BAF",134244,"/Date(1703832172000)/",25700,500,1221300,31479000000,-100,true,-0.39
"BAF",134218,"/Date(1703832147000)/",25750,400,1220800,31466000000,-50,false,-0.19
"BAF",134205,"/Date(1703832136000)/",25750,1700,1220400,31456000000,-50,false,-0.19
"BAF",134205,"/Date(1703832136000)/",25750,500,1218700,31412000000,-50,false,-0.19
"BAF",134205,"/Date(1703832136000)/",25750,400,1218200,31399000000,-50,false,-0.19
"BAF",134143,"/Date(1703832113000)/",25750,600,1217800,31389000000,-50,false,-0.19
"BAF",134143,"/Date(1703832113000)/",25750,500,1217200,31374000000,-50,false,-0.19
"BAF",134036,"/Date(1703832047000)/",25700,100,1216700,31361000000,-100,true,-0.39
"BAF",134036,"/Date(1703832047000)/",25700,200,1216600,31358000000,-100,true,-0.39
"BAF",134036,"/Date(1703832047000)/",25700,700,1216400,31353000000,-100,true,-0.39
"BAF",133951,"/Date(1703832002000)/",25700,300,1215700,31335000000,-100,true,-0.39
"BAF",133951,"/Date(1703832002000)/",25700,900,1215400,31327000000,-100,true,-0.39
"BAF",133822,"/Date(1703831912000)/",25700,100,1214500,31304000000,-100,true,-0.39
"BAF",133822,"/Date(1703831912000)/",25700,100,1214400,31302000000,-100,true,-0.39
"BAF",133822,"/Date(1703831912000)/",25700,100,1214300,31299000000,-100,true,-0.39
"BAF",133809,"/Date(1703831900000)/",25750,2100,1214200,31297000000,-50,false,-0.19
"BAF",133750,"/Date(1703831881000)/",25750,300,1212100,31242000000,-50,false,-0.19
"BAF",133744,"/Date(1703831872000)/",25750,1900,1211800,31235000000,-50,false,-0.19
"BAF",133706,"/Date(1703831836000)/",25750,600,1209900,31186000000,-50,false,-0.19
"BAF",133653,"/Date(1703831822000)/",25750,1800,1209300,31170000000,-50,false,-0.19
"BAF",133420,"/Date(1703831669000)/",25750,1100,1207500,31124000000,-50,false,-0.19
"BAF",133357,"/Date(1703831645000)/",25700,9900,1206400,31096000000,-100,true,-0.39
"BAF",133348,"/Date(1703831639000)/",25700,1000,1196500,30841000000,-100,true,-0.39
"BAF",133341,"/Date(1703831630000)/",25700,2000,1195500,30816000000,-100,true,-0.39
"BAF",133316,"/Date(1703831605000)/",25750,1200,1193500,30764000000,-50,false,-0.19
"BAF",133303,"/Date(1703831592000)/",25700,4000,1192300,30733000000,-100,true,-0.39
"BAF",133209,"/Date(1703831538000)/",25750,300,1188300,30630000000,-50,false,-0.19
"BAF",133146,"/Date(1703831517000)/",25750,2300,1188000,30623000000,-50,false,-0.19
"BAF",133039,"/Date(1703831450000)/",25750,500,1185700,30564000000,-50,false,-0.19
"BAF",132948,"/Date(1703831399000)/",25750,1100,1185200,30551000000,-50,false,-0.19
"BAF",132900,"/Date(1703831349000)/",25700,200,1184100,30522000000,-100,true,-0.39
"BAF",132819,"/Date(1703831310000)/",25750,300,1183900,30517000000,-50,false,-0.19
"BAF",132809,"/Date(1703831299000)/",25750,6000,1183600,30509000000,-50,false,-0.19
"BAF",132809,"/Date(1703831299000)/",25750,100,1177600,30355000000,-50,false,-0.19
"BAF",132809,"/Date(1703831299000)/",25750,500,1177500,30352000000,-50,false,-0.19
"BAF",132809,"/Date(1703831299000)/",25750,3400,1177000,30339000000,-50,false,-0.19
"BAF",132809,"/Date(1703831299000)/",25700,3000,1173600,30252000000,-100,true,-0.39
"BAF",132753,"/Date(1703831283000)/",25750,2800,1170600,30175000000,-50,false,-0.19
"BAF",132734,"/Date(1703831265000)/",25750,1100,1167800,30103000000,-50,false,-0.19
"BAF",132731,"/Date(1703831262000)/",25700,1200,1166700,30074000000,-100,true,-0.39
"BAF",132728,"/Date(1703831259000)/",25750,3200,1165500,30044000000,-50,false,-0.19
"BAF",132722,"/Date(1703831251000)/",25750,200,1162300,29961000000,-50,false,-0.19
"BAF",132722,"/Date(1703831251000)/",25750,4900,1162100,29956000000,-50,false,-0.19
"BAF",132618,"/Date(1703831188000)/",25750,2100,1157200,29830000000,-50,false,-0.19
"BAF",132608,"/Date(1703831178000)/",25700,400,1155100,29776000000,-100,true,-0.39
"BAF",132605,"/Date(1703831174000)/",25700,1500,1154700,29766000000,-100,true,-0.39
"BAF",132559,"/Date(1703831167000)/",25700,2000,1153200,29727000000,-100,true,-0.39
"BAF",132508,"/Date(1703831115000)/",25700,100,1151200,29676000000,-100,true,-0.39
"BAF",132455,"/Date(1703831104000)/",25750,300,1151100,29673000000,-50,false,-0.19
"BAF",132423,"/Date(1703831071000)/",25750,2200,1150800,29665000000,-50,false,-0.19
"BAF",132338,"/Date(1703831027000)/",25750,800,1148600,29609000000,-50,false,-0.19
"BAF",132329,"/Date(1703831016000)/",25700,1000,1147800,29588000000,-100,true,-0.39
"BAF",132316,"/Date(1703831005000)/",25700,1000,1146800,29562000000,-100,true,-0.39
"BAF",132313,"/Date(1703831002000)/",25750,1700,1145800,29537000000,-50,false,-0.19
"BAF",132228,"/Date(1703830956000)/",25700,300,1144100,29493000000,-100,true,-0.39
"BAF",132212,"/Date(1703830941000)/",25750,1300,1143800,29485000000,-50,false,-0.19
"BAF",132143,"/Date(1703830914000)/",25750,3500,1142500,29452000000,-50,false,-0.19
"BAF",132140,"/Date(1703830909000)/",25700,100,1139000,29362000000,-100,true,-0.39
"BAF",131854,"/Date(1703830743000)/",25750,300,1138900,29359000000,-50,false,-0.19
"BAF",131826,"/Date(1703830716000)/",25750,300,1138600,29351000000,-50,false,-0.19
"BAF",131757,"/Date(1703830686000)/",25750,1800,1138300,29344000000,-50,false,-0.19
"BAF",131709,"/Date(1703830636000)/",25700,1000,1136500,29297000000,-100,true,-0.39
"BAF",131536,"/Date(1703830544000)/",25750,5000,1135500,29271000000,-50,false,-0.19
"BAF",131523,"/Date(1703830532000)/",25700,7200,1130500,29143000000,-100,true,-0.39
"BAF",131432,"/Date(1703830482000)/",25700,100,1123300,28958000000,-100,true,-0.39
"BAF",131407,"/Date(1703830455000)/",25750,5800,1123200,28955000000,-50,false,-0.19
"BAF",131407,"/Date(1703830455000)/",25750,5300,1117400,28806000000,-50,false,-0.19
"BAF",131404,"/Date(1703830454000)/",25700,20000,1112100,28669000000,-100,true,-0.39
"BAF",131351,"/Date(1703830438000)/",25700,100,1092100,28155000000,-100,true,-0.39
"BAF",131345,"/Date(1703830434000)/",25700,100,1092000,28153000000,-100,true,-0.39
"BAF",131329,"/Date(1703830416000)/",25750,7000,1091900,28150000000,-50,false,-0.19
"BAF",131313,"/Date(1703830402000)/",25700,9900,1084900,27970000000,-100,true,-0.39
"BAF",131313,"/Date(1703830402000)/",25700,100,1075000,27715000000,-100,true,-0.39
"BAF",131303,"/Date(1703830391000)/",25750,2200,1074900,27713000000,-50,false,-0.19
"BAF",131225,"/Date(1703830352000)/",25750,3200,1072700,27656000000,-50,false,-0.19
"BAF",131159,"/Date(1703830329000)/",25700,3600,1069500,27574000000,-100,true,-0.39
"BAF",131043,"/Date(1703830253000)/",25750,2300,1065900,27481000000,-50,false,-0.19
"BAF",130848,"/Date(1703830136000)/",25750,2400,1063600,27422000000,-50,false,-0.19
"BAF",130829,"/Date(1703830118000)/",25700,1600,1061200,27360000000,-100,true,-0.39
"BAF",130820,"/Date(1703830107000)/",25750,500,1059600,27319000000,-50,false,-0.19
"BAF",130810,"/Date(1703830098000)/",25750,1500,1059100,27306000000,-50,false,-0.19
"BAF",130603,"/Date(1703829972000)/",25750,1500,1057600,27268000000,-50,false,-0.19
"BAF",130556,"/Date(1703829966000)/",25700,400,1056100,27229000000,-100,true,-0.39
"BAF",130417,"/Date(1703829865000)/",25700,8000,1055700,27219000000,-100,true,-0.39
"BAF",130342,"/Date(1703829829000)/",25700,1000,1047700,27013000000,-100,true,-0.39
"BAF",130310,"/Date(1703829800000)/",25700,1200,1046700,26987000000,-100,true,-0.39
"BAF",130310,"/Date(1703829800000)/",25700,1000,1045500,26957000000,-100,true,-0.39
"BAF",130310,"/Date(1703829800000)/",25700,100,1044500,26931000000,-100,true,-0.39
"BAF",130310,"/Date(1703829800000)/",25700,900,1044400,26928000000,-100,true,-0.39
"BAF",130310,"/Date(1703829800000)/",25700,100,1043500,26905000000,-100,true,-0.39
"BAF",130310,"/Date(1703829800000)/",25700,400,1043400,26903000000,-100,true,-0.39
"BAF",130310,"/Date(1703829800000)/",25700,300,1043000,26892000000,-100,true,-0.39
"BAF",130257,"/Date(1703829786000)/",25700,200,1042700,26885000000,-100,true,-0.39
"BAF",130135,"/Date(1703829702000)/",25700,100,1042500,26880000000,-100,true,-0.39
"BAF",130050,"/Date(1703829659000)/",25700,1100,1042400,26877000000,-100,true,-0.39
"BAF",130037,"/Date(1703829644000)/",25750,5100,1041300,26849000000,-50,false,-0.19
"BAF",130028,"/Date(1703829638000)/",25750,1500,1036200,26717000000,-50,false,-0.19
"BAF",130024,"/Date(1703829629000)/",25750,9500,1034700,26679000000,-50,true,-0.19
"BAF",130024,"/Date(1703829625000)/",25800,1000,1025200,26434000000,0,false,0
"BAF",130024,"/Date(1703829625000)/",25750,1000,1024200,26408000000,-50,true,-0.19
"BAF",130024,"/Date(1703829623000)/",25750,100,1023200,26383000000,-50,true,-0.19
"BAF",130024,"/Date(1703829623000)/",25750,100,1023100,26380000000,-50,true,-0.19
"BAF",130024,"/Date(1703829622000)/",25800,100,1023000,26377000000,0,false,0
"BAF",130024,"/Date(1703829622000)/",25750,4000,1022900,26375000000,-50,true,-0.19
"BAF",130024,"/Date(1703829621000)/",25750,100,1018900,26272000000,-50,true,-0.19
"BAF",130005,"/Date(1703829601000)/",25750,2400,1018800,26269000000,-50,true,-0.19
"BAF",112924,"/Date(1703824169000)/",25750,1100,1016400,26207000000,-50,true,-0.19
"BAF",112902,"/Date(1703824146000)/",25750,2400,1015300,26179000000,-50,true,-0.19
"BAF",112827,"/Date(1703824113000)/",25800,500,1012900,26117000000,0,false,0
"BAF",112814,"/Date(1703824099000)/",25750,3900,1012400,26104000000,-50,false,-0.19
"BAF",112726,"/Date(1703824051000)/",25700,900,1008500,26004000000,-100,true,-0.39
"BAF",112726,"/Date(1703824050000)/",25750,2200,1007600,25981000000,-50,false,-0.19
"BAF",112713,"/Date(1703824040000)/",25700,1200,1005400,25924000000,-100,true,-0.39
"BAF",112713,"/Date(1703824039000)/",25750,800,1004200,25893000000,-50,false,-0.19
"BAF",112635,"/Date(1703824001000)/",25750,1900,1003400,25873000000,-50,false,-0.19
"BAF",112619,"/Date(1703823983000)/",25750,1300,1001500,25824000000,-50,false,-0.19
"BAF",112603,"/Date(1703823967000)/",25750,5600,1000200,25790000000,-50,false,-0.19
"BAF",112538,"/Date(1703823943000)/",25700,100,994600,25646000000,-100,true,-0.39
"BAF",112525,"/Date(1703823931000)/",25700,1200,994500,25644000000,-100,true,-0.39
"BAF",112431,"/Date(1703823876000)/",25700,7800,993300,25613000000,-100,true,-0.39
"BAF",112428,"/Date(1703823873000)/",25700,3200,985500,25412000000,-100,true,-0.39
"BAF",112408,"/Date(1703823854000)/",25750,3600,982300,25330000000,-50,false,-0.19
"BAF",112346,"/Date(1703823833000)/",25700,1000,978700,25237000000,-100,true,-0.39
"BAF",112333,"/Date(1703823818000)/",25750,2400,977700,25212000000,-50,false,-0.19
"BAF",112324,"/Date(1703823810000)/",25700,1000,975300,25150000000,-100,true,-0.39
"BAF",112324,"/Date(1703823810000)/",25700,500,974300,25124000000,-100,true,-0.39
"BAF",112318,"/Date(1703823803000)/",25750,1100,973800,25111000000,-50,false,-0.19
"BAF",112308,"/Date(1703823795000)/",25700,1000,972700,25083000000,-100,true,-0.39
"BAF",112308,"/Date(1703823792000)/",25750,500,971700,25057000000,-50,true,-0.19
"BAF",112308,"/Date(1703823792000)/",25750,200,971200,25044000000,-50,true,-0.19
"BAF",112308,"/Date(1703823792000)/",25750,200,971000,25039000000,-50,true,-0.19
"BAF",112308,"/Date(1703823792000)/",25750,200,970800,25034000000,-50,true,-0.19
"BAF",112308,"/Date(1703823792000)/",25750,8100,970600,25029000000,-50,true,-0.19
"BAF",112305,"/Date(1703823791000)/",25800,500,962500,24820000000,0,false,0
"BAF",112302,"/Date(1703823786000)/",25800,200,962000,24807000000,0,false,0
"BAF",112258,"/Date(1703823785000)/",25750,11000,961800,24802000000,-50,true,-0.19
"BAF",112255,"/Date(1703823779000)/",25750,1000,950800,24519000000,-50,true,-0.19
"BAF",112255,"/Date(1703823779000)/",25750,8000,949800,24493000000,-50,true,-0.19
"BAF",112252,"/Date(1703823777000)/",25750,2400,941800,24287000000,-50,true,-0.19
"BAF",112148,"/Date(1703823714000)/",25750,800,939400,24226000000,-50,true,-0.19
"BAF",112148,"/Date(1703823714000)/",25750,200,938600,24205000000,-50,true,-0.19
"BAF",112139,"/Date(1703823704000)/",25800,300,938400,24200000000,0,false,0
"BAF",112000,"/Date(1703823604000)/",25800,1000,938100,24192000000,0,false,0
"BAF",111935,"/Date(1703823581000)/",25800,100,937100,24166000000,0,false,0
"BAF",111906,"/Date(1703823551000)/",25800,200,937000,24164000000,0,false,0
"BAF",111746,"/Date(1703823470000)/",25750,400,936800,24159000000,-50,true,-0.19
"BAF",111740,"/Date(1703823466000)/",25750,1900,936400,24148000000,-50,true,-0.19
"BAF",111224,"/Date(1703823149000)/",25800,600,934500,24099000000,0,false,0
"BAF",111224,"/Date(1703823149000)/",25800,600,933900,24084000000,0,false,0
"BAF",111143,"/Date(1703823109000)/",25750,600,933300,24068000000,-50,true,-0.19
"BAF",111143,"/Date(1703823108000)/",25800,200,932700,24053000000,0,false,0
"BAF",111143,"/Date(1703823108000)/",25800,1000,932500,24048000000,0,false,0
"BAF",111143,"/Date(1703823108000)/",25800,400,931500,24022000000,0,false,0
"BAF",111030,"/Date(1703823033000)/",25750,1900,931100,24012000000,-50,true,-0.19
"BAF",110806,"/Date(1703822891000)/",25800,600,929200,23963000000,0,false,0
"BAF",110806,"/Date(1703822891000)/",25800,1600,928600,23947000000,0,false,0
"BAF",110606,"/Date(1703822772000)/",25800,1000,927000,23906000000,0,false,0
"BAF",110553,"/Date(1703822759000)/",25800,300,926000,23880000000,0,false,0
"BAF",110543,"/Date(1703822749000)/",25800,1100,925700,23872000000,0,false,0
"BAF",110537,"/Date(1703822742000)/",25750,400,924600,23844000000,-50,true,-0.19
"BAF",110534,"/Date(1703822738000)/",25750,2400,924200,23834000000,-50,true,-0.19
"BAF",110452,"/Date(1703822698000)/",25750,400,921800,23772000000,-50,true,-0.19
"BAF",110408,"/Date(1703822653000)/",25750,5000,921400,23762000000,-50,true,-0.19
"BAF",110355,"/Date(1703822639000)/",25800,1500,916400,23633000000,0,false,0
"BAF",110254,"/Date(1703822580000)/",25750,800,914900,23594000000,-50,true,-0.19
"BAF",110254,"/Date(1703822580000)/",25750,1200,914100,23574000000,-50,true,-0.19
"BAF",110251,"/Date(1703822574000)/",25800,1500,912900,23543000000,0,false,0
"BAF",110216,"/Date(1703822541000)/",25800,2200,911400,23504000000,0,false,0
"BAF",110206,"/Date(1703822532000)/",25800,1500,909200,23447000000,0,false,0
"BAF",110200,"/Date(1703822524000)/",25750,10000,907700,23408000000,-50,true,-0.19
"BAF",110147,"/Date(1703822513000)/",25750,1900,897700,23151000000,-50,true,-0.19
"BAF",110144,"/Date(1703822509000)/",25750,400,895800,23102000000,-50,true,-0.19
"BAF",110125,"/Date(1703822490000)/",25750,10000,895400,23092000000,-50,true,-0.19
"BAF",110119,"/Date(1703822484000)/",25750,6500,885400,22834000000,-50,false,-0.19
"BAF",110119,"/Date(1703822483000)/",25750,2000,878900,22667000000,-50,false,-0.19
"BAF",110119,"/Date(1703822482000)/",25750,2000,876900,22615000000,-50,false,-0.19
"BAF",110115,"/Date(1703822479000)/",25750,1200,874900,22564000000,-50,false,-0.19
"BAF",110103,"/Date(1703822469000)/",25750,400,873700,22533000000,-50,false,-0.19
"BAF",110103,"/Date(1703822467000)/",25750,200,873300,22523000000,-50,false,-0.19
"BAF",110100,"/Date(1703822464000)/",25750,11500,873100,22518000000,-50,false,-0.19
"BAF",110100,"/Date(1703822464000)/",25750,8500,861600,22221000000,-50,false,-0.19
"BAF",110056,"/Date(1703822461000)/",25750,5000,853100,22003000000,-50,false,-0.19
"BAF",110053,"/Date(1703822457000)/",25750,400,848100,21874000000,-50,false,-0.19
"BAF",110050,"/Date(1703822455000)/",25700,1000,847700,21863000000,-100,true,-0.39
"BAF",110050,"/Date(1703822454000)/",25750,10000,846700,21838000000,-50,false,-0.19
"BAF",110047,"/Date(1703822451000)/",25750,300,836700,21580000000,-50,false,-0.19
"BAF",110044,"/Date(1703822448000)/",25750,7500,836400,21573000000,-50,false,-0.19
"BAF",110034,"/Date(1703822437000)/",25750,3300,828900,21379000000,-50,false,-0.19
"BAF",110034,"/Date(1703822437000)/",25750,500,825600,21294000000,-50,false,-0.19
"BAF",110034,"/Date(1703822437000)/",25750,200,825100,21282000000,-50,false,-0.19
"BAF",110034,"/Date(1703822437000)/",25750,1000,824900,21276000000,-50,false,-0.19
"BAF",110031,"/Date(1703822435000)/",25750,2200,823900,21251000000,-50,false,-0.19
"BAF",110028,"/Date(1703822431000)/",25750,600,821700,21194000000,-50,false,-0.19
"BAF",110024,"/Date(1703822429000)/",25750,2000,821100,21179000000,-50,false,-0.19
"BAF",105921,"/Date(1703822367000)/",25750,9000,819100,21127000000,-50,false,-0.19
"BAF",105846,"/Date(1703822331000)/",25750,1000,810100,20895000000,-50,false,-0.19
"BAF",105804,"/Date(1703822289000)/",25750,300,809100,20870000000,-50,false,-0.19
"BAF",105742,"/Date(1703822265000)/",25750,200,808800,20862000000,-50,false,-0.19
"BAF",105736,"/Date(1703822258000)/",25750,1500,808600,20857000000,-50,false,-0.19
"BAF",105700,"/Date(1703822226000)/",25750,200,807100,20818000000,-50,false,-0.19
"BAF",105459,"/Date(1703822105000)/",25750,1500,806900,20813000000,-50,false,-0.19
"BAF",105440,"/Date(1703822086000)/",25700,400,805400,20774000000,-100,true,-0.39
"BAF",105440,"/Date(1703822084000)/",25750,1500,805000,20764000000,-50,false,-0.19
"BAF",105434,"/Date(1703822079000)/",25750,1000,803500,20725000000,-50,false,-0.19
"BAF",105434,"/Date(1703822079000)/",25750,1000,802500,20700000000,-50,false,-0.19
"BAF",105428,"/Date(1703822073000)/",25800,1500,801500,20674000000,0,false,0
"BAF",105428,"/Date(1703822071000)/",25750,9000,800000,20635000000,-50,true,-0.19
"BAF",105428,"/Date(1703822071000)/",25750,10000,791000,20403000000,-50,true,-0.19
"BAF",105418,"/Date(1703822062000)/",25750,5000,781000,20146000000,-50,true,-0.19
"BAF",105412,"/Date(1703822056000)/",25750,1900,776000,20017000000,-50,true,-0.19
"BAF",105408,"/Date(1703822054000)/",25750,600,774100,19968000000,-50,true,-0.19
"BAF",105408,"/Date(1703822054000)/",25750,1400,773500,19953000000,-50,true,-0.19
"BAF",105356,"/Date(1703822042000)/",25750,2000,772100,19917000000,-50,true,-0.19
"BAF",105220,"/Date(1703821944000)/",25750,2500,770100,19865000000,-50,true,-0.19
"BAF",105123,"/Date(1703821888000)/",25800,1500,767600,19801000000,0,false,0
"BAF",104954,"/Date(1703821797000)/",25800,5000,766100,19762000000,0,false,0
"BAF",104931,"/Date(1703821776000)/",25750,400,761100,19633000000,-50,true,-0.19
"BAF",104906,"/Date(1703821749000)/",25800,500,760700,19623000000,0,false,0
"BAF",104834,"/Date(1703821720000)/",25750,2000,760200,19610000000,-50,true,-0.19
"BAF",104724,"/Date(1703821649000)/",25800,1300,758200,19558000000,0,false,0
"BAF",104714,"/Date(1703821638000)/",25800,1100,756900,19525000000,0,false,0
"BAF",104646,"/Date(1703821611000)/",25750,1900,755800,19497000000,-50,true,-0.19
"BAF",104608,"/Date(1703821570000)/",25800,1200,753900,19448000000,0,false,0
"BAF",104234,"/Date(1703821359000)/",25800,800,752700,19417000000,0,false,0
"BAF",104228,"/Date(1703821351000)/",25700,200,751900,19396000000,-100,true,-0.39
"BAF",104131,"/Date(1703821296000)/",25800,300,751700,19391000000,0,false,0
"BAF",104131,"/Date(1703821296000)/",25750,400,751400,19383000000,-50,false,-0.19
"BAF",104131,"/Date(1703821296000)/",25750,1000,751000,19373000000,-50,false,-0.19
"BAF",104131,"/Date(1703821296000)/",25750,300,750000,19347000000,-50,false,-0.19
"BAF",104049,"/Date(1703821252000)/",25750,500,749700,19339000000,-50,false,-0.19
"BAF",103854,"/Date(1703821137000)/",25750,100,749200,19327000000,-50,false,-0.19
"BAF",103848,"/Date(1703821129000)/",25700,900,749100,19324000000,-100,true,-0.39
"BAF",103848,"/Date(1703821126000)/",25700,700,748200,19301000000,-100,true,-0.39
"BAF",103848,"/Date(1703821126000)/",25700,100,747500,19283000000,-100,true,-0.39
"BAF",103848,"/Date(1703821126000)/",25700,200,747400,19280000000,-100,true,-0.39
"BAF",103848,"/Date(1703821122000)/",25750,21100,747200,19275000000,-50,true,-0.19
"BAF",103832,"/Date(1703821117000)/",25800,1100,726100,18732000000,0,false,0
"BAF",103829,"/Date(1703821114000)/",25750,10000,725000,18703000000,-50,true,-0.19
"BAF",103823,"/Date(1703821107000)/",25750,4900,715000,18446000000,-50,true,-0.19
"BAF",103816,"/Date(1703821101000)/",25750,4000,710100,18320000000,-50,false,-0.19
"BAF",103716,"/Date(1703821039000)/",25750,2400,706100,18217000000,-50,false,-0.19
"BAF",103716,"/Date(1703821039000)/",25750,4500,703700,18155000000,-50,false,-0.19
"BAF",103703,"/Date(1703821028000)/",25700,900,699200,18039000000,-100,true,-0.39
"BAF",103703,"/Date(1703821027000)/",25750,5500,698300,18016000000,-50,false,-0.19
"BAF",103703,"/Date(1703821026000)/",25700,1000,692800,17874000000,-100,true,-0.39
"BAF",103657,"/Date(1703821019000)/",25750,22000,691800,17849000000,-50,false,-0.19
"BAF",103650,"/Date(1703821015000)/",25800,2100,669800,17282000000,0,false,0
"BAF",103644,"/Date(1703821008000)/",25750,10000,667700,17228000000,-50,true,-0.19
"BAF",103641,"/Date(1703821005000)/",25800,1500,657700,16970000000,0,false,0
"BAF",103641,"/Date(1703821005000)/",25750,2500,656200,16932000000,-50,true,-0.19
"BAF",103628,"/Date(1703820993000)/",25750,15500,653700,16867000000,-50,true,-0.19
"BAF",103625,"/Date(1703820988000)/",25750,8400,638200,16468000000,-50,false,-0.19
"BAF",103449,"/Date(1703820894000)/",25750,2300,629800,16252000000,-50,true,-0.19
"BAF",103449,"/Date(1703820892000)/",25800,10000,627500,16193000000,0,false,0
"BAF",103421,"/Date(1703820865000)/",25800,1100,617500,15935000000,0,false,0
"BAF",103408,"/Date(1703820852000)/",25750,800,616400,15906000000,-50,true,-0.19
"BAF",103358,"/Date(1703820842000)/",25800,300,615600,15886000000,0,false,0
"BAF",103358,"/Date(1703820842000)/",25800,500,615300,15878000000,0,false,0
"BAF",103358,"/Date(1703820842000)/",25800,100,614800,15865000000,0,false,0
"BAF",103358,"/Date(1703820842000)/",25800,200,614700,15862000000,0,false,0
"BAF",103349,"/Date(1703820832000)/",25750,400,614500,15857000000,-50,true,-0.19
"BAF",103349,"/Date(1703820832000)/",25800,100,614100,15847000000,0,false,0
"BAF",103349,"/Date(1703820832000)/",25800,1500,614000,15844000000,0,false,0
"BAF",103349,"/Date(1703820832000)/",25800,100,612500,15806000000,0,false,0
"BAF",103349,"/Date(1703820832000)/",25800,100,612400,15803000000,0,false,0
"BAF",103349,"/Date(1703820832000)/",25800,3000,612300,15801000000,0,false,0
"BAF",103349,"/Date(1703820832000)/",25800,700,609300,15723000000,0,false,0
"BAF",103236,"/Date(1703820758000)/",25800,1500,608600,15705000000,0,false,0
"BAF",103220,"/Date(1703820744000)/",25750,8100,607100,15666000000,-50,false,-0.19
"BAF",103210,"/Date(1703820734000)/",25750,3700,599000,15458000000,-50,false,-0.19
"BAF",103210,"/Date(1703820734000)/",25750,3800,595300,15363000000,-50,false,-0.19
"BAF",103204,"/Date(1703820729000)/",25750,2500,591500,15265000000,-50,false,-0.19
"BAF",103204,"/Date(1703820727000)/",25700,1000,589000,15200000000,-100,true,-0.39
"BAF",103157,"/Date(1703820720000)/",25750,2000,588000,15175000000,-50,false,-0.19
"BAF",103145,"/Date(1703820708000)/",25750,1700,586000,15123000000,-50,false,-0.19
"BAF",103145,"/Date(1703820708000)/",25750,100,584300,15079000000,-50,false,-0.19
"BAF",103145,"/Date(1703820708000)/",25750,500,584200,15077000000,-50,false,-0.19
"BAF",103145,"/Date(1703820708000)/",25750,200,583700,15064000000,-50,false,-0.19
"BAF",103145,"/Date(1703820708000)/",25750,7500,583500,15059000000,-50,false,-0.19
"BAF",103126,"/Date(1703820690000)/",25700,9400,576000,14866000000,-100,true,-0.39
"BAF",103126,"/Date(1703820690000)/",25700,500,566600,14624000000,-100,true,-0.39
"BAF",103126,"/Date(1703820690000)/",25700,300,566100,14611000000,-100,true,-0.39
"BAF",103126,"/Date(1703820690000)/",25700,9700,565800,14604000000,-100,true,-0.39
"BAF",103123,"/Date(1703820685000)/",25700,9900,556100,14354000000,-100,true,-0.39
"BAF",103119,"/Date(1703820682000)/",25700,2500,546200,14100000000,-100,true,-0.39
"BAF",103119,"/Date(1703820682000)/",25750,2200,543700,14036000000,-50,false,-0.19
"BAF",103107,"/Date(1703820671000)/",25700,32000,541500,13979000000,-100,true,-0.39
"BAF",103107,"/Date(1703820669000)/",25750,1500,509500,13157000000,-50,false,-0.19
"BAF",103100,"/Date(1703820664000)/",25700,10000,508000,13118000000,-100,true,-0.39
"BAF",103057,"/Date(1703820662000)/",25700,2400,498000,12861000000,-100,true,-0.39
"BAF",103019,"/Date(1703820624000)/",25700,200,495600,12799000000,-100,true,-0.39
"BAF",102921,"/Date(1703820564000)/",25750,2200,495400,12794000000,-50,false,-0.19
"BAF",102749,"/Date(1703820472000)/",25750,100,493200,12737000000,-50,false,-0.19
"BAF",102746,"/Date(1703820471000)/",25750,1200,493100,12735000000,-50,false,-0.19
"BAF",102724,"/Date(1703820448000)/",25750,3500,491900,12704000000,-50,false,-0.19
"BAF",102711,"/Date(1703820436000)/",25700,2000,488400,12614000000,-100,true,-0.39
"BAF",102711,"/Date(1703820433000)/",25700,1300,486400,12562000000,-100,true,-0.39
"BAF",102711,"/Date(1703820433000)/",25700,500,485100,12529000000,-100,true,-0.39
"BAF",102711,"/Date(1703820433000)/",25700,100,484600,12516000000,-100,true,-0.39
"BAF",102517,"/Date(1703820321000)/",25700,2700,484500,12514000000,-100,true,-0.39
"BAF",102517,"/Date(1703820321000)/",25700,500,481800,12444000000,-100,true,-0.39
"BAF",102517,"/Date(1703820321000)/",25700,800,481300,12431000000,-100,true,-0.39
"BAF",102507,"/Date(1703820311000)/",25750,500,480500,12411000000,-50,false,-0.19
"BAF",102507,"/Date(1703820310000)/",25700,700,480000,12398000000,-100,true,-0.39
"BAF",102507,"/Date(1703820310000)/",25700,500,479300,12380000000,-100,true,-0.39
"BAF",102507,"/Date(1703820310000)/",25700,400,478800,12367000000,-100,true,-0.39
"BAF",102501,"/Date(1703820304000)/",25750,1600,478400,12357000000,-50,false,-0.19
"BAF",102451,"/Date(1703820296000)/",25750,1500,476800,12316000000,-50,false,-0.19
"BAF",102451,"/Date(1703820294000)/",25750,7200,475300,12277000000,-50,false,-0.19
"BAF",102435,"/Date(1703820279000)/",25750,2800,468100,12092000000,-50,true,-0.19
"BAF",102435,"/Date(1703820279000)/",25750,3000,465300,12019000000,-50,true,-0.19
"BAF",102435,"/Date(1703820279000)/",25750,1800,462300,11942000000,-50,true,-0.19
"BAF",102435,"/Date(1703820279000)/",25750,100,460500,11896000000,-50,true,-0.19
"BAF",102435,"/Date(1703820279000)/",25750,100,460400,11893000000,-50,true,-0.19
"BAF",102432,"/Date(1703820276000)/",25750,400,460300,11891000000,-50,true,-0.19
"BAF",102432,"/Date(1703820276000)/",25750,500,459900,11880000000,-50,true,-0.19
"BAF",102432,"/Date(1703820276000)/",25750,1000,459400,11868000000,-50,true,-0.19
"BAF",102432,"/Date(1703820276000)/",25750,100,458400,11842000000,-50,true,-0.19
"BAF",102412,"/Date(1703820256000)/",25750,1000,458300,11839000000,-50,true,-0.19
"BAF",102303,"/Date(1703820185000)/",25750,700,457300,11813000000,-50,true,-0.19
"BAF",102303,"/Date(1703820185000)/",25750,4300,456600,11795000000,-50,true,-0.19
"BAF",102250,"/Date(1703820173000)/",25800,1100,452300,11685000000,0,false,0
"BAF",102143,"/Date(1703820107000)/",25750,700,451200,11656000000,-50,true,-0.19
"BAF",102143,"/Date(1703820107000)/",25750,1300,450500,11638000000,-50,true,-0.19
"BAF",102111,"/Date(1703820074000)/",25800,1100,449200,11605000000,0,false,0
"BAF",101901,"/Date(1703819944000)/",25800,2600,448100,11576000000,0,false,0
"BAF",101804,"/Date(1703819886000)/",25800,500,445500,11509000000,0,false,0
"BAF",101748,"/Date(1703819871000)/",25750,2000,445000,11496000000,-50,true,-0.19
"BAF",101735,"/Date(1703819857000)/",25800,1100,443000,11445000000,0,false,0
"BAF",101628,"/Date(1703819792000)/",25800,2600,441900,11417000000,0,false,0
"BAF",101518,"/Date(1703819723000)/",25800,800,439300,11350000000,0,false,0
"BAF",101424,"/Date(1703819666000)/",25800,300,438500,11329000000,0,false,0
"BAF",101424,"/Date(1703819666000)/",25800,300,438200,11321000000,0,false,0
"BAF",101415,"/Date(1703819657000)/",25800,1500,437900,11313000000,0,false,0
"BAF",101317,"/Date(1703819601000)/",25800,500,436400,11275000000,0,false,0
"BAF",101317,"/Date(1703819601000)/",25800,800,435900,11262000000,0,false,0
"BAF",101317,"/Date(1703819600000)/",25750,1200,435100,11241000000,-50,true,-0.19
"BAF",101220,"/Date(1703819544000)/",25750,700,433900,11210000000,-50,true,-0.19
"BAF",101155,"/Date(1703819518000)/",25800,500,433200,11192000000,0,false,0
"BAF",101152,"/Date(1703819514000)/",25750,1100,432700,11179000000,-50,true,-0.19
"BAF",101145,"/Date(1703819509000)/",25750,200,431600,11151000000,-50,true,-0.19
"BAF",101145,"/Date(1703819508000)/",25800,500,431400,11146000000,0,false,0
"BAF",101045,"/Date(1703819448000)/",25800,1500,430900,11133000000,0,false,0
"BAF",101026,"/Date(1703819429000)/",25800,300,429400,11094000000,0,false,0
"BAF",101007,"/Date(1703819409000)/",25750,1900,429100,11087000000,-50,true,-0.19
"BAF",100919,"/Date(1703819363000)/",25800,1100,427200,11038000000,0,false,0
"BAF",100822,"/Date(1703819306000)/",25800,500,426100,11009000000,0,false,0
"BAF",100822,"/Date(1703819306000)/",25800,600,425600,10996000000,0,false,0
"BAF",100757,"/Date(1703819280000)/",25800,2000,425000,10981000000,0,false,0
"BAF",100559,"/Date(1703819163000)/",25800,300,423000,10929000000,0,false,0
"BAF",100553,"/Date(1703819155000)/",25800,1600,422700,10921000000,0,false,0
"BAF",100543,"/Date(1703819145000)/",25750,1000,421100,10880000000,-50,true,-0.19
"BAF",100502,"/Date(1703819103000)/",25750,1400,420100,10854000000,-50,true,-0.19
"BAF",100502,"/Date(1703819103000)/",25750,200,418700,10818000000,-50,true,-0.19
"BAF",100502,"/Date(1703819103000)/",25750,400,418500,10813000000,-50,true,-0.19
"BAF",100436,"/Date(1703819078000)/",25800,1800,418100,10803000000,0,false,0
"BAF",100424,"/Date(1703819067000)/",25750,1000,416300,10757000000,-50,true,-0.19
"BAF",100421,"/Date(1703819063000)/",25750,400,415300,10731000000,-50,true,-0.19
"BAF",100320,"/Date(1703819004000)/",25750,1000,414900,10720000000,-50,true,-0.19
"BAF",100311,"/Date(1703818993000)/",25800,400,413900,10695000000,0,false,0
"BAF",100245,"/Date(1703818967000)/",25750,1000,413500,10684000000,-50,true,-0.19
"BAF",100236,"/Date(1703818959000)/",25750,400,412500,10659000000,-50,true,-0.19
"BAF",100226,"/Date(1703818950000)/",25800,1300,412100,10648000000,0,false,0
"BAF",100213,"/Date(1703818937000)/",25750,1000,410800,10615000000,-50,true,-0.19
"BAF",100119,"/Date(1703818884000)/",25800,500,409800,10589000000,0,false,0
"BAF",100045,"/Date(1703818846000)/",25800,500,409300,10576000000,0,false,0
"BAF",100029,"/Date(1703818833000)/",25800,1200,408800,10563000000,0,false,0
"BAF",100029,"/Date(1703818831000)/",25750,400,407600,10532000000,-50,true,-0.19
"BAF",100010,"/Date(1703818811000)/",25800,2200,407200,10522000000,0,false,0
"BAF",95944,"/Date(1703818788000)/",25800,1000,405000,10465000000,0,false,0
"BAF",95944,"/Date(1703818788000)/",25800,500,404000,10439000000,0,false,0
"BAF",95944,"/Date(1703818788000)/",25750,1000,403500,10427000000,-50,true,-0.19
"BAF",95941,"/Date(1703818784000)/",25750,8000,402500,10401000000,-50,true,-0.19
"BAF",95938,"/Date(1703818781000)/",25750,5400,394500,10195000000,-50,true,-0.19
"BAF",95938,"/Date(1703818781000)/",25750,1700,389100,10056000000,-50,true,-0.19
"BAF",95938,"/Date(1703818781000)/",25750,400,387400,10012000000,-50,true,-0.19
"BAF",95938,"/Date(1703818781000)/",25750,300,387000,10002000000,-50,true,-0.19
"BAF",95938,"/Date(1703818781000)/",25750,500,386700,9994000000,-50,true,-0.19
"BAF",95938,"/Date(1703818781000)/",25750,100,386200,9981000000,-50,true,-0.19
"BAF",95938,"/Date(1703818781000)/",25750,500,386100,9978000000,-50,true,-0.19
"BAF",95938,"/Date(1703818781000)/",25750,3000,385600,9966000000,-50,true,-0.19
"BAF",95932,"/Date(1703818773000)/",25800,4500,382600,9888000000,0,true,0
"BAF",95925,"/Date(1703818766000)/",25800,1400,378100,9772000000,0,true,0
"BAF",95922,"/Date(1703818765000)/",25800,10000,376700,9736000000,0,false,0
"BAF",95922,"/Date(1703818765000)/",25800,100,366700,9478000000,0,false,0
"BAF",95922,"/Date(1703818765000)/",25800,4000,366600,9476000000,0,false,0
"BAF",95847,"/Date(1703818730000)/",25800,1500,362600,9372000000,0,false,0
"BAF",95812,"/Date(1703818695000)/",25800,4500,361100,9334000000,0,false,0
"BAF",95812,"/Date(1703818695000)/",25800,100,356600,9218000000,0,false,0
"BAF",95812,"/Date(1703818695000)/",25800,1100,356500,9215000000,0,false,0
"BAF",95812,"/Date(1703818695000)/",25800,1900,355400,9187000000,0,false,0
"BAF",95709,"/Date(1703818631000)/",25800,100,353500,9138000000,0,false,0
"BAF",95709,"/Date(1703818631000)/",25800,1000,353400,9135000000,0,false,0
"BAF",95656,"/Date(1703818618000)/",25800,100,352400,9109000000,0,false,0
"BAF",95646,"/Date(1703818609000)/",25800,1200,352300,9107000000,0,false,0
"BAF",95615,"/Date(1703818578000)/",25750,1200,351100,9076000000,-50,true,-0.19
"BAF",95520,"/Date(1703818525000)/",25750,1000,349900,9045000000,-50,true,-0.19
"BAF",95501,"/Date(1703818504000)/",25800,300,348900,9019000000,0,false,0
"BAF",95439,"/Date(1703818482000)/",25800,5000,348600,9011000000,0,false,0
"BAF",95430,"/Date(1703818471000)/",25750,1200,343600,8882000000,-50,true,-0.19
"BAF",95417,"/Date(1703818459000)/",25800,500,342400,8851000000,0,false,0
"BAF",95401,"/Date(1703818443000)/",25800,1200,341900,8838000000,0,false,0
"BAF",95254,"/Date(1703818376000)/",25750,1400,340700,8808000000,-50,true,-0.19
"BAF",95216,"/Date(1703818340000)/",25800,1500,339300,8771000000,0,false,0
"BAF",95200,"/Date(1703818324000)/",25750,1200,337800,8733000000,-50,true,-0.19
"BAF",95122,"/Date(1703818285000)/",25800,1100,336600,8702000000,0,false,0
"BAF",95035,"/Date(1703818237000)/",25800,3200,335500,8673000000,0,false,0
"BAF",94938,"/Date(1703818180000)/",25750,1800,332300,8591000000,-50,true,-0.19
"BAF",94806,"/Date(1703818090000)/",25800,1500,330500,8545000000,0,false,0
"BAF",94715,"/Date(1703818038000)/",25750,2000,329000,8506000000,-50,true,-0.19
"BAF",94653,"/Date(1703818014000)/",25800,800,327000,8454000000,0,false,0
"BAF",94433,"/Date(1703817874000)/",25800,1000,326200,8434000000,0,false,0
"BAF",94427,"/Date(1703817867000)/",25800,300,325200,8408000000,0,false,0
"BAF",94314,"/Date(1703817794000)/",25800,1100,324900,8400000000,0,false,0
"BAF",94229,"/Date(1703817750000)/",25800,500,323800,8372000000,0,false,0
"BAF",94210,"/Date(1703817733000)/",25800,2100,323300,8359000000,0,true,0
"BAF",94210,"/Date(1703817731000)/",25800,3000,321200,8305000000,0,true,0
"BAF",94210,"/Date(1703817731000)/",25800,2000,318200,8227000000,0,true,0
"BAF",94210,"/Date(1703817731000)/",25800,100,316200,8176000000,0,true,0
"BAF",94210,"/Date(1703817731000)/",25800,300,316100,8173000000,0,true,0
"BAF",94210,"/Date(1703817731000)/",25800,2300,315800,8165000000,0,true,0
"BAF",94210,"/Date(1703817731000)/",25800,200,313500,8106000000,0,true,0
"BAF",94210,"/Date(1703817731000)/",25800,5600,313300,8101000000,0,true,0
"BAF",94210,"/Date(1703817731000)/",25800,600,307700,7956000000,0,true,0
"BAF",94204,"/Date(1703817725000)/",25800,1100,307100,7941000000,0,true,0
"BAF",94157,"/Date(1703817720000)/",25800,10000,306000,7913000000,0,true,0
"BAF",94154,"/Date(1703817715000)/",25800,900,296000,7655000000,0,true,0
"BAF",94148,"/Date(1703817709000)/",25800,1300,295100,7631000000,0,true,0
"BAF",94145,"/Date(1703817706000)/",25850,700,293800,7598000000,50,false,0.19
"BAF",94145,"/Date(1703817706000)/",25850,200,293100,7580000000,50,false,0.19
"BAF",94145,"/Date(1703817706000)/",25850,100,292900,7575000000,50,false,0.19
"BAF",94145,"/Date(1703817706000)/",25850,1000,292800,7572000000,50,false,0.19
"BAF",94122,"/Date(1703817685000)/",25850,1100,291800,7546000000,50,false,0.19
"BAF",94044,"/Date(1703817646000)/",25800,400,290700,7518000000,0,true,0
"BAF",94035,"/Date(1703817638000)/",25850,900,290300,7507000000,50,false,0.19
"BAF",94035,"/Date(1703817638000)/",25850,600,289400,7484000000,50,false,0.19
"BAF",93947,"/Date(1703817588000)/",25800,800,288800,7469000000,0,true,0
"BAF",93947,"/Date(1703817588000)/",25800,9200,288000,7448000000,0,true,0
"BAF",93931,"/Date(1703817572000)/",25800,100,278800,7211000000,0,true,0
"BAF",93822,"/Date(1703817503000)/",25800,600,278700,7208000000,0,true,0
"BAF",93737,"/Date(1703817459000)/",25850,2100,278100,7193000000,50,false,0.19
"BAF",93656,"/Date(1703817418000)/",25850,1100,276000,7138000000,50,false,0.19
"BAF",93537,"/Date(1703817340000)/",25850,300,274900,7110000000,50,false,0.19
"BAF",93512,"/Date(1703817312000)/",25800,1400,274600,7102000000,0,true,0
"BAF",93502,"/Date(1703817303000)/",25850,2100,273200,7066000000,50,false,0.19
"BAF",93427,"/Date(1703817271000)/",25800,2400,271100,7012000000,0,true,0
"BAF",93415,"/Date(1703817258000)/",25850,1000,268700,6950000000,50,false,0.19
"BAF",93337,"/Date(1703817217000)/",25850,1100,267700,6924000000,50,false,0.19
"BAF",93324,"/Date(1703817204000)/",25850,200,266600,6895000000,50,false,0.19
"BAF",93255,"/Date(1703817178000)/",25850,1600,266400,6890000000,50,false,0.19
"BAF",93205,"/Date(1703817127000)/",25850,500,264800,6849000000,50,false,0.19
"BAF",93149,"/Date(1703817112000)/",25850,2200,264300,6836000000,50,false,0.19
"BAF",93149,"/Date(1703817112000)/",25800,1400,262100,6779000000,0,true,0
"BAF",93149,"/Date(1703817112000)/",25800,2300,260700,6743000000,0,true,0
"BAF",93058,"/Date(1703817060000)/",25850,1100,258400,6684000000,50,false,0.19
"BAF",92942,"/Date(1703816984000)/",25850,600,257300,6655000000,50,false,0.19
"BAF",92930,"/Date(1703816971000)/",25850,1500,256700,6640000000,50,false,0.19
"BAF",92907,"/Date(1703816950000)/",25800,700,255200,6601000000,0,true,0
"BAF",92907,"/Date(1703816950000)/",25800,2100,254500,6583000000,0,true,0
"BAF",92757,"/Date(1703816880000)/",25850,2100,252400,6529000000,50,false,0.19
"BAF",92657,"/Date(1703816818000)/",25850,1200,250300,6474000000,50,false,0.19
"BAF",92629,"/Date(1703816789000)/",25850,1200,249100,6443000000,50,false,0.19
"BAF",92626,"/Date(1703816788000)/",25850,100,247900,6412000000,50,false,0.19
"BAF",92626,"/Date(1703816788000)/",25850,100,247800,6410000000,50,false,0.19
"BAF",92626,"/Date(1703816788000)/",25850,200,247700,6407000000,50,false,0.19
"BAF",92626,"/Date(1703816788000)/",25850,2000,247500,6402000000,50,false,0.19
"BAF",92626,"/Date(1703816788000)/",25850,100,245500,6350000000,50,false,0.19
"BAF",92626,"/Date(1703816788000)/",25850,10000,245400,6348000000,50,false,0.19
"BAF",92626,"/Date(1703816788000)/",25850,10000,235400,6089000000,50,false,0.19
"BAF",92626,"/Date(1703816788000)/",25850,200,225400,5831000000,50,false,0.19
"BAF",92600,"/Date(1703816762000)/",25850,4800,225200,5826000000,50,true,0.19
"BAF",92548,"/Date(1703816751000)/",25900,2300,220400,5701000000,100,false,0.39
"BAF",92529,"/Date(1703816731000)/",25900,1500,218100,5642000000,100,false,0.39
"BAF",92529,"/Date(1703816730000)/",25900,200,216600,5603000000,100,false,0.39
"BAF",92416,"/Date(1703816658000)/",25900,2000,216400,5598000000,100,false,0.39
"BAF",92354,"/Date(1703816637000)/",25900,3500,214400,5546000000,100,false,0.39
"BAF",92319,"/Date(1703816601000)/",25850,1400,210900,5455000000,50,true,0.19
"BAF",92316,"/Date(1703816597000)/",25900,7500,209500,5419000000,100,false,0.39
"BAF",92313,"/Date(1703816593000)/",25850,400,202000,5225000000,50,true,0.19
"BAF",92313,"/Date(1703816593000)/",25850,2500,201600,5215000000,50,true,0.19
"BAF",92303,"/Date(1703816585000)/",25900,1900,199100,5150000000,100,false,0.39
"BAF",92241,"/Date(1703816562000)/",25900,800,197200,5101000000,100,false,0.39
"BAF",92241,"/Date(1703816562000)/",25900,400,196400,5080000000,100,false,0.39
"BAF",92235,"/Date(1703816557000)/",25900,500,196000,5070000000,100,false,0.39
"BAF",92222,"/Date(1703816542000)/",25900,200,195500,5057000000,100,false,0.39
"BAF",92222,"/Date(1703816542000)/",25900,200,195300,5052000000,100,false,0.39
"BAF",92209,"/Date(1703816529000)/",25900,300,195100,5046000000,100,false,0.39
"BAF",92209,"/Date(1703816529000)/",25900,1700,194800,5039000000,100,false,0.39
"BAF",92203,"/Date(1703816524000)/",25850,500,193100,4995000000,50,true,0.19
"BAF",92200,"/Date(1703816522000)/",25900,300,192600,4982000000,100,false,0.39
"BAF",92157,"/Date(1703816520000)/",25850,2300,192300,4974000000,50,true,0.19
"BAF",92131,"/Date(1703816492000)/",25900,500,190000,4914000000,100,false,0.39
"BAF",92128,"/Date(1703816490000)/",25900,1500,189500,4902000000,100,false,0.39
"BAF",92125,"/Date(1703816486000)/",25900,10000,188000,4863000000,100,false,0.39
"BAF",92109,"/Date(1703816471000)/",25850,1000,178000,4604000000,50,true,0.19
"BAF",92057,"/Date(1703816459000)/",25900,1800,177000,4578000000,100,false,0.39
"BAF",92057,"/Date(1703816459000)/",25850,10000,175200,4531000000,50,true,0.19
"BAF",92050,"/Date(1703816450000)/",25850,3700,165200,4273000000,50,true,0.19
"BAF",92044,"/Date(1703816446000)/",25900,2200,161500,4177000000,100,false,0.39
"BAF",92031,"/Date(1703816432000)/",25850,1900,159300,4120000000,50,true,0.19
"BAF",92025,"/Date(1703816427000)/",25850,400,157400,4071000000,50,true,0.19
"BAF",92025,"/Date(1703816426000)/",25900,1000,157000,4061000000,100,false,0.39
"BAF",92006,"/Date(1703816409000)/",25900,5000,156000,4035000000,100,false,0.39
"BAF",91947,"/Date(1703816390000)/",25850,200,151000,3905000000,50,true,0.19
"BAF",91909,"/Date(1703816351000)/",25850,800,150800,3900000000,50,true,0.19
"BAF",91909,"/Date(1703816351000)/",25850,1500,150000,3879000000,50,true,0.19
"BAF",91900,"/Date(1703816342000)/",25900,5000,148500,3841000000,100,false,0.39
"BAF",91854,"/Date(1703816336000)/",25900,300,143500,3711000000,100,false,0.39
"BAF",91847,"/Date(1703816329000)/",25900,1500,143200,3703000000,100,false,0.39
"BAF",91847,"/Date(1703816328000)/",25900,1000,141700,3664000000,100,false,0.39
"BAF",91806,"/Date(1703816286000)/",25900,300,140700,3639000000,100,false,0.39
"BAF",91744,"/Date(1703816266000)/",25900,37900,140400,3631000000,100,false,0.39
"BAF",91744,"/Date(1703816266000)/",25900,6000,102500,2649000000,100,false,0.39
"BAF",91744,"/Date(1703816266000)/",25900,100,96500,2494000000,100,false,0.39
"BAF",91744,"/Date(1703816266000)/",25850,800,96400,2491000000,50,false,0.19
"BAF",91744,"/Date(1703816266000)/",25850,5200,95600,2471000000,50,false,0.19
"BAF",91728,"/Date(1703816249000)/",25800,1200,90400,2336000000,0,true,0
"BAF",91728,"/Date(1703816248000)/",25850,400,89200,2305000000,50,false,0.19
"BAF",91725,"/Date(1703816246000)/",25850,1500,88800,2295000000,50,false,0.19
"BAF",91719,"/Date(1703816241000)/",25850,15000,87300,2256000000,50,false,0.19
"BAF",91710,"/Date(1703816232000)/",25850,2000,72300,1868000000,50,false,0.19
"BAF",91644,"/Date(1703816205000)/",25850,100,70300,1817000000,50,false,0.19
"BAF",91644,"/Date(1703816205000)/",25850,400,70200,1814000000,50,false,0.19
"BAF",91641,"/Date(1703816203000)/",25800,100,69800,1804000000,0,true,0
"BAF",91641,"/Date(1703816201000)/",25850,2000,69700,1801000000,50,false,0.19
"BAF",91625,"/Date(1703816187000)/",25800,2200,67700,1749000000,0,true,0
"BAF",91625,"/Date(1703816187000)/",25800,800,65500,1693000000,0,true,0
"BAF",91625,"/Date(1703816187000)/",25800,100,64700,1672000000,0,true,0
"BAF",91625,"/Date(1703816187000)/",25800,100,64600,1669000000,0,true,0
"BAF",91622,"/Date(1703816183000)/",25850,7500,64500,1667000000,50,false,0.19
"BAF",91616,"/Date(1703816176000)/",25850,200,57000,1473000000,50,false,0.19
"BAF",91610,"/Date(1703816171000)/",25850,2800,56800,1468000000,50,false,0.19
"BAF",91610,"/Date(1703816171000)/",25850,7200,54000,1395000000,50,false,0.19
"BAF",91600,"/Date(1703816162000)/",25850,2200,46800,1209000000,50,false,0.19
"BAF",91551,"/Date(1703816152000)/",25850,5000,44600,1152000000,50,false,0.19
"BAF",91538,"/Date(1703816140000)/",25850,1000,39600,1023000000,50,false,0.19
"BAF",91535,"/Date(1703816136000)/",25850,100,38600,997000000,50,false,0.19
"BAF",91507,"/Date(1703816110000)/",25850,2200,38500,995000000,50,false,0.19
"BAF",91500,"/Date(1703816100000)/",25850,36300,36300,938000000,50,false,0.19
