"Stockcode","Package","TradingDate","Price","Vol","TotalVol","TotalVal","Change","IsBuy","PerChange"
"DCM",144455,"/Date(1703835900000)/",32400,459700,2088700,66832000000,550,false,1.73
"DCM",143007,"/Date(1703834995000)/",32000,1000,1629000,51940000000,150,false,0.47
"DCM",143000,"/Date(1703834988000)/",32000,400,1628000,51908000000,150,false,0.47
"DCM",143000,"/Date(1703834988000)/",32000,100,1627600,51895000000,150,false,0.47
"DCM",143000,"/Date(1703834988000)/",32000,300,1627500,51892000000,150,false,0.47
"DCM",143000,"/Date(1703834988000)/",32000,1000,1627200,51883000000,150,false,0.47
"DCM",143000,"/Date(1703834988000)/",32000,600,1626200,51851000000,150,false,0.47
"DCM",143000,"/Date(1703834988000)/",32000,1000,1625600,51831000000,150,false,0.47
"DCM",143000,"/Date(1703834988000)/",32000,10000,1624600,51799000000,150,false,0.47
"DCM",143000,"/Date(1703834988000)/",32000,5000,1614600,51479000000,150,false,0.47
"DCM",143000,"/Date(1703834988000)/",32000,300,1609600,51319000000,150,false,0.47
"DCM",143000,"/Date(1703834988000)/",32000,100,1609300,51310000000,150,false,0.47
"DCM",143000,"/Date(1703834988000)/",32000,3200,1609200,51307000000,150,false,0.47
"DCM",142957,"/Date(1703834987000)/",32050,400,1606000,51204000000,200,false,0.63
"DCM",142954,"/Date(1703834982000)/",32050,5100,1605600,51191000000,200,false,0.63
"DCM",142951,"/Date(1703834979000)/",32050,500,1600500,51028000000,200,false,0.63
"DCM",142947,"/Date(1703834977000)/",32050,300,1600000,51012000000,200,false,0.63
"DCM",142947,"/Date(1703834976000)/",32050,1800,1599700,51002000000,200,false,0.63
"DCM",142947,"/Date(1703834976000)/",32050,300,1597900,50945000000,200,false,0.63
"DCM",142944,"/Date(1703834973000)/",32050,500,1597600,50935000000,200,false,0.63
"DCM",142944,"/Date(1703834972000)/",32050,300,1597100,50919000000,200,false,0.63
"DCM",142931,"/Date(1703834961000)/",32050,3100,1596800,50909000000,200,false,0.63
"DCM",142931,"/Date(1703834959000)/",32000,1800,1593700,50810000000,150,true,0.47
"DCM",142931,"/Date(1703834959000)/",32000,200,1591900,50752000000,150,true,0.47
"DCM",142924,"/Date(1703834953000)/",32050,200,1591700,50746000000,200,false,0.63
"DCM",142924,"/Date(1703834953000)/",32050,3000,1591500,50740000000,200,false,0.63
"DCM",142924,"/Date(1703834953000)/",32050,200,1588500,50643000000,200,false,0.63
"DCM",142924,"/Date(1703834953000)/",32050,4200,1588300,50637000000,200,false,0.63
"DCM",142918,"/Date(1703834947000)/",32100,1000,1584100,50502000000,250,false,0.78
"DCM",142908,"/Date(1703834939000)/",32050,5800,1583100,50470000000,200,false,0.63
"DCM",142905,"/Date(1703834936000)/",32050,100,1577300,50284000000,200,false,0.63
"DCM",142905,"/Date(1703834934000)/",32050,2400,1577200,50281000000,200,false,0.63
"DCM",142905,"/Date(1703834934000)/",32050,100,1574800,50204000000,200,false,0.63
"DCM",142905,"/Date(1703834934000)/",32050,3000,1574700,50201000000,200,false,0.63
"DCM",142905,"/Date(1703834934000)/",32050,100,1571700,50105000000,200,false,0.63
"DCM",142905,"/Date(1703834934000)/",32050,200,1571600,50102000000,200,false,0.63
"DCM",142905,"/Date(1703834934000)/",32050,500,1571400,50095000000,200,false,0.63
"DCM",142905,"/Date(1703834934000)/",32050,100,1570900,50079000000,200,false,0.63
"DCM",142905,"/Date(1703834934000)/",32050,600,1570800,50076000000,200,false,0.63
"DCM",142858,"/Date(1703834929000)/",32050,400,1570200,50057000000,200,false,0.63
"DCM",142851,"/Date(1703834923000)/",32000,100,1569800,50044000000,150,true,0.47
"DCM",142848,"/Date(1703834918000)/",32000,100,1569700,50041000000,150,true,0.47
"DCM",142848,"/Date(1703834918000)/",32000,100,1569600,50038000000,150,true,0.47
"DCM",142845,"/Date(1703834916000)/",32000,500,1569500,50034000000,150,false,0.47
"DCM",142845,"/Date(1703834916000)/",32000,2000,1569000,50018000000,150,false,0.47
"DCM",142845,"/Date(1703834916000)/",32000,100,1567000,49954000000,150,false,0.47
"DCM",142845,"/Date(1703834916000)/",32000,200,1566900,49951000000,150,false,0.47
"DCM",142845,"/Date(1703834916000)/",32000,500,1566700,49945000000,150,false,0.47
"DCM",142845,"/Date(1703834916000)/",32000,1500,1566200,49929000000,150,false,0.47
"DCM",142845,"/Date(1703834916000)/",32000,300,1564700,49881000000,150,false,0.47
"DCM",142845,"/Date(1703834916000)/",32000,2600,1564400,49871000000,150,false,0.47
"DCM",142845,"/Date(1703834916000)/",32000,100,1561800,49788000000,150,false,0.47
"DCM",142845,"/Date(1703834916000)/",32000,100,1561700,49785000000,150,false,0.47
"DCM",142845,"/Date(1703834916000)/",32000,2100,1561600,49782000000,150,false,0.47
"DCM",142845,"/Date(1703834914000)/",32000,900,1559500,49714000000,150,false,0.47
"DCM",142845,"/Date(1703834914000)/",32000,200,1558600,49686000000,150,false,0.47
"DCM",142845,"/Date(1703834914000)/",32000,1600,1558400,49679000000,150,false,0.47
"DCM",142845,"/Date(1703834914000)/",32000,200,1556800,49628000000,150,false,0.47
"DCM",142845,"/Date(1703834914000)/",32000,100,1556600,49622000000,150,false,0.47
"DCM",142845,"/Date(1703834914000)/",32000,500,1556500,49618000000,150,false,0.47
"DCM",142845,"/Date(1703834914000)/",32000,1000,1556000,49602000000,150,false,0.47
"DCM",142845,"/Date(1703834914000)/",32000,5500,1555000,49570000000,150,false,0.47
"DCM",142842,"/Date(1703834912000)/",32000,2000,1549500,49394000000,150,false,0.47
"DCM",142838,"/Date(1703834911000)/",32000,200,1547500,49330000000,150,false,0.47
"DCM",142838,"/Date(1703834909000)/",32000,500,1547300,49324000000,150,false,0.47
"DCM",142835,"/Date(1703834907000)/",32000,1000,1546800,49308000000,150,false,0.47
"DCM",142832,"/Date(1703834902000)/",32000,800,1545800,49276000000,150,false,0.47
"DCM",142832,"/Date(1703834902000)/",32000,100,1545000,49250000000,150,false,0.47
"DCM",142832,"/Date(1703834902000)/",32000,500,1544900,49247000000,150,false,0.47
"DCM",142832,"/Date(1703834902000)/",32000,200,1544400,49231000000,150,false,0.47
"DCM",142832,"/Date(1703834902000)/",32000,100,1544200,49225000000,150,false,0.47
"DCM",142832,"/Date(1703834902000)/",32000,500,1544100,49222000000,150,false,0.47
"DCM",142832,"/Date(1703834902000)/",32000,100,1543600,49206000000,150,false,0.47
"DCM",142832,"/Date(1703834902000)/",32000,1000,1543500,49202000000,150,false,0.47
"DCM",142832,"/Date(1703834902000)/",32000,500,1542500,49170000000,150,false,0.47
"DCM",142832,"/Date(1703834902000)/",32000,2000,1542000,49154000000,150,false,0.47
"DCM",142832,"/Date(1703834902000)/",32000,1000,1540000,49090000000,150,false,0.47
"DCM",142832,"/Date(1703834902000)/",32000,200,1539000,49058000000,150,false,0.47
"DCM",142832,"/Date(1703834902000)/",32000,3000,1538800,49052000000,150,false,0.47
"DCM",142828,"/Date(1703834901000)/",32000,200,1535800,48956000000,150,false,0.47
"DCM",142828,"/Date(1703834901000)/",31950,500,1535600,48950000000,100,true,0.31
"DCM",142828,"/Date(1703834900000)/",32000,200,1535100,48934000000,150,false,0.47
"DCM",142828,"/Date(1703834900000)/",32000,100,1534900,48927000000,150,false,0.47
"DCM",142828,"/Date(1703834898000)/",32000,200,1534800,48924000000,150,false,0.47
"DCM",142825,"/Date(1703834898000)/",32000,100,1534600,48918000000,150,false,0.47
"DCM",142825,"/Date(1703834898000)/",32000,500,1534500,48914000000,150,false,0.47
"DCM",142825,"/Date(1703834898000)/",32000,1500,1534000,48898000000,150,false,0.47
"DCM",142825,"/Date(1703834896000)/",32000,1000,1532500,48850000000,150,false,0.47
"DCM",142808,"/Date(1703834881000)/",32000,500,1531500,48818000000,150,false,0.47
"DCM",142805,"/Date(1703834876000)/",32000,2000,1531000,48802000000,150,false,0.47
"DCM",142801,"/Date(1703834875000)/",32000,100,1529000,48738000000,150,false,0.47
"DCM",142801,"/Date(1703834875000)/",32000,200,1528900,48735000000,150,false,0.47
"DCM",142801,"/Date(1703834875000)/",32000,500,1528700,48729000000,150,false,0.47
"DCM",142801,"/Date(1703834875000)/",32000,100,1528200,48713000000,150,false,0.47
"DCM",142758,"/Date(1703834872000)/",32000,100,1528100,48710000000,150,false,0.47
"DCM",142758,"/Date(1703834872000)/",32000,400,1528000,48706000000,150,false,0.47
"DCM",142758,"/Date(1703834870000)/",32000,300,1527600,48694000000,150,false,0.47
"DCM",142758,"/Date(1703834870000)/",32000,1000,1527300,48684000000,150,false,0.47
"DCM",142758,"/Date(1703834870000)/",32000,400,1526300,48652000000,150,false,0.47
"DCM",142758,"/Date(1703834870000)/",32000,300,1525900,48639000000,150,false,0.47
"DCM",142755,"/Date(1703834868000)/",32000,500,1525600,48630000000,150,false,0.47
"DCM",142751,"/Date(1703834865000)/",32000,100,1525100,48614000000,150,false,0.47
"DCM",142751,"/Date(1703834865000)/",32000,300,1525000,48610000000,150,false,0.47
"DCM",142751,"/Date(1703834865000)/",32000,200,1524700,48601000000,150,false,0.47
"DCM",142751,"/Date(1703834865000)/",32000,100,1524500,48594000000,150,false,0.47
"DCM",142751,"/Date(1703834865000)/",32000,200,1524400,48591000000,150,false,0.47
"DCM",142751,"/Date(1703834865000)/",32000,300,1524200,48585000000,150,false,0.47
"DCM",142751,"/Date(1703834865000)/",32000,600,1523900,48575000000,150,false,0.47
"DCM",142751,"/Date(1703834865000)/",32000,500,1523300,48556000000,150,false,0.47
"DCM",142751,"/Date(1703834865000)/",32000,100,1522800,48540000000,150,false,0.47
"DCM",142751,"/Date(1703834865000)/",32000,100,1522700,48537000000,150,false,0.47
"DCM",142751,"/Date(1703834865000)/",32000,700,1522600,48534000000,150,false,0.47
"DCM",142751,"/Date(1703834865000)/",32000,3000,1521900,48511000000,150,false,0.47
"DCM",142751,"/Date(1703834865000)/",32000,500,1518900,48415000000,150,false,0.47
"DCM",142751,"/Date(1703834865000)/",32000,600,1518400,48399000000,150,false,0.47
"DCM",142751,"/Date(1703834865000)/",32000,400,1517800,48380000000,150,false,0.47
"DCM",142751,"/Date(1703834864000)/",32000,100,1517400,48367000000,150,false,0.47
"DCM",142751,"/Date(1703834864000)/",32000,600,1517300,48364000000,150,false,0.47
"DCM",142751,"/Date(1703834864000)/",32000,100,1516700,48345000000,150,false,0.47
"DCM",142734,"/Date(1703834849000)/",32000,4000,1516600,48342000000,150,false,0.47
"DCM",142724,"/Date(1703834840000)/",32000,4200,1512600,48214000000,150,false,0.47
"DCM",142724,"/Date(1703834840000)/",32000,200,1508400,48079000000,150,false,0.47
"DCM",142724,"/Date(1703834840000)/",32000,1000,1508200,48073000000,150,false,0.47
"DCM",142724,"/Date(1703834840000)/",32000,4600,1507200,48041000000,150,false,0.47
"DCM",142717,"/Date(1703834833000)/",32000,200,1502600,47894000000,150,false,0.47
"DCM",142714,"/Date(1703834830000)/",32000,200,1502400,47887000000,150,false,0.47
"DCM",142714,"/Date(1703834830000)/",32000,600,1502200,47881000000,150,false,0.47
"DCM",142710,"/Date(1703834828000)/",32000,100,1501600,47862000000,150,false,0.47
"DCM",142656,"/Date(1703834814000)/",32000,100,1501500,47858000000,150,false,0.47
"DCM",142642,"/Date(1703834800000)/",32000,200,1501400,47855000000,150,false,0.47
"DCM",142642,"/Date(1703834800000)/",32000,500,1501200,47849000000,150,false,0.47
"DCM",142642,"/Date(1703834800000)/",32000,100,1500700,47833000000,150,false,0.47
"DCM",142642,"/Date(1703834800000)/",32000,200,1500600,47830000000,150,false,0.47
"DCM",142642,"/Date(1703834800000)/",32000,1000,1500400,47823000000,150,false,0.47
"DCM",142642,"/Date(1703834800000)/",32000,8000,1499400,47791000000,150,false,0.47
"DCM",142632,"/Date(1703834792000)/",32000,500,1491400,47535000000,150,false,0.47
"DCM",142625,"/Date(1703834785000)/",31950,600,1490900,47519000000,100,true,0.31
"DCM",142614,"/Date(1703834776000)/",31950,100,1490300,47500000000,100,true,0.31
"DCM",142608,"/Date(1703834770000)/",31950,500,1490200,47497000000,100,false,0.31
"DCM",142608,"/Date(1703834770000)/",31950,600,1489700,47481000000,100,false,0.31
"DCM",142608,"/Date(1703834770000)/",31950,2000,1489100,47462000000,100,false,0.31
"DCM",142608,"/Date(1703834770000)/",31950,3500,1487100,47398000000,100,false,0.31
"DCM",142608,"/Date(1703834770000)/",31950,1000,1483600,47286000000,100,false,0.31
"DCM",142608,"/Date(1703834770000)/",31950,100,1482600,47254000000,100,false,0.31
"DCM",142608,"/Date(1703834770000)/",31950,500,1482500,47251000000,100,false,0.31
"DCM",142608,"/Date(1703834770000)/",31950,5500,1482000,47235000000,100,false,0.31
"DCM",142551,"/Date(1703834752000)/",31950,800,1476500,47059000000,100,false,0.31
"DCM",142548,"/Date(1703834751000)/",31950,13700,1475700,47034000000,100,false,0.31
"DCM",142548,"/Date(1703834751000)/",31950,500,1462000,46596000000,100,false,0.31
"DCM",142548,"/Date(1703834751000)/",31950,1000,1461500,46580000000,100,false,0.31
"DCM",142548,"/Date(1703834751000)/",31950,500,1460500,46548000000,100,false,0.31
"DCM",142548,"/Date(1703834751000)/",31950,4300,1460000,46532000000,100,false,0.31
"DCM",142529,"/Date(1703834731000)/",31950,800,1455700,46395000000,100,false,0.31
"DCM",142526,"/Date(1703834727000)/",31950,100,1454900,46369000000,100,false,0.31
"DCM",142513,"/Date(1703834714000)/",31950,1000,1454800,46366000000,100,false,0.31
"DCM",142510,"/Date(1703834713000)/",31950,500,1453800,46334000000,100,false,0.31
"DCM",142500,"/Date(1703834702000)/",31950,1000,1453300,46318000000,100,false,0.31
"DCM",142450,"/Date(1703834693000)/",31950,100,1452300,46286000000,100,false,0.31
"DCM",142450,"/Date(1703834693000)/",31950,100,1452200,46283000000,100,false,0.31
"DCM",142450,"/Date(1703834693000)/",31950,200,1452100,46280000000,100,false,0.31
"DCM",142450,"/Date(1703834693000)/",31950,1000,1451900,46273000000,100,false,0.31
"DCM",142450,"/Date(1703834693000)/",31950,300,1450900,46241000000,100,false,0.31
"DCM",142450,"/Date(1703834693000)/",31950,8300,1450600,46232000000,100,false,0.31
"DCM",142450,"/Date(1703834692000)/",31900,2000,1442300,45966000000,50,true,0.16
"DCM",142441,"/Date(1703834682000)/",31950,1700,1440300,45903000000,100,false,0.31
"DCM",142441,"/Date(1703834682000)/",31950,1000,1438600,45848000000,100,false,0.31
"DCM",142441,"/Date(1703834682000)/",31950,2800,1437600,45816000000,100,false,0.31
"DCM",142441,"/Date(1703834682000)/",31950,500,1434800,45727000000,100,false,0.31
"DCM",142441,"/Date(1703834682000)/",31950,4000,1434300,45711000000,100,false,0.31
"DCM",142437,"/Date(1703834679000)/",31900,200,1430300,45583000000,50,true,0.16
"DCM",142437,"/Date(1703834679000)/",31900,800,1430100,45577000000,50,true,0.16
"DCM",142434,"/Date(1703834677000)/",31950,800,1429300,45551000000,100,false,0.31
"DCM",142405,"/Date(1703834647000)/",31950,10000,1428500,45526000000,100,false,0.31
"DCM",142349,"/Date(1703834630000)/",31950,800,1418500,45206000000,100,false,0.31
"DCM",142342,"/Date(1703834625000)/",31950,200,1417700,45181000000,100,false,0.31
"DCM",142333,"/Date(1703834617000)/",31900,100,1417500,45174000000,50,true,0.16
"DCM",142330,"/Date(1703834613000)/",31900,100,1417400,45171000000,50,true,0.16
"DCM",142330,"/Date(1703834613000)/",31900,900,1417300,45168000000,50,true,0.16
"DCM",142323,"/Date(1703834606000)/",31950,400,1416400,45139000000,100,false,0.31
"DCM",142320,"/Date(1703834603000)/",31900,600,1416000,45126000000,50,true,0.16
"DCM",142320,"/Date(1703834601000)/",31950,10000,1415400,45107000000,100,false,0.31
"DCM",142317,"/Date(1703834600000)/",31900,1500,1405400,44788000000,50,true,0.16
"DCM",142310,"/Date(1703834593000)/",31950,800,1403900,44740000000,100,false,0.31
"DCM",142307,"/Date(1703834590000)/",31900,4300,1403100,44714000000,50,true,0.16
"DCM",142254,"/Date(1703834578000)/",31900,700,1398800,44577000000,50,true,0.16
"DCM",142254,"/Date(1703834578000)/",31900,1000,1398100,44555000000,50,true,0.16
"DCM",142254,"/Date(1703834578000)/",31900,200,1397100,44523000000,50,true,0.16
"DCM",142254,"/Date(1703834578000)/",31900,100,1396900,44517000000,50,true,0.16
"DCM",142231,"/Date(1703834555000)/",31900,1000,1396800,44513000000,50,true,0.16
"DCM",142228,"/Date(1703834551000)/",31950,800,1395800,44481000000,100,false,0.31
"DCM",142221,"/Date(1703834545000)/",31950,9000,1395000,44456000000,100,false,0.31
"DCM",142205,"/Date(1703834530000)/",31900,1900,1386000,44168000000,50,true,0.16
"DCM",142205,"/Date(1703834530000)/",31900,100,1384100,44108000000,50,true,0.16
"DCM",142202,"/Date(1703834526000)/",31950,200,1384000,44105000000,100,false,0.31
"DCM",142159,"/Date(1703834521000)/",31900,200,1383800,44098000000,50,true,0.16
"DCM",142159,"/Date(1703834521000)/",31900,800,1383600,44092000000,50,true,0.16
"DCM",142149,"/Date(1703834512000)/",31900,200,1382800,44066000000,50,true,0.16
"DCM",142149,"/Date(1703834512000)/",31900,100,1382600,44060000000,50,true,0.16
"DCM",142149,"/Date(1703834512000)/",31900,5000,1382500,44057000000,50,true,0.16
"DCM",142149,"/Date(1703834512000)/",31900,100,1377500,43897000000,50,true,0.16
"DCM",142149,"/Date(1703834512000)/",31900,300,1377400,43894000000,50,true,0.16
"DCM",142149,"/Date(1703834512000)/",31900,1300,1377100,43884000000,50,true,0.16
"DCM",142146,"/Date(1703834508000)/",31900,1000,1375800,43843000000,50,true,0.16
"DCM",142120,"/Date(1703834482000)/",31900,1200,1374800,43811000000,50,true,0.16
"DCM",142100,"/Date(1703834463000)/",31950,800,1373600,43773000000,100,false,0.31
"DCM",142051,"/Date(1703834456000)/",31950,800,1372800,43747000000,100,false,0.31
"DCM",142051,"/Date(1703834454000)/",31950,600,1372000,43722000000,100,false,0.31
"DCM",142022,"/Date(1703834425000)/",31950,800,1371400,43703000000,100,false,0.31
"DCM",142002,"/Date(1703834407000)/",32000,800,1370600,43677000000,150,false,0.47
"DCM",141943,"/Date(1703834389000)/",31900,1500,1369800,43651000000,50,true,0.16
"DCM",141940,"/Date(1703834383000)/",31950,3500,1368300,43604000000,100,false,0.31
"DCM",141927,"/Date(1703834371000)/",31950,100,1364800,43492000000,100,false,0.31
"DCM",141927,"/Date(1703834371000)/",31950,1000,1364700,43488000000,100,false,0.31
"DCM",141927,"/Date(1703834371000)/",31950,500,1363700,43457000000,100,false,0.31
"DCM",141927,"/Date(1703834371000)/",31950,1000,1363200,43441000000,100,false,0.31
"DCM",141927,"/Date(1703834371000)/",31950,500,1362200,43409000000,100,false,0.31
"DCM",141927,"/Date(1703834371000)/",31950,100,1361700,43393000000,100,false,0.31
"DCM",141927,"/Date(1703834371000)/",31950,100,1361600,43389000000,100,false,0.31
"DCM",141927,"/Date(1703834371000)/",31950,6000,1361500,43386000000,100,false,0.31
"DCM",141927,"/Date(1703834371000)/",31950,100,1355500,43195000000,100,false,0.31
"DCM",141927,"/Date(1703834371000)/",31950,10000,1355400,43191000000,100,false,0.31
"DCM",141927,"/Date(1703834371000)/",31950,10000,1345400,42872000000,100,false,0.31
"DCM",141927,"/Date(1703834371000)/",31950,15000,1335400,42552000000,100,false,0.31
"DCM",141927,"/Date(1703834371000)/",31950,200,1320400,42073000000,100,false,0.31
"DCM",141927,"/Date(1703834371000)/",31950,500,1320200,42067000000,100,false,0.31
"DCM",141927,"/Date(1703834371000)/",31950,300,1319700,42051000000,100,false,0.31
"DCM",141927,"/Date(1703834371000)/",31950,500,1319400,42041000000,100,false,0.31
"DCM",141927,"/Date(1703834371000)/",31950,500,1318900,42025000000,100,false,0.31
"DCM",141927,"/Date(1703834371000)/",31900,5000,1318400,42009000000,50,false,0.16
"DCM",141927,"/Date(1703834371000)/",31900,4000,1313400,41850000000,50,false,0.16
"DCM",141927,"/Date(1703834371000)/",31900,100,1309400,41722000000,50,false,0.16
"DCM",141901,"/Date(1703834348000)/",31900,100,1309300,41719000000,50,true,0.16
"DCM",141901,"/Date(1703834348000)/",31900,300,1309200,41716000000,50,true,0.16
"DCM",141845,"/Date(1703834329000)/",31900,4700,1308900,41706000000,50,true,0.16
"DCM",141845,"/Date(1703834329000)/",31900,300,1304200,41556000000,50,true,0.16
"DCM",141845,"/Date(1703834329000)/",31900,5000,1303900,41547000000,50,true,0.16
"DCM",141835,"/Date(1703834320000)/",31900,500,1298900,41387000000,50,true,0.16
"DCM",141822,"/Date(1703834308000)/",31900,500,1298400,41371000000,50,true,0.16
"DCM",141822,"/Date(1703834308000)/",31900,100,1297900,41355000000,50,true,0.16
"DCM",141822,"/Date(1703834308000)/",31900,100,1297800,41352000000,50,true,0.16
"DCM",141822,"/Date(1703834308000)/",31900,400,1297700,41349000000,50,true,0.16
"DCM",141822,"/Date(1703834308000)/",31900,100,1297300,41336000000,50,true,0.16
"DCM",141822,"/Date(1703834308000)/",31900,300,1297200,41333000000,50,true,0.16
"DCM",141812,"/Date(1703834298000)/",31900,3000,1296900,41323000000,50,true,0.16
"DCM",141753,"/Date(1703834280000)/",31900,1000,1293900,41228000000,50,true,0.16
"DCM",141740,"/Date(1703834267000)/",31900,1700,1292900,41196000000,50,true,0.16
"DCM",141740,"/Date(1703834267000)/",31900,300,1291200,41142000000,50,true,0.16
"DCM",141734,"/Date(1703834261000)/",31900,500,1290900,41132000000,50,false,0.16
"DCM",141734,"/Date(1703834261000)/",31900,6000,1290400,41116000000,50,false,0.16
"DCM",141734,"/Date(1703834261000)/",31900,200,1284400,40925000000,50,false,0.16
"DCM",141731,"/Date(1703834258000)/",31900,800,1284200,40918000000,50,false,0.16
"DCM",141731,"/Date(1703834258000)/",31900,200,1283400,40893000000,50,false,0.16
"DCM",141721,"/Date(1703834249000)/",31900,1000,1283200,40886000000,50,false,0.16
"DCM",141721,"/Date(1703834248000)/",31900,800,1282200,40854000000,50,false,0.16
"DCM",141721,"/Date(1703834248000)/",31900,200,1281400,40829000000,50,false,0.16
"DCM",141711,"/Date(1703834237000)/",31900,100,1281200,40823000000,50,false,0.16
"DCM",141711,"/Date(1703834237000)/",31900,900,1281100,40819000000,50,false,0.16
"DCM",141708,"/Date(1703834234000)/",31900,3000,1280200,40791000000,50,false,0.16
"DCM",141645,"/Date(1703834212000)/",31900,100,1277200,40695000000,50,false,0.16
"DCM",141613,"/Date(1703834179000)/",31900,700,1277100,40692000000,50,false,0.16
"DCM",141553,"/Date(1703834162000)/",31900,100,1276400,40669000000,50,false,0.16
"DCM",141553,"/Date(1703834162000)/",31900,100,1276300,40666000000,50,false,0.16
"DCM",141550,"/Date(1703834157000)/",31900,500,1276200,40663000000,50,false,0.16
"DCM",141541,"/Date(1703834149000)/",31900,2000,1275700,40647000000,50,false,0.16
"DCM",141541,"/Date(1703834147000)/",31900,900,1273700,40583000000,50,false,0.16
"DCM",141541,"/Date(1703834147000)/",31900,2600,1272800,40555000000,50,false,0.16
"DCM",141531,"/Date(1703834138000)/",31900,5000,1270200,40472000000,50,false,0.16
"DCM",141524,"/Date(1703834133000)/",31900,1100,1265200,40312000000,50,false,0.16
"DCM",141521,"/Date(1703834130000)/",31900,400,1264100,40277000000,50,false,0.16
"DCM",141521,"/Date(1703834127000)/",31900,400,1263700,40264000000,50,false,0.16
"DCM",141515,"/Date(1703834123000)/",31900,4800,1263300,40252000000,50,false,0.16
"DCM",141508,"/Date(1703834116000)/",31900,500,1258500,40098000000,50,true,0.16
"DCM",141505,"/Date(1703834114000)/",31900,2000,1258000,40082000000,50,true,0.16
"DCM",141505,"/Date(1703834114000)/",31900,100,1256000,40019000000,50,true,0.16
"DCM",141505,"/Date(1703834114000)/",31900,2000,1255900,40015000000,50,true,0.16
"DCM",141505,"/Date(1703834114000)/",31900,1800,1253900,39952000000,50,true,0.16
"DCM",141505,"/Date(1703834114000)/",31900,100,1252100,39894000000,50,true,0.16
"DCM",141505,"/Date(1703834114000)/",31900,500,1252000,39891000000,50,true,0.16
"DCM",141505,"/Date(1703834114000)/",31900,400,1251500,39875000000,50,true,0.16
"DCM",141458,"/Date(1703834107000)/",31900,500,1251100,39862000000,50,true,0.16
"DCM",141433,"/Date(1703834080000)/",31900,1700,1250600,39846000000,50,true,0.16
"DCM",141433,"/Date(1703834080000)/",31900,4400,1248900,39792000000,50,true,0.16
"DCM",141433,"/Date(1703834079000)/",31900,500,1244500,39652000000,50,true,0.16
"DCM",141433,"/Date(1703834078000)/",31900,500,1244000,39636000000,50,true,0.16
"DCM",141429,"/Date(1703834075000)/",31900,2400,1243500,39620000000,50,false,0.16
"DCM",141429,"/Date(1703834075000)/",31900,3000,1241100,39543000000,50,false,0.16
"DCM",141429,"/Date(1703834075000)/",31900,2000,1238100,39448000000,50,false,0.16
"DCM",141429,"/Date(1703834075000)/",31900,1400,1236100,39384000000,50,false,0.16
"DCM",141429,"/Date(1703834075000)/",31900,16200,1234700,39339000000,50,false,0.16
"DCM",141410,"/Date(1703834058000)/",31900,1000,1218500,38822000000,50,false,0.16
"DCM",141341,"/Date(1703834030000)/",31900,2800,1217500,38790000000,50,false,0.16
"DCM",141341,"/Date(1703834030000)/",31900,2400,1214700,38701000000,50,false,0.16
"DCM",141341,"/Date(1703834028000)/",31900,200,1212300,38625000000,50,false,0.16
"DCM",141338,"/Date(1703834027000)/",31900,400,1212100,38618000000,50,false,0.16
"DCM",141338,"/Date(1703834027000)/",31900,600,1211700,38605000000,50,false,0.16
"DCM",141331,"/Date(1703834020000)/",31900,400,1211100,38586000000,50,false,0.16
"DCM",141331,"/Date(1703834020000)/",31900,300,1210700,38574000000,50,false,0.16
"DCM",141331,"/Date(1703834020000)/",31900,2000,1210400,38564000000,50,false,0.16
"DCM",141331,"/Date(1703834020000)/",31900,2000,1208400,38500000000,50,false,0.16
"DCM",141331,"/Date(1703834020000)/",31900,100,1206400,38436000000,50,false,0.16
"DCM",141331,"/Date(1703834020000)/",31900,200,1206300,38433000000,50,false,0.16
"DCM",141312,"/Date(1703834000000)/",31900,100,1206100,38427000000,50,false,0.16
"DCM",141302,"/Date(1703833990000)/",31900,200,1206000,38424000000,50,false,0.16
"DCM",141233,"/Date(1703833963000)/",31900,1000,1205800,38417000000,50,false,0.16
"DCM",141229,"/Date(1703833960000)/",31900,1000,1204800,38385000000,50,false,0.16
"DCM",141226,"/Date(1703833957000)/",31900,2500,1203800,38353000000,50,false,0.16
"DCM",141226,"/Date(1703833957000)/",31900,200,1201300,38274000000,50,false,0.16
"DCM",141226,"/Date(1703833957000)/",31900,100,1201100,38267000000,50,false,0.16
"DCM",141226,"/Date(1703833957000)/",31900,100,1201000,38264000000,50,false,0.16
"DCM",141226,"/Date(1703833957000)/",31900,100,1200900,38261000000,50,false,0.16
"DCM",141226,"/Date(1703833955000)/",31900,1000,1200800,38258000000,50,false,0.16
"DCM",141220,"/Date(1703833949000)/",31900,2000,1199800,38226000000,50,false,0.16
"DCM",141216,"/Date(1703833947000)/",31900,900,1197800,38162000000,50,false,0.16
"DCM",141216,"/Date(1703833947000)/",31900,100,1196900,38133000000,50,false,0.16
"DCM",141213,"/Date(1703833943000)/",31900,900,1196800,38130000000,50,false,0.16
"DCM",141213,"/Date(1703833943000)/",31900,2100,1195900,38101000000,50,false,0.16
"DCM",141137,"/Date(1703833908000)/",31900,1000,1193800,38034000000,50,false,0.16
"DCM",141105,"/Date(1703833874000)/",31850,500,1192800,38003000000,0,true,0
"DCM",141020,"/Date(1703833832000)/",31850,700,1192300,37987000000,0,true,0
"DCM",140944,"/Date(1703833797000)/",31850,200,1191600,37964000000,0,true,0
"DCM",140944,"/Date(1703833797000)/",31900,1000,1191400,37958000000,50,false,0.16
"DCM",140924,"/Date(1703833776000)/",31850,800,1190400,37926000000,0,true,0
"DCM",140921,"/Date(1703833774000)/",31850,1000,1189600,37901000000,0,true,0
"DCM",140918,"/Date(1703833769000)/",31900,5000,1188600,37869000000,50,false,0.16
"DCM",140911,"/Date(1703833765000)/",31900,900,1183600,37709000000,50,false,0.16
"DCM",140911,"/Date(1703833765000)/",31900,1000,1182700,37681000000,50,false,0.16
"DCM",140911,"/Date(1703833765000)/",31900,200,1181700,37649000000,50,false,0.16
"DCM",140911,"/Date(1703833765000)/",31900,600,1181500,37642000000,50,false,0.16
"DCM",140911,"/Date(1703833765000)/",31900,3300,1180900,37623000000,50,false,0.16
"DCM",140814,"/Date(1703833706000)/",31850,100,1177600,37518000000,0,true,0
"DCM",140739,"/Date(1703833671000)/",31850,5000,1177500,37515000000,0,true,0
"DCM",140726,"/Date(1703833657000)/",31850,200,1172500,37355000000,0,true,0
"DCM",140720,"/Date(1703833653000)/",31850,1000,1172300,37349000000,0,true,0
"DCM",140716,"/Date(1703833649000)/",31850,1000,1171300,37317000000,0,true,0
"DCM",140704,"/Date(1703833635000)/",31850,1000,1170300,37285000000,0,true,0
"DCM",140701,"/Date(1703833634000)/",31850,400,1169300,37253000000,0,true,0
"DCM",140701,"/Date(1703833632000)/",31850,100,1168900,37241000000,0,true,0
"DCM",140654,"/Date(1703833626000)/",31850,1000,1168800,37238000000,0,true,0
"DCM",140619,"/Date(1703833591000)/",31850,200,1167800,37206000000,0,true,0
"DCM",140619,"/Date(1703833591000)/",31850,100,1167600,37199000000,0,true,0
"DCM",140619,"/Date(1703833591000)/",31850,500,1167500,37196000000,0,true,0
"DCM",140613,"/Date(1703833584000)/",31850,700,1167000,37180000000,0,false,0
"DCM",140544,"/Date(1703833557000)/",31850,9600,1166300,37158000000,0,true,0
"DCM",140531,"/Date(1703833543000)/",31850,100,1156700,36852000000,0,true,0
"DCM",140531,"/Date(1703833543000)/",31850,300,1156600,36849000000,0,true,0
"DCM",140528,"/Date(1703833541000)/",31800,1000,1156300,36839000000,-50,true,-0.16
"DCM",140525,"/Date(1703833537000)/",31850,1700,1155300,36808000000,0,false,0
"DCM",140525,"/Date(1703833537000)/",31850,400,1153600,36753000000,0,false,0
"DCM",140525,"/Date(1703833537000)/",31850,1000,1153200,36741000000,0,false,0
"DCM",140525,"/Date(1703833537000)/",31850,1000,1152200,36709000000,0,false,0
"DCM",140525,"/Date(1703833537000)/",31850,300,1151200,36677000000,0,false,0
"DCM",140525,"/Date(1703833537000)/",31850,1200,1150900,36667000000,0,false,0
"DCM",140525,"/Date(1703833537000)/",31850,400,1149700,36629000000,0,false,0
"DCM",140522,"/Date(1703833532000)/",31800,400,1149300,36617000000,-50,true,-0.16
"DCM",140506,"/Date(1703833517000)/",31850,100,1148900,36604000000,0,false,0
"DCM",140453,"/Date(1703833506000)/",31850,200,1148800,36601000000,0,false,0
"DCM",140427,"/Date(1703833481000)/",31850,10000,1148600,36594000000,0,false,0
"DCM",140421,"/Date(1703833473000)/",31850,100,1138600,36276000000,0,false,0
"DCM",140412,"/Date(1703833464000)/",31800,500,1138500,36273000000,-50,true,-0.16
"DCM",140412,"/Date(1703833462000)/",31850,3000,1138000,36257000000,0,false,0
"DCM",140405,"/Date(1703833457000)/",31850,300,1135000,36161000000,0,false,0
"DCM",140349,"/Date(1703833441000)/",31850,2900,1134700,36152000000,0,false,0
"DCM",140349,"/Date(1703833441000)/",31850,100,1131800,36059000000,0,false,0
"DCM",140336,"/Date(1703833428000)/",31850,200,1131700,36056000000,0,false,0
"DCM",140330,"/Date(1703833423000)/",31850,700,1131500,36050000000,0,false,0
"DCM",140330,"/Date(1703833423000)/",31850,300,1130800,36027000000,0,false,0
"DCM",140330,"/Date(1703833423000)/",31850,700,1130500,36018000000,0,false,0
"DCM",140330,"/Date(1703833423000)/",31850,1300,1129800,35996000000,0,false,0
"DCM",140311,"/Date(1703833402000)/",31850,500,1128500,35954000000,0,false,0
"DCM",140252,"/Date(1703833383000)/",31800,200,1128000,35938000000,-50,true,-0.16
"DCM",140242,"/Date(1703833373000)/",31800,1000,1127800,35932000000,-50,true,-0.16
"DCM",140230,"/Date(1703833362000)/",31800,1700,1126800,35900000000,-50,true,-0.16
"DCM",140230,"/Date(1703833362000)/",31800,300,1125100,35846000000,-50,true,-0.16
"DCM",140223,"/Date(1703833355000)/",31800,200,1124800,35836000000,-50,true,-0.16
"DCM",140220,"/Date(1703833350000)/",31800,500,1124600,35830000000,-50,true,-0.16
"DCM",140220,"/Date(1703833350000)/",31800,200,1124100,35814000000,-50,true,-0.16
"DCM",140158,"/Date(1703833328000)/",31800,100,1123900,35808000000,-50,true,-0.16
"DCM",140155,"/Date(1703833326000)/",31800,300,1123800,35805000000,-50,true,-0.16
"DCM",140132,"/Date(1703833305000)/",31800,600,1123500,35795000000,-50,true,-0.16
"DCM",140132,"/Date(1703833305000)/",31800,400,1122900,35776000000,-50,true,-0.16
"DCM",140132,"/Date(1703833305000)/",31800,100,1122500,35763000000,-50,true,-0.16
"DCM",140132,"/Date(1703833305000)/",31800,500,1122400,35760000000,-50,true,-0.16
"DCM",140132,"/Date(1703833305000)/",31800,500,1121900,35744000000,-50,true,-0.16
"DCM",140132,"/Date(1703833305000)/",31800,2900,1121400,35728000000,-50,true,-0.16
"DCM",140116,"/Date(1703833289000)/",31800,1100,1118500,35636000000,-50,true,-0.16
"DCM",140116,"/Date(1703833289000)/",31800,200,1117400,35601000000,-50,true,-0.16
"DCM",140116,"/Date(1703833289000)/",31800,500,1117200,35595000000,-50,true,-0.16
"DCM",140116,"/Date(1703833289000)/",31800,500,1116700,35579000000,-50,true,-0.16
"DCM",140116,"/Date(1703833289000)/",31800,2000,1116200,35563000000,-50,true,-0.16
"DCM",140116,"/Date(1703833289000)/",31800,200,1114200,35499000000,-50,true,-0.16
"DCM",140116,"/Date(1703833289000)/",31800,200,1114000,35493000000,-50,true,-0.16
"DCM",140116,"/Date(1703833289000)/",31800,200,1113800,35487000000,-50,true,-0.16
"DCM",140116,"/Date(1703833289000)/",31800,2000,1113600,35480000000,-50,true,-0.16
"DCM",140116,"/Date(1703833289000)/",31800,100,1111600,35417000000,-50,true,-0.16
"DCM",140116,"/Date(1703833289000)/",31800,100,1111500,35413000000,-50,true,-0.16
"DCM",140116,"/Date(1703833289000)/",31800,300,1111400,35410000000,-50,true,-0.16
"DCM",140116,"/Date(1703833289000)/",31800,18600,1111100,35401000000,-50,true,-0.16
"DCM",140110,"/Date(1703833281000)/",31800,100,1092500,34809000000,-50,true,-0.16
"DCM",140104,"/Date(1703833276000)/",31850,1000,1092400,34806000000,0,false,0
"DCM",140057,"/Date(1703833270000)/",31800,100,1091400,34774000000,-50,true,-0.16
"DCM",140038,"/Date(1703833250000)/",31800,900,1091300,34771000000,-50,true,-0.16
"DCM",140019,"/Date(1703833232000)/",31800,100,1090400,34742000000,-50,true,-0.16
"DCM",140000,"/Date(1703833210000)/",31800,200,1090300,34739000000,-50,true,-0.16
"DCM",140000,"/Date(1703833210000)/",31800,500,1090100,34733000000,-50,true,-0.16
"DCM",140000,"/Date(1703833210000)/",31800,100,1089600,34717000000,-50,true,-0.16
"DCM",140000,"/Date(1703833210000)/",31800,100,1089500,34714000000,-50,true,-0.16
"DCM",140000,"/Date(1703833210000)/",31800,400,1089400,34711000000,-50,true,-0.16
"DCM",140000,"/Date(1703833210000)/",31800,200,1089000,34698000000,-50,true,-0.16
"DCM",140000,"/Date(1703833210000)/",31800,100,1088800,34692000000,-50,true,-0.16
"DCM",140000,"/Date(1703833210000)/",31800,1000,1088700,34688000000,-50,true,-0.16
"DCM",140000,"/Date(1703833210000)/",31800,600,1087700,34657000000,-50,true,-0.16
"DCM",140000,"/Date(1703833210000)/",31800,300,1087100,34638000000,-50,true,-0.16
"DCM",140000,"/Date(1703833210000)/",31800,1000,1086800,34628000000,-50,true,-0.16
"DCM",140000,"/Date(1703833210000)/",31800,200,1085800,34596000000,-50,true,-0.16
"DCM",140000,"/Date(1703833210000)/",31800,200,1085600,34590000000,-50,true,-0.16
"DCM",140000,"/Date(1703833210000)/",31800,100,1085400,34583000000,-50,true,-0.16
"DCM",135950,"/Date(1703833201000)/",31800,300,1085300,34580000000,-50,true,-0.16
"DCM",135950,"/Date(1703833201000)/",31800,1000,1085000,34571000000,-50,true,-0.16
"DCM",135950,"/Date(1703833201000)/",31800,500,1084000,34539000000,-50,true,-0.16
"DCM",135950,"/Date(1703833201000)/",31800,200,1083500,34523000000,-50,true,-0.16
"DCM",135902,"/Date(1703833153000)/",31800,800,1083300,34517000000,-50,true,-0.16
"DCM",135902,"/Date(1703833153000)/",31800,1000,1082500,34491000000,-50,true,-0.16
"DCM",135902,"/Date(1703833153000)/",31800,200,1081500,34459000000,-50,true,-0.16
"DCM",135837,"/Date(1703833129000)/",31800,500,1081300,34453000000,-50,true,-0.16
"DCM",135805,"/Date(1703833098000)/",31850,500,1080800,34437000000,0,false,0
"DCM",135752,"/Date(1703833084000)/",31800,300,1080300,34421000000,-50,true,-0.16
"DCM",135752,"/Date(1703833084000)/",31800,900,1080000,34412000000,-50,true,-0.16
"DCM",135752,"/Date(1703833084000)/",31800,200,1079100,34383000000,-50,true,-0.16
"DCM",135752,"/Date(1703833084000)/",31800,500,1078900,34377000000,-50,true,-0.16
"DCM",135752,"/Date(1703833084000)/",31800,1000,1078400,34361000000,-50,true,-0.16
"DCM",135752,"/Date(1703833084000)/",31800,100,1077400,34329000000,-50,true,-0.16
"DCM",135752,"/Date(1703833084000)/",31800,2000,1077300,34326000000,-50,true,-0.16
"DCM",135749,"/Date(1703833078000)/",31800,2000,1075300,34262000000,-50,true,-0.16
"DCM",135720,"/Date(1703833050000)/",31800,2000,1073300,34199000000,-50,true,-0.16
"DCM",135636,"/Date(1703833006000)/",31800,2500,1071300,34135000000,-50,true,-0.16
"DCM",135623,"/Date(1703832994000)/",31850,1000,1068800,34056000000,0,false,0
"DCM",135601,"/Date(1703832970000)/",31850,400,1067800,34024000000,0,false,0
"DCM",135539,"/Date(1703832949000)/",31850,100,1067400,34011000000,0,false,0
"DCM",135513,"/Date(1703832922000)/",31850,1000,1067300,34008000000,0,false,0
"DCM",135507,"/Date(1703832917000)/",31800,500,1066300,33976000000,-50,true,-0.16
"DCM",135504,"/Date(1703832915000)/",31800,300,1065800,33960000000,-50,true,-0.16
"DCM",135400,"/Date(1703832850000)/",31850,600,1065500,33950000000,0,false,0
"DCM",135357,"/Date(1703832846000)/",31800,100,1064900,33931000000,-50,true,-0.16
"DCM",135347,"/Date(1703832838000)/",31800,600,1064800,33928000000,-50,true,-0.16
"DCM",135347,"/Date(1703832838000)/",31800,100,1064200,33909000000,-50,true,-0.16
"DCM",135347,"/Date(1703832838000)/",31800,200,1064100,33906000000,-50,true,-0.16
"DCM",135347,"/Date(1703832838000)/",31800,200,1063900,33900000000,-50,true,-0.16
"DCM",135347,"/Date(1703832838000)/",31800,500,1063700,33893000000,-50,true,-0.16
"DCM",135347,"/Date(1703832838000)/",31800,500,1063200,33877000000,-50,true,-0.16
"DCM",135347,"/Date(1703832838000)/",31800,100,1062700,33861000000,-50,true,-0.16
"DCM",135347,"/Date(1703832838000)/",31800,800,1062600,33858000000,-50,true,-0.16
"DCM",135344,"/Date(1703832835000)/",31850,500,1061800,33833000000,0,false,0
"DCM",135237,"/Date(1703832768000)/",31800,200,1061300,33817000000,-50,true,-0.16
"DCM",135237,"/Date(1703832768000)/",31800,200,1061100,33811000000,-50,true,-0.16
"DCM",135237,"/Date(1703832768000)/",31800,100,1060900,33804000000,-50,true,-0.16
"DCM",135237,"/Date(1703832768000)/",31800,200,1060800,33801000000,-50,true,-0.16
"DCM",135237,"/Date(1703832768000)/",31800,100,1060600,33795000000,-50,true,-0.16
"DCM",135237,"/Date(1703832768000)/",31800,600,1060500,33791000000,-50,true,-0.16
"DCM",135237,"/Date(1703832768000)/",31800,100,1059900,33772000000,-50,true,-0.16
"DCM",135234,"/Date(1703832762000)/",31850,500,1059800,33769000000,0,false,0
"DCM",135231,"/Date(1703832759000)/",31850,700,1059300,33753000000,0,false,0
"DCM",135228,"/Date(1703832757000)/",31850,100,1058600,33731000000,0,false,0
"DCM",135212,"/Date(1703832741000)/",31850,1500,1058500,33728000000,0,false,0
"DCM",135202,"/Date(1703832731000)/",31850,300,1057000,33680000000,0,false,0
"DCM",135202,"/Date(1703832731000)/",31850,2500,1056700,33670000000,0,false,0
"DCM",135202,"/Date(1703832731000)/",31850,300,1054200,33591000000,0,false,0
"DCM",135202,"/Date(1703832731000)/",31850,2900,1053900,33581000000,0,false,0
"DCM",135153,"/Date(1703832723000)/",31850,100,1051000,33489000000,0,false,0
"DCM",135143,"/Date(1703832712000)/",31850,1000,1050900,33486000000,0,false,0
"DCM",135130,"/Date(1703832699000)/",31850,6000,1049900,33454000000,0,true,0
"DCM",135108,"/Date(1703832678000)/",31850,300,1043900,33263000000,0,true,0
"DCM",135108,"/Date(1703832678000)/",31850,5000,1043600,33253000000,0,true,0
"DCM",135108,"/Date(1703832678000)/",31850,5000,1038600,33094000000,0,true,0
"DCM",135108,"/Date(1703832678000)/",31850,4800,1033600,32935000000,0,true,0
"DCM",135020,"/Date(1703832629000)/",31800,3000,1028800,32782000000,-50,true,-0.16
"DCM",134954,"/Date(1703832606000)/",31850,500,1025800,32686000000,0,true,0
"DCM",134954,"/Date(1703832606000)/",31850,500,1025300,32670000000,0,true,0
"DCM",134954,"/Date(1703832606000)/",31850,100,1024800,32655000000,0,true,0
"DCM",134954,"/Date(1703832606000)/",31850,1400,1024700,32651000000,0,true,0
"DCM",134954,"/Date(1703832606000)/",31850,100,1023300,32607000000,0,true,0
"DCM",134954,"/Date(1703832606000)/",31850,1000,1023200,32604000000,0,true,0
"DCM",134954,"/Date(1703832606000)/",31850,500,1022200,32572000000,0,true,0
"DCM",134954,"/Date(1703832606000)/",31850,1100,1021700,32556000000,0,true,0
"DCM",134945,"/Date(1703832595000)/",31850,5900,1020600,32521000000,0,true,0
"DCM",134945,"/Date(1703832595000)/",31850,400,1014700,32333000000,0,true,0
"DCM",134945,"/Date(1703832595000)/",31850,500,1014300,32320000000,0,true,0
"DCM",134945,"/Date(1703832595000)/",31850,900,1013800,32304000000,0,true,0
"DCM",134929,"/Date(1703832577000)/",31850,600,1012900,32276000000,0,true,0
"DCM",134919,"/Date(1703832568000)/",31850,500,1012300,32256000000,0,true,0
"DCM",134919,"/Date(1703832568000)/",31850,200,1011800,32241000000,0,true,0
"DCM",134919,"/Date(1703832568000)/",31850,4300,1011600,32234000000,0,true,0
"DCM",134750,"/Date(1703832478000)/",31850,400,1007300,32097000000,0,true,0
"DCM",134741,"/Date(1703832470000)/",31850,300,1006900,32084000000,0,true,0
"DCM",134727,"/Date(1703832456000)/",31850,500,1006600,32075000000,0,true,0
"DCM",134708,"/Date(1703832438000)/",31850,200,1006100,32059000000,0,true,0
"DCM",134646,"/Date(1703832415000)/",31850,8400,1005900,32053000000,0,true,0
"DCM",134617,"/Date(1703832388000)/",31850,900,997500,31785000000,0,true,0
"DCM",134617,"/Date(1703832388000)/",31850,300,996600,31756000000,0,true,0
"DCM",134617,"/Date(1703832388000)/",31850,1000,996300,31747000000,0,true,0
"DCM",134617,"/Date(1703832388000)/",31850,600,995300,31715000000,0,true,0
"DCM",134617,"/Date(1703832388000)/",31850,1000,994700,31696000000,0,true,0
"DCM",134617,"/Date(1703832388000)/",31850,1900,993700,31664000000,0,true,0
"DCM",134617,"/Date(1703832388000)/",31850,100,991800,31604000000,0,true,0
"DCM",134617,"/Date(1703832388000)/",31850,500,991700,31600000000,0,true,0
"DCM",134617,"/Date(1703832388000)/",31850,500,991200,31584000000,0,true,0
"DCM",134617,"/Date(1703832388000)/",31850,500,990700,31568000000,0,true,0
"DCM",134617,"/Date(1703832388000)/",31850,300,990200,31553000000,0,true,0
"DCM",134617,"/Date(1703832388000)/",31850,1000,989900,31543000000,0,true,0
"DCM",134617,"/Date(1703832388000)/",31850,200,988900,31511000000,0,true,0
"DCM",134617,"/Date(1703832388000)/",31850,1000,988700,31505000000,0,true,0
"DCM",134617,"/Date(1703832388000)/",31850,500,987700,31473000000,0,true,0
"DCM",134617,"/Date(1703832388000)/",31850,100,987200,31457000000,0,true,0
"DCM",134617,"/Date(1703832388000)/",31850,1000,987100,31454000000,0,true,0
"DCM",134617,"/Date(1703832388000)/",31850,200,986100,31422000000,0,true,0
"DCM",134617,"/Date(1703832388000)/",31850,400,985900,31416000000,0,true,0
"DCM",134536,"/Date(1703832346000)/",31900,100,985500,31403000000,50,false,0.16
"DCM",134510,"/Date(1703832320000)/",31900,1000,985400,31400000000,50,false,0.16
"DCM",134457,"/Date(1703832307000)/",31900,100,984400,31368000000,50,false,0.16
"DCM",134451,"/Date(1703832299000)/",31900,5500,984300,31365000000,50,false,0.16
"DCM",134451,"/Date(1703832299000)/",31900,2500,978800,31189000000,50,false,0.16
"DCM",134435,"/Date(1703832286000)/",31850,500,976300,31109000000,0,true,0
"DCM",134403,"/Date(1703832252000)/",31850,3100,975800,31093000000,0,true,0
"DCM",134357,"/Date(1703832248000)/",31850,200,972700,30995000000,0,false,0
"DCM",134357,"/Date(1703832247000)/",31850,1000,972500,30988000000,0,false,0
"DCM",134357,"/Date(1703832247000)/",31850,700,971500,30956000000,0,false,0
"DCM",134357,"/Date(1703832247000)/",31850,400,970800,30934000000,0,false,0
"DCM",134357,"/Date(1703832246000)/",31850,400,970400,30921000000,0,false,0
"DCM",134350,"/Date(1703832241000)/",31850,100,970000,30909000000,0,false,0
"DCM",134347,"/Date(1703832238000)/",31850,600,969900,30906000000,0,false,0
"DCM",134347,"/Date(1703832238000)/",31850,1400,969300,30886000000,0,false,0
"DCM",134347,"/Date(1703832236000)/",31850,8600,967900,30842000000,0,false,0
"DCM",134347,"/Date(1703832236000)/",31850,400,959300,30568000000,0,false,0
"DCM",134347,"/Date(1703832236000)/",31850,100,958900,30555000000,0,false,0
"DCM",134347,"/Date(1703832236000)/",31850,100,958800,30552000000,0,false,0
"DCM",134347,"/Date(1703832236000)/",31850,200,958700,30549000000,0,false,0
"DCM",134347,"/Date(1703832236000)/",31850,600,958500,30542000000,0,false,0
"DCM",134341,"/Date(1703832230000)/",31850,500,957900,30523000000,0,false,0
"DCM",134341,"/Date(1703832230000)/",31800,300,957400,30507000000,-50,true,-0.16
"DCM",134338,"/Date(1703832229000)/",31850,100,957100,30498000000,0,false,0
"DCM",134334,"/Date(1703832226000)/",31850,100,957000,30495000000,0,false,0
"DCM",134334,"/Date(1703832224000)/",31850,3700,956900,30492000000,0,false,0
"DCM",134334,"/Date(1703832224000)/",31850,2500,953200,30374000000,0,false,0
"DCM",134334,"/Date(1703832224000)/",31850,2900,950700,30294000000,0,false,0
"DCM",134334,"/Date(1703832224000)/",31850,100,947800,30202000000,0,false,0
"DCM",134334,"/Date(1703832224000)/",31850,800,947700,30198000000,0,false,0
"DCM",134334,"/Date(1703832224000)/",31850,1000,946900,30173000000,0,false,0
"DCM",134328,"/Date(1703832218000)/",31850,100,945900,30141000000,0,false,0
"DCM",134328,"/Date(1703832216000)/",31850,600,945800,30138000000,0,false,0
"DCM",134328,"/Date(1703832216000)/",31850,100,945200,30119000000,0,false,0
"DCM",134328,"/Date(1703832216000)/",31850,500,945100,30116000000,0,false,0
"DCM",134322,"/Date(1703832211000)/",31850,600,944600,30100000000,0,false,0
"DCM",134322,"/Date(1703832211000)/",31850,3400,944000,30081000000,0,false,0
"DCM",134312,"/Date(1703832203000)/",31850,500,940600,29972000000,0,false,0
"DCM",134306,"/Date(1703832195000)/",31850,500,940100,29956000000,0,false,0
"DCM",134240,"/Date(1703832170000)/",31850,5600,939600,29940000000,0,false,0
"DCM",134240,"/Date(1703832170000)/",31850,5000,934000,29762000000,0,false,0
"DCM",134240,"/Date(1703832170000)/",31850,100,929000,29603000000,0,false,0
"DCM",134240,"/Date(1703832170000)/",31850,2100,928900,29600000000,0,false,0
"DCM",134224,"/Date(1703832153000)/",31850,500,926800,29533000000,0,false,0
"DCM",134221,"/Date(1703832152000)/",31850,500,926300,29517000000,0,false,0
"DCM",134208,"/Date(1703832139000)/",31850,1300,925800,29501000000,0,false,0
"DCM",134146,"/Date(1703832115000)/",31850,200,924500,29460000000,0,false,0
"DCM",134143,"/Date(1703832114000)/",31850,200,924300,29453000000,0,false,0
"DCM",134101,"/Date(1703832070000)/",31800,200,924100,29447000000,-50,true,-0.16
"DCM",134058,"/Date(1703832069000)/",31850,900,923900,29440000000,0,false,0
"DCM",134058,"/Date(1703832069000)/",31850,4100,923000,29412000000,0,false,0
"DCM",134049,"/Date(1703832059000)/",31850,1500,918900,29281000000,0,false,0
"DCM",134046,"/Date(1703832054000)/",31850,2000,917400,29233000000,0,false,0
"DCM",134039,"/Date(1703832049000)/",31800,2000,915400,29170000000,-50,true,-0.16
"DCM",134039,"/Date(1703832049000)/",31800,2000,913400,29106000000,-50,true,-0.16
"DCM",134039,"/Date(1703832049000)/",31800,500,911400,29043000000,-50,true,-0.16
"DCM",134039,"/Date(1703832049000)/",31800,500,910900,29027000000,-50,true,-0.16
"DCM",134033,"/Date(1703832044000)/",31850,2400,910400,29011000000,0,false,0
"DCM",134033,"/Date(1703832044000)/",31850,100,908000,28934000000,0,false,0
"DCM",134023,"/Date(1703832033000)/",31850,500,907900,28931000000,0,false,0
"DCM",134004,"/Date(1703832015000)/",31800,4500,907400,28915000000,-50,true,-0.16
"DCM",134004,"/Date(1703832015000)/",31800,400,902900,28772000000,-50,true,-0.16
"DCM",133951,"/Date(1703832002000)/",31800,600,902500,28759000000,-50,true,-0.16
"DCM",133951,"/Date(1703832002000)/",31800,400,901900,28740000000,-50,true,-0.16
"DCM",133935,"/Date(1703831985000)/",31800,500,901500,28728000000,-50,true,-0.16
"DCM",133744,"/Date(1703831875000)/",31800,100,901000,28712000000,-50,true,-0.16
"DCM",133744,"/Date(1703831875000)/",31800,400,900900,28708000000,-50,true,-0.16
"DCM",133702,"/Date(1703831830000)/",31800,200,900500,28696000000,-50,true,-0.16
"DCM",133650,"/Date(1703831819000)/",31800,100,900300,28689000000,-50,true,-0.16
"DCM",133614,"/Date(1703831785000)/",31800,300,900200,28686000000,-50,true,-0.16
"DCM",133614,"/Date(1703831785000)/",31800,1000,899900,28677000000,-50,true,-0.16
"DCM",133614,"/Date(1703831785000)/",31800,100,898900,28645000000,-50,true,-0.16
"DCM",133614,"/Date(1703831785000)/",31800,100,898800,28642000000,-50,true,-0.16
"DCM",133614,"/Date(1703831785000)/",31800,100,898700,28639000000,-50,true,-0.16
"DCM",133614,"/Date(1703831785000)/",31800,500,898600,28635000000,-50,true,-0.16
"DCM",133614,"/Date(1703831785000)/",31800,1000,898100,28619000000,-50,true,-0.16
"DCM",133614,"/Date(1703831785000)/",31800,100,897100,28588000000,-50,true,-0.16
"DCM",133614,"/Date(1703831785000)/",31800,100,897000,28584000000,-50,true,-0.16
"DCM",133614,"/Date(1703831785000)/",31800,100,896900,28581000000,-50,true,-0.16
"DCM",133614,"/Date(1703831785000)/",31800,1500,896800,28578000000,-50,true,-0.16
"DCM",133614,"/Date(1703831785000)/",31800,300,895300,28530000000,-50,true,-0.16
"DCM",133614,"/Date(1703831785000)/",31800,100,895000,28521000000,-50,true,-0.16
"DCM",133614,"/Date(1703831785000)/",31800,100,894900,28518000000,-50,true,-0.16
"DCM",133614,"/Date(1703831785000)/",31800,500,894800,28515000000,-50,true,-0.16
"DCM",133614,"/Date(1703831785000)/",31800,300,894300,28499000000,-50,true,-0.16
"DCM",133614,"/Date(1703831785000)/",31800,2000,894000,28489000000,-50,true,-0.16
"DCM",133614,"/Date(1703831785000)/",31800,500,892000,28425000000,-50,true,-0.16
"DCM",133614,"/Date(1703831785000)/",31800,1000,891500,28410000000,-50,true,-0.16
"DCM",133614,"/Date(1703831785000)/",31800,300,890500,28378000000,-50,true,-0.16
"DCM",133549,"/Date(1703831758000)/",31800,1700,890200,28368000000,-50,true,-0.16
"DCM",133549,"/Date(1703831758000)/",31800,300,888500,28314000000,-50,true,-0.16
"DCM",133511,"/Date(1703831721000)/",31800,100,888200,28305000000,-50,true,-0.16
"DCM",133511,"/Date(1703831721000)/",31800,300,888100,28301000000,-50,true,-0.16
"DCM",133511,"/Date(1703831721000)/",31800,100,887800,28292000000,-50,true,-0.16
"DCM",133423,"/Date(1703831672000)/",31800,1000,887700,28289000000,-50,true,-0.16
"DCM",133332,"/Date(1703831622000)/",31800,600,886700,28257000000,-50,true,-0.16
"DCM",133313,"/Date(1703831601000)/",31800,800,886100,28238000000,-50,true,-0.16
"DCM",133254,"/Date(1703831583000)/",31800,400,885300,28212000000,-50,false,-0.16
"DCM",133254,"/Date(1703831583000)/",31800,100,884900,28200000000,-50,false,-0.16
"DCM",133244,"/Date(1703831572000)/",31800,500,884800,28197000000,-50,false,-0.16
"DCM",133234,"/Date(1703831564000)/",31800,200,884300,28181000000,-50,true,-0.16
"DCM",133231,"/Date(1703831562000)/",31800,300,884100,28174000000,-50,true,-0.16
"DCM",133231,"/Date(1703831562000)/",31800,200,883800,28165000000,-50,true,-0.16
"DCM",133231,"/Date(1703831560000)/",31800,100,883600,28158000000,-50,true,-0.16
"DCM",133215,"/Date(1703831546000)/",31800,400,883500,28155000000,-50,true,-0.16
"DCM",133215,"/Date(1703831546000)/",31800,1000,883100,28142000000,-50,true,-0.16
"DCM",133215,"/Date(1703831546000)/",31800,100,882100,28111000000,-50,true,-0.16
"DCM",133206,"/Date(1703831535000)/",31800,200,882000,28107000000,-50,true,-0.16
"DCM",133206,"/Date(1703831535000)/",31800,100,881800,28101000000,-50,true,-0.16
"DCM",133206,"/Date(1703831535000)/",31800,500,881700,28098000000,-50,true,-0.16
"DCM",133206,"/Date(1703831535000)/",31800,1000,881200,28082000000,-50,true,-0.16
"DCM",133206,"/Date(1703831535000)/",31800,200,880200,28050000000,-50,true,-0.16
"DCM",133202,"/Date(1703831533000)/",31800,300,880000,28044000000,-50,true,-0.16
"DCM",133202,"/Date(1703831533000)/",31800,1000,879700,28034000000,-50,true,-0.16
"DCM",133202,"/Date(1703831533000)/",31800,200,878700,28003000000,-50,true,-0.16
"DCM",133202,"/Date(1703831533000)/",31800,500,878500,27996000000,-50,true,-0.16
"DCM",133159,"/Date(1703831528000)/",31800,400,878000,27980000000,-50,true,-0.16
"DCM",133159,"/Date(1703831528000)/",31800,1000,877600,27968000000,-50,true,-0.16
"DCM",133159,"/Date(1703831528000)/",31800,100,876600,27936000000,-50,true,-0.16
"DCM",133159,"/Date(1703831528000)/",31800,500,876500,27933000000,-50,true,-0.16
"DCM",133159,"/Date(1703831528000)/",31800,500,876000,27917000000,-50,true,-0.16
"DCM",133159,"/Date(1703831528000)/",31800,500,875500,27901000000,-50,true,-0.16
"DCM",133124,"/Date(1703831494000)/",31800,500,875000,27885000000,-50,true,-0.16
"DCM",133114,"/Date(1703831485000)/",31800,2000,874500,27869000000,-50,true,-0.16
"DCM",133105,"/Date(1703831476000)/",31800,2000,872500,27805000000,-50,true,-0.16
"DCM",133105,"/Date(1703831476000)/",31800,1000,870500,27742000000,-50,true,-0.16
"DCM",133055,"/Date(1703831464000)/",31800,900,869500,27710000000,-50,true,-0.16
"DCM",133049,"/Date(1703831457000)/",31800,100,868600,27681000000,-50,true,-0.16
"DCM",133049,"/Date(1703831457000)/",31800,300,868500,27678000000,-50,true,-0.16
"DCM",133049,"/Date(1703831457000)/",31800,2800,868200,27669000000,-50,true,-0.16
"DCM",133049,"/Date(1703831457000)/",31800,500,865400,27580000000,-50,true,-0.16
"DCM",133049,"/Date(1703831457000)/",31800,100,864900,27564000000,-50,true,-0.16
"DCM",133049,"/Date(1703831457000)/",31800,1000,864800,27561000000,-50,true,-0.16
"DCM",133046,"/Date(1703831455000)/",31800,300,863800,27529000000,-50,true,-0.16
"DCM",133042,"/Date(1703831453000)/",31800,100,863500,27519000000,-50,true,-0.16
"DCM",133027,"/Date(1703831437000)/",31800,100,863400,27516000000,-50,true,-0.16
"DCM",133027,"/Date(1703831437000)/",31800,200,863300,27513000000,-50,true,-0.16
"DCM",133027,"/Date(1703831437000)/",31800,1000,863100,27506000000,-50,true,-0.16
"DCM",133027,"/Date(1703831437000)/",31800,100,862100,27475000000,-50,true,-0.16
"DCM",133027,"/Date(1703831437000)/",31800,100,862000,27471000000,-50,true,-0.16
"DCM",133027,"/Date(1703831437000)/",31800,100,861900,27468000000,-50,true,-0.16
"DCM",133027,"/Date(1703831437000)/",31800,400,861800,27465000000,-50,true,-0.16
"DCM",133027,"/Date(1703831437000)/",31800,200,861400,27452000000,-50,true,-0.16
"DCM",133027,"/Date(1703831437000)/",31800,1000,861200,27446000000,-50,true,-0.16
"DCM",133027,"/Date(1703831437000)/",31800,1000,860200,27414000000,-50,true,-0.16
"DCM",133027,"/Date(1703831437000)/",31800,200,859200,27382000000,-50,true,-0.16
"DCM",133027,"/Date(1703831437000)/",31800,100,859000,27376000000,-50,true,-0.16
"DCM",133027,"/Date(1703831437000)/",31800,500,858900,27373000000,-50,true,-0.16
"DCM",133027,"/Date(1703831437000)/",31800,200,858400,27357000000,-50,true,-0.16
"DCM",133027,"/Date(1703831437000)/",31800,500,858200,27351000000,-50,true,-0.16
"DCM",133027,"/Date(1703831437000)/",31800,100,857700,27335000000,-50,true,-0.16
"DCM",133027,"/Date(1703831437000)/",31800,100,857600,27332000000,-50,true,-0.16
"DCM",133027,"/Date(1703831437000)/",31800,100,857500,27328000000,-50,true,-0.16
"DCM",133027,"/Date(1703831437000)/",31800,200,857400,27325000000,-50,true,-0.16
"DCM",133027,"/Date(1703831437000)/",31800,100,857200,27319000000,-50,true,-0.16
"DCM",133027,"/Date(1703831437000)/",31800,300,857100,27316000000,-50,true,-0.16
"DCM",133027,"/Date(1703831437000)/",31800,100,856800,27306000000,-50,true,-0.16
"DCM",133027,"/Date(1703831437000)/",31800,300,856700,27303000000,-50,true,-0.16
"DCM",133027,"/Date(1703831437000)/",31800,1000,856400,27293000000,-50,true,-0.16
"DCM",133027,"/Date(1703831437000)/",31800,300,855400,27262000000,-50,true,-0.16
"DCM",133027,"/Date(1703831437000)/",31800,700,855100,27252000000,-50,true,-0.16
"DCM",133027,"/Date(1703831437000)/",31800,1000,854400,27230000000,-50,true,-0.16
"DCM",132951,"/Date(1703831400000)/",31800,100,853400,27198000000,-50,true,-0.16
"DCM",132945,"/Date(1703831395000)/",31800,900,853300,27195000000,-50,true,-0.16
"DCM",132945,"/Date(1703831395000)/",31800,100,852400,27166000000,-50,true,-0.16
"DCM",132945,"/Date(1703831395000)/",31800,200,852300,27163000000,-50,true,-0.16
"DCM",132945,"/Date(1703831395000)/",31800,200,852100,27157000000,-50,true,-0.16
"DCM",132945,"/Date(1703831395000)/",31800,500,851900,27150000000,-50,true,-0.16
"DCM",132945,"/Date(1703831395000)/",31800,500,851400,27134000000,-50,true,-0.16
"DCM",132945,"/Date(1703831395000)/",31800,900,850900,27118000000,-50,true,-0.16
"DCM",132932,"/Date(1703831382000)/",31800,100,850000,27090000000,-50,true,-0.16
"DCM",132932,"/Date(1703831382000)/",31800,2000,849900,27087000000,-50,true,-0.16
"DCM",132932,"/Date(1703831382000)/",31800,300,847900,27023000000,-50,true,-0.16
"DCM",132932,"/Date(1703831382000)/",31800,300,847600,27014000000,-50,true,-0.16
"DCM",132932,"/Date(1703831382000)/",31800,200,847300,27004000000,-50,true,-0.16
"DCM",132932,"/Date(1703831382000)/",31800,300,847100,26998000000,-50,true,-0.16
"DCM",132932,"/Date(1703831382000)/",31800,100,846800,26988000000,-50,true,-0.16
"DCM",132932,"/Date(1703831382000)/",31800,1000,846700,26985000000,-50,true,-0.16
"DCM",132932,"/Date(1703831382000)/",31800,100,845700,26953000000,-50,true,-0.16
"DCM",132932,"/Date(1703831382000)/",31800,600,845600,26950000000,-50,true,-0.16
"DCM",132932,"/Date(1703831382000)/",31800,400,845000,26931000000,-50,true,-0.16
"DCM",132932,"/Date(1703831382000)/",31800,500,844600,26918000000,-50,true,-0.16
"DCM",132932,"/Date(1703831382000)/",31800,100,844100,26902000000,-50,true,-0.16
"DCM",132932,"/Date(1703831382000)/",31800,100,844000,26899000000,-50,true,-0.16
"DCM",132932,"/Date(1703831382000)/",31800,100,843900,26896000000,-50,true,-0.16
"DCM",132932,"/Date(1703831382000)/",31800,500,843800,26893000000,-50,true,-0.16
"DCM",132932,"/Date(1703831382000)/",31800,600,843300,26877000000,-50,true,-0.16
"DCM",132932,"/Date(1703831382000)/",31800,1000,842700,26858000000,-50,true,-0.16
"DCM",132907,"/Date(1703831357000)/",31800,6200,841700,26826000000,-50,true,-0.16
"DCM",132907,"/Date(1703831357000)/",31800,100,835500,26629000000,-50,true,-0.16
"DCM",132907,"/Date(1703831357000)/",31800,300,835400,26626000000,-50,true,-0.16
"DCM",132907,"/Date(1703831357000)/",31800,500,835100,26616000000,-50,true,-0.16
"DCM",132907,"/Date(1703831357000)/",31800,400,834600,26600000000,-50,true,-0.16
"DCM",132907,"/Date(1703831357000)/",31800,3000,834200,26587000000,-50,true,-0.16
"DCM",132907,"/Date(1703831357000)/",31800,2000,831200,26492000000,-50,true,-0.16
"DCM",132907,"/Date(1703831357000)/",31800,5000,829200,26428000000,-50,true,-0.16
"DCM",132907,"/Date(1703831357000)/",31800,1000,824200,26269000000,-50,true,-0.16
"DCM",132907,"/Date(1703831357000)/",31800,100,823200,26238000000,-50,true,-0.16
"DCM",132907,"/Date(1703831357000)/",31800,1000,823100,26234000000,-50,true,-0.16
"DCM",132907,"/Date(1703831357000)/",31800,1000,822100,26203000000,-50,true,-0.16
"DCM",132907,"/Date(1703831357000)/",31800,100,821100,26171000000,-50,true,-0.16
"DCM",132907,"/Date(1703831357000)/",31800,2000,821000,26168000000,-50,true,-0.16
"DCM",132907,"/Date(1703831357000)/",31800,300,819000,26104000000,-50,true,-0.16
"DCM",132907,"/Date(1703831357000)/",31800,700,818700,26095000000,-50,true,-0.16
"DCM",132907,"/Date(1703831357000)/",31800,100,818000,26072000000,-50,true,-0.16
"DCM",132907,"/Date(1703831357000)/",31800,1700,817900,26069000000,-50,true,-0.16
"DCM",132907,"/Date(1703831357000)/",31800,300,816200,26015000000,-50,true,-0.16
"DCM",132907,"/Date(1703831357000)/",31800,200,815900,26005000000,-50,true,-0.16
"DCM",132907,"/Date(1703831357000)/",31800,100,815700,25999000000,-50,true,-0.16
"DCM",132907,"/Date(1703831357000)/",31800,100,815600,25996000000,-50,true,-0.16
"DCM",132907,"/Date(1703831357000)/",31800,300,815500,25993000000,-50,true,-0.16
"DCM",132904,"/Date(1703831354000)/",31800,10000,815200,25983000000,-50,true,-0.16
"DCM",132904,"/Date(1703831353000)/",31800,600,805200,25665000000,-50,true,-0.16
"DCM",132841,"/Date(1703831330000)/",31800,2100,804600,25646000000,-50,true,-0.16
"DCM",132816,"/Date(1703831306000)/",31800,400,802500,25579000000,-50,true,-0.16
"DCM",132809,"/Date(1703831297000)/",31800,1000,802100,25567000000,-50,true,-0.16
"DCM",132806,"/Date(1703831296000)/",31800,9000,801100,25535000000,-50,true,-0.16
"DCM",132806,"/Date(1703831295000)/",31800,1600,792100,25249000000,-50,true,-0.16
"DCM",132806,"/Date(1703831295000)/",31800,2000,790500,25198000000,-50,true,-0.16
"DCM",132806,"/Date(1703831295000)/",31800,100,788500,25134000000,-50,true,-0.16
"DCM",132806,"/Date(1703831295000)/",31800,5000,788400,25131000000,-50,true,-0.16
"DCM",132806,"/Date(1703831295000)/",31800,5000,783400,24972000000,-50,true,-0.16
"DCM",132806,"/Date(1703831295000)/",31800,100,778400,24813000000,-50,true,-0.16
"DCM",132806,"/Date(1703831295000)/",31800,100,778300,24810000000,-50,true,-0.16
"DCM",132806,"/Date(1703831295000)/",31800,1000,778200,24807000000,-50,true,-0.16
"DCM",132806,"/Date(1703831295000)/",31800,5000,777200,24775000000,-50,true,-0.16
"DCM",132806,"/Date(1703831295000)/",31800,500,772200,24616000000,-50,true,-0.16
"DCM",132806,"/Date(1703831295000)/",31800,200,771700,24600000000,-50,true,-0.16
"DCM",132806,"/Date(1703831295000)/",31800,100,771500,24594000000,-50,true,-0.16
"DCM",132806,"/Date(1703831295000)/",31800,3000,771400,24590000000,-50,true,-0.16
"DCM",132806,"/Date(1703831295000)/",31800,1000,768400,24495000000,-50,true,-0.16
"DCM",132806,"/Date(1703831295000)/",31800,3000,767400,24463000000,-50,true,-0.16
"DCM",132806,"/Date(1703831295000)/",31800,200,764400,24368000000,-50,true,-0.16
"DCM",132806,"/Date(1703831295000)/",31800,1000,764200,24361000000,-50,true,-0.16
"DCM",132806,"/Date(1703831295000)/",31800,1000,763200,24330000000,-50,true,-0.16
"DCM",132806,"/Date(1703831295000)/",31800,500,762200,24298000000,-50,true,-0.16
"DCM",132806,"/Date(1703831295000)/",31800,300,761700,24282000000,-50,true,-0.16
"DCM",132806,"/Date(1703831295000)/",31800,2000,761400,24272000000,-50,true,-0.16
"DCM",132806,"/Date(1703831295000)/",31800,100,759400,24209000000,-50,true,-0.16
"DCM",132806,"/Date(1703831295000)/",31800,300,759300,24206000000,-50,true,-0.16
"DCM",132806,"/Date(1703831295000)/",31800,100,759000,24196000000,-50,true,-0.16
"DCM",132806,"/Date(1703831295000)/",31800,1000,758900,24193000000,-50,true,-0.16
"DCM",132806,"/Date(1703831295000)/",31800,100,757900,24161000000,-50,true,-0.16
"DCM",132806,"/Date(1703831295000)/",31800,100,757800,24158000000,-50,true,-0.16
"DCM",132806,"/Date(1703831295000)/",31800,100,757700,24155000000,-50,true,-0.16
"DCM",132806,"/Date(1703831295000)/",31800,1500,757600,24152000000,-50,true,-0.16
"DCM",132806,"/Date(1703831295000)/",31800,100,756100,24104000000,-50,true,-0.16
"DCM",132806,"/Date(1703831295000)/",31800,5000,756000,24101000000,-50,true,-0.16
"DCM",132806,"/Date(1703831295000)/",31800,2500,751000,23942000000,-50,true,-0.16
"DCM",132806,"/Date(1703831295000)/",31800,200,748500,23862000000,-50,true,-0.16
"DCM",132806,"/Date(1703831295000)/",31800,1000,748300,23856000000,-50,true,-0.16
"DCM",132806,"/Date(1703831295000)/",31800,100,747300,23824000000,-50,true,-0.16
"DCM",132806,"/Date(1703831295000)/",31800,500,747200,23821000000,-50,true,-0.16
"DCM",132806,"/Date(1703831295000)/",31800,500,746700,23805000000,-50,true,-0.16
"DCM",132806,"/Date(1703831295000)/",31800,1000,746200,23789000000,-50,true,-0.16
"DCM",132806,"/Date(1703831295000)/",31800,1000,745200,23757000000,-50,true,-0.16
"DCM",132806,"/Date(1703831295000)/",31800,500,744200,23725000000,-50,true,-0.16
"DCM",132806,"/Date(1703831295000)/",31800,100,743700,23710000000,-50,true,-0.16
"DCM",132806,"/Date(1703831295000)/",31800,500,743600,23706000000,-50,true,-0.16
"DCM",132806,"/Date(1703831295000)/",31800,500,743100,23690000000,-50,true,-0.16
"DCM",132806,"/Date(1703831295000)/",31800,300,742600,23675000000,-50,true,-0.16
"DCM",132806,"/Date(1703831295000)/",31800,200,742300,23665000000,-50,true,-0.16
"DCM",132753,"/Date(1703831284000)/",31800,500,742100,23659000000,-50,true,-0.16
"DCM",132753,"/Date(1703831284000)/",31800,500,741600,23643000000,-50,true,-0.16
"DCM",132750,"/Date(1703831280000)/",31850,1000,741100,23627000000,0,false,0
"DCM",132747,"/Date(1703831275000)/",31800,100,740100,23595000000,-50,true,-0.16
"DCM",132747,"/Date(1703831275000)/",31800,1000,740000,23592000000,-50,true,-0.16
"DCM",132747,"/Date(1703831275000)/",31800,1000,739000,23560000000,-50,true,-0.16
"DCM",132747,"/Date(1703831275000)/",31800,1000,738000,23528000000,-50,true,-0.16
"DCM",132747,"/Date(1703831275000)/",31800,200,737000,23496000000,-50,true,-0.16
"DCM",132747,"/Date(1703831275000)/",31800,100,736800,23490000000,-50,true,-0.16
"DCM",132747,"/Date(1703831275000)/",31800,200,736700,23487000000,-50,true,-0.16
"DCM",132747,"/Date(1703831275000)/",31800,100,736500,23481000000,-50,true,-0.16
"DCM",132747,"/Date(1703831275000)/",31800,100,736400,23477000000,-50,true,-0.16
"DCM",132747,"/Date(1703831275000)/",31800,1000,736300,23474000000,-50,true,-0.16
"DCM",132747,"/Date(1703831275000)/",31800,100,735300,23442000000,-50,true,-0.16
"DCM",132747,"/Date(1703831275000)/",31800,100,735200,23439000000,-50,true,-0.16
"DCM",132737,"/Date(1703831266000)/",31800,100,735100,23436000000,-50,true,-0.16
"DCM",132718,"/Date(1703831248000)/",31800,100,735000,23433000000,-50,true,-0.16
"DCM",132718,"/Date(1703831248000)/",31800,500,734900,23430000000,-50,true,-0.16
"DCM",132718,"/Date(1703831248000)/",31800,100,734400,23414000000,-50,true,-0.16
"DCM",132718,"/Date(1703831248000)/",31800,100,734300,23411000000,-50,true,-0.16
"DCM",132718,"/Date(1703831248000)/",31800,100,734200,23407000000,-50,true,-0.16
"DCM",132718,"/Date(1703831248000)/",31800,200,734100,23404000000,-50,true,-0.16
"DCM",132718,"/Date(1703831248000)/",31800,1700,733900,23398000000,-50,true,-0.16
"DCM",132712,"/Date(1703831241000)/",31850,200,732200,23344000000,0,false,0
"DCM",132712,"/Date(1703831241000)/",31850,200,732000,23337000000,0,false,0
"DCM",132643,"/Date(1703831214000)/",31800,300,731800,23331000000,-50,true,-0.16
"DCM",132605,"/Date(1703831173000)/",31800,500,731500,23321000000,-50,true,-0.16
"DCM",132559,"/Date(1703831167000)/",31850,500,731000,23306000000,0,false,0
"DCM",132539,"/Date(1703831148000)/",31800,1000,730500,23290000000,-50,true,-0.16
"DCM",132536,"/Date(1703831147000)/",31800,1000,729500,23258000000,-50,true,-0.16
"DCM",132533,"/Date(1703831143000)/",31800,7500,728500,23226000000,-50,true,-0.16
"DCM",132533,"/Date(1703831143000)/",31800,1000,721000,22988000000,-50,true,-0.16
"DCM",132533,"/Date(1703831143000)/",31800,1000,720000,22956000000,-50,true,-0.16
"DCM",132533,"/Date(1703831143000)/",31800,500,719000,22924000000,-50,true,-0.16
"DCM",132524,"/Date(1703831131000)/",31800,5500,718500,22908000000,-50,true,-0.16
"DCM",132524,"/Date(1703831131000)/",31800,100,713000,22733000000,-50,true,-0.16
"DCM",132524,"/Date(1703831131000)/",31800,3000,712900,22730000000,-50,true,-0.16
"DCM",132524,"/Date(1703831131000)/",31800,200,709900,22635000000,-50,true,-0.16
"DCM",132524,"/Date(1703831131000)/",31800,1000,709700,22628000000,-50,true,-0.16
"DCM",132524,"/Date(1703831131000)/",31800,200,708700,22596000000,-50,true,-0.16
"DCM",132520,"/Date(1703831128000)/",31800,100,708500,22590000000,-50,true,-0.16
"DCM",132520,"/Date(1703831128000)/",31800,700,708400,22587000000,-50,true,-0.16
"DCM",132520,"/Date(1703831128000)/",31800,300,707700,22565000000,-50,true,-0.16
"DCM",132514,"/Date(1703831124000)/",31800,100,707400,22555000000,-50,true,-0.16
"DCM",132508,"/Date(1703831117000)/",31800,100,707300,22552000000,-50,true,-0.16
"DCM",132445,"/Date(1703831095000)/",31800,500,707200,22549000000,-50,true,-0.16
"DCM",132439,"/Date(1703831087000)/",31800,2000,706700,22533000000,-50,true,-0.16
"DCM",132429,"/Date(1703831078000)/",31800,100,704700,22469000000,-50,true,-0.16
"DCM",132429,"/Date(1703831078000)/",31800,200,704600,22466000000,-50,true,-0.16
"DCM",132410,"/Date(1703831060000)/",31800,100,704400,22460000000,-50,true,-0.16
"DCM",132357,"/Date(1703831046000)/",31850,100,704300,22457000000,0,false,0
"DCM",132345,"/Date(1703831033000)/",31850,500,704200,22453000000,0,false,0
"DCM",132322,"/Date(1703831012000)/",31850,100,703700,22437000000,0,false,0
"DCM",132319,"/Date(1703831007000)/",31800,100,703600,22434000000,-50,true,-0.16
"DCM",132316,"/Date(1703831006000)/",31800,100,703500,22431000000,-50,true,-0.16
"DCM",132316,"/Date(1703831006000)/",31800,500,703400,22428000000,-50,true,-0.16
"DCM",132316,"/Date(1703831006000)/",31800,200,702900,22412000000,-50,true,-0.16
"DCM",132241,"/Date(1703830971000)/",31850,200,702700,22406000000,0,false,0
"DCM",132203,"/Date(1703830933000)/",31850,500,702500,22399000000,0,false,0
"DCM",132156,"/Date(1703830925000)/",31850,500,702000,22383000000,0,false,0
"DCM",132150,"/Date(1703830918000)/",31850,100,701500,22367000000,0,false,0
"DCM",132102,"/Date(1703830870000)/",31850,300,701400,22364000000,0,false,0
"DCM",132102,"/Date(1703830870000)/",31850,100,701100,22355000000,0,false,0
"DCM",132102,"/Date(1703830870000)/",31850,3000,701000,22351000000,0,false,0
"DCM",132102,"/Date(1703830870000)/",31850,100,698000,22256000000,0,false,0
"DCM",132102,"/Date(1703830870000)/",31850,100,697900,22253000000,0,false,0
"DCM",132102,"/Date(1703830870000)/",31850,500,697800,22250000000,0,false,0
"DCM",132102,"/Date(1703830870000)/",31850,100,697300,22234000000,0,false,0
"DCM",132102,"/Date(1703830870000)/",31850,200,697200,22230000000,0,false,0
"DCM",132102,"/Date(1703830870000)/",31850,100,697000,22224000000,0,false,0
"DCM",132102,"/Date(1703830870000)/",31850,1000,696900,22221000000,0,false,0
"DCM",132102,"/Date(1703830870000)/",31850,100,695900,22189000000,0,false,0
"DCM",132102,"/Date(1703830870000)/",31850,200,695800,22186000000,0,false,0
"DCM",132102,"/Date(1703830870000)/",31850,100,695600,22179000000,0,false,0
"DCM",132102,"/Date(1703830870000)/",31850,5000,695500,22176000000,0,false,0
"DCM",132102,"/Date(1703830870000)/",31850,1000,690500,22017000000,0,false,0
"DCM",132102,"/Date(1703830870000)/",31850,100,689500,21985000000,0,false,0
"DCM",132102,"/Date(1703830870000)/",31850,1800,689400,21982000000,0,false,0
"DCM",132055,"/Date(1703830866000)/",31850,1200,687600,21925000000,0,true,0
"DCM",132055,"/Date(1703830864000)/",31850,1500,686400,21886000000,0,true,0
"DCM",132055,"/Date(1703830864000)/",31850,500,684900,21839000000,0,true,0
"DCM",132049,"/Date(1703830859000)/",31850,500,684400,21823000000,0,true,0
"DCM",132049,"/Date(1703830859000)/",31850,500,683900,21807000000,0,true,0
"DCM",132049,"/Date(1703830859000)/",31850,100,683400,21791000000,0,true,0
"DCM",132049,"/Date(1703830859000)/",31850,300,683300,21788000000,0,true,0
"DCM",132049,"/Date(1703830859000)/",31850,500,683000,21778000000,0,true,0
"DCM",132049,"/Date(1703830859000)/",31850,1000,682500,21762000000,0,true,0
"DCM",132049,"/Date(1703830859000)/",31850,100,681500,21730000000,0,true,0
"DCM",132049,"/Date(1703830859000)/",31850,2000,681400,21727000000,0,true,0
"DCM",132043,"/Date(1703830853000)/",31850,100,679400,21663000000,0,true,0
"DCM",132043,"/Date(1703830853000)/",31850,200,679300,21660000000,0,true,0
"DCM",132043,"/Date(1703830853000)/",31850,200,679100,21654000000,0,true,0
"DCM",132043,"/Date(1703830853000)/",31850,500,678900,21648000000,0,true,0
"DCM",132001,"/Date(1703830810000)/",31850,1200,678400,21632000000,0,true,0
"DCM",132001,"/Date(1703830810000)/",31850,300,677200,21593000000,0,true,0
"DCM",132001,"/Date(1703830810000)/",31850,3000,676900,21584000000,0,true,0
"DCM",132001,"/Date(1703830810000)/",31850,500,673900,21488000000,0,true,0
"DCM",132001,"/Date(1703830810000)/",31850,100,673400,21472000000,0,true,0
"DCM",132001,"/Date(1703830810000)/",31850,1000,673300,21469000000,0,true,0
"DCM",132001,"/Date(1703830810000)/",31850,100,672300,21437000000,0,true,0
"DCM",132001,"/Date(1703830810000)/",31850,5000,672200,21434000000,0,true,0
"DCM",132001,"/Date(1703830810000)/",31850,200,667200,21275000000,0,true,0
"DCM",132001,"/Date(1703830810000)/",31850,1000,667000,21269000000,0,true,0
"DCM",132001,"/Date(1703830810000)/",31850,100,666000,21237000000,0,true,0
"DCM",132001,"/Date(1703830810000)/",31850,1000,665900,21234000000,0,true,0
"DCM",132001,"/Date(1703830810000)/",31850,200,664900,21202000000,0,true,0
"DCM",132001,"/Date(1703830810000)/",31850,100,664700,21195000000,0,true,0
"DCM",132001,"/Date(1703830810000)/",31850,1000,664600,21192000000,0,true,0
"DCM",132001,"/Date(1703830810000)/",31850,200,663600,21160000000,0,true,0
"DCM",131955,"/Date(1703830804000)/",31850,400,663400,21154000000,0,true,0
"DCM",131952,"/Date(1703830800000)/",31850,1400,663000,21141000000,0,true,0
"DCM",131952,"/Date(1703830800000)/",31850,200,661600,21097000000,0,true,0
"DCM",131952,"/Date(1703830800000)/",31850,1400,661400,21090000000,0,true,0
"DCM",131952,"/Date(1703830800000)/",31850,100,660000,21046000000,0,true,0
"DCM",131952,"/Date(1703830800000)/",31850,100,659900,21042000000,0,true,0
"DCM",131952,"/Date(1703830800000)/",31850,1500,659800,21039000000,0,true,0
"DCM",131952,"/Date(1703830800000)/",31850,100,658300,20991000000,0,true,0
"DCM",131952,"/Date(1703830800000)/",31850,2200,658200,20988000000,0,true,0
"DCM",131952,"/Date(1703830800000)/",31850,1000,656000,20918000000,0,true,0
"DCM",131952,"/Date(1703830800000)/",31850,300,655000,20886000000,0,true,0
"DCM",131952,"/Date(1703830800000)/",31850,1000,654700,20877000000,0,true,0
"DCM",131952,"/Date(1703830800000)/",31850,1000,653700,20845000000,0,true,0
"DCM",131952,"/Date(1703830800000)/",31850,1000,652700,20813000000,0,true,0
"DCM",131952,"/Date(1703830800000)/",31850,100,651700,20781000000,0,true,0
"DCM",131952,"/Date(1703830800000)/",31850,100,651600,20778000000,0,true,0
"DCM",131952,"/Date(1703830800000)/",31850,1000,651500,20775000000,0,true,0
"DCM",131952,"/Date(1703830800000)/",31850,200,650500,20743000000,0,true,0
"DCM",131952,"/Date(1703830800000)/",31850,2200,650300,20737000000,0,true,0
"DCM",131952,"/Date(1703830800000)/",31850,1000,648100,20667000000,0,true,0
"DCM",131952,"/Date(1703830800000)/",31850,200,647100,20635000000,0,true,0
"DCM",131952,"/Date(1703830800000)/",31850,500,646900,20628000000,0,true,0
"DCM",131952,"/Date(1703830800000)/",31850,100,646400,20612000000,0,true,0
"DCM",131952,"/Date(1703830800000)/",31850,1000,646300,20609000000,0,true,0
"DCM",131952,"/Date(1703830800000)/",31850,1300,645300,20577000000,0,true,0
"DCM",131945,"/Date(1703830794000)/",31850,700,644000,20536000000,0,true,0
"DCM",131945,"/Date(1703830794000)/",31850,300,643300,20514000000,0,true,0
"DCM",131936,"/Date(1703830783000)/",31850,400,643000,20504000000,0,true,0
"DCM",131929,"/Date(1703830778000)/",31850,500,642600,20491000000,0,true,0
"DCM",131926,"/Date(1703830776000)/",31850,200,642100,20475000000,0,true,0
"DCM",131926,"/Date(1703830774000)/",31850,600,641900,20469000000,0,true,0
"DCM",131926,"/Date(1703830774000)/",31850,200,641300,20450000000,0,true,0
"DCM",131926,"/Date(1703830774000)/",31850,1000,641100,20444000000,0,true,0
"DCM",131926,"/Date(1703830774000)/",31850,3200,640100,20412000000,0,true,0
"DCM",131923,"/Date(1703830772000)/",31850,900,636900,20310000000,0,true,0
"DCM",131904,"/Date(1703830754000)/",31850,5000,636000,20281000000,0,true,0
"DCM",131904,"/Date(1703830752000)/",31900,200,631000,20122000000,50,false,0.16
"DCM",131822,"/Date(1703830713000)/",31850,900,630800,20116000000,0,true,0
"DCM",131822,"/Date(1703830713000)/",31850,100,629900,20087000000,0,true,0
"DCM",131822,"/Date(1703830713000)/",31850,300,629800,20084000000,0,true,0
"DCM",131822,"/Date(1703830713000)/",31850,500,629500,20074000000,0,true,0
"DCM",131822,"/Date(1703830713000)/",31850,200,629000,20058000000,0,true,0
"DCM",131822,"/Date(1703830713000)/",31850,300,628800,20052000000,0,true,0
"DCM",131822,"/Date(1703830713000)/",31850,200,628500,20042000000,0,true,0
"DCM",131822,"/Date(1703830713000)/",31850,1000,628300,20036000000,0,true,0
"DCM",131822,"/Date(1703830713000)/",31850,100,627300,20004000000,0,true,0
"DCM",131822,"/Date(1703830713000)/",31850,400,627200,20001000000,0,true,0
"DCM",131822,"/Date(1703830711000)/",31850,1600,626800,19988000000,0,true,0
"DCM",131822,"/Date(1703830711000)/",31850,400,625200,19937000000,0,true,0
"DCM",131725,"/Date(1703830654000)/",31850,600,624800,19924000000,0,true,0
"DCM",131725,"/Date(1703830654000)/",31850,400,624200,19905000000,0,true,0
"DCM",131715,"/Date(1703830643000)/",31850,100,623800,19893000000,0,true,0
"DCM",131715,"/Date(1703830643000)/",31850,100,623700,19889000000,0,true,0
"DCM",131715,"/Date(1703830643000)/",31850,200,623600,19886000000,0,true,0
"DCM",131712,"/Date(1703830640000)/",31850,1800,623400,19880000000,0,true,0
"DCM",131712,"/Date(1703830640000)/",31850,100,621600,19823000000,0,true,0
"DCM",131712,"/Date(1703830640000)/",31850,2000,621500,19819000000,0,true,0
"DCM",131712,"/Date(1703830640000)/",31850,500,619500,19756000000,0,true,0
"DCM",131712,"/Date(1703830640000)/",31850,4000,619000,19740000000,0,true,0
"DCM",131712,"/Date(1703830640000)/",31850,600,615000,19612000000,0,true,0
"DCM",131643,"/Date(1703830613000)/",31850,200,614400,19593000000,0,true,0
"DCM",131631,"/Date(1703830599000)/",31850,100,614200,19587000000,0,true,0
"DCM",131631,"/Date(1703830599000)/",31900,1000,614100,19584000000,50,false,0.16
"DCM",131611,"/Date(1703830580000)/",31900,600,613100,19552000000,50,false,0.16
"DCM",131602,"/Date(1703830570000)/",31900,1600,612500,19533000000,50,false,0.16
"DCM",131559,"/Date(1703830567000)/",31850,400,610900,19482000000,0,true,0
"DCM",131546,"/Date(1703830554000)/",31900,200,610500,19469000000,50,false,0.16
"DCM",131530,"/Date(1703830540000)/",31850,1700,610300,19462000000,0,true,0
"DCM",131530,"/Date(1703830540000)/",31850,200,608600,19408000000,0,true,0
"DCM",131530,"/Date(1703830540000)/",31850,1100,608400,19402000000,0,true,0
"DCM",131520,"/Date(1703830529000)/",31850,1000,607300,19367000000,0,true,0
"DCM",131429,"/Date(1703830477000)/",31850,2900,606300,19335000000,0,true,0
"DCM",131429,"/Date(1703830477000)/",31850,1000,603400,19243000000,0,true,0
"DCM",131429,"/Date(1703830477000)/",31850,200,602400,19211000000,0,true,0
"DCM",131429,"/Date(1703830477000)/",31850,200,602200,19204000000,0,true,0
"DCM",131429,"/Date(1703830477000)/",31850,200,602000,19198000000,0,true,0
"DCM",131429,"/Date(1703830477000)/",31850,200,601800,19192000000,0,true,0
"DCM",131429,"/Date(1703830477000)/",31850,300,601600,19185000000,0,true,0
"DCM",131322,"/Date(1703830412000)/",31900,500,601300,19176000000,50,false,0.16
"DCM",131322,"/Date(1703830410000)/",31900,300,600800,19160000000,50,false,0.16
"DCM",131247,"/Date(1703830377000)/",31900,100,600500,19150000000,50,false,0.16
"DCM",131222,"/Date(1703830352000)/",31900,3000,600400,19147000000,50,false,0.16
"DCM",131222,"/Date(1703830352000)/",31900,2000,597400,19051000000,50,false,0.16
"DCM",131034,"/Date(1703830243000)/",31900,1000,595400,18988000000,50,false,0.16
"DCM",131002,"/Date(1703830211000)/",31850,200,594400,18956000000,0,true,0
"DCM",131002,"/Date(1703830211000)/",31850,800,594200,18949000000,0,true,0
"DCM",130946,"/Date(1703830195000)/",31850,1000,593400,18924000000,0,true,0
"DCM",130939,"/Date(1703830188000)/",31850,2200,592400,18892000000,0,true,0
"DCM",130939,"/Date(1703830188000)/",31850,800,590200,18822000000,0,true,0
"DCM",130911,"/Date(1703830159000)/",31850,4200,589400,18796000000,0,true,0
"DCM",130911,"/Date(1703830159000)/",31850,3000,585200,18663000000,0,true,0
"DCM",130911,"/Date(1703830159000)/",31850,100,582200,18567000000,0,true,0
"DCM",130911,"/Date(1703830159000)/",31850,5000,582100,18564000000,0,true,0
"DCM",130911,"/Date(1703830159000)/",31850,100,577100,18405000000,0,true,0
"DCM",130911,"/Date(1703830159000)/",31850,300,577000,18402000000,0,true,0
"DCM",130911,"/Date(1703830159000)/",31850,500,576700,18392000000,0,true,0
"DCM",130911,"/Date(1703830159000)/",31850,100,576200,18376000000,0,true,0
"DCM",130911,"/Date(1703830159000)/",31850,1000,576100,18373000000,0,true,0
"DCM",130732,"/Date(1703830060000)/",31850,1000,575100,18341000000,0,true,0
"DCM",130703,"/Date(1703830032000)/",31900,100,574100,18309000000,50,false,0.16
"DCM",130644,"/Date(1703830013000)/",31850,100,574000,18306000000,0,true,0
"DCM",130637,"/Date(1703830007000)/",31850,400,573900,18303000000,0,true,0
"DCM",130637,"/Date(1703830007000)/",31850,200,573500,18290000000,0,true,0
"DCM",130606,"/Date(1703829975000)/",31900,1000,573300,18284000000,50,false,0.16
"DCM",130518,"/Date(1703829927000)/",31900,10000,572300,18252000000,50,false,0.16
"DCM",130515,"/Date(1703829923000)/",31850,800,562300,17933000000,0,true,0
"DCM",130515,"/Date(1703829923000)/",31850,1200,561500,17907000000,0,true,0
"DCM",130502,"/Date(1703829909000)/",31900,900,560300,17869000000,50,false,0.16
"DCM",130502,"/Date(1703829909000)/",31900,100,559400,17840000000,50,false,0.16
"DCM",130502,"/Date(1703829909000)/",31900,1300,559300,17837000000,50,false,0.16
"DCM",130352,"/Date(1703829839000)/",31900,500,558000,17796000000,50,false,0.16
"DCM",130151,"/Date(1703829719000)/",31900,200,557500,17780000000,50,false,0.16
"DCM",130115,"/Date(1703829685000)/",31900,1000,557300,17773000000,50,false,0.16
"DCM",130015,"/Date(1703829607000)/",31900,2000,556300,17741000000,50,false,0.16
"DCM",130015,"/Date(1703829606000)/",31900,100,554300,17678000000,50,false,0.16
"DCM",130015,"/Date(1703829605000)/",31900,100,554200,17674000000,50,false,0.16
"DCM",130012,"/Date(1703829604000)/",31900,100,554100,17671000000,50,false,0.16
"DCM",130012,"/Date(1703829603000)/",31900,600,554000,17668000000,50,false,0.16
"DCM",130012,"/Date(1703829602000)/",31850,300,553400,17649000000,0,true,0
"DCM",130008,"/Date(1703829602000)/",31900,100,553100,17639000000,50,false,0.16
"DCM",130008,"/Date(1703829602000)/",31900,400,553000,17636000000,50,false,0.16
"DCM",130008,"/Date(1703829601000)/",31850,100,552600,17623000000,0,true,0
"DCM",130008,"/Date(1703829601000)/",31850,200,552500,17620000000,0,true,0
"DCM",112940,"/Date(1703824185000)/",31900,100,552300,17614000000,50,false,0.16
"DCM",112820,"/Date(1703824106000)/",31900,400,552200,17611000000,50,false,0.16
"DCM",112811,"/Date(1703824097000)/",31900,1000,551800,17598000000,50,false,0.16
"DCM",112758,"/Date(1703824085000)/",31900,100,550800,17566000000,50,false,0.16
"DCM",112748,"/Date(1703824074000)/",31900,3000,550700,17563000000,50,false,0.16
"DCM",112748,"/Date(1703824074000)/",31900,100,547700,17467000000,50,false,0.16
"DCM",112748,"/Date(1703824074000)/",31900,300,547600,17464000000,50,false,0.16
"DCM",112748,"/Date(1703824074000)/",31900,200,547300,17454000000,50,false,0.16
"DCM",112748,"/Date(1703824074000)/",31900,600,547100,17448000000,50,false,0.16
"DCM",112745,"/Date(1703824071000)/",31900,100,546500,17429000000,50,false,0.16
"DCM",112551,"/Date(1703823957000)/",31900,2000,546400,17426000000,50,false,0.16
"DCM",112525,"/Date(1703823930000)/",31900,1000,544400,17362000000,50,false,0.16
"DCM",112453,"/Date(1703823898000)/",31900,1300,543400,17330000000,50,false,0.16
"DCM",112453,"/Date(1703823898000)/",31900,1000,542100,17289000000,50,false,0.16
"DCM",112453,"/Date(1703823898000)/",31900,2100,541100,17257000000,50,false,0.16
"DCM",112453,"/Date(1703823898000)/",31900,800,539000,17190000000,50,false,0.16
"DCM",112453,"/Date(1703823898000)/",31900,300,538200,17164000000,50,false,0.16
"DCM",112453,"/Date(1703823898000)/",31900,300,537900,17155000000,50,false,0.16
"DCM",112453,"/Date(1703823898000)/",31900,200,537600,17145000000,50,false,0.16
"DCM",112453,"/Date(1703823898000)/",31900,500,537400,17139000000,50,false,0.16
"DCM",112453,"/Date(1703823898000)/",31900,100,536900,17123000000,50,false,0.16
"DCM",112453,"/Date(1703823898000)/",31900,2000,536800,17119000000,50,false,0.16
"DCM",112453,"/Date(1703823898000)/",31900,100,534800,17056000000,50,false,0.16
"DCM",112453,"/Date(1703823898000)/",31900,5000,534700,17052000000,50,false,0.16
"DCM",112453,"/Date(1703823898000)/",31900,3000,529700,16893000000,50,false,0.16
"DCM",112453,"/Date(1703823898000)/",31900,500,526700,16797000000,50,false,0.16
"DCM",112453,"/Date(1703823898000)/",31900,500,526200,16781000000,50,false,0.16
"DCM",112453,"/Date(1703823898000)/",31900,2300,525700,16765000000,50,false,0.16
"DCM",112450,"/Date(1703823895000)/",31850,700,523400,16692000000,0,true,0
"DCM",112405,"/Date(1703823850000)/",31900,1000,522700,16670000000,50,false,0.16
"DCM",112337,"/Date(1703823822000)/",31850,500,521700,16638000000,0,true,0
"DCM",112155,"/Date(1703823719000)/",31900,100,521200,16622000000,50,false,0.16
"DCM",112116,"/Date(1703823681000)/",31900,200,521100,16619000000,50,false,0.16
"DCM",112022,"/Date(1703823628000)/",31900,1400,520900,16612000000,50,false,0.16
"DCM",112022,"/Date(1703823628000)/",31900,1000,519500,16568000000,50,false,0.16
"DCM",112022,"/Date(1703823628000)/",31900,2600,518500,16536000000,50,false,0.16
"DCM",112016,"/Date(1703823621000)/",31900,100,515900,16453000000,50,false,0.16
"DCM",112013,"/Date(1703823618000)/",31850,1000,515800,16450000000,0,true,0
"DCM",111853,"/Date(1703823537000)/",31850,1000,514800,16418000000,0,true,0
"DCM",111809,"/Date(1703823494000)/",31850,1800,513800,16386000000,0,true,0
"DCM",111809,"/Date(1703823494000)/",31850,500,512000,16329000000,0,true,0
"DCM",111809,"/Date(1703823494000)/",31850,500,511500,16313000000,0,true,0
"DCM",111809,"/Date(1703823494000)/",31850,100,511000,16297000000,0,true,0
"DCM",111809,"/Date(1703823494000)/",31850,100,510900,16294000000,0,true,0
"DCM",111809,"/Date(1703823494000)/",31850,1000,510800,16290000000,0,true,0
"DCM",111809,"/Date(1703823494000)/",31850,100,509800,16259000000,0,true,0
"DCM",111809,"/Date(1703823494000)/",31850,900,509700,16255000000,0,true,0
"DCM",111737,"/Date(1703823462000)/",31850,1000,508800,16227000000,0,true,0
"DCM",111639,"/Date(1703823402000)/",31850,3100,507800,16195000000,0,true,0
"DCM",111639,"/Date(1703823402000)/",31850,100,504700,16096000000,0,true,0
"DCM",111639,"/Date(1703823402000)/",31850,1000,504600,16093000000,0,true,0
"DCM",111639,"/Date(1703823402000)/",31850,800,503600,16061000000,0,true,0
"DCM",111351,"/Date(1703823234000)/",31900,500,502800,16036000000,50,false,0.16
"DCM",111322,"/Date(1703823207000)/",31900,500,502300,16020000000,50,false,0.16
"DCM",111231,"/Date(1703823155000)/",31900,400,501800,16004000000,50,false,0.16
"DCM",111215,"/Date(1703823140000)/",31900,800,501400,15991000000,50,false,0.16
"DCM",111033,"/Date(1703823039000)/",31900,300,500600,15965000000,50,false,0.16
"DCM",111020,"/Date(1703823026000)/",31900,500,500300,15956000000,50,false,0.16
"DCM",110955,"/Date(1703823000000)/",31900,1900,499800,15940000000,50,false,0.16
"DCM",110945,"/Date(1703822990000)/",31850,3600,497900,15879000000,0,true,0
"DCM",110719,"/Date(1703822844000)/",31850,300,494300,15765000000,0,true,0
"DCM",110716,"/Date(1703822840000)/",31850,3100,494000,15755000000,0,true,0
"DCM",110716,"/Date(1703822840000)/",31850,100,490900,15656000000,0,true,0
"DCM",110716,"/Date(1703822840000)/",31850,1000,490800,15653000000,0,true,0
"DCM",110716,"/Date(1703822840000)/",31850,800,489800,15621000000,0,true,0
"DCM",110709,"/Date(1703822834000)/",31900,1000,489000,15596000000,50,false,0.16
"DCM",110653,"/Date(1703822818000)/",31850,2200,488000,15564000000,0,true,0
"DCM",110653,"/Date(1703822818000)/",31850,200,485800,15494000000,0,true,0
"DCM",110653,"/Date(1703822818000)/",31850,100,485600,15487000000,0,true,0
"DCM",110615,"/Date(1703822781000)/",31850,1200,485500,15484000000,0,true,0
"DCM",110527,"/Date(1703822734000)/",31900,2000,484300,15446000000,50,false,0.16
"DCM",110511,"/Date(1703822715000)/",31900,100,482300,15382000000,50,false,0.16
"DCM",110404,"/Date(1703822648000)/",31900,1000,482200,15379000000,50,false,0.16
"DCM",110358,"/Date(1703822644000)/",31850,100,481200,15347000000,0,true,0
"DCM",110333,"/Date(1703822617000)/",31900,200,481100,15344000000,50,false,0.16
"DCM",110329,"/Date(1703822613000)/",31850,500,480900,15338000000,0,true,0
"DCM",110251,"/Date(1703822574000)/",31900,100,480400,15322000000,50,false,0.16
"DCM",110210,"/Date(1703822534000)/",31900,400,480300,15318000000,50,false,0.16
"DCM",110206,"/Date(1703822532000)/",31900,100,479900,15306000000,50,false,0.16
"DCM",110138,"/Date(1703822501000)/",31850,1500,479800,15303000000,0,true,0
"DCM",110103,"/Date(1703822467000)/",31850,700,478300,15255000000,0,true,0
"DCM",110103,"/Date(1703822466000)/",31900,500,477600,15232000000,50,false,0.16
"DCM",105807,"/Date(1703822293000)/",31900,500,477100,15217000000,50,false,0.16
"DCM",105657,"/Date(1703822221000)/",31900,100,476600,15201000000,50,false,0.16
"DCM",105538,"/Date(1703822142000)/",31900,1000,476500,15197000000,50,false,0.16
"DCM",105515,"/Date(1703822121000)/",31900,300,475500,15165000000,50,false,0.16
"DCM",105453,"/Date(1703822098000)/",31850,500,475200,15156000000,0,true,0
"DCM",105402,"/Date(1703822048000)/",31850,400,474700,15140000000,0,true,0
"DCM",105402,"/Date(1703822048000)/",31850,100,474300,15127000000,0,true,0
"DCM",105353,"/Date(1703822037000)/",31900,500,474200,15124000000,50,false,0.16
"DCM",105333,"/Date(1703822017000)/",31900,100,473700,15108000000,50,false,0.16
"DCM",105305,"/Date(1703821990000)/",31900,200,473600,15105000000,50,false,0.16
"DCM",105302,"/Date(1703821985000)/",31900,500,473400,15099000000,50,false,0.16
"DCM",105249,"/Date(1703821975000)/",31900,500,472900,15083000000,50,false,0.16
"DCM",105113,"/Date(1703821878000)/",31900,1000,472400,15067000000,50,false,0.16
"DCM",105054,"/Date(1703821860000)/",31900,10600,471400,15035000000,50,false,0.16
"DCM",105045,"/Date(1703821849000)/",31900,1000,460800,14697000000,50,false,0.16
"DCM",105006,"/Date(1703821812000)/",31850,200,459800,14665000000,0,true,0
"DCM",104954,"/Date(1703821799000)/",31850,500,459600,14658000000,0,true,0
"DCM",104954,"/Date(1703821799000)/",31850,500,459100,14642000000,0,true,0
"DCM",104954,"/Date(1703821799000)/",31850,100,458600,14626000000,0,true,0
"DCM",104954,"/Date(1703821799000)/",31850,5000,458500,14623000000,0,true,0
"DCM",104954,"/Date(1703821799000)/",31850,3000,453500,14464000000,0,true,0
"DCM",104954,"/Date(1703821799000)/",31850,300,450500,14368000000,0,true,0
"DCM",104954,"/Date(1703821799000)/",31850,1000,450200,14359000000,0,true,0
"DCM",104954,"/Date(1703821799000)/",31850,5000,449200,14327000000,0,true,0
"DCM",104954,"/Date(1703821799000)/",31850,500,444200,14168000000,0,true,0
"DCM",104954,"/Date(1703821799000)/",31850,100,443700,14152000000,0,true,0
"DCM",104954,"/Date(1703821799000)/",31850,100,443600,14149000000,0,true,0
"DCM",104954,"/Date(1703821799000)/",31850,1000,443500,14146000000,0,true,0
"DCM",104954,"/Date(1703821799000)/",31850,500,442500,14114000000,0,true,0
"DCM",104954,"/Date(1703821799000)/",31850,500,442000,14098000000,0,true,0
"DCM",104954,"/Date(1703821799000)/",31850,2000,441500,14082000000,0,true,0
"DCM",104954,"/Date(1703821799000)/",31850,100,439500,14018000000,0,true,0
"DCM",104954,"/Date(1703821799000)/",31850,200,439400,14015000000,0,true,0
"DCM",104954,"/Date(1703821799000)/",31850,4500,439200,14009000000,0,true,0
"DCM",104954,"/Date(1703821799000)/",31850,16200,434700,13865000000,0,true,0
"DCM",104909,"/Date(1703821752000)/",31850,500,418500,13349000000,0,true,0
"DCM",104809,"/Date(1703821691000)/",31900,100,418000,13333000000,50,true,0.16
"DCM",104809,"/Date(1703821691000)/",31900,600,417900,13330000000,50,true,0.16
"DCM",104724,"/Date(1703821648000)/",31900,400,417300,13311000000,50,false,0.16
"DCM",104711,"/Date(1703821637000)/",31900,100,416900,13298000000,50,false,0.16
"DCM",104517,"/Date(1703821519000)/",31850,2600,416800,13295000000,0,true,0
"DCM",104517,"/Date(1703821519000)/",31900,6000,414200,13212000000,50,false,0.16
"DCM",104517,"/Date(1703821519000)/",31900,400,408200,13021000000,50,false,0.16
"DCM",104501,"/Date(1703821506000)/",31900,1000,407800,13008000000,50,false,0.16
"DCM",104445,"/Date(1703821488000)/",31900,100,406800,12976000000,50,false,0.16
"DCM",104429,"/Date(1703821473000)/",31900,300,406700,12973000000,50,true,0.16
"DCM",104429,"/Date(1703821473000)/",31900,5000,406400,12963000000,50,true,0.16
"DCM",104429,"/Date(1703821473000)/",31900,2000,401400,12804000000,50,true,0.16
"DCM",104429,"/Date(1703821473000)/",31900,5400,399400,12740000000,50,true,0.16
"DCM",104429,"/Date(1703821473000)/",31900,1000,394000,12568000000,50,true,0.16
"DCM",104429,"/Date(1703821473000)/",31900,1000,393000,12536000000,50,true,0.16
"DCM",104429,"/Date(1703821473000)/",31900,1000,392000,12504000000,50,true,0.16
"DCM",104429,"/Date(1703821473000)/",31900,3200,391000,12472000000,50,true,0.16
"DCM",104202,"/Date(1703821326000)/",31900,800,387800,12370000000,50,true,0.16
"DCM",104153,"/Date(1703821315000)/",31900,1200,387000,12345000000,50,true,0.16
"DCM",104105,"/Date(1703821269000)/",31900,4800,385800,12306000000,50,true,0.16
"DCM",104105,"/Date(1703821269000)/",31900,1000,381000,12153000000,50,true,0.16
"DCM",104105,"/Date(1703821269000)/",31900,100,380000,12121000000,50,true,0.16
"DCM",104105,"/Date(1703821269000)/",31900,5000,379900,12118000000,50,true,0.16
"DCM",104105,"/Date(1703821269000)/",31900,300,374900,11959000000,50,true,0.16
"DCM",104105,"/Date(1703821269000)/",31900,500,374600,11949000000,50,true,0.16
"DCM",104105,"/Date(1703821269000)/",31900,100,374100,11933000000,50,true,0.16
"DCM",104105,"/Date(1703821269000)/",31900,3000,374000,11930000000,50,true,0.16
"DCM",104105,"/Date(1703821269000)/",31900,1000,371000,11834000000,50,true,0.16
"DCM",104105,"/Date(1703821269000)/",31900,400,370000,11802000000,50,true,0.16
"DCM",104105,"/Date(1703821269000)/",31900,3800,369600,11790000000,50,true,0.16
"DCM",104039,"/Date(1703821242000)/",31900,2400,365800,11668000000,50,true,0.16
"DCM",103917,"/Date(1703821159000)/",31950,100,363400,11592000000,100,false,0.31
"DCM",103848,"/Date(1703821126000)/",31950,100,363300,11589000000,100,false,0.31
"DCM",103829,"/Date(1703821114000)/",31950,100,363200,11585000000,100,false,0.31
"DCM",103803,"/Date(1703821088000)/",31950,1300,363100,11582000000,100,false,0.31
"DCM",103803,"/Date(1703821088000)/",31950,200,361800,11541000000,100,false,0.31
"DCM",103803,"/Date(1703821088000)/",31950,300,361600,11534000000,100,false,0.31
"DCM",103803,"/Date(1703821088000)/",31950,5000,361300,11525000000,100,false,0.31
"DCM",103803,"/Date(1703821088000)/",31950,1000,356300,11365000000,100,false,0.31
"DCM",103803,"/Date(1703821088000)/",31950,1500,355300,11333000000,100,false,0.31
"DCM",103803,"/Date(1703821088000)/",31950,500,353800,11285000000,100,false,0.31
"DCM",103803,"/Date(1703821088000)/",31950,200,353300,11269000000,100,false,0.31
"DCM",103757,"/Date(1703821081000)/",31900,500,353100,11263000000,50,true,0.16
"DCM",103559,"/Date(1703820962000)/",31900,300,352600,11247000000,50,true,0.16
"DCM",103446,"/Date(1703820890000)/",31900,2800,352300,11237000000,50,true,0.16
"DCM",103210,"/Date(1703820734000)/",31900,1000,349500,11148000000,50,false,0.16
"DCM",103210,"/Date(1703820734000)/",31900,2800,348500,11116000000,50,false,0.16
"DCM",103210,"/Date(1703820734000)/",31900,100,345700,11027000000,50,false,0.16
"DCM",103148,"/Date(1703820711000)/",31900,1000,345600,11023000000,50,false,0.16
"DCM",103138,"/Date(1703820702000)/",31900,2600,344600,10992000000,50,false,0.16
"DCM",103135,"/Date(1703820700000)/",31900,900,342000,10909000000,50,false,0.16
"DCM",103129,"/Date(1703820693000)/",31900,20000,341100,10880000000,50,false,0.16
"DCM",103107,"/Date(1703820671000)/",31900,100,321100,10242000000,50,false,0.16
"DCM",103107,"/Date(1703820671000)/",31900,200,321000,10239000000,50,false,0.16
"DCM",103107,"/Date(1703820671000)/",31900,100,320800,10232000000,50,false,0.16
"DCM",103107,"/Date(1703820671000)/",31900,200,320700,10229000000,50,false,0.16
"DCM",103107,"/Date(1703820671000)/",31900,200,320500,10223000000,50,false,0.16
"DCM",103107,"/Date(1703820671000)/",31900,1000,320300,10216000000,50,false,0.16
"DCM",103107,"/Date(1703820671000)/",31900,1000,319300,10184000000,50,false,0.16
"DCM",103107,"/Date(1703820671000)/",31900,1000,318300,10153000000,50,false,0.16
"DCM",103107,"/Date(1703820671000)/",31900,1600,317300,10121000000,50,false,0.16
"DCM",103041,"/Date(1703820644000)/",31900,2000,315700,10070000000,50,true,0.16
"DCM",103009,"/Date(1703820613000)/",31900,1000,313700,10006000000,50,true,0.16
"DCM",102850,"/Date(1703820533000)/",31900,200,312700,9974000000,50,true,0.16
"DCM",102736,"/Date(1703820460000)/",31900,100,312500,9968000000,50,true,0.16
"DCM",102730,"/Date(1703820452000)/",31900,100,312400,9964000000,50,true,0.16
"DCM",102652,"/Date(1703820415000)/",31900,200,312300,9961000000,50,false,0.16
"DCM",102649,"/Date(1703820411000)/",31900,5000,312100,9955000000,50,false,0.16
"DCM",102630,"/Date(1703820393000)/",31900,100,307100,9795000000,50,false,0.16
"DCM",102601,"/Date(1703820365000)/",31900,700,307000,9792000000,50,false,0.16
"DCM",102526,"/Date(1703820329000)/",31900,1000,306300,9770000000,50,false,0.16
"DCM",102526,"/Date(1703820328000)/",31900,200,305300,9738000000,50,false,0.16
"DCM",102517,"/Date(1703820319000)/",31900,400,305100,9731000000,50,true,0.16
"DCM",102445,"/Date(1703820289000)/",31900,100,304700,9719000000,50,false,0.16
"DCM",102432,"/Date(1703820276000)/",31900,200,304600,9716000000,50,false,0.16
"DCM",102432,"/Date(1703820276000)/",31900,400,304400,9709000000,50,false,0.16
"DCM",102422,"/Date(1703820265000)/",31950,200,304000,9696000000,100,false,0.31
"DCM",102422,"/Date(1703820265000)/",31950,100,303800,9690000000,100,false,0.31
"DCM",102422,"/Date(1703820265000)/",31950,700,303700,9687000000,100,false,0.31
"DCM",102412,"/Date(1703820256000)/",31900,100,303000,9664000000,50,true,0.16
"DCM",102412,"/Date(1703820256000)/",31850,5700,302900,9661000000,0,true,0
"DCM",102412,"/Date(1703820256000)/",31850,300,297200,9480000000,0,true,0
"DCM",102412,"/Date(1703820256000)/",31850,1600,296900,9470000000,0,true,0
"DCM",102412,"/Date(1703820256000)/",31850,200,295300,9419000000,0,true,0
"DCM",102412,"/Date(1703820256000)/",31850,5000,295100,9413000000,0,true,0
"DCM",102412,"/Date(1703820256000)/",31850,200,290100,9254000000,0,true,0
"DCM",102412,"/Date(1703820256000)/",31850,5000,289900,9247000000,0,true,0
"DCM",102412,"/Date(1703820256000)/",31850,100,284900,9088000000,0,true,0
"DCM",102412,"/Date(1703820256000)/",31850,1000,284800,9085000000,0,true,0
"DCM",102412,"/Date(1703820256000)/",31850,900,283800,9053000000,0,true,0
"DCM",102353,"/Date(1703820236000)/",31900,500,282900,9024000000,50,false,0.16
"DCM",102341,"/Date(1703820223000)/",31850,1100,282400,9008000000,0,true,0
"DCM",102341,"/Date(1703820223000)/",31850,200,281300,8973000000,0,true,0
"DCM",102341,"/Date(1703820223000)/",31850,100,281100,8967000000,0,true,0
"DCM",102341,"/Date(1703820223000)/",31850,1500,281000,8964000000,0,true,0
"DCM",102341,"/Date(1703820223000)/",31850,300,279500,8916000000,0,true,0
"DCM",102341,"/Date(1703820223000)/",31850,1000,279200,8906000000,0,true,0
"DCM",102341,"/Date(1703820223000)/",31850,100,278200,8875000000,0,true,0
"DCM",102341,"/Date(1703820223000)/",31850,500,278100,8871000000,0,true,0
"DCM",102341,"/Date(1703820223000)/",31850,5000,277600,8855000000,0,true,0
"DCM",102341,"/Date(1703820223000)/",31850,100,272600,8696000000,0,true,0
"DCM",102341,"/Date(1703820223000)/",31850,100,272500,8693000000,0,true,0
"DCM",102341,"/Date(1703820223000)/",31850,600,272400,8690000000,0,true,0
"DCM",102341,"/Date(1703820223000)/",31850,1000,271800,8671000000,0,true,0
"DCM",102341,"/Date(1703820223000)/",31850,2000,270800,8639000000,0,true,0
"DCM",102341,"/Date(1703820223000)/",31850,100,268800,8575000000,0,true,0
"DCM",102341,"/Date(1703820223000)/",31850,300,268700,8572000000,0,true,0
"DCM",102341,"/Date(1703820223000)/",31850,900,268400,8562000000,0,true,0
"DCM",102341,"/Date(1703820223000)/",31850,500,267500,8534000000,0,true,0
"DCM",102341,"/Date(1703820223000)/",31850,100,267000,8518000000,0,true,0
"DCM",102341,"/Date(1703820223000)/",31850,1000,266900,8515000000,0,true,0
"DCM",102341,"/Date(1703820223000)/",31850,100,265900,8483000000,0,true,0
"DCM",102341,"/Date(1703820223000)/",31850,500,265800,8480000000,0,true,0
"DCM",102341,"/Date(1703820223000)/",31850,500,265300,8464000000,0,true,0
"DCM",102341,"/Date(1703820223000)/",31850,2400,264800,8448000000,0,true,0
"DCM",102337,"/Date(1703820222000)/",31900,500,262400,8371000000,50,false,0.16
"DCM",102337,"/Date(1703820222000)/",31900,500,261900,8355000000,50,false,0.16
"DCM",102325,"/Date(1703820208000)/",31850,500,261400,8339000000,0,true,0
"DCM",102205,"/Date(1703820128000)/",31850,900,260900,8323000000,0,true,0
"DCM",102143,"/Date(1703820105000)/",31850,1200,260000,8295000000,0,true,0
"DCM",102143,"/Date(1703820105000)/",31850,200,258800,8257000000,0,true,0
"DCM",102143,"/Date(1703820105000)/",31850,300,258600,8250000000,0,true,0
"DCM",102143,"/Date(1703820105000)/",31850,1000,258300,8241000000,0,true,0
"DCM",102143,"/Date(1703820105000)/",31850,500,257300,8209000000,0,true,0
"DCM",102143,"/Date(1703820105000)/",31850,200,256800,8193000000,0,true,0
"DCM",102143,"/Date(1703820105000)/",31850,600,256600,8187000000,0,true,0
"DCM",102114,"/Date(1703820078000)/",31850,1500,256000,8167000000,0,true,0
"DCM",102027,"/Date(1703820030000)/",31850,1500,254500,8120000000,0,true,0
"DCM",102020,"/Date(1703820025000)/",31850,100,253000,8072000000,0,true,0
