"Stockcode","Package","TradingDate","Price","Vol","TotalVol","TotalVal","Change","IsBuy","PerChange"
"MBB",144510,"/Date(1703835901000)/",18650,981800,13814600,258328000000,100,false,0.54
"MBB",143007,"/Date(1703834996000)/",18700,1000,12832800,240018000000,150,true,0.81
"MBB",142954,"/Date(1703834983000)/",18700,200,12831800,239999000000,150,true,0.81
"MBB",142947,"/Date(1703834975000)/",18700,2600,12831600,239995000000,150,true,0.81
"MBB",142947,"/Date(1703834975000)/",18700,3000,12829000,239946000000,150,true,0.81
"MBB",142947,"/Date(1703834975000)/",18700,2000,12826000,239890000000,150,true,0.81
"MBB",142947,"/Date(1703834975000)/",18700,500,12824000,239853000000,150,true,0.81
"MBB",142947,"/Date(1703834975000)/",18700,1000,12823500,239844000000,150,true,0.81
"MBB",142947,"/Date(1703834975000)/",18700,900,12822500,239825000000,150,true,0.81
"MBB",142947,"/Date(1703834975000)/",18700,100,12821600,239808000000,150,true,0.81
"MBB",142947,"/Date(1703834975000)/",18700,200,12821500,239806000000,150,true,0.81
"MBB",142941,"/Date(1703834972000)/",18700,500,12821300,239802000000,150,true,0.81
"MBB",142941,"/Date(1703834971000)/",18700,1000,12820800,239793000000,150,true,0.81
"MBB",142941,"/Date(1703834969000)/",18700,5000,12819800,239774000000,150,true,0.81
"MBB",142938,"/Date(1703834967000)/",18700,7700,12814800,239681000000,150,true,0.81
"MBB",142938,"/Date(1703834967000)/",18700,300,12807100,239537000000,150,true,0.81
"MBB",142938,"/Date(1703834967000)/",18700,100,12806800,239531000000,150,true,0.81
"MBB",142938,"/Date(1703834967000)/",18700,1200,12806700,239529000000,150,true,0.81
"MBB",142938,"/Date(1703834966000)/",18700,1000,12805500,239507000000,150,true,0.81
"MBB",142934,"/Date(1703834965000)/",18700,2400,12804500,239488000000,150,true,0.81
"MBB",142934,"/Date(1703834964000)/",18700,5400,12802100,239443000000,150,true,0.81
"MBB",142934,"/Date(1703834964000)/",18700,500,12796700,239342000000,150,true,0.81
"MBB",142934,"/Date(1703834964000)/",18700,100,12796200,239333000000,150,true,0.81
"MBB",142934,"/Date(1703834964000)/",18700,600,12796100,239331000000,150,true,0.81
"MBB",142934,"/Date(1703834964000)/",18700,6000,12795500,239320000000,150,true,0.81
"MBB",142934,"/Date(1703834964000)/",18700,100,12789500,239208000000,150,true,0.81
"MBB",142934,"/Date(1703834964000)/",18700,100,12789400,239206000000,150,true,0.81
"MBB",142934,"/Date(1703834964000)/",18700,200,12789300,239204000000,150,true,0.81
"MBB",142934,"/Date(1703834964000)/",18700,27000,12789100,239200000000,150,true,0.81
"MBB",142934,"/Date(1703834964000)/",18700,10000,12762100,238695000000,150,true,0.81
"MBB",142934,"/Date(1703834964000)/",18700,500,12752100,238508000000,150,true,0.81
"MBB",142934,"/Date(1703834964000)/",18700,16300,12751600,238499000000,150,true,0.81
"MBB",142931,"/Date(1703834962000)/",18700,1000,12735300,238194000000,150,true,0.81
"MBB",142931,"/Date(1703834961000)/",18700,6200,12734300,238176000000,150,true,0.81
"MBB",142931,"/Date(1703834959000)/",18700,100,12728100,238060000000,150,true,0.81
"MBB",142918,"/Date(1703834949000)/",18700,200,12728000,238058000000,150,true,0.81
"MBB",142915,"/Date(1703834946000)/",18700,100,12727800,238054000000,150,true,0.81
"MBB",142851,"/Date(1703834923000)/",18700,100,12727700,238052000000,150,true,0.81
"MBB",142842,"/Date(1703834913000)/",18700,1900,12727600,238050000000,150,true,0.81
"MBB",142842,"/Date(1703834912000)/",18700,2000,12725700,238015000000,150,true,0.81
"MBB",142838,"/Date(1703834910000)/",18700,8000,12723700,237977000000,150,true,0.81
"MBB",142835,"/Date(1703834906000)/",18700,100,12715700,237828000000,150,true,0.81
"MBB",142835,"/Date(1703834905000)/",18700,5000,12715600,237826000000,150,true,0.81
"MBB",142835,"/Date(1703834905000)/",18700,2000,12710600,237732000000,150,true,0.81
"MBB",142832,"/Date(1703834903000)/",18700,2400,12708600,237695000000,150,true,0.81
"MBB",142832,"/Date(1703834902000)/",18700,1000,12706200,237650000000,150,true,0.81
"MBB",142828,"/Date(1703834901000)/",18750,1400,12705200,237631000000,200,false,1.08
"MBB",142828,"/Date(1703834901000)/",18750,100,12703800,237605000000,200,false,1.08
"MBB",142828,"/Date(1703834901000)/",18750,100,12703700,237603000000,200,false,1.08
"MBB",142828,"/Date(1703834901000)/",18750,200,12703600,237601000000,200,false,1.08
"MBB",142828,"/Date(1703834901000)/",18750,200,12703400,237598000000,200,false,1.08
"MBB",142828,"/Date(1703834901000)/",18750,500,12703200,237594000000,200,false,1.08
"MBB",142828,"/Date(1703834901000)/",18750,200,12702700,237585000000,200,false,1.08
"MBB",142828,"/Date(1703834901000)/",18750,100,12702500,237581000000,200,false,1.08
"MBB",142828,"/Date(1703834901000)/",18750,1000,12702400,237579000000,200,false,1.08
"MBB",142828,"/Date(1703834901000)/",18750,500,12701400,237560000000,200,false,1.08
"MBB",142828,"/Date(1703834901000)/",18750,100,12700900,237551000000,200,false,1.08
"MBB",142828,"/Date(1703834901000)/",18750,3800,12700800,237549000000,200,false,1.08
"MBB",142828,"/Date(1703834901000)/",18750,100,12697000,237478000000,200,false,1.08
"MBB",142828,"/Date(1703834901000)/",18750,400,12696900,237476000000,200,false,1.08
"MBB",142828,"/Date(1703834901000)/",18750,10000,12696500,237468000000,200,false,1.08
"MBB",142828,"/Date(1703834901000)/",18750,2000,12686500,237281000000,200,false,1.08
"MBB",142828,"/Date(1703834901000)/",18750,1300,12684500,237243000000,200,false,1.08
"MBB",142825,"/Date(1703834895000)/",18700,1300,12683200,237219000000,150,true,0.81
"MBB",142822,"/Date(1703834894000)/",18700,100,12681900,237195000000,150,true,0.81
"MBB",142822,"/Date(1703834893000)/",18700,100,12681800,237193000000,150,true,0.81
"MBB",142818,"/Date(1703834890000)/",18700,800,12681700,237191000000,150,true,0.81
"MBB",142818,"/Date(1703834889000)/",18700,400,12680900,237176000000,150,true,0.81
"MBB",142811,"/Date(1703834883000)/",18700,600,12680500,237168000000,150,true,0.81
"MBB",142805,"/Date(1703834877000)/",18700,300,12679900,237157000000,150,true,0.81
"MBB",142805,"/Date(1703834877000)/",18700,700,12679600,237152000000,150,true,0.81
"MBB",142801,"/Date(1703834873000)/",18700,4000,12678900,237138000000,150,true,0.81
"MBB",142801,"/Date(1703834873000)/",18700,1500,12674900,237064000000,150,true,0.81
"MBB",142755,"/Date(1703834869000)/",18700,13800,12673400,237036000000,150,true,0.81
"MBB",142755,"/Date(1703834869000)/",18700,1200,12659600,236778000000,150,true,0.81
"MBB",142738,"/Date(1703834853000)/",18700,500,12658400,236755000000,150,true,0.81
"MBB",142738,"/Date(1703834852000)/",18700,2000,12657900,236746000000,150,true,0.81
"MBB",142738,"/Date(1703834852000)/",18700,2000,12655900,236708000000,150,true,0.81
"MBB",142734,"/Date(1703834850000)/",18700,700,12653900,236671000000,150,true,0.81
"MBB",142734,"/Date(1703834849000)/",18700,200,12653200,236658000000,150,true,0.81
"MBB",142727,"/Date(1703834843000)/",18700,300,12653000,236654000000,150,true,0.81
"MBB",142724,"/Date(1703834840000)/",18700,100,12652700,236649000000,150,true,0.81
"MBB",142721,"/Date(1703834837000)/",18700,3500,12652600,236647000000,150,true,0.81
"MBB",142703,"/Date(1703834818000)/",18700,300,12649100,236581000000,150,true,0.81
"MBB",142646,"/Date(1703834803000)/",18700,500,12648800,236576000000,150,true,0.81
"MBB",142646,"/Date(1703834803000)/",18700,200,12648300,236566000000,150,true,0.81
"MBB",142642,"/Date(1703834802000)/",18700,1000,12648100,236563000000,150,true,0.81
"MBB",142635,"/Date(1703834796000)/",18700,1000,12647100,236544000000,150,true,0.81
"MBB",142628,"/Date(1703834787000)/",18700,500,12646100,236525000000,150,true,0.81
"MBB",142611,"/Date(1703834773000)/",18700,200,12645600,236516000000,150,true,0.81
"MBB",142604,"/Date(1703834765000)/",18750,1400,12645400,236512000000,200,false,1.08
"MBB",142601,"/Date(1703834763000)/",18700,1000,12644000,236486000000,150,true,0.81
"MBB",142558,"/Date(1703834758000)/",18700,100,12643000,236467000000,150,true,0.81
"MBB",142542,"/Date(1703834743000)/",18700,500,12642900,236465000000,150,true,0.81
"MBB",142535,"/Date(1703834737000)/",18750,5500,12642400,236456000000,200,false,1.08
"MBB",142532,"/Date(1703834733000)/",18700,100,12636900,236353000000,150,true,0.81
"MBB",142526,"/Date(1703834728000)/",18700,1000,12636800,236351000000,150,true,0.81
"MBB",142526,"/Date(1703834727000)/",18700,100,12635800,236332000000,150,true,0.81
"MBB",142526,"/Date(1703834727000)/",18750,100,12635700,236330000000,200,false,1.08
"MBB",142522,"/Date(1703834723000)/",18700,400,12635600,236328000000,150,true,0.81
"MBB",142519,"/Date(1703834722000)/",18700,1000,12635200,236321000000,150,true,0.81
"MBB",142513,"/Date(1703834714000)/",18700,1400,12634200,236302000000,150,true,0.81
"MBB",142513,"/Date(1703834713000)/",18700,2200,12632800,236276000000,150,true,0.81
"MBB",142510,"/Date(1703834712000)/",18700,1000,12630600,236235000000,150,true,0.81
"MBB",142503,"/Date(1703834706000)/",18750,20000,12629600,236216000000,200,false,1.08
"MBB",142500,"/Date(1703834703000)/",18700,1000,12609600,235841000000,150,true,0.81
"MBB",142453,"/Date(1703834695000)/",18700,1000,12608600,235823000000,150,true,0.81
"MBB",142453,"/Date(1703834695000)/",18700,100,12607600,235804000000,150,true,0.81
"MBB",142453,"/Date(1703834695000)/",18700,8900,12607500,235802000000,150,true,0.81
"MBB",142450,"/Date(1703834691000)/",18700,400,12598600,235636000000,150,true,0.81
"MBB",142431,"/Date(1703834673000)/",18700,100,12598200,235628000000,150,true,0.81
"MBB",142421,"/Date(1703834663000)/",18700,600,12598100,235626000000,150,true,0.81
"MBB",142421,"/Date(1703834663000)/",18700,400,12597500,235615000000,150,true,0.81
"MBB",142415,"/Date(1703834658000)/",18750,1700,12597100,235607000000,200,false,1.08
"MBB",142415,"/Date(1703834658000)/",18750,1000,12595400,235576000000,200,false,1.08
"MBB",142415,"/Date(1703834658000)/",18750,2300,12594400,235557000000,200,false,1.08
"MBB",142415,"/Date(1703834657000)/",18700,100,12592100,235514000000,150,true,0.81
"MBB",142411,"/Date(1703834654000)/",18700,4900,12592000,235512000000,150,true,0.81
"MBB",142411,"/Date(1703834653000)/",18700,600,12587100,235420000000,150,true,0.81
"MBB",142408,"/Date(1703834651000)/",18700,5000,12586500,235409000000,150,true,0.81
"MBB",142402,"/Date(1703834643000)/",18700,100,12581500,235316000000,150,true,0.81
"MBB",142402,"/Date(1703834643000)/",18700,1500,12581400,235314000000,150,true,0.81
"MBB",142359,"/Date(1703834641000)/",18700,14400,12579900,235286000000,150,true,0.81
"MBB",142352,"/Date(1703834633000)/",18700,600,12565500,235016000000,150,true,0.81
"MBB",142346,"/Date(1703834629000)/",18700,400,12564900,235005000000,150,true,0.81
"MBB",142346,"/Date(1703834629000)/",18700,2000,12564500,234998000000,150,true,0.81
"MBB",142346,"/Date(1703834629000)/",18700,2000,12562500,234960000000,150,true,0.81
"MBB",142346,"/Date(1703834629000)/",18700,700,12560500,234923000000,150,true,0.81
"MBB",142339,"/Date(1703834623000)/",18700,1200,12559800,234910000000,150,true,0.81
"MBB",142339,"/Date(1703834620000)/",18700,100,12558600,234887000000,150,true,0.81
"MBB",142339,"/Date(1703834620000)/",18700,1600,12558500,234885000000,150,true,0.81
"MBB",142339,"/Date(1703834620000)/",18700,8600,12556900,234855000000,150,true,0.81
"MBB",142336,"/Date(1703834617000)/",18700,1400,12548300,234695000000,150,true,0.81
"MBB",142336,"/Date(1703834617000)/",18700,100,12546900,234668000000,150,true,0.81
"MBB",142336,"/Date(1703834617000)/",18700,100,12546800,234667000000,150,true,0.81
"MBB",142336,"/Date(1703834617000)/",18700,100,12546700,234665000000,150,true,0.81
"MBB",142336,"/Date(1703834617000)/",18700,100,12546600,234663000000,150,true,0.81
"MBB",142336,"/Date(1703834617000)/",18700,100,12546500,234661000000,150,true,0.81
"MBB",142336,"/Date(1703834617000)/",18700,100,12546400,234659000000,150,true,0.81
"MBB",142336,"/Date(1703834617000)/",18700,200,12546300,234657000000,150,true,0.81
"MBB",142320,"/Date(1703834604000)/",18750,2000,12546100,234654000000,200,false,1.08
"MBB",142320,"/Date(1703834603000)/",18700,9800,12544100,234616000000,150,true,0.81
"MBB",142320,"/Date(1703834603000)/",18700,4000,12534300,234433000000,150,true,0.81
"MBB",142320,"/Date(1703834603000)/",18700,100,12530300,234358000000,150,true,0.81
"MBB",142320,"/Date(1703834603000)/",18700,200,12530200,234356000000,150,true,0.81
"MBB",142320,"/Date(1703834603000)/",18700,5900,12530000,234352000000,150,true,0.81
"MBB",142320,"/Date(1703834603000)/",18700,100,12524100,234242000000,150,true,0.81
"MBB",142317,"/Date(1703834599000)/",18700,200,12524000,234240000000,150,true,0.81
"MBB",142310,"/Date(1703834593000)/",18700,1400,12523800,234236000000,150,true,0.81
"MBB",142307,"/Date(1703834588000)/",18700,5000,12522400,234210000000,150,true,0.81
"MBB",142300,"/Date(1703834583000)/",18700,9900,12517400,234117000000,150,true,0.81
"MBB",142257,"/Date(1703834579000)/",18700,7500,12507500,233932000000,150,true,0.81
"MBB",142257,"/Date(1703834579000)/",18700,100,12500000,233791000000,150,true,0.81
"MBB",142257,"/Date(1703834579000)/",18700,6800,12499900,233789000000,150,true,0.81
"MBB",142257,"/Date(1703834579000)/",18700,800,12493100,233662000000,150,true,0.81
"MBB",142254,"/Date(1703834578000)/",18700,22400,12492300,233647000000,150,true,0.81
"MBB",142254,"/Date(1703834578000)/",18700,1000,12469900,233228000000,150,true,0.81
"MBB",142254,"/Date(1703834578000)/",18700,1000,12468900,233210000000,150,true,0.81
"MBB",142254,"/Date(1703834578000)/",18700,1200,12467900,233191000000,150,true,0.81
"MBB",142254,"/Date(1703834578000)/",18700,1000,12466700,233169000000,150,true,0.81
"MBB",142254,"/Date(1703834578000)/",18700,500,12465700,233150000000,150,true,0.81
"MBB",142254,"/Date(1703834578000)/",18700,100,12465200,233141000000,150,true,0.81
"MBB",142254,"/Date(1703834578000)/",18700,300,12465100,233139000000,150,true,0.81
"MBB",142254,"/Date(1703834578000)/",18700,5000,12464800,233133000000,150,true,0.81
"MBB",142254,"/Date(1703834578000)/",18700,500,12459800,233040000000,150,true,0.81
"MBB",142254,"/Date(1703834578000)/",18700,100,12459300,233030000000,150,true,0.81
"MBB",142254,"/Date(1703834578000)/",18700,1000,12459200,233028000000,150,true,0.81
"MBB",142254,"/Date(1703834578000)/",18700,1000,12458200,233010000000,150,true,0.81
"MBB",142254,"/Date(1703834578000)/",18700,500,12457200,232991000000,150,true,0.81
"MBB",142254,"/Date(1703834578000)/",18700,30000,12456700,232982000000,150,true,0.81
"MBB",142254,"/Date(1703834578000)/",18700,1000,12426700,232421000000,150,true,0.81
"MBB",142254,"/Date(1703834578000)/",18700,10000,12425700,232402000000,150,true,0.81
"MBB",142254,"/Date(1703834578000)/",18700,3900,12415700,232215000000,150,true,0.81
"MBB",142251,"/Date(1703834573000)/",18700,3700,12411800,232142000000,150,true,0.81
"MBB",142244,"/Date(1703834567000)/",18750,700,12408100,232073000000,200,false,1.08
"MBB",142244,"/Date(1703834567000)/",18750,1300,12407400,232060000000,200,false,1.08
"MBB",142244,"/Date(1703834567000)/",18750,300,12406100,232035000000,200,false,1.08
"MBB",142244,"/Date(1703834567000)/",18750,2700,12405800,232030000000,200,false,1.08
"MBB",142241,"/Date(1703834563000)/",18700,22400,12403100,231979000000,150,true,0.81
"MBB",142241,"/Date(1703834563000)/",18700,9500,12380700,231560000000,150,true,0.81
"MBB",142241,"/Date(1703834563000)/",18700,800,12371200,231383000000,150,true,0.81
"MBB",142234,"/Date(1703834557000)/",18700,19700,12370400,231368000000,150,true,0.81
"MBB",142234,"/Date(1703834557000)/",18700,200,12350700,230999000000,150,true,0.81
"MBB",142234,"/Date(1703834557000)/",18700,30000,12350500,230995000000,150,true,0.81
"MBB",142234,"/Date(1703834557000)/",18700,30000,12320500,230434000000,150,true,0.81
"MBB",142234,"/Date(1703834557000)/",18700,10000,12290500,229873000000,150,true,0.81
"MBB",142234,"/Date(1703834557000)/",18700,30000,12280500,229686000000,150,true,0.81
"MBB",142234,"/Date(1703834557000)/",18700,300,12250500,229125000000,150,true,0.81
"MBB",142234,"/Date(1703834557000)/",18700,600,12250200,229120000000,150,true,0.81
"MBB",142234,"/Date(1703834557000)/",18700,45000,12249600,229109000000,150,true,0.81
"MBB",142234,"/Date(1703834557000)/",18700,600,12204600,228267000000,150,true,0.81
"MBB",142234,"/Date(1703834557000)/",18700,5000,12204000,228256000000,150,true,0.81
"MBB",142234,"/Date(1703834557000)/",18700,200,12199000,228162000000,150,true,0.81
"MBB",142234,"/Date(1703834557000)/",18700,2000,12198800,228159000000,150,true,0.81
"MBB",142234,"/Date(1703834557000)/",18700,1100,12196800,228121000000,150,true,0.81
"MBB",142234,"/Date(1703834557000)/",18700,100,12195700,228101000000,150,true,0.81
"MBB",142234,"/Date(1703834557000)/",18700,5000,12195600,228099000000,150,true,0.81
"MBB",142234,"/Date(1703834557000)/",18700,1000,12190600,228005000000,150,true,0.81
"MBB",142234,"/Date(1703834557000)/",18700,200,12189600,227987000000,150,true,0.81
"MBB",142234,"/Date(1703834557000)/",18700,200,12189400,227983000000,150,true,0.81
"MBB",142234,"/Date(1703834557000)/",18700,200,12189200,227979000000,150,true,0.81
"MBB",142234,"/Date(1703834557000)/",18700,30000,12189000,227975000000,150,true,0.81
"MBB",142234,"/Date(1703834557000)/",18700,100,12159000,227414000000,150,true,0.81
"MBB",142234,"/Date(1703834557000)/",18700,100,12158900,227413000000,150,true,0.81
"MBB",142234,"/Date(1703834557000)/",18700,200,12158800,227411000000,150,true,0.81
"MBB",142234,"/Date(1703834557000)/",18700,200,12158600,227407000000,150,true,0.81
"MBB",142234,"/Date(1703834557000)/",18700,100,12158400,227403000000,150,true,0.81
"MBB",142234,"/Date(1703834557000)/",18700,100,12158300,227401000000,150,true,0.81
"MBB",142234,"/Date(1703834557000)/",18700,10000,12158200,227399000000,150,true,0.81
"MBB",142234,"/Date(1703834557000)/",18700,100,12148200,227212000000,150,true,0.81
"MBB",142234,"/Date(1703834557000)/",18700,200,12148100,227211000000,150,true,0.81
"MBB",142234,"/Date(1703834557000)/",18700,900,12147900,227207000000,150,true,0.81
"MBB",142234,"/Date(1703834557000)/",18700,300,12147000,227190000000,150,true,0.81
"MBB",142234,"/Date(1703834557000)/",18700,2000,12146700,227184000000,150,true,0.81
"MBB",142234,"/Date(1703834557000)/",18700,2200,12144700,227147000000,150,true,0.81
"MBB",142234,"/Date(1703834557000)/",18700,600,12142500,227106000000,150,true,0.81
"MBB",142234,"/Date(1703834557000)/",18700,100,12141900,227095000000,150,true,0.81
"MBB",142234,"/Date(1703834557000)/",18700,100,12141800,227093000000,150,true,0.81
"MBB",142234,"/Date(1703834557000)/",18700,2000,12141700,227091000000,150,true,0.81
"MBB",142234,"/Date(1703834557000)/",18700,2000,12139700,227054000000,150,true,0.81
"MBB",142234,"/Date(1703834557000)/",18700,100,12137700,227016000000,150,true,0.81
"MBB",142234,"/Date(1703834557000)/",18700,1000,12137600,227014000000,150,true,0.81
"MBB",142234,"/Date(1703834557000)/",18700,100,12136600,226996000000,150,true,0.81
"MBB",142234,"/Date(1703834557000)/",18700,30000,12136500,226994000000,150,true,0.81
"MBB",142234,"/Date(1703834557000)/",18700,1000,12106500,226433000000,150,true,0.81
"MBB",142234,"/Date(1703834557000)/",18700,1000,12105500,226414000000,150,true,0.81
"MBB",142234,"/Date(1703834557000)/",18700,100,12104500,226395000000,150,true,0.81
"MBB",142234,"/Date(1703834557000)/",18700,500,12104400,226393000000,150,true,0.81
"MBB",142234,"/Date(1703834557000)/",18700,200,12103900,226384000000,150,true,0.81
"MBB",142234,"/Date(1703834557000)/",18700,100,12103700,226380000000,150,true,0.81
"MBB",142234,"/Date(1703834557000)/",18700,30000,12103600,226378000000,150,true,0.81
"MBB",142234,"/Date(1703834557000)/",18700,200,12073600,225817000000,150,true,0.81
"MBB",142234,"/Date(1703834557000)/",18700,500,12073400,225814000000,150,true,0.81
"MBB",142234,"/Date(1703834557000)/",18700,1000,12072900,225804000000,150,true,0.81
"MBB",142234,"/Date(1703834557000)/",18700,1500,12071900,225786000000,150,true,0.81
"MBB",142231,"/Date(1703834555000)/",18750,2300,12070400,225758000000,200,false,1.08
"MBB",142231,"/Date(1703834555000)/",18750,700,12068100,225714000000,200,false,1.08
"MBB",142231,"/Date(1703834555000)/",18750,100,12067400,225701000000,200,false,1.08
"MBB",142231,"/Date(1703834555000)/",18750,3800,12067300,225699000000,200,false,1.08
"MBB",142231,"/Date(1703834555000)/",18750,500,12063500,225628000000,200,false,1.08
"MBB",142231,"/Date(1703834555000)/",18750,1000,12063000,225619000000,200,false,1.08
"MBB",142231,"/Date(1703834555000)/",18750,7500,12062000,225600000000,200,false,1.08
"MBB",142231,"/Date(1703834555000)/",18750,200,12054500,225459000000,200,false,1.08
"MBB",142231,"/Date(1703834555000)/",18750,600,12054300,225456000000,200,false,1.08
"MBB",142231,"/Date(1703834555000)/",18750,2300,12053700,225444000000,200,false,1.08
"MBB",142231,"/Date(1703834553000)/",18700,100,12051400,225401000000,150,true,0.81
"MBB",142228,"/Date(1703834552000)/",18750,1000,12051300,225399000000,200,false,1.08
"MBB",142225,"/Date(1703834549000)/",18700,100,12050300,225381000000,150,true,0.81
"MBB",142225,"/Date(1703834549000)/",18700,100,12050200,225379000000,150,true,0.81
"MBB",142209,"/Date(1703834533000)/",18700,400,12050100,225377000000,150,true,0.81
"MBB",142205,"/Date(1703834528000)/",18750,200,12049700,225370000000,200,false,1.08
"MBB",142205,"/Date(1703834527000)/",18700,3000,12049500,225366000000,150,true,0.81
"MBB",142159,"/Date(1703834523000)/",18700,1500,12046500,225310000000,150,true,0.81
"MBB",142152,"/Date(1703834516000)/",18700,13700,12045000,225282000000,150,true,0.81
"MBB",142152,"/Date(1703834516000)/",18700,700,12031300,225025000000,150,true,0.81
"MBB",142149,"/Date(1703834513000)/",18700,600,12030600,225012000000,150,true,0.81
"MBB",142149,"/Date(1703834512000)/",18700,100,12030000,225001000000,150,true,0.81
"MBB",142149,"/Date(1703834511000)/",18750,4700,12029900,224999000000,200,false,1.08
"MBB",142139,"/Date(1703834503000)/",18700,1200,12025200,224911000000,150,true,0.81
"MBB",142139,"/Date(1703834501000)/",18700,200,12024000,224889000000,150,true,0.81
"MBB",142136,"/Date(1703834498000)/",18750,2000,12023800,224885000000,200,false,1.08
"MBB",142133,"/Date(1703834496000)/",18700,10000,12021800,224847000000,150,true,0.81
"MBB",142126,"/Date(1703834491000)/",18700,200,12011800,224660000000,150,true,0.81
"MBB",142110,"/Date(1703834473000)/",18700,500,12011600,224657000000,150,true,0.81
"MBB",142104,"/Date(1703834468000)/",18750,2000,12011100,224647000000,200,false,1.08
"MBB",142100,"/Date(1703834464000)/",18750,1500,12009100,224610000000,200,false,1.08
"MBB",142100,"/Date(1703834464000)/",18700,2000,12007600,224582000000,150,true,0.81
"MBB",142038,"/Date(1703834443000)/",18700,200,12005600,224544000000,150,true,0.81
"MBB",142028,"/Date(1703834434000)/",18750,200,12005400,224541000000,200,false,1.08
"MBB",142028,"/Date(1703834433000)/",18700,2400,12005200,224537000000,150,true,0.81
"MBB",142028,"/Date(1703834431000)/",18700,9000,12002800,224492000000,150,true,0.81
"MBB",142022,"/Date(1703834428000)/",18700,100,11993800,224324000000,150,true,0.81
"MBB",142022,"/Date(1703834426000)/",18750,100,11993700,224322000000,200,false,1.08
"MBB",142018,"/Date(1703834423000)/",18700,600,11993600,224320000000,150,true,0.81
"MBB",142018,"/Date(1703834423000)/",18700,2200,11993000,224309000000,150,true,0.81
"MBB",142018,"/Date(1703834423000)/",18700,3700,11990800,224268000000,150,true,0.81
"MBB",142018,"/Date(1703834423000)/",18700,8500,11987100,224198000000,150,true,0.81
"MBB",142012,"/Date(1703834417000)/",18750,600,11978600,224039000000,200,false,1.08
"MBB",142012,"/Date(1703834416000)/",18700,4000,11978000,224028000000,150,true,0.81
"MBB",142009,"/Date(1703834413000)/",18700,1700,11974000,223953000000,150,true,0.81
"MBB",142005,"/Date(1703834411000)/",18700,4900,11972300,223922000000,150,true,0.81
"MBB",142005,"/Date(1703834410000)/",18700,10000,11967400,223830000000,150,true,0.81
"MBB",142005,"/Date(1703834408000)/",18700,2400,11957400,223643000000,150,true,0.81
"MBB",141959,"/Date(1703834403000)/",18700,200,11955000,223598000000,150,true,0.81
"MBB",141949,"/Date(1703834393000)/",18700,200,11954800,223594000000,150,true,0.81
"MBB",141936,"/Date(1703834383000)/",18700,1900,11954600,223591000000,150,true,0.81
"MBB",141936,"/Date(1703834383000)/",18700,400,11952700,223555000000,150,true,0.81
"MBB",141936,"/Date(1703834381000)/",18750,1500,11952300,223548000000,200,false,1.08
"MBB",141933,"/Date(1703834378000)/",18700,500,11950800,223519000000,150,true,0.81
"MBB",141927,"/Date(1703834373000)/",18700,2000,11950300,223510000000,150,true,0.81
"MBB",141927,"/Date(1703834371000)/",18700,20000,11948300,223473000000,150,true,0.81
"MBB",141917,"/Date(1703834363000)/",18700,300,11928300,223099000000,150,true,0.81
"MBB",141911,"/Date(1703834356000)/",18700,800,11928000,223093000000,150,true,0.81
"MBB",141907,"/Date(1703834353000)/",18700,100,11927200,223078000000,150,true,0.81
"MBB",141907,"/Date(1703834353000)/",18750,2800,11927100,223076000000,200,false,1.08
"MBB",141907,"/Date(1703834352000)/",18700,1400,11924300,223024000000,150,true,0.81
"MBB",141838,"/Date(1703834323000)/",18700,100,11922900,222998000000,150,true,0.81
"MBB",141835,"/Date(1703834321000)/",18750,1000,11922800,222996000000,200,false,1.08
"MBB",141816,"/Date(1703834303000)/",18700,100,11921800,222977000000,150,true,0.81
"MBB",141816,"/Date(1703834302000)/",18700,100,11921700,222975000000,150,true,0.81
"MBB",141812,"/Date(1703834298000)/",18700,1000,11921600,222973000000,150,true,0.81
"MBB",141806,"/Date(1703834293000)/",18700,100,11920600,222955000000,150,true,0.81
"MBB",141756,"/Date(1703834283000)/",18700,1500,11920500,222953000000,150,true,0.81
"MBB",141750,"/Date(1703834276000)/",18700,1500,11919000,222925000000,150,true,0.81
"MBB",141750,"/Date(1703834275000)/",18750,100,11917500,222897000000,200,false,1.08
"MBB",141750,"/Date(1703834275000)/",18750,100,11917400,222895000000,200,false,1.08
"MBB",141750,"/Date(1703834275000)/",18750,9000,11917300,222893000000,200,false,1.08
"MBB",141750,"/Date(1703834275000)/",18750,100,11908300,222724000000,200,false,1.08
"MBB",141750,"/Date(1703834275000)/",18750,200,11908200,222722000000,200,false,1.08
"MBB",141750,"/Date(1703834275000)/",18750,200,11908000,222718000000,200,false,1.08
"MBB",141750,"/Date(1703834275000)/",18750,4200,11907800,222715000000,200,false,1.08
"MBB",141750,"/Date(1703834275000)/",18700,500,11903600,222636000000,150,true,0.81
"MBB",141737,"/Date(1703834263000)/",18700,100,11903100,222627000000,150,true,0.81
"MBB",141727,"/Date(1703834255000)/",18750,800,11903000,222625000000,200,false,1.08
"MBB",141727,"/Date(1703834255000)/",18750,300,11902200,222610000000,200,false,1.08
"MBB",141727,"/Date(1703834253000)/",18700,300,11901900,222604000000,150,true,0.81
"MBB",141718,"/Date(1703834244000)/",18700,3500,11901600,222598000000,150,true,0.81
"MBB",141711,"/Date(1703834236000)/",18700,300,11898100,222533000000,150,true,0.81
"MBB",141711,"/Date(1703834236000)/",18700,100,11897800,222527000000,150,true,0.81
"MBB",141708,"/Date(1703834233000)/",18700,200,11897700,222526000000,150,true,0.81
"MBB",141655,"/Date(1703834223000)/",18700,2000,11897500,222522000000,150,true,0.81
"MBB",141655,"/Date(1703834223000)/",18700,100,11895500,222484000000,150,true,0.81
"MBB",141645,"/Date(1703834213000)/",18700,900,11895400,222483000000,150,true,0.81
"MBB",141645,"/Date(1703834213000)/",18750,200,11894500,222466000000,200,false,1.08
"MBB",141642,"/Date(1703834210000)/",18750,700,11894300,222462000000,200,false,1.08
"MBB",141642,"/Date(1703834210000)/",18750,500,11893600,222449000000,200,false,1.08
"MBB",141642,"/Date(1703834210000)/",18750,500,11893100,222439000000,200,false,1.08
"MBB",141642,"/Date(1703834210000)/",18750,1000,11892600,222430000000,200,false,1.08
"MBB",141642,"/Date(1703834210000)/",18750,100,11891600,222411000000,200,false,1.08
"MBB",141642,"/Date(1703834210000)/",18750,100,11891500,222409000000,200,false,1.08
"MBB",141642,"/Date(1703834210000)/",18750,1900,11891400,222408000000,200,false,1.08
"MBB",141639,"/Date(1703834207000)/",18750,4800,11889500,222372000000,200,false,1.08
"MBB",141626,"/Date(1703834193000)/",18700,100,11884700,222282000000,150,true,0.81
"MBB",141626,"/Date(1703834192000)/",18700,200,11884600,222280000000,150,true,0.81
"MBB",141623,"/Date(1703834190000)/",18700,200,11884400,222276000000,150,true,0.81
"MBB",141619,"/Date(1703834186000)/",18700,1000,11884200,222273000000,150,true,0.81
"MBB",141557,"/Date(1703834163000)/",18700,300,11883200,222254000000,150,true,0.81
"MBB",141547,"/Date(1703834153000)/",18700,3500,11882900,222248000000,150,true,0.81
"MBB",141541,"/Date(1703834149000)/",18700,5100,11879400,222183000000,150,true,0.81
"MBB",141541,"/Date(1703834147000)/",18700,30000,11874300,222087000000,150,true,0.81
"MBB",141537,"/Date(1703834143000)/",18700,100,11844300,221526000000,150,true,0.81
"MBB",141531,"/Date(1703834137000)/",18700,1300,11844200,221525000000,150,true,0.81
"MBB",141528,"/Date(1703834134000)/",18700,100,11842900,221500000000,150,true,0.81
"MBB",141524,"/Date(1703834133000)/",18700,100,11842800,221498000000,150,true,0.81
"MBB",141521,"/Date(1703834128000)/",18700,800,11842700,221497000000,150,true,0.81
"MBB",141518,"/Date(1703834124000)/",18700,200,11841900,221482000000,150,true,0.81
"MBB",141515,"/Date(1703834123000)/",18700,200,11841700,221478000000,150,true,0.81
"MBB",141505,"/Date(1703834113000)/",18700,2000,11841500,221474000000,150,true,0.81
"MBB",141502,"/Date(1703834108000)/",18750,3300,11839500,221437000000,200,false,1.08
"MBB",141502,"/Date(1703834108000)/",18750,100,11836200,221375000000,200,false,1.08
"MBB",141502,"/Date(1703834108000)/",18750,200,11836100,221373000000,200,false,1.08
"MBB",141502,"/Date(1703834108000)/",18750,9000,11835900,221369000000,200,false,1.08
"MBB",141502,"/Date(1703834108000)/",18750,100,11826900,221200000000,200,false,1.08
"MBB",141502,"/Date(1703834108000)/",18750,7300,11826800,221199000000,200,false,1.08
"MBB",141442,"/Date(1703834090000)/",18750,600,11819500,221062000000,200,false,1.08
"MBB",141423,"/Date(1703834070000)/",18700,100,11818900,221050000000,150,true,0.81
"MBB",141344,"/Date(1703834033000)/",18700,100,11818800,221049000000,150,true,0.81
"MBB",141341,"/Date(1703834029000)/",18750,100,11818700,221047000000,200,false,1.08
"MBB",141334,"/Date(1703834025000)/",18700,500,11818600,221045000000,150,true,0.81
"MBB",141334,"/Date(1703834024000)/",18700,500,11818100,221035000000,150,true,0.81
"MBB",141334,"/Date(1703834023000)/",18700,600,11817600,221026000000,150,true,0.81
"MBB",141331,"/Date(1703834021000)/",18750,2000,11817000,221015000000,200,false,1.08
"MBB",141331,"/Date(1703834021000)/",18750,100,11815000,220977000000,200,false,1.08
"MBB",141331,"/Date(1703834021000)/",18750,3700,11814900,220976000000,200,false,1.08
"MBB",141331,"/Date(1703834021000)/",18750,200,11811200,220906000000,200,false,1.08
"MBB",141325,"/Date(1703834013000)/",18700,100,11811000,220902000000,150,true,0.81
"MBB",141325,"/Date(1703834012000)/",18750,1000,11810900,220901000000,200,false,1.08
"MBB",141315,"/Date(1703834004000)/",18750,100,11809900,220882000000,200,false,1.08
"MBB",141216,"/Date(1703833947000)/",18750,200,11809800,220880000000,200,false,1.08
"MBB",141141,"/Date(1703833912000)/",18750,300,11809600,220876000000,200,false,1.08
"MBB",141124,"/Date(1703833894000)/",18750,100,11809300,220871000000,200,false,1.08
"MBB",141108,"/Date(1703833877000)/",18750,500,11809200,220869000000,200,false,1.08
"MBB",141023,"/Date(1703833834000)/",18700,100,11808700,220859000000,150,true,0.81
"MBB",141013,"/Date(1703833823000)/",18700,100,11808600,220857000000,150,true,0.81
"MBB",141010,"/Date(1703833822000)/",18700,1000,11808500,220856000000,150,true,0.81
"MBB",141000,"/Date(1703833813000)/",18700,100,11807500,220837000000,150,true,0.81
"MBB",141000,"/Date(1703833811000)/",18700,1000,11807400,220835000000,150,true,0.81
"MBB",140950,"/Date(1703833803000)/",18700,100,11806400,220816000000,150,true,0.81
"MBB",140947,"/Date(1703833799000)/",18700,1000,11806300,220814000000,150,true,0.81
"MBB",140918,"/Date(1703833770000)/",18700,500,11805300,220796000000,150,true,0.81
"MBB",140902,"/Date(1703833753000)/",18700,100,11804800,220786000000,150,true,0.81
"MBB",140849,"/Date(1703833743000)/",18700,1000,11804700,220784000000,150,true,0.81
"MBB",140849,"/Date(1703833741000)/",18750,10000,11803700,220766000000,200,false,1.08
"MBB",140820,"/Date(1703833713000)/",18700,100,11793700,220578000000,150,true,0.81
"MBB",140817,"/Date(1703833708000)/",18700,1000,11793600,220576000000,150,true,0.81
"MBB",140804,"/Date(1703833695000)/",18750,300,11792600,220558000000,200,false,1.08
"MBB",140801,"/Date(1703833693000)/",18700,300,11792300,220552000000,150,true,0.81
"MBB",140751,"/Date(1703833683000)/",18700,3300,11792000,220546000000,150,true,0.81
"MBB",140745,"/Date(1703833678000)/",18750,7300,11788700,220485000000,200,false,1.08
"MBB",140745,"/Date(1703833678000)/",18750,100,11781400,220348000000,200,false,1.08
"MBB",140745,"/Date(1703833678000)/",18750,300,11781300,220346000000,200,false,1.08
"MBB",140745,"/Date(1703833678000)/",18750,200,11781000,220340000000,200,false,1.08
"MBB",140745,"/Date(1703833678000)/",18750,200,11780800,220337000000,200,false,1.08
"MBB",140745,"/Date(1703833678000)/",18750,200,11780600,220333000000,200,false,1.08
"MBB",140745,"/Date(1703833678000)/",18750,10000,11780400,220329000000,200,false,1.08
"MBB",140745,"/Date(1703833678000)/",18750,1000,11770400,220142000000,200,false,1.08
"MBB",140745,"/Date(1703833678000)/",18750,1000,11769400,220123000000,200,false,1.08
"MBB",140745,"/Date(1703833678000)/",18750,3000,11768400,220104000000,200,false,1.08
"MBB",140745,"/Date(1703833678000)/",18750,1000,11765400,220048000000,200,false,1.08
"MBB",140745,"/Date(1703833678000)/",18750,200,11764400,220029000000,200,false,1.08
"MBB",140745,"/Date(1703833678000)/",18750,100,11764200,220025000000,200,false,1.08
"MBB",140745,"/Date(1703833678000)/",18750,100,11764100,220024000000,200,false,1.08
"MBB",140745,"/Date(1703833678000)/",18750,100,11764000,220022000000,200,false,1.08
"MBB",140745,"/Date(1703833678000)/",18750,100,11763900,220020000000,200,false,1.08
"MBB",140745,"/Date(1703833678000)/",18750,5100,11763800,220018000000,200,false,1.08
"MBB",140742,"/Date(1703833676000)/",18750,100,11758700,219922000000,200,false,1.08
"MBB",140742,"/Date(1703833673000)/",18700,3000,11758600,219920000000,150,true,0.81
"MBB",140739,"/Date(1703833670000)/",18750,300,11755600,219864000000,200,false,1.08
"MBB",140729,"/Date(1703833663000)/",18750,14500,11755300,219859000000,200,false,1.08
"MBB",140729,"/Date(1703833663000)/",18750,9100,11740800,219587000000,200,false,1.08
"MBB",140729,"/Date(1703833663000)/",18750,2000,11731700,219416000000,200,false,1.08
"MBB",140729,"/Date(1703833663000)/",18750,1000,11729700,219379000000,200,false,1.08
"MBB",140729,"/Date(1703833663000)/",18750,3400,11728700,219360000000,200,false,1.08
"MBB",140729,"/Date(1703833662000)/",18750,100,11725300,219296000000,200,false,1.08
"MBB",140723,"/Date(1703833654000)/",18750,100,11725200,219294000000,200,false,1.08
"MBB",140713,"/Date(1703833644000)/",18700,500,11725100,219292000000,150,true,0.81
"MBB",140704,"/Date(1703833637000)/",18700,200,11724600,219283000000,150,true,0.81
"MBB",140704,"/Date(1703833636000)/",18700,200,11724400,219279000000,150,true,0.81
"MBB",140651,"/Date(1703833623000)/",18700,200,11724200,219276000000,150,true,0.81
"MBB",140648,"/Date(1703833620000)/",18700,2100,11724000,219272000000,150,true,0.81
"MBB",140622,"/Date(1703833593000)/",18700,300,11721900,219233000000,150,true,0.81
"MBB",140616,"/Date(1703833587000)/",18700,3000,11721600,219227000000,150,true,0.81
"MBB",140600,"/Date(1703833573000)/",18700,300,11718600,219171000000,150,true,0.81
"MBB",140550,"/Date(1703833564000)/",18700,100,11718300,219165000000,150,true,0.81
"MBB",140550,"/Date(1703833563000)/",18700,2000,11718200,219163000000,150,true,0.81
"MBB",140550,"/Date(1703833563000)/",18700,1300,11716200,219126000000,150,true,0.81
"MBB",140547,"/Date(1703833561000)/",18700,3000,11714900,219102000000,150,true,0.81
"MBB",140541,"/Date(1703833553000)/",18700,10800,11711900,219046000000,150,true,0.81
"MBB",140534,"/Date(1703833548000)/",18700,5100,11701100,218844000000,150,true,0.81
"MBB",140534,"/Date(1703833545000)/",18700,60000,11696000,218748000000,150,true,0.81
"MBB",140531,"/Date(1703833544000)/",18750,2000,11636000,217626000000,200,false,1.08
"MBB",140531,"/Date(1703833544000)/",18750,2000,11634000,217589000000,200,false,1.08
"MBB",140531,"/Date(1703833544000)/",18750,39000,11632000,217551000000,200,false,1.08
"MBB",140512,"/Date(1703833523000)/",18700,400,11593000,216820000000,150,true,0.81
"MBB",140509,"/Date(1703833521000)/",18700,700,11592600,216813000000,150,true,0.81
"MBB",140459,"/Date(1703833513000)/",18750,4000,11591900,216799000000,200,false,1.08
"MBB",140443,"/Date(1703833497000)/",18700,500,11587900,216724000000,150,true,0.81
"MBB",140443,"/Date(1703833496000)/",18700,300,11587400,216715000000,150,true,0.81
"MBB",140431,"/Date(1703833483000)/",18700,600,11587100,216709000000,150,true,0.81
"MBB",140421,"/Date(1703833473000)/",18700,6000,11586500,216698000000,150,true,0.81
"MBB",140421,"/Date(1703833473000)/",18700,100,11580500,216586000000,150,true,0.81
"MBB",140412,"/Date(1703833463000)/",18700,1000,11580400,216584000000,150,true,0.81
"MBB",140408,"/Date(1703833461000)/",18750,10000,11579400,216565000000,200,false,1.08
"MBB",140402,"/Date(1703833453000)/",18700,100,11569400,216378000000,150,true,0.81
"MBB",140352,"/Date(1703833446000)/",18700,1300,11569300,216376000000,150,true,0.81
"MBB",140340,"/Date(1703833433000)/",18700,100,11568000,216352000000,150,true,0.81
"MBB",140340,"/Date(1703833433000)/",18700,500,11567900,216350000000,150,true,0.81
"MBB",140330,"/Date(1703833423000)/",18700,1200,11567400,216341000000,150,true,0.81
"MBB",140330,"/Date(1703833422000)/",18700,12000,11566200,216318000000,150,true,0.81
"MBB",140311,"/Date(1703833403000)/",18700,100,11554200,216094000000,150,true,0.81
"MBB",140305,"/Date(1703833396000)/",18700,400,11554100,216092000000,150,true,0.81
"MBB",140301,"/Date(1703833394000)/",18700,1000,11553700,216084000000,150,true,0.81
"MBB",140301,"/Date(1703833393000)/",18700,100,11552700,216066000000,150,true,0.81
"MBB",140255,"/Date(1703833388000)/",18700,1000,11552600,216064000000,150,true,0.81
"MBB",140252,"/Date(1703833383000)/",18700,500,11551600,216045000000,150,true,0.81
"MBB",140249,"/Date(1703833381000)/",18700,500,11551100,216036000000,150,true,0.81
"MBB",140249,"/Date(1703833381000)/",18700,4600,11550600,216026000000,150,true,0.81
"MBB",140242,"/Date(1703833373000)/",18700,100,11546000,215940000000,150,true,0.81
"MBB",140239,"/Date(1703833370000)/",18700,500,11545900,215939000000,150,true,0.81
"MBB",140233,"/Date(1703833363000)/",18700,500,11545400,215929000000,150,true,0.81
"MBB",140230,"/Date(1703833361000)/",18700,4600,11544900,215920000000,150,true,0.81
"MBB",140230,"/Date(1703833361000)/",18700,400,11540300,215834000000,150,true,0.81
"MBB",140220,"/Date(1703833353000)/",18700,200,11539900,215826000000,150,true,0.81
"MBB",140220,"/Date(1703833352000)/",18750,100,11539700,215823000000,200,false,1.08
"MBB",140217,"/Date(1703833349000)/",18700,800,11539600,215821000000,150,true,0.81
"MBB",140214,"/Date(1703833346000)/",18700,500,11538800,215806000000,150,true,0.81
"MBB",140214,"/Date(1703833344000)/",18700,100,11538300,215796000000,150,true,0.81
"MBB",140214,"/Date(1703833344000)/",18700,400,11538200,215795000000,150,true,0.81
"MBB",140210,"/Date(1703833343000)/",18700,200,11537800,215787000000,150,true,0.81
"MBB",140204,"/Date(1703833335000)/",18700,2000,11537600,215783000000,150,true,0.81
"MBB",140132,"/Date(1703833303000)/",18700,100,11535600,215746000000,150,true,0.81
"MBB",140057,"/Date(1703833269000)/",18700,100,11535500,215744000000,150,true,0.81
"MBB",140051,"/Date(1703833263000)/",18700,100,11535400,215742000000,150,true,0.81
"MBB",140041,"/Date(1703833253000)/",18700,1000,11535300,215740000000,150,true,0.81
"MBB",140041,"/Date(1703833252000)/",18700,3100,11534300,215722000000,150,true,0.81
"MBB",140041,"/Date(1703833252000)/",18700,2000,11531200,215664000000,150,true,0.81
"MBB",140041,"/Date(1703833251000)/",18700,1700,11529200,215626000000,150,true,0.81
"MBB",140035,"/Date(1703833247000)/",18700,1000,11527500,215594000000,150,true,0.81
"MBB",140035,"/Date(1703833246000)/",18750,1000,11526500,215576000000,200,false,1.08
"MBB",140032,"/Date(1703833243000)/",18700,2000,11525500,215557000000,150,true,0.81
"MBB",140025,"/Date(1703833237000)/",18700,300,11523500,215520000000,150,true,0.81
"MBB",140025,"/Date(1703833237000)/",18700,20000,11523200,215514000000,150,true,0.81
"MBB",140016,"/Date(1703833227000)/",18700,100,11503200,215140000000,150,true,0.81
"MBB",140013,"/Date(1703833223000)/",18700,300,11503100,215138000000,150,true,0.81
"MBB",140003,"/Date(1703833213000)/",18700,3200,11502800,215133000000,150,true,0.81
"MBB",135957,"/Date(1703833208000)/",18700,500,11499600,215073000000,150,true,0.81
"MBB",135957,"/Date(1703833207000)/",18750,30000,11499100,215063000000,200,false,1.08
"MBB",135953,"/Date(1703833204000)/",18700,900,11469100,214501000000,150,true,0.81
"MBB",135953,"/Date(1703833204000)/",18700,800,11468200,214484000000,150,true,0.81
"MBB",135953,"/Date(1703833204000)/",18700,300,11467400,214469000000,150,true,0.81
"MBB",135950,"/Date(1703833203000)/",18700,100,11467100,214463000000,150,true,0.81
"MBB",135950,"/Date(1703833202000)/",18750,200,11467000,214462000000,200,false,1.08
"MBB",135947,"/Date(1703833197000)/",18700,900,11466800,214458000000,150,true,0.81
"MBB",135902,"/Date(1703833154000)/",18700,200,11465900,214441000000,150,true,0.81
"MBB",135902,"/Date(1703833153000)/",18700,100,11465700,214437000000,150,true,0.81
"MBB",135859,"/Date(1703833151000)/",18700,400,11465600,214435000000,150,true,0.81
"MBB",135859,"/Date(1703833151000)/",18700,500,11465200,214428000000,150,true,0.81
"MBB",135856,"/Date(1703833146000)/",18700,100,11464700,214419000000,150,true,0.81
"MBB",135843,"/Date(1703833135000)/",18700,100,11464600,214417000000,150,true,0.81
"MBB",135834,"/Date(1703833125000)/",18700,100,11464500,214415000000,150,true,0.81
"MBB",135818,"/Date(1703833108000)/",18700,100,11464400,214413000000,150,true,0.81
"MBB",135743,"/Date(1703833073000)/",18700,100,11464300,214411000000,150,true,0.81
"MBB",135724,"/Date(1703833053000)/",18700,400,11464200,214409000000,150,true,0.81
"MBB",135711,"/Date(1703833043000)/",18700,4100,11463800,214402000000,150,true,0.81
"MBB",135711,"/Date(1703833042000)/",18750,15700,11459700,214325000000,200,false,1.08
"MBB",135711,"/Date(1703833042000)/",18750,500,11444000,214031000000,200,false,1.08
"MBB",135711,"/Date(1703833042000)/",18750,3800,11443500,214021000000,200,false,1.08
"MBB",135708,"/Date(1703833038000)/",18700,400,11439700,213950000000,150,true,0.81
"MBB",135705,"/Date(1703833034000)/",18750,20000,11439300,213943000000,200,false,1.08
"MBB",135701,"/Date(1703833033000)/",18700,500,11419300,213568000000,150,true,0.81
"MBB",135701,"/Date(1703833033000)/",18700,200,11418800,213558000000,150,true,0.81
"MBB",135652,"/Date(1703833024000)/",18700,2000,11418600,213554000000,150,true,0.81
"MBB",135614,"/Date(1703832983000)/",18700,100,11416600,213517000000,150,true,0.81
"MBB",135601,"/Date(1703832973000)/",18700,1100,11416500,213515000000,150,true,0.81
"MBB",135554,"/Date(1703832966000)/",18750,6200,11415400,213495000000,200,false,1.08
"MBB",135554,"/Date(1703832966000)/",18750,500,11409200,213378000000,200,false,1.08
"MBB",135554,"/Date(1703832966000)/",18750,300,11408700,213369000000,200,false,1.08
"MBB",135554,"/Date(1703832966000)/",18750,100,11408400,213363000000,200,false,1.08
"MBB",135554,"/Date(1703832966000)/",18750,2900,11408300,213361000000,200,false,1.08
"MBB",135554,"/Date(1703832964000)/",18700,200,11405400,213307000000,150,true,0.81
"MBB",135551,"/Date(1703832963000)/",18700,1000,11405200,213303000000,150,true,0.81
"MBB",135545,"/Date(1703832954000)/",18700,100,11404200,213285000000,150,true,0.81
"MBB",135532,"/Date(1703832942000)/",18700,100,11404100,213283000000,150,true,0.81
"MBB",135513,"/Date(1703832923000)/",18700,100,11404000,213281000000,150,true,0.81
"MBB",135507,"/Date(1703832919000)/",18700,500,11403900,213279000000,150,true,0.81
"MBB",135504,"/Date(1703832913000)/",18700,500,11403400,213270000000,150,true,0.81
"MBB",135457,"/Date(1703832909000)/",18700,5100,11402900,213260000000,150,true,0.81
"MBB",135445,"/Date(1703832887000)/",18750,100,11397800,213165000000,200,false,1.08
"MBB",135432,"/Date(1703832877000)/",18700,200,11397700,213163000000,150,true,0.81
"MBB",135416,"/Date(1703832865000)/",18700,300,11397500,213159000000,150,true,0.81
"MBB",135410,"/Date(1703832861000)/",18700,200,11397200,213154000000,150,true,0.81
"MBB",135338,"/Date(1703832828000)/",18700,200,11397000,213150000000,150,true,0.81
"MBB",135312,"/Date(1703832803000)/",18700,500,11396800,213146000000,150,true,0.81
"MBB",135309,"/Date(1703832798000)/",18750,2000,11396300,213137000000,200,false,1.08
"MBB",135309,"/Date(1703832798000)/",18750,500,11394300,213099000000,200,false,1.08
"MBB",135309,"/Date(1703832798000)/",18750,2500,11393800,213090000000,200,false,1.08
"MBB",135253,"/Date(1703832783000)/",18700,500,11391300,213043000000,150,true,0.81
"MBB",135250,"/Date(1703832779000)/",18700,5100,11390800,213034000000,150,true,0.81
"MBB",135247,"/Date(1703832775000)/",18700,200,11385700,212938000000,150,true,0.81
"MBB",135244,"/Date(1703832773000)/",18700,500,11385500,212935000000,150,true,0.81
"MBB",135234,"/Date(1703832764000)/",18700,5100,11385000,212925000000,150,true,0.81
"MBB",135234,"/Date(1703832763000)/",18700,200,11379900,212830000000,150,true,0.81
"MBB",135225,"/Date(1703832755000)/",18700,2000,11379700,212826000000,150,true,0.81
"MBB",135102,"/Date(1703832673000)/",18700,500,11377700,212789000000,150,true,0.81
"MBB",135052,"/Date(1703832663000)/",18750,5000,11377200,212780000000,200,false,1.08
"MBB",135042,"/Date(1703832653000)/",18700,300,11372200,212686000000,150,true,0.81
"MBB",135036,"/Date(1703832646000)/",18750,2500,11371900,212680000000,200,true,1.08
"MBB",135036,"/Date(1703832646000)/",18750,100,11369400,212633000000,200,true,1.08
"MBB",135033,"/Date(1703832643000)/",18750,1000,11369300,212631000000,200,true,1.08
"MBB",135030,"/Date(1703832640000)/",18750,1400,11368300,212613000000,200,true,1.08
"MBB",135030,"/Date(1703832640000)/",18750,200,11366900,212586000000,200,true,1.08
"MBB",135030,"/Date(1703832640000)/",18750,5000,11366700,212583000000,200,true,1.08
"MBB",135030,"/Date(1703832640000)/",18750,200,11361700,212489000000,200,true,1.08
"MBB",135030,"/Date(1703832640000)/",18750,1700,11361500,212485000000,200,true,1.08
"MBB",135030,"/Date(1703832640000)/",18750,500,11359800,212453000000,200,true,1.08
"MBB",135030,"/Date(1703832640000)/",18750,1000,11359300,212444000000,200,true,1.08
"MBB",135017,"/Date(1703832626000)/",18750,100,11358300,212425000000,200,true,1.08
"MBB",135001,"/Date(1703832612000)/",18750,500,11358200,212423000000,200,true,1.08
"MBB",135001,"/Date(1703832611000)/",18750,200,11357700,212414000000,200,true,1.08
"MBB",134954,"/Date(1703832603000)/",18750,200,11357500,212410000000,200,true,1.08
"MBB",134951,"/Date(1703832602000)/",18750,300,11357300,212406000000,200,true,1.08
"MBB",134951,"/Date(1703832602000)/",18750,500,11357000,212401000000,200,true,1.08
"MBB",134948,"/Date(1703832597000)/",18750,1400,11356500,212391000000,200,true,1.08
"MBB",134942,"/Date(1703832593000)/",18750,300,11355100,212365000000,200,true,1.08
"MBB",134935,"/Date(1703832585000)/",18750,3000,11354800,212360000000,200,true,1.08
"MBB",134932,"/Date(1703832583000)/",18750,400,11351800,212303000000,200,true,1.08
"MBB",134913,"/Date(1703832563000)/",18750,200,11351400,212296000000,200,true,1.08
"MBB",134907,"/Date(1703832558000)/",18750,400,11351200,212292000000,200,true,1.08
"MBB",134907,"/Date(1703832557000)/",18750,1500,11350800,212285000000,200,true,1.08
"MBB",134907,"/Date(1703832557000)/",18750,700,11349300,212256000000,200,true,1.08
"MBB",134903,"/Date(1703832552000)/",18800,100,11348600,212243000000,250,false,1.35
"MBB",134903,"/Date(1703832552000)/",18800,100,11348500,212241000000,250,false,1.35
"MBB",134903,"/Date(1703832552000)/",18800,1800,11348400,212240000000,250,false,1.35
"MBB",134857,"/Date(1703832548000)/",18750,100,11346600,212206000000,200,true,1.08
"MBB",134857,"/Date(1703832548000)/",18750,1000,11346500,212204000000,200,true,1.08
"MBB",134857,"/Date(1703832548000)/",18750,13900,11345500,212185000000,200,true,1.08
"MBB",134854,"/Date(1703832543000)/",18750,5300,11331600,211924000000,200,true,1.08
"MBB",134828,"/Date(1703832519000)/",18750,100,11326300,211825000000,200,true,1.08
"MBB",134822,"/Date(1703832512000)/",18750,200,11326200,211823000000,200,true,1.08
"MBB",134812,"/Date(1703832503000)/",18750,100,11326000,211819000000,200,true,1.08
"MBB",134812,"/Date(1703832501000)/",18750,500,11325900,211818000000,200,true,1.08
"MBB",134809,"/Date(1703832498000)/",18750,1000,11325400,211808000000,200,true,1.08
"MBB",134803,"/Date(1703832493000)/",18750,100,11324400,211789000000,200,true,1.08
"MBB",134800,"/Date(1703832488000)/",18750,1000,11324300,211788000000,200,true,1.08
"MBB",134734,"/Date(1703832463000)/",18750,400,11323300,211769000000,200,true,1.08
"MBB",134731,"/Date(1703832459000)/",18750,200,11322900,211761000000,200,true,1.08
"MBB",134724,"/Date(1703832455000)/",18750,4200,11322700,211758000000,200,false,1.08
"MBB",134715,"/Date(1703832445000)/",18700,600,11318500,211679000000,150,true,0.81
"MBB",134705,"/Date(1703832436000)/",18750,800,11317900,211668000000,200,true,1.08
"MBB",134659,"/Date(1703832428000)/",18750,100,11317100,211653000000,200,true,1.08
"MBB",134656,"/Date(1703832427000)/",18750,100,11317000,211651000000,200,true,1.08
"MBB",134649,"/Date(1703832418000)/",18750,100,11316900,211649000000,200,true,1.08
"MBB",134643,"/Date(1703832413000)/",18750,300,11316800,211647000000,200,true,1.08
"MBB",134643,"/Date(1703832412000)/",18750,1000,11316500,211641000000,200,true,1.08
"MBB",134643,"/Date(1703832412000)/",18750,100,11315500,211623000000,200,true,1.08
"MBB",134643,"/Date(1703832412000)/",18750,500,11315400,211621000000,200,true,1.08
"MBB",134643,"/Date(1703832412000)/",18750,2000,11314900,211611000000,200,true,1.08
"MBB",134627,"/Date(1703832396000)/",18700,200,11312900,211574000000,150,true,0.81
"MBB",134614,"/Date(1703832383000)/",18700,100,11312700,211570000000,150,true,0.81
"MBB",134604,"/Date(1703832373000)/",18700,1500,11312600,211568000000,150,true,0.81
"MBB",134558,"/Date(1703832368000)/",18750,500,11311100,211540000000,200,false,1.08
"MBB",134558,"/Date(1703832368000)/",18750,100,11310600,211531000000,200,false,1.08
"MBB",134558,"/Date(1703832368000)/",18750,500,11310500,211529000000,200,false,1.08
"MBB",134558,"/Date(1703832368000)/",18750,100,11310000,211520000000,200,false,1.08
"MBB",134558,"/Date(1703832368000)/",18750,100,11309900,211518000000,200,false,1.08
"MBB",134558,"/Date(1703832368000)/",18750,200,11309800,211516000000,200,false,1.08
"MBB",134558,"/Date(1703832368000)/",18750,1000,11309600,211512000000,200,false,1.08
"MBB",134558,"/Date(1703832368000)/",18750,100,11308600,211493000000,200,false,1.08
"MBB",134558,"/Date(1703832368000)/",18750,200,11308500,211491000000,200,false,1.08
"MBB",134558,"/Date(1703832368000)/",18750,13000,11308300,211488000000,200,false,1.08
"MBB",134555,"/Date(1703832365000)/",18700,100,11295300,211244000000,150,true,0.81
"MBB",134552,"/Date(1703832362000)/",18750,500,11295200,211242000000,200,false,1.08
"MBB",134513,"/Date(1703832323000)/",18700,100,11294700,211233000000,150,true,0.81
"MBB",134507,"/Date(1703832316000)/",18750,1000,11294600,211231000000,200,false,1.08
"MBB",134504,"/Date(1703832313000)/",18700,100,11293600,211212000000,150,true,0.81
"MBB",134501,"/Date(1703832309000)/",18750,1000,11293500,211210000000,200,false,1.08
"MBB",134432,"/Date(1703832283000)/",18700,500,11292500,211191000000,150,true,0.81
"MBB",134426,"/Date(1703832275000)/",18750,4500,11292000,211182000000,200,false,1.08
"MBB",134426,"/Date(1703832275000)/",18750,800,11287500,211098000000,200,false,1.08
"MBB",134419,"/Date(1703832270000)/",18700,100,11286700,211083000000,150,true,0.81
"MBB",134406,"/Date(1703832257000)/",18700,100,11286600,211081000000,150,true,0.81
"MBB",134344,"/Date(1703832233000)/",18700,200,11286500,211079000000,150,true,0.81
"MBB",134341,"/Date(1703832232000)/",18700,200,11286300,211075000000,150,true,0.81
"MBB",134341,"/Date(1703832231000)/",18700,1000,11286100,211072000000,150,true,0.81
"MBB",134341,"/Date(1703832230000)/",18700,1000,11285100,211053000000,150,true,0.81
"MBB",134322,"/Date(1703832213000)/",18700,100,11284100,211034000000,150,true,0.81
"MBB",134253,"/Date(1703832183000)/",18700,200,11284000,211032000000,150,true,0.81
"MBB",134244,"/Date(1703832173000)/",18700,2400,11283800,211028000000,150,true,0.81
"MBB",134244,"/Date(1703832173000)/",18750,200,11281400,210984000000,200,false,1.08
"MBB",134244,"/Date(1703832172000)/",18750,500,11281200,210980000000,200,false,1.08
"MBB",134244,"/Date(1703832172000)/",18750,1000,11280700,210970000000,200,false,1.08
"MBB",134244,"/Date(1703832172000)/",18750,4000,11279700,210952000000,200,false,1.08
"MBB",134244,"/Date(1703832172000)/",18750,500,11275700,210877000000,200,false,1.08
"MBB",134244,"/Date(1703832172000)/",18750,500,11275200,210867000000,200,false,1.08
"MBB",134244,"/Date(1703832172000)/",18750,200,11274700,210858000000,200,false,1.08
"MBB",134244,"/Date(1703832172000)/",18750,3000,11274500,210854000000,200,false,1.08
"MBB",134244,"/Date(1703832172000)/",18750,100,11271500,210798000000,200,false,1.08
"MBB",134244,"/Date(1703832172000)/",18750,1000,11271400,210796000000,200,false,1.08
"MBB",134244,"/Date(1703832172000)/",18750,100,11270400,210777000000,200,false,1.08
"MBB",134244,"/Date(1703832172000)/",18750,13600,11270300,210775000000,200,false,1.08
"MBB",134240,"/Date(1703832170000)/",18700,100,11256700,210520000000,150,true,0.81
"MBB",134240,"/Date(1703832170000)/",18750,200,11256600,210519000000,200,false,1.08
"MBB",134212,"/Date(1703832143000)/",18700,100,11256400,210515000000,150,true,0.81
"MBB",134205,"/Date(1703832135000)/",18750,200,11256300,210513000000,200,false,1.08
"MBB",134205,"/Date(1703832134000)/",18700,1000,11256100,210509000000,150,true,0.81
"MBB",134156,"/Date(1703832125000)/",18700,100,11255100,210491000000,150,true,0.81
"MBB",134153,"/Date(1703832123000)/",18700,100,11255000,210489000000,150,true,0.81
"MBB",134143,"/Date(1703832113000)/",18700,1000,11254900,210487000000,150,true,0.81
"MBB",134133,"/Date(1703832104000)/",18750,10000,11253900,210468000000,200,false,1.08
"MBB",134036,"/Date(1703832046000)/",18700,400,11243900,210281000000,150,true,0.81
"MBB",134023,"/Date(1703832033000)/",18700,100,11243500,210273000000,150,true,0.81
"MBB",134020,"/Date(1703832029000)/",18700,1000,11243400,210271000000,150,true,0.81
"MBB",134004,"/Date(1703832013000)/",18700,200,11242400,210253000000,150,true,0.81
"MBB",134001,"/Date(1703832010000)/",18700,2000,11242200,210249000000,150,true,0.81
"MBB",133942,"/Date(1703831993000)/",18700,400,11240200,210211000000,150,true,0.81
"MBB",133932,"/Date(1703831983000)/",18800,500,11239800,210204000000,250,false,1.35
"MBB",133932,"/Date(1703831983000)/",18700,1400,11239300,210195000000,150,true,0.81
"MBB",133932,"/Date(1703831983000)/",18750,400,11237900,210168000000,200,false,1.08
"MBB",133932,"/Date(1703831983000)/",18750,100,11237500,210161000000,200,false,1.08
"MBB",133932,"/Date(1703831983000)/",18750,400,11237400,210159000000,200,false,1.08
"MBB",133932,"/Date(1703831983000)/",18750,2000,11237000,210151000000,200,false,1.08
"MBB",133926,"/Date(1703831976000)/",18750,5000,11235000,210114000000,200,true,1.08
"MBB",133923,"/Date(1703831973000)/",18750,200,11230000,210020000000,200,true,1.08
"MBB",133919,"/Date(1703831971000)/",18750,1000,11229800,210016000000,200,true,1.08
"MBB",133919,"/Date(1703831970000)/",18750,1100,11228800,209998000000,200,true,1.08
"MBB",133913,"/Date(1703831963000)/",18750,100,11227700,209977000000,200,true,1.08
"MBB",133907,"/Date(1703831957000)/",18750,1100,11227600,209975000000,200,true,1.08
"MBB",133904,"/Date(1703831954000)/",18750,300,11226500,209955000000,200,true,1.08
"MBB",133904,"/Date(1703831953000)/",18750,100,11226200,209949000000,200,true,1.08
"MBB",133854,"/Date(1703831943000)/",18750,100,11226100,209947000000,200,true,1.08
"MBB",133854,"/Date(1703831943000)/",18750,1000,11226000,209945000000,200,true,1.08
"MBB",133854,"/Date(1703831942000)/",18750,100,11225000,209926000000,200,true,1.08
"MBB",133851,"/Date(1703831939000)/",18750,200,11224900,209925000000,200,true,1.08
"MBB",133844,"/Date(1703831933000)/",18750,1200,11224700,209921000000,200,true,1.08
"MBB",133841,"/Date(1703831931000)/",18750,1000,11223500,209898000000,200,true,1.08
"MBB",133841,"/Date(1703831931000)/",18750,100,11222500,209880000000,200,true,1.08
"MBB",133832,"/Date(1703831923000)/",18700,400,11222400,209878000000,150,true,0.81
"MBB",133832,"/Date(1703831923000)/",18700,2900,11222000,209870000000,150,true,0.81
"MBB",133832,"/Date(1703831923000)/",18750,8500,11219100,209816000000,200,true,1.08
"MBB",133832,"/Date(1703831922000)/",18750,100,11210600,209657000000,200,true,1.08
"MBB",133825,"/Date(1703831913000)/",18750,100,11210500,209655000000,200,true,1.08
"MBB",133825,"/Date(1703831913000)/",18750,900,11210400,209653000000,200,true,1.08
"MBB",133825,"/Date(1703831913000)/",18750,1500,11209500,209636000000,200,true,1.08
"MBB",133825,"/Date(1703831913000)/",18750,100,11208000,209608000000,200,true,1.08
"MBB",133825,"/Date(1703831913000)/",18750,1000,11207900,209606000000,200,true,1.08
"MBB",133825,"/Date(1703831913000)/",18750,1000,11206900,209587000000,200,true,1.08
"MBB",133825,"/Date(1703831913000)/",18750,5000,11205900,209569000000,200,true,1.08
"MBB",133825,"/Date(1703831913000)/",18750,500,11200900,209475000000,200,true,1.08
"MBB",133825,"/Date(1703831913000)/",18750,100,11200400,209465000000,200,true,1.08
"MBB",133825,"/Date(1703831913000)/",18750,400,11200300,209464000000,200,true,1.08
"MBB",133825,"/Date(1703831913000)/",18750,1000,11199900,209456000000,200,true,1.08
"MBB",133825,"/Date(1703831913000)/",18750,100,11198900,209437000000,200,true,1.08
"MBB",133825,"/Date(1703831913000)/",18750,2000,11198800,209435000000,200,true,1.08
"MBB",133825,"/Date(1703831913000)/",18750,1000,11196800,209398000000,200,true,1.08
"MBB",133825,"/Date(1703831913000)/",18750,103900,11195800,209379000000,200,true,1.08
"MBB",133822,"/Date(1703831913000)/",18700,100,11091900,207431000000,150,true,0.81
"MBB",133822,"/Date(1703831912000)/",18700,1000,11091800,207429000000,150,true,0.81
"MBB",133806,"/Date(1703831896000)/",18700,400,11090800,207410000000,150,true,0.81
"MBB",133803,"/Date(1703831893000)/",18700,100,11090400,207403000000,150,true,0.81
"MBB",133800,"/Date(1703831889000)/",18700,500,11090300,207401000000,150,true,0.81
"MBB",133757,"/Date(1703831886000)/",18700,1000,11089800,207392000000,150,true,0.81
"MBB",133744,"/Date(1703831873000)/",18700,300,11088800,207373000000,150,true,0.81
"MBB",133734,"/Date(1703831863000)/",18700,400,11088500,207367000000,150,true,0.81
"MBB",133734,"/Date(1703831863000)/",18700,2900,11088100,207360000000,150,true,0.81
"MBB",133731,"/Date(1703831860000)/",18700,1000,11085200,207306000000,150,true,0.81
"MBB",133731,"/Date(1703831859000)/",18750,15300,11084200,207287000000,200,false,1.08
"MBB",133731,"/Date(1703831859000)/",18750,100,11068900,207000000000,200,false,1.08
"MBB",133731,"/Date(1703831859000)/",18750,1500,11068800,206998000000,200,false,1.08
"MBB",133731,"/Date(1703831859000)/",18750,900,11067300,206970000000,200,false,1.08
"MBB",133731,"/Date(1703831859000)/",18750,200,11066400,206953000000,200,false,1.08
"MBB",133731,"/Date(1703831859000)/",18750,5000,11066200,206950000000,200,false,1.08
"MBB",133731,"/Date(1703831859000)/",18750,1000,11061200,206856000000,200,false,1.08
"MBB",133731,"/Date(1703831859000)/",18750,5000,11060200,206837000000,200,false,1.08
"MBB",133731,"/Date(1703831859000)/",18750,500,11055200,206743000000,200,false,1.08
"MBB",133731,"/Date(1703831859000)/",18750,500,11054700,206734000000,200,false,1.08
"MBB",133731,"/Date(1703831859000)/",18750,2000,11054200,206725000000,200,false,1.08
"MBB",133725,"/Date(1703831854000)/",18750,500,11052200,206687000000,200,false,1.08
"MBB",133721,"/Date(1703831853000)/",18700,100,11051700,206678000000,150,true,0.81
"MBB",133712,"/Date(1703831843000)/",18700,1500,11051600,206676000000,150,true,0.81
"MBB",133706,"/Date(1703831837000)/",18700,1000,11050100,206648000000,150,true,0.81
"MBB",133706,"/Date(1703831835000)/",18750,6700,11049100,206629000000,200,false,1.08
"MBB",133702,"/Date(1703831833000)/",18700,3500,11042400,206503000000,150,true,0.81
"MBB",133702,"/Date(1703831833000)/",18700,4400,11038900,206438000000,150,true,0.81
"MBB",133659,"/Date(1703831829000)/",18700,1000,11034500,206356000000,150,true,0.81
"MBB",133659,"/Date(1703831828000)/",18700,14600,11033500,206337000000,150,true,0.81
"MBB",133659,"/Date(1703831828000)/",18700,7800,11018900,206064000000,150,true,0.81
"MBB",133659,"/Date(1703831828000)/",18700,100,11011100,205918000000,150,true,0.81
"MBB",133659,"/Date(1703831828000)/",18700,2000,11011000,205916000000,150,true,0.81
"MBB",133659,"/Date(1703831828000)/",18700,14000,11009000,205879000000,150,true,0.81
"MBB",133659,"/Date(1703831828000)/",18700,900,10995000,205617000000,150,true,0.81
"MBB",133659,"/Date(1703831828000)/",18700,18000,10994100,205600000000,150,true,0.81
"MBB",133659,"/Date(1703831828000)/",18700,8500,10976100,205264000000,150,true,0.81
"MBB",133659,"/Date(1703831828000)/",18700,11000,10967600,205105000000,150,true,0.81
"MBB",133659,"/Date(1703831828000)/",18700,900,10956600,204899000000,150,true,0.81
"MBB",133653,"/Date(1703831823000)/",18700,100,10955700,204882000000,150,true,0.81
"MBB",133653,"/Date(1703831823000)/",18700,700,10955600,204880000000,150,true,0.81
"MBB",133653,"/Date(1703831822000)/",18700,100,10954900,204867000000,150,true,0.81
"MBB",133643,"/Date(1703831813000)/",18700,200,10954800,204865000000,150,true,0.81
"MBB",133643,"/Date(1703831813000)/",18750,7800,10954600,204862000000,200,false,1.08
"MBB",133634,"/Date(1703831803000)/",18700,1700,10946800,204715000000,150,true,0.81
"MBB",133634,"/Date(1703831803000)/",18700,100,10945100,204684000000,150,true,0.81
"MBB",133634,"/Date(1703831803000)/",18700,500,10945000,204682000000,150,true,0.81
"MBB",133634,"/Date(1703831803000)/",18700,200,10944500,204672000000,150,true,0.81
"MBB",133630,"/Date(1703831802000)/",18750,3000,10944300,204669000000,200,false,1.08
"MBB",133630,"/Date(1703831802000)/",18750,100,10941300,204612000000,200,false,1.08
"MBB",133630,"/Date(1703831802000)/",18750,2000,10941200,204610000000,200,false,1.08
"MBB",133630,"/Date(1703831802000)/",18750,300,10939200,204573000000,200,false,1.08
"MBB",133630,"/Date(1703831802000)/",18750,500,10938900,204567000000,200,false,1.08
"MBB",133630,"/Date(1703831802000)/",18750,6000,10938400,204558000000,200,false,1.08
"MBB",133630,"/Date(1703831802000)/",18750,2100,10932400,204445000000,200,false,1.08
"MBB",133630,"/Date(1703831799000)/",18700,1000,10930300,204406000000,150,true,0.81
"MBB",133627,"/Date(1703831797000)/",18750,2900,10929300,204387000000,200,false,1.08
"MBB",133627,"/Date(1703831797000)/",18750,500,10926400,204333000000,200,false,1.08
"MBB",133627,"/Date(1703831797000)/",18750,5100,10925900,204324000000,200,false,1.08
"MBB",133624,"/Date(1703831793000)/",18700,1500,10920800,204228000000,150,true,0.81
"MBB",133624,"/Date(1703831793000)/",18700,100,10919300,204200000000,150,true,0.81
"MBB",133621,"/Date(1703831792000)/",18750,4900,10919200,204198000000,200,false,1.08
"MBB",133621,"/Date(1703831792000)/",18750,100,10914300,204106000000,200,false,1.08
"MBB",133621,"/Date(1703831792000)/",18750,11000,10914200,204104000000,200,false,1.08
"MBB",133614,"/Date(1703831783000)/",18700,300,10903200,203898000000,150,true,0.81
"MBB",133611,"/Date(1703831780000)/",18750,2500,10902900,203892000000,200,false,1.08
"MBB",133605,"/Date(1703831775000)/",18700,1000,10900400,203846000000,150,true,0.81
"MBB",133602,"/Date(1703831773000)/",18700,300,10899400,203827000000,150,true,0.81
"MBB",133552,"/Date(1703831763000)/",18700,600,10899100,203821000000,150,true,0.81
"MBB",133552,"/Date(1703831763000)/",18700,2700,10898500,203810000000,150,true,0.81
"MBB",133546,"/Date(1703831755000)/",18700,5300,10895800,203760000000,150,false,0.81
"MBB",133543,"/Date(1703831754000)/",18700,1200,10890500,203660000000,150,true,0.81
"MBB",133543,"/Date(1703831753000)/",18700,100,10889300,203638000000,150,true,0.81
"MBB",133539,"/Date(1703831750000)/",18700,1000,10889200,203636000000,150,true,0.81
"MBB",133533,"/Date(1703831743000)/",18700,200,10888200,203617000000,150,true,0.81
"MBB",133530,"/Date(1703831738000)/",18700,2000,10888000,203614000000,150,false,0.81
"MBB",133530,"/Date(1703831738000)/",18700,200,10886000,203576000000,150,false,0.81
"MBB",133520,"/Date(1703831730000)/",18700,100,10885800,203573000000,150,false,0.81
"MBB",133514,"/Date(1703831723000)/",18650,100,10885700,203571000000,100,true,0.54
"MBB",133504,"/Date(1703831713000)/",18650,1100,10885600,203569000000,100,true,0.54
"MBB",133458,"/Date(1703831708000)/",18650,100,10884500,203548000000,100,true,0.54
"MBB",133455,"/Date(1703831703000)/",18650,11700,10884400,203546000000,100,true,0.54
"MBB",133445,"/Date(1703831696000)/",18650,51000,10872700,203328000000,100,true,0.54
"MBB",133445,"/Date(1703831695000)/",18650,37200,10821700,202377000000,100,true,0.54
"MBB",133445,"/Date(1703831695000)/",18750,1500,10784500,201683000000,200,false,1.08
"MBB",133445,"/Date(1703831695000)/",18700,27500,10783000,201655000000,150,false,0.81
"MBB",133442,"/Date(1703831691000)/",18700,100,10755500,201141000000,150,false,0.81
"MBB",133442,"/Date(1703831691000)/",18700,30000,10755400,201139000000,150,false,0.81
"MBB",133442,"/Date(1703831691000)/",18700,15000,10725400,200578000000,150,false,0.81
"MBB",133442,"/Date(1703831691000)/",18700,1000,10710400,200298000000,150,false,0.81
"MBB",133442,"/Date(1703831691000)/",18700,4000,10709400,200279000000,150,false,0.81
"MBB",133442,"/Date(1703831691000)/",18700,300,10705400,200204000000,150,false,0.81
"MBB",133442,"/Date(1703831691000)/",18700,60000,10705100,200198000000,150,false,0.81
"MBB",133442,"/Date(1703831691000)/",18700,800,10645100,199076000000,150,false,0.81
"MBB",133442,"/Date(1703831691000)/",18700,30000,10644300,199061000000,150,false,0.81
"MBB",133442,"/Date(1703831691000)/",18700,100000,10614300,198500000000,150,false,0.81
"MBB",133442,"/Date(1703831691000)/",18700,1100,10514300,196630000000,150,false,0.81
"MBB",133442,"/Date(1703831691000)/",18700,500,10513200,196610000000,150,false,0.81
"MBB",133442,"/Date(1703831691000)/",18700,100,10512700,196601000000,150,false,0.81
"MBB",133442,"/Date(1703831691000)/",18700,100,10512600,196599000000,150,false,0.81
"MBB",133442,"/Date(1703831691000)/",18700,7000,10512500,196597000000,150,false,0.81
"MBB",133442,"/Date(1703831691000)/",18700,100,10505500,196466000000,150,false,0.81
"MBB",133442,"/Date(1703831691000)/",18700,5000,10505400,196464000000,150,false,0.81
"MBB",133442,"/Date(1703831691000)/",18700,1000,10500400,196371000000,150,false,0.81
"MBB",133442,"/Date(1703831691000)/",18700,1000,10499400,196352000000,150,false,0.81
"MBB",133442,"/Date(1703831691000)/",18700,30000,10498400,196333000000,150,false,0.81
"MBB",133442,"/Date(1703831691000)/",18700,15000,10468400,195772000000,150,false,0.81
"MBB",133442,"/Date(1703831691000)/",18700,30000,10453400,195492000000,150,false,0.81
"MBB",133442,"/Date(1703831691000)/",18700,10000,10423400,194931000000,150,false,0.81
"MBB",133442,"/Date(1703831691000)/",18700,10000,10413400,194744000000,150,false,0.81
"MBB",133442,"/Date(1703831691000)/",18700,500,10403400,194557000000,150,false,0.81
"MBB",133442,"/Date(1703831691000)/",18700,19900,10402900,194547000000,150,false,0.81
"MBB",133436,"/Date(1703831685000)/",18700,200,10383000,194175000000,150,true,0.81
"MBB",133432,"/Date(1703831683000)/",18700,100,10382800,194171000000,150,true,0.81
"MBB",133426,"/Date(1703831675000)/",18700,600,10382700,194170000000,150,true,0.81
"MBB",133423,"/Date(1703831673000)/",18700,600,10382100,194158000000,150,true,0.81
"MBB",133416,"/Date(1703831665000)/",18700,1500,10381500,194147000000,150,true,0.81
"MBB",133413,"/Date(1703831662000)/",18750,4700,10380000,194119000000,200,false,1.08
"MBB",133404,"/Date(1703831654000)/",18700,400,10375300,194031000000,150,true,0.81
"MBB",133404,"/Date(1703831653000)/",18700,200,10374900,194023000000,150,true,0.81
"MBB",133354,"/Date(1703831645000)/",18700,1300,10374700,194020000000,150,true,0.81
"MBB",133354,"/Date(1703831643000)/",18700,1200,10373400,193995000000,150,true,0.81
"MBB",133345,"/Date(1703831635000)/",18700,3200,10372200,193973000000,150,true,0.81
"MBB",133345,"/Date(1703831633000)/",18700,200,10369000,193913000000,150,true,0.81
"MBB",133345,"/Date(1703831633000)/",18750,9300,10368800,193909000000,200,false,1.08
"MBB",133335,"/Date(1703831625000)/",18700,600,10359500,193735000000,150,true,0.81
"MBB",133335,"/Date(1703831625000)/",18700,800,10358900,193724000000,150,true,0.81
"MBB",133332,"/Date(1703831623000)/",18700,200,10358100,193709000000,150,true,0.81
"MBB",133332,"/Date(1703831623000)/",18700,400,10357900,193705000000,150,true,0.81
"MBB",133329,"/Date(1703831618000)/",18700,800,10357500,193698000000,150,true,0.81
"MBB",133325,"/Date(1703831615000)/",18700,3300,10356700,193683000000,150,true,0.81
"MBB",133322,"/Date(1703831613000)/",18700,2200,10353400,193621000000,150,true,0.81
"MBB",133316,"/Date(1703831604000)/",18700,9000,10351200,193580000000,150,true,0.81
"MBB",133313,"/Date(1703831603000)/",18700,1600,10342200,193412000000,150,true,0.81
"MBB",133313,"/Date(1703831602000)/",18750,12200,10340600,193382000000,200,false,1.08
"MBB",133306,"/Date(1703831596000)/",18700,12700,10328400,193153000000,150,true,0.81
"MBB",133306,"/Date(1703831596000)/",18700,1700,10315700,192915000000,150,true,0.81
"MBB",133306,"/Date(1703831595000)/",18700,1800,10314000,192884000000,150,true,0.81
"MBB",133303,"/Date(1703831593000)/",18700,700,10312200,192850000000,150,true,0.81
"MBB",133257,"/Date(1703831585000)/",18750,3000,10311500,192837000000,200,false,1.08
"MBB",133257,"/Date(1703831585000)/",18700,2300,10308500,192781000000,150,true,0.81
"MBB",133254,"/Date(1703831583000)/",18700,1700,10306200,192738000000,150,true,0.81
"MBB",133254,"/Date(1703831582000)/",18700,1600,10304500,192706000000,150,true,0.81
"MBB",133244,"/Date(1703831575000)/",18700,200,10302900,192676000000,150,true,0.81
"MBB",133244,"/Date(1703831575000)/",18700,4200,10302700,192672000000,150,true,0.81
"MBB",133244,"/Date(1703831573000)/",18700,500,10298500,192594000000,150,true,0.81
"MBB",133244,"/Date(1703831573000)/",18750,5800,10298000,192584000000,200,false,1.08
"MBB",133244,"/Date(1703831573000)/",18750,4700,10292200,192475000000,200,false,1.08
"MBB",133234,"/Date(1703831565000)/",18700,3900,10287500,192387000000,150,true,0.81
"MBB",133234,"/Date(1703831563000)/",18700,1300,10283600,192314000000,150,true,0.81
"MBB",133231,"/Date(1703831560000)/",18750,10000,10282300,192290000000,200,false,1.08
"MBB",133225,"/Date(1703831555000)/",18700,100,10272300,192103000000,150,true,0.81
"MBB",133225,"/Date(1703831555000)/",18700,1600,10272200,192101000000,150,true,0.81
"MBB",133225,"/Date(1703831553000)/",18700,1600,10270600,192071000000,150,true,0.81
"MBB",133215,"/Date(1703831545000)/",18700,4100,10269000,192041000000,150,true,0.81
"MBB",133212,"/Date(1703831543000)/",18700,100,10264900,191964000000,150,true,0.81
"MBB",133212,"/Date(1703831543000)/",18750,5300,10264800,191962000000,200,false,1.08
"MBB",133212,"/Date(1703831543000)/",18750,6000,10259500,191863000000,200,false,1.08
"MBB",133212,"/Date(1703831543000)/",18750,1300,10253500,191750000000,200,false,1.08
"MBB",133206,"/Date(1703831535000)/",18700,1200,10252200,191726000000,150,true,0.81
"MBB",133202,"/Date(1703831533000)/",18700,500,10251000,191704000000,150,true,0.81
"MBB",133156,"/Date(1703831525000)/",18700,100,10250500,191694000000,150,true,0.81
"MBB",133156,"/Date(1703831525000)/",18700,3600,10250400,191692000000,150,true,0.81
"MBB",133153,"/Date(1703831523000)/",18700,1500,10246800,191625000000,150,true,0.81
"MBB",133150,"/Date(1703831518000)/",18700,400,10245300,191597000000,150,true,0.81
"MBB",133150,"/Date(1703831518000)/",18800,700,10244900,191590000000,250,false,1.35
"MBB",133150,"/Date(1703831518000)/",18800,1200,10244200,191576000000,250,false,1.35
"MBB",133146,"/Date(1703831514000)/",18700,5600,10243000,191554000000,150,true,0.81
"MBB",133146,"/Date(1703831514000)/",18750,2800,10237400,191449000000,200,false,1.08
"MBB",133143,"/Date(1703831513000)/",18750,2400,10234600,191397000000,200,true,1.08
"MBB",133143,"/Date(1703831512000)/",18750,1000,10232200,191352000000,200,true,1.08
"MBB",133143,"/Date(1703831512000)/",18750,100,10231200,191333000000,200,true,1.08
"MBB",133143,"/Date(1703831512000)/",18750,1000,10231100,191331000000,200,true,1.08
"MBB",133143,"/Date(1703831512000)/",18750,500,10230100,191312000000,200,true,1.08
"MBB",133143,"/Date(1703831512000)/",18750,100,10229600,191303000000,200,true,1.08
"MBB",133143,"/Date(1703831512000)/",18750,2000,10229500,191301000000,200,true,1.08
"MBB",133143,"/Date(1703831512000)/",18750,900,10227500,191264000000,200,true,1.08
"MBB",133143,"/Date(1703831512000)/",18750,1000,10226600,191247000000,200,true,1.08
"MBB",133143,"/Date(1703831512000)/",18750,2500,10225600,191228000000,200,true,1.08
"MBB",133143,"/Date(1703831512000)/",18750,3000,10223100,191181000000,200,true,1.08
"MBB",133143,"/Date(1703831512000)/",18750,100,10220100,191125000000,200,true,1.08
"MBB",133143,"/Date(1703831512000)/",18750,9800,10220000,191123000000,200,true,1.08
"MBB",133134,"/Date(1703831505000)/",18700,3600,10210200,190939000000,150,true,0.81
"MBB",133134,"/Date(1703831503000)/",18700,1700,10206600,190872000000,150,true,0.81
"MBB",133124,"/Date(1703831495000)/",18700,4400,10204900,190840000000,150,true,0.81
"MBB",133124,"/Date(1703831495000)/",18700,1000,10200500,190758000000,150,true,0.81
"MBB",133124,"/Date(1703831495000)/",18700,5200,10199500,190739000000,150,true,0.81
"MBB",133124,"/Date(1703831493000)/",18700,6800,10194300,190642000000,150,true,0.81
"MBB",133118,"/Date(1703831486000)/",18700,14400,10187500,190515000000,150,true,0.81
"MBB",133114,"/Date(1703831485000)/",18700,3600,10173100,190245000000,150,true,0.81
"MBB",133114,"/Date(1703831485000)/",18700,10600,10169500,190178000000,150,true,0.81
"MBB",133114,"/Date(1703831483000)/",18700,7800,10158900,189980000000,150,true,0.81
"MBB",133114,"/Date(1703831483000)/",18700,1000,10151100,189834000000,150,true,0.81
"MBB",133114,"/Date(1703831482000)/",18750,30200,10150100,189815000000,200,false,1.08
"MBB",133114,"/Date(1703831482000)/",18750,200,10119900,189249000000,200,false,1.08
"MBB",133114,"/Date(1703831482000)/",18750,300,10119700,189245000000,200,false,1.08
"MBB",133105,"/Date(1703831474000)/",18700,7900,10119400,189240000000,150,true,0.81
"MBB",133105,"/Date(1703831473000)/",18700,2700,10111500,189092000000,150,true,0.81
"MBB",133105,"/Date(1703831473000)/",18700,200,10108800,189041000000,150,true,0.81
"MBB",133058,"/Date(1703831468000)/",18700,14400,10108600,189038000000,150,true,0.81
"MBB",133055,"/Date(1703831465000)/",18700,9300,10094200,188768000000,150,true,0.81
"MBB",133052,"/Date(1703831463000)/",18700,6100,10084900,188595000000,150,true,0.81
"MBB",133046,"/Date(1703831455000)/",18700,1000,10078800,188480000000,150,true,0.81
"MBB",133046,"/Date(1703831455000)/",18700,1000,10077800,188462000000,150,true,0.81
"MBB",133046,"/Date(1703831455000)/",18700,5100,10076800,188443000000,150,true,0.81
"MBB",133046,"/Date(1703831455000)/",18750,4800,10071700,188348000000,200,true,1.08
"MBB",133046,"/Date(1703831455000)/",18750,100,10066900,188258000000,200,true,1.08
"MBB",133046,"/Date(1703831455000)/",18750,10000,10066800,188256000000,200,true,1.08
"MBB",133046,"/Date(1703831455000)/",18750,3200,10056800,188068000000,200,true,1.08
"MBB",133042,"/Date(1703831453000)/",18750,5000,10053600,188008000000,200,true,1.08
"MBB",133042,"/Date(1703831453000)/",18800,200,10048600,187915000000,250,false,1.35
"MBB",133042,"/Date(1703831453000)/",18800,100,10048400,187911000000,250,false,1.35
"MBB",133042,"/Date(1703831453000)/",18800,2000,10048300,187909000000,250,false,1.35
"MBB",133042,"/Date(1703831453000)/",18800,4000,10046300,187871000000,250,false,1.35
"MBB",133042,"/Date(1703831453000)/",18800,600,10042300,187796000000,250,false,1.35
"MBB",133042,"/Date(1703831453000)/",18800,100,10041700,187785000000,250,false,1.35
"MBB",133042,"/Date(1703831453000)/",18800,1000,10041600,187783000000,250,false,1.35
"MBB",133042,"/Date(1703831453000)/",18800,3000,10040600,187764000000,250,false,1.35
"MBB",133042,"/Date(1703831453000)/",18800,100,10037600,187708000000,250,false,1.35
"MBB",133042,"/Date(1703831453000)/",18800,500,10037500,187706000000,250,false,1.35
"MBB",133042,"/Date(1703831453000)/",18800,100,10037000,187696000000,250,false,1.35
"MBB",133042,"/Date(1703831453000)/",18800,500,10036900,187695000000,250,false,1.35
"MBB",133042,"/Date(1703831453000)/",18800,1000,10036400,187685000000,250,false,1.35
"MBB",133042,"/Date(1703831453000)/",18800,200,10035400,187666000000,250,false,1.35
"MBB",133042,"/Date(1703831453000)/",18800,2000,10035200,187663000000,250,false,1.35
"MBB",133042,"/Date(1703831453000)/",18800,400,10033200,187625000000,250,false,1.35
"MBB",133042,"/Date(1703831453000)/",18800,500,10032800,187618000000,250,false,1.35
"MBB",133042,"/Date(1703831453000)/",18800,15300,10032300,187608000000,250,false,1.35
"MBB",133042,"/Date(1703831452000)/",18750,100,10017000,187320000000,200,true,1.08
"MBB",133042,"/Date(1703831452000)/",18750,300,10016900,187319000000,200,true,1.08
"MBB",133042,"/Date(1703831451000)/",18750,1400,10016600,187313000000,200,true,1.08
"MBB",133042,"/Date(1703831451000)/",18750,10000,10015200,187287000000,200,true,1.08
"MBB",133042,"/Date(1703831451000)/",18750,8600,10005200,187099000000,200,true,1.08
"MBB",133039,"/Date(1703831450000)/",18750,14400,9996600,186938000000,200,true,1.08
"MBB",133036,"/Date(1703831446000)/",18750,10000,9982200,186668000000,200,true,1.08
"MBB",133036,"/Date(1703831445000)/",18750,2900,9972200,186480000000,200,true,1.08
"MBB",133033,"/Date(1703831443000)/",18750,2300,9969300,186426000000,200,true,1.08
"MBB",133027,"/Date(1703831436000)/",18750,200,9967000,186383000000,200,true,1.08
"MBB",133027,"/Date(1703831434000)/",18750,7400,9966800,186379000000,200,true,1.08
"MBB",133023,"/Date(1703831433000)/",18750,14400,9959400,186240000000,200,true,1.08
"MBB",133023,"/Date(1703831433000)/",18750,1200,9945000,185970000000,200,true,1.08
"MBB",133014,"/Date(1703831424000)/",18750,9200,9943800,185948000000,200,true,1.08
"MBB",133014,"/Date(1703831423000)/",18750,3000,9934600,185775000000,200,true,1.08
"MBB",133014,"/Date(1703831422000)/",18800,9700,9931600,185719000000,250,false,1.35
"MBB",133014,"/Date(1703831422000)/",18800,1000,9921900,185537000000,250,false,1.35
"MBB",133014,"/Date(1703831422000)/",18800,100,9920900,185518000000,250,false,1.35
"MBB",133014,"/Date(1703831422000)/",18800,200,9920800,185516000000,250,false,1.35
"MBB",133014,"/Date(1703831422000)/",18800,100,9920600,185512000000,250,false,1.35
"MBB",133014,"/Date(1703831422000)/",18800,2000,9920500,185511000000,250,false,1.35
"MBB",133014,"/Date(1703831422000)/",18800,500,9918500,185473000000,250,false,1.35
"MBB",133014,"/Date(1703831422000)/",18800,500,9918000,185464000000,250,false,1.35
"MBB",133014,"/Date(1703831422000)/",18800,100,9917500,185454000000,250,false,1.35
"MBB",133014,"/Date(1703831422000)/",18800,2000,9917400,185452000000,250,false,1.35
"MBB",133014,"/Date(1703831422000)/",18800,200,9915400,185415000000,250,false,1.35
"MBB",133014,"/Date(1703831422000)/",18800,500,9915200,185411000000,250,false,1.35
"MBB",133014,"/Date(1703831422000)/",18800,100,9914700,185401000000,250,false,1.35
"MBB",133014,"/Date(1703831422000)/",18800,1000,9914600,185400000000,250,false,1.35
"MBB",133014,"/Date(1703831422000)/",18800,1000,9913600,185381000000,250,false,1.35
"MBB",133014,"/Date(1703831422000)/",18800,200,9912600,185362000000,250,false,1.35
"MBB",133014,"/Date(1703831422000)/",18800,900,9912400,185358000000,250,false,1.35
"MBB",133007,"/Date(1703831417000)/",18750,1000,9911500,185341000000,200,true,1.08
"MBB",133004,"/Date(1703831415000)/",18750,6600,9910500,185323000000,200,true,1.08
"MBB",133004,"/Date(1703831413000)/",18750,2300,9903900,185199000000,200,true,1.08
"MBB",133001,"/Date(1703831409000)/",18750,14400,9901600,185156000000,200,true,1.08
"MBB",132958,"/Date(1703831408000)/",18750,900,9887200,184886000000,200,true,1.08
"MBB",132955,"/Date(1703831405000)/",18750,4500,9886300,184869000000,200,true,1.08
"MBB",132955,"/Date(1703831403000)/",18750,3400,9881800,184784000000,200,true,1.08
"MBB",132945,"/Date(1703831395000)/",18750,11800,9878400,184721000000,200,true,1.08
"MBB",132945,"/Date(1703831393000)/",18750,1800,9866600,184499000000,200,true,1.08
"MBB",132942,"/Date(1703831393000)/",18800,100,9864800,184466000000,250,false,1.35
"MBB",132942,"/Date(1703831393000)/",18800,400,9864700,184464000000,250,false,1.35
"MBB",132942,"/Date(1703831393000)/",18800,100,9864300,184456000000,250,false,1.35
"MBB",132942,"/Date(1703831393000)/",18800,1100,9864200,184454000000,250,false,1.35
"MBB",132942,"/Date(1703831393000)/",18800,5000,9863100,184434000000,250,false,1.35
"MBB",132942,"/Date(1703831393000)/",18800,2000,9858100,184340000000,250,false,1.35
"MBB",132942,"/Date(1703831393000)/",18800,500,9856100,184302000000,250,false,1.35
"MBB",132942,"/Date(1703831393000)/",18800,10000,9855600,184293000000,250,false,1.35
"MBB",132942,"/Date(1703831393000)/",18800,200,9845600,184105000000,250,false,1.35
"MBB",132942,"/Date(1703831393000)/",18800,500,9845400,184101000000,250,false,1.35
"MBB",132942,"/Date(1703831393000)/",18800,500,9844900,184092000000,250,false,1.35
"MBB",132939,"/Date(1703831389000)/",18750,14400,9844400,184082000000,200,true,1.08
"MBB",132935,"/Date(1703831385000)/",18750,2800,9830000,183812000000,200,true,1.08
"MBB",132932,"/Date(1703831383000)/",18750,1200,9827200,183760000000,200,true,1.08
"MBB",132926,"/Date(1703831374000)/",18750,8200,9826000,183737000000,200,true,1.08
"MBB",132926,"/Date(1703831374000)/",18750,200,9817800,183583000000,200,true,1.08
"MBB",132923,"/Date(1703831373000)/",18750,3700,9817600,183580000000,200,true,1.08
"MBB",132923,"/Date(1703831372000)/",18750,14400,9813900,183510000000,200,true,1.08
"MBB",132916,"/Date(1703831365000)/",18750,9200,9799500,183240000000,200,true,1.08
"MBB",132913,"/Date(1703831363000)/",18750,500,9790300,183068000000,200,true,1.08
"MBB",132913,"/Date(1703831363000)/",18750,1700,9789800,183058000000,200,true,1.08
"MBB",132913,"/Date(1703831363000)/",18800,500,9788100,183027000000,250,false,1.35
"MBB",132913,"/Date(1703831363000)/",18800,1000,9787600,183017000000,250,false,1.35
"MBB",132913,"/Date(1703831363000)/",18800,5000,9786600,182998000000,250,false,1.35
"MBB",132913,"/Date(1703831363000)/",18800,1600,9781600,182904000000,250,false,1.35
"MBB",132913,"/Date(1703831363000)/",18800,3600,9780000,182874000000,250,false,1.35
"MBB",132907,"/Date(1703831356000)/",18750,14400,9776400,182807000000,200,true,1.08
"MBB",132904,"/Date(1703831355000)/",18750,2400,9762000,182537000000,200,true,1.08
"MBB",132904,"/Date(1703831353000)/",18750,800,9759600,182492000000,200,true,1.08
"MBB",132900,"/Date(1703831349000)/",18750,400,9758800,182477000000,200,true,1.08
"MBB",132857,"/Date(1703831345000)/",18750,3400,9758400,182469000000,200,true,1.08
"MBB",132854,"/Date(1703831345000)/",18750,2000,9755000,182405000000,200,true,1.08
"MBB",132854,"/Date(1703831345000)/",18750,300,9753000,182368000000,200,true,1.08
"MBB",132854,"/Date(1703831345000)/",18750,1300,9752700,182362000000,200,true,1.08
"MBB",132854,"/Date(1703831343000)/",18750,1200,9751400,182338000000,200,true,1.08
"MBB",132854,"/Date(1703831342000)/",18750,100,9750200,182315000000,200,true,1.08
"MBB",132848,"/Date(1703831336000)/",18750,5000,9750100,182313000000,200,true,1.08
"MBB",132844,"/Date(1703831335000)/",18750,5800,9745100,182220000000,200,false,1.08
"MBB",132844,"/Date(1703831333000)/",18750,1800,9739300,182111000000,200,false,1.08
"MBB",132844,"/Date(1703831332000)/",18750,100,9737500,182077000000,200,false,1.08
"MBB",132838,"/Date(1703831329000)/",18700,14400,9737400,182075000000,150,true,0.81
"MBB",132835,"/Date(1703831325000)/",18700,2500,9723000,181806000000,150,true,0.81
"MBB",132835,"/Date(1703831325000)/",18750,700,9720500,181759000000,200,true,1.08
"MBB",132835,"/Date(1703831323000)/",18750,1100,9719800,181746000000,200,true,1.08
"MBB",132828,"/Date(1703831319000)/",18750,6600,9718700,181726000000,200,true,1.08
"MBB",132828,"/Date(1703831317000)/",18750,300,9712100,181602000000,200,true,1.08
"MBB",132825,"/Date(1703831316000)/",18750,700,9711800,181596000000,200,true,1.08
"MBB",132825,"/Date(1703831315000)/",18750,600,9711100,181583000000,200,true,1.08
"MBB",132825,"/Date(1703831315000)/",18750,1400,9710500,181572000000,200,true,1.08
"MBB",132822,"/Date(1703831313000)/",18750,2000,9709100,181546000000,200,true,1.08
"MBB",132816,"/Date(1703831305000)/",18750,4900,9707100,181508000000,200,true,1.08
"MBB",132813,"/Date(1703831303000)/",18750,1700,9702200,181416000000,200,true,1.08
"MBB",132813,"/Date(1703831303000)/",18750,500,9700500,181384000000,200,true,1.08
"MBB",132813,"/Date(1703831303000)/",18750,12200,9700000,181375000000,200,true,1.08
"MBB",132813,"/Date(1703831302000)/",18800,1400,9687800,181146000000,250,false,1.35
"MBB",132806,"/Date(1703831294000)/",18750,500,9686400,181120000000,200,true,1.08
"MBB",132806,"/Date(1703831294000)/",18750,100,9685900,181111000000,200,true,1.08
"MBB",132803,"/Date(1703831293000)/",18750,100,9685800,181109000000,200,true,1.08
"MBB",132803,"/Date(1703831291000)/",18750,1000,9685700,181107000000,200,true,1.08
"MBB",132800,"/Date(1703831289000)/",18750,200,9684700,181088000000,200,true,1.08
"MBB",132757,"/Date(1703831284000)/",18750,400,9684500,181084000000,200,true,1.08
"MBB",132753,"/Date(1703831283000)/",18750,200,9684100,181077000000,200,true,1.08
"MBB",132744,"/Date(1703831275000)/",18750,1200,9683900,181073000000,200,false,1.08
"MBB",132744,"/Date(1703831274000)/",18750,100,9682700,181051000000,200,false,1.08
"MBB",132744,"/Date(1703831273000)/",18750,500,9682600,181049000000,200,false,1.08
"MBB",132744,"/Date(1703831273000)/",18750,100,9682100,181039000000,200,false,1.08
"MBB",132744,"/Date(1703831273000)/",18750,400,9682000,181037000000,200,false,1.08
"MBB",132734,"/Date(1703831265000)/",18700,2900,9681600,181030000000,150,true,0.81
"MBB",132734,"/Date(1703831263000)/",18750,200,9678700,180976000000,200,false,1.08
"MBB",132734,"/Date(1703831263000)/",18750,100,9678500,180972000000,200,false,1.08
"MBB",132734,"/Date(1703831263000)/",18750,700,9678400,180970000000,200,false,1.08
"MBB",132734,"/Date(1703831263000)/",18700,1100,9677700,180957000000,150,true,0.81
"MBB",132734,"/Date(1703831262000)/",18750,2300,9676600,180936000000,200,false,1.08
"MBB",132734,"/Date(1703831262000)/",18750,100,9674300,180893000000,200,false,1.08
"MBB",132734,"/Date(1703831262000)/",18750,100,9674200,180891000000,200,false,1.08
"MBB",132731,"/Date(1703831259000)/",18700,100,9674100,180889000000,150,true,0.81
"MBB",132725,"/Date(1703831254000)/",18700,3900,9674000,180888000000,150,true,0.81
"MBB",132725,"/Date(1703831254000)/",18700,1100,9670100,180815000000,150,true,0.81
"MBB",132725,"/Date(1703831253000)/",18700,4000,9669000,180794000000,150,true,0.81
"MBB",132715,"/Date(1703831244000)/",18700,1000,9665000,180719000000,150,true,0.81
"MBB",132715,"/Date(1703831244000)/",18750,11800,9664000,180701000000,200,true,1.08
"MBB",132712,"/Date(1703831243000)/",18750,3200,9652200,180479000000,200,true,1.08
"MBB",132712,"/Date(1703831242000)/",18800,24100,9649000,180419000000,250,false,1.35
"MBB",132709,"/Date(1703831239000)/",18750,5000,9624900,179966000000,200,true,1.08
"MBB",132706,"/Date(1703831235000)/",18700,10500,9619900,179873000000,150,true,0.81
"MBB",132706,"/Date(1703831234000)/",18700,13400,9609400,179676000000,150,true,0.81
"MBB",132706,"/Date(1703831234000)/",18700,1000,9596000,179426000000,150,true,0.81
"MBB",132702,"/Date(1703831233000)/",18700,2100,9595000,179407000000,150,true,0.81
"MBB",132702,"/Date(1703831231000)/",18700,10000,9592900,179368000000,150,true,0.81
"MBB",132656,"/Date(1703831225000)/",18700,8700,9582900,179181000000,150,true,0.81
"MBB",132653,"/Date(1703831223000)/",18700,2700,9574200,179018000000,150,true,0.81
"MBB",132646,"/Date(1703831215000)/",18700,4000,9571500,178967000000,150,true,0.81
"MBB",132646,"/Date(1703831215000)/",18750,21000,9567500,178893000000,200,false,1.08
"MBB",132646,"/Date(1703831214000)/",18750,1600,9546500,178499000000,200,false,1.08
"MBB",132643,"/Date(1703831213000)/",18750,600,9544900,178469000000,200,true,1.08
"MBB",132637,"/Date(1703831206000)/",18700,1500,9544300,178458000000,150,true,0.81
"MBB",132637,"/Date(1703831206000)/",18700,3300,9542800,178430000000,150,true,0.81
"MBB",132634,"/Date(1703831203000)/",18700,400,9539500,178368000000,150,true,0.81
"MBB",132634,"/Date(1703831203000)/",18750,1500,9539100,178360000000,200,false,1.08
"MBB",132631,"/Date(1703831200000)/",18750,1000,9537600,178332000000,200,true,1.08
"MBB",132627,"/Date(1703831198000)/",18750,500,9536600,178314000000,200,false,1.08
"MBB",132624,"/Date(1703831195000)/",18700,12700,9536100,178304000000,150,true,0.81
"MBB",132624,"/Date(1703831193000)/",18700,5100,9523400,178067000000,150,true,0.81
"MBB",132624,"/Date(1703831192000)/",18700,8500,9518300,177971000000,150,true,0.81
"MBB",132624,"/Date(1703831192000)/",18700,5900,9509800,177812000000,150,true,0.81
"MBB",132621,"/Date(1703831189000)/",18750,1000,9503900,177702000000,200,false,1.08
"MBB",132621,"/Date(1703831189000)/",18750,10000,9502900,177683000000,200,false,1.08
"MBB",132621,"/Date(1703831189000)/",18750,300,9492900,177496000000,200,false,1.08
"MBB",132621,"/Date(1703831189000)/",18750,2000,9492600,177490000000,200,false,1.08
"MBB",132621,"/Date(1703831189000)/",18750,500,9490600,177453000000,200,false,1.08
"MBB",132621,"/Date(1703831189000)/",18750,700,9490100,177443000000,200,false,1.08
"MBB",132621,"/Date(1703831189000)/",18750,200,9489400,177430000000,200,false,1.08
"MBB",132621,"/Date(1703831189000)/",18750,100,9489200,177426000000,200,false,1.08
"MBB",132621,"/Date(1703831189000)/",18750,100,9489100,177424000000,200,false,1.08
"MBB",132621,"/Date(1703831189000)/",18750,200,9489000,177423000000,200,false,1.08
"MBB",132621,"/Date(1703831189000)/",18750,1100,9488800,177419000000,200,false,1.08
"MBB",132618,"/Date(1703831187000)/",18700,800,9487700,177398000000,150,true,0.81
"MBB",132615,"/Date(1703831185000)/",18700,6000,9486900,177383000000,150,true,0.81
"MBB",132615,"/Date(1703831183000)/",18700,500,9480900,177271000000,150,true,0.81
"MBB",132615,"/Date(1703831183000)/",18700,600,9480400,177262000000,150,true,0.81
"MBB",132615,"/Date(1703831183000)/",18750,8900,9479800,177251000000,200,false,1.08
"MBB",132615,"/Date(1703831183000)/",18750,1000,9470900,177084000000,200,false,1.08
"MBB",132615,"/Date(1703831183000)/",18750,3000,9469900,177065000000,200,false,1.08
"MBB",132615,"/Date(1703831183000)/",18750,200,9466900,177009000000,200,false,1.08
"MBB",132608,"/Date(1703831178000)/",18700,500,9466700,177005000000,150,true,0.81
"MBB",132608,"/Date(1703831176000)/",18750,800,9466200,176996000000,200,false,1.08
"MBB",132608,"/Date(1703831176000)/",18750,400,9465400,176981000000,200,false,1.08
"MBB",132605,"/Date(1703831175000)/",18700,2400,9465000,176973000000,150,true,0.81
"MBB",132605,"/Date(1703831175000)/",18700,1900,9462600,176928000000,150,true,0.81
"MBB",132605,"/Date(1703831173000)/",18700,800,9460700,176893000000,150,true,0.81
"MBB",132555,"/Date(1703831164000)/",18700,5600,9459900,176878000000,150,true,0.81
"MBB",132552,"/Date(1703831163000)/",18700,2800,9454300,176773000000,150,true,0.81
"MBB",132552,"/Date(1703831162000)/",18750,10000,9451500,176721000000,200,false,1.08
"MBB",132546,"/Date(1703831154000)/",18700,2200,9441500,176533000000,150,true,0.81
"MBB",132546,"/Date(1703831154000)/",18700,3600,9439300,176492000000,150,true,0.81
"MBB",132546,"/Date(1703831154000)/",18700,200,9435700,176425000000,150,true,0.81
"MBB",132543,"/Date(1703831153000)/",18700,1800,9435500,176421000000,150,true,0.81
"MBB",132543,"/Date(1703831152000)/",18750,3200,9433700,176387000000,200,false,1.08
"MBB",132543,"/Date(1703831152000)/",18750,1800,9430500,176327000000,200,false,1.08
"MBB",132543,"/Date(1703831152000)/",18750,5700,9428700,176293000000,200,false,1.08
"MBB",132536,"/Date(1703831145000)/",18700,6900,9423000,176187000000,150,true,0.81
"MBB",132533,"/Date(1703831144000)/",18750,10000,9416100,176058000000,200,false,1.08
"MBB",132533,"/Date(1703831143000)/",18700,1200,9406100,175870000000,150,true,0.81
"MBB",132530,"/Date(1703831138000)/",18700,100,9404900,175848000000,150,true,0.81
"MBB",132527,"/Date(1703831136000)/",18750,9300,9404800,175846000000,200,false,1.08
"MBB",132527,"/Date(1703831136000)/",18750,700,9395500,175671000000,200,false,1.08
"MBB",132527,"/Date(1703831135000)/",18700,1700,9394800,175658000000,150,true,0.81
"MBB",132524,"/Date(1703831133000)/",18700,500,9393100,175626000000,150,true,0.81
"MBB",132517,"/Date(1703831125000)/",18700,200,9392600,175617000000,150,true,0.81
"MBB",132517,"/Date(1703831125000)/",18750,5100,9392400,175613000000,200,false,1.08
"MBB",132514,"/Date(1703831125000)/",18700,100,9387300,175518000000,150,true,0.81
"MBB",132504,"/Date(1703831114000)/",18700,900,9387200,175516000000,150,true,0.81
"MBB",132504,"/Date(1703831113000)/",18700,300,9386300,175499000000,150,true,0.81
"MBB",132501,"/Date(1703831111000)/",18750,300,9386000,175493000000,200,false,1.08
"MBB",132458,"/Date(1703831108000)/",18700,1000,9385700,175488000000,150,true,0.81
"MBB",132455,"/Date(1703831105000)/",18700,1500,9384700,175469000000,150,true,0.81
"MBB",132455,"/Date(1703831103000)/",18700,1100,9383200,175441000000,150,true,0.81
"MBB",132452,"/Date(1703831100000)/",18700,1500,9382100,175421000000,150,true,0.81
"MBB",132445,"/Date(1703831095000)/",18700,2700,9380600,175392000000,150,true,0.81
"MBB",132445,"/Date(1703831094000)/",18700,100,9377900,175342000000,150,true,0.81
"MBB",132442,"/Date(1703831093000)/",18700,100,9377800,175340000000,150,true,0.81
"MBB",132442,"/Date(1703831093000)/",18750,3900,9377700,175338000000,200,false,1.08
"MBB",132442,"/Date(1703831093000)/",18750,3600,9373800,175265000000,200,false,1.08
"MBB",132436,"/Date(1703831085000)/",18700,1300,9370200,175198000000,150,true,0.81
"MBB",132433,"/Date(1703831083000)/",18700,500,9368900,175173000000,150,true,0.81
"MBB",132429,"/Date(1703831079000)/",18700,1500,9368400,175164000000,150,true,0.81
"MBB",132426,"/Date(1703831075000)/",18700,200,9366900,175136000000,150,true,0.81
"MBB",132426,"/Date(1703831074000)/",18700,1000,9366700,175132000000,150,true,0.81
"MBB",132426,"/Date(1703831074000)/",18700,500,9365700,175113000000,150,true,0.81
"MBB",132426,"/Date(1703831074000)/",18700,900,9365200,175104000000,150,true,0.81
"MBB",132423,"/Date(1703831073000)/",18700,1700,9364300,175087000000,150,true,0.81
"MBB",132423,"/Date(1703831072000)/",18700,2500,9362600,175055000000,150,true,0.81
"MBB",132417,"/Date(1703831064000)/",18700,3900,9360100,175009000000,150,true,0.81
"MBB",132413,"/Date(1703831064000)/",18700,200,9356200,174936000000,150,true,0.81
"MBB",132413,"/Date(1703831063000)/",18700,200,9356000,174932000000,150,true,0.81
"MBB",132413,"/Date(1703831062000)/",18750,10900,9355800,174928000000,200,false,1.08
"MBB",132407,"/Date(1703831055000)/",18700,1700,9344900,174724000000,150,true,0.81
"MBB",132404,"/Date(1703831053000)/",18700,800,9343200,174692000000,150,true,0.81
"MBB",132354,"/Date(1703831045000)/",18700,5100,9342400,174677000000,150,true,0.81
"MBB",132354,"/Date(1703831043000)/",18700,2500,9337300,174582000000,150,true,0.81
"MBB",132354,"/Date(1703831042000)/",18700,500,9334800,174535000000,150,true,0.81
"MBB",132348,"/Date(1703831037000)/",18700,10000,9334300,174526000000,150,true,0.81
"MBB",132345,"/Date(1703831035000)/",18650,3900,9324300,174339000000,100,true,0.54
"MBB",132345,"/Date(1703831035000)/",18700,300,9320400,174266000000,150,true,0.81
"MBB",132345,"/Date(1703831033000)/",18700,300,9320100,174260000000,150,true,0.81
"MBB",132345,"/Date(1703831033000)/",18750,1500,9319800,174255000000,200,false,1.08
"MBB",132345,"/Date(1703831033000)/",18750,200,9318300,174227000000,200,false,1.08
"MBB",132345,"/Date(1703831033000)/",18750,500,9318100,174223000000,200,false,1.08
"MBB",132345,"/Date(1703831033000)/",18750,100,9317600,174214000000,200,false,1.08
"MBB",132345,"/Date(1703831033000)/",18750,400,9317500,174212000000,200,false,1.08
"MBB",132345,"/Date(1703831033000)/",18750,200,9317100,174204000000,200,false,1.08
"MBB",132345,"/Date(1703831033000)/",18750,700,9316900,174200000000,200,false,1.08
"MBB",132345,"/Date(1703831033000)/",18750,5000,9316200,174187000000,200,false,1.08
"MBB",132345,"/Date(1703831033000)/",18750,100,9311200,174094000000,200,false,1.08
"MBB",132345,"/Date(1703831033000)/",18750,100,9311100,174092000000,200,false,1.08
"MBB",132345,"/Date(1703831033000)/",18750,2600,9311000,174090000000,200,false,1.08
"MBB",132341,"/Date(1703831032000)/",18700,300,9308400,174041000000,150,true,0.81
"MBB",132335,"/Date(1703831026000)/",18700,100,9308100,174035000000,150,true,0.81
"MBB",132335,"/Date(1703831024000)/",18650,2100,9308000,174034000000,100,true,0.54
"MBB",132335,"/Date(1703831023000)/",18650,800,9305900,173994000000,100,true,0.54
"MBB",132325,"/Date(1703831015000)/",18650,6200,9305100,173979000000,100,true,0.54
"MBB",132322,"/Date(1703831013000)/",18650,1300,9298900,173864000000,100,true,0.54
"MBB",132322,"/Date(1703831013000)/",18700,700,9297600,173840000000,150,true,0.81
"MBB",132322,"/Date(1703831013000)/",18700,200,9296900,173826000000,150,true,0.81
"MBB",132322,"/Date(1703831013000)/",18700,400,9296700,173823000000,150,true,0.81
"MBB",132322,"/Date(1703831012000)/",18700,9600,9296300,173815000000,150,true,0.81
"MBB",132322,"/Date(1703831012000)/",18700,4800,9286700,173636000000,150,true,0.81
"MBB",132316,"/Date(1703831005000)/",18700,3800,9281900,173546000000,150,true,0.81
"MBB",132313,"/Date(1703831003000)/",18700,600,9278100,173475000000,150,true,0.81
"MBB",132313,"/Date(1703831003000)/",18750,2400,9277500,173464000000,200,false,1.08
"MBB",132313,"/Date(1703831003000)/",18750,1500,9275100,173419000000,200,false,1.08
"MBB",132313,"/Date(1703831003000)/",18750,1000,9273600,173391000000,200,false,1.08
"MBB",132313,"/Date(1703831003000)/",18750,500,9272600,173372000000,200,false,1.08
"MBB",132313,"/Date(1703831003000)/",18750,2000,9272100,173362000000,200,false,1.08
"MBB",132306,"/Date(1703830995000)/",18700,4900,9270100,173325000000,150,true,0.81
"MBB",132303,"/Date(1703830993000)/",18700,1500,9265200,173233000000,150,true,0.81
"MBB",132257,"/Date(1703830987000)/",18700,8400,9263700,173205000000,150,true,0.81
"MBB",132257,"/Date(1703830987000)/",18700,6000,9255300,173048000000,150,true,0.81
"MBB",132257,"/Date(1703830984000)/",18700,700,9249300,172936000000,150,true,0.81
"MBB",132254,"/Date(1703830983000)/",18700,300,9248600,172923000000,150,true,0.81
"MBB",132250,"/Date(1703830981000)/",18700,200,9248300,172917000000,150,true,0.81
"MBB",132244,"/Date(1703830974000)/",18700,2000,9248100,172914000000,150,true,0.81
"MBB",132244,"/Date(1703830973000)/",18700,800,9246100,172876000000,150,true,0.81
"MBB",132234,"/Date(1703830965000)/",18650,900,9245300,172861000000,100,true,0.54
"MBB",132234,"/Date(1703830965000)/",18700,5100,9244400,172844000000,150,true,0.81
"MBB",132234,"/Date(1703830963000)/",18700,2200,9239300,172749000000,150,true,0.81
"MBB",132231,"/Date(1703830960000)/",18700,1500,9237100,172708000000,150,false,0.81
"MBB",132231,"/Date(1703830960000)/",18700,200,9235600,172680000000,150,false,0.81
"MBB",132228,"/Date(1703830957000)/",18700,7000,9235400,172676000000,150,false,0.81
