"Stockcode","Package","TradingDate","Price","Vol","TotalVol","TotalVal","Change","IsBuy","PerChange"
"SSI",144504,"/Date(1703835901000)/",32800,1419600,12790300,420618000000,-200,false,-0.61
"SSI",143007,"/Date(1703834995000)/",32850,300,11370700,374055000000,-150,true,-0.45
"SSI",143004,"/Date(1703834993000)/",32800,900,11370400,374045000000,-200,true,-0.61
"SSI",143004,"/Date(1703834993000)/",32800,1000,11369500,374016000000,-200,true,-0.61
"SSI",143004,"/Date(1703834993000)/",32800,4500,11368500,373983000000,-200,true,-0.61
"SSI",143004,"/Date(1703834993000)/",32800,100,11364000,373835000000,-200,true,-0.61
"SSI",143004,"/Date(1703834993000)/",32800,200,11363900,373832000000,-200,true,-0.61
"SSI",143004,"/Date(1703834993000)/",32800,100,11363700,373825000000,-200,true,-0.61
"SSI",143004,"/Date(1703834993000)/",32800,10000,11363600,373822000000,-200,true,-0.61
"SSI",143004,"/Date(1703834993000)/",32800,100,11353600,373494000000,-200,true,-0.61
"SSI",143004,"/Date(1703834993000)/",32800,200,11353500,373491000000,-200,true,-0.61
"SSI",143004,"/Date(1703834993000)/",32800,10000,11353300,373484000000,-200,true,-0.61
"SSI",143004,"/Date(1703834993000)/",32800,20000,11343300,373156000000,-200,true,-0.61
"SSI",143004,"/Date(1703834993000)/",32800,2900,11323300,372500000000,-200,true,-0.61
"SSI",143004,"/Date(1703834993000)/",32850,500,11320400,372405000000,-150,false,-0.45
"SSI",143004,"/Date(1703834993000)/",32850,19500,11319900,372389000000,-150,false,-0.45
"SSI",143004,"/Date(1703834993000)/",32850,500,11300400,371748000000,-150,false,-0.45
"SSI",143004,"/Date(1703834993000)/",32850,200,11299900,371732000000,-150,false,-0.45
"SSI",143004,"/Date(1703834993000)/",32850,800,11299700,371725000000,-150,false,-0.45
"SSI",143004,"/Date(1703834993000)/",32850,500,11298900,371699000000,-150,false,-0.45
"SSI",142957,"/Date(1703834988000)/",32800,300,11298400,371683000000,-200,true,-0.61
"SSI",142954,"/Date(1703834984000)/",32850,1500,11298100,371673000000,-150,false,-0.45
"SSI",142954,"/Date(1703834984000)/",32850,500,11296600,371623000000,-150,false,-0.45
"SSI",142954,"/Date(1703834984000)/",32800,1500,11296100,371607000000,-200,true,-0.61
"SSI",142954,"/Date(1703834983000)/",32850,3000,11294600,371558000000,-150,false,-0.45
"SSI",142951,"/Date(1703834980000)/",32850,6500,11291600,371459000000,-150,false,-0.45
"SSI",142951,"/Date(1703834980000)/",32850,1000,11285100,371246000000,-150,false,-0.45
"SSI",142951,"/Date(1703834980000)/",32850,5000,11284100,371213000000,-150,false,-0.45
"SSI",142951,"/Date(1703834980000)/",32850,200,11279100,371049000000,-150,false,-0.45
"SSI",142951,"/Date(1703834980000)/",32850,20000,11278900,371042000000,-150,false,-0.45
"SSI",142951,"/Date(1703834980000)/",32850,2000,11258900,370385000000,-150,false,-0.45
"SSI",142951,"/Date(1703834980000)/",32850,200,11256900,370319000000,-150,false,-0.45
"SSI",142951,"/Date(1703834980000)/",32850,300,11256700,370313000000,-150,false,-0.45
"SSI",142951,"/Date(1703834980000)/",32850,1000,11256400,370303000000,-150,false,-0.45
"SSI",142951,"/Date(1703834980000)/",32850,1500,11255400,370270000000,-150,false,-0.45
"SSI",142951,"/Date(1703834980000)/",32850,1700,11253900,370221000000,-150,false,-0.45
"SSI",142951,"/Date(1703834980000)/",32850,10600,11252200,370165000000,-150,false,-0.45
"SSI",142947,"/Date(1703834977000)/",32850,1000,11241600,369817000000,-150,false,-0.45
"SSI",142947,"/Date(1703834976000)/",32800,3000,11240600,369784000000,-200,true,-0.61
"SSI",142947,"/Date(1703834976000)/",32800,1200,11237600,369686000000,-200,true,-0.61
"SSI",142944,"/Date(1703834974000)/",32800,500,11236400,369646000000,-200,false,-0.61
"SSI",142944,"/Date(1703834974000)/",32800,500,11235900,369630000000,-200,false,-0.61
"SSI",142944,"/Date(1703834974000)/",32800,100,11235400,369613000000,-200,false,-0.61
"SSI",142941,"/Date(1703834970000)/",32800,900,11235300,369610000000,-200,true,-0.61
"SSI",142941,"/Date(1703834970000)/",32800,9100,11234400,369581000000,-200,true,-0.61
"SSI",142941,"/Date(1703834970000)/",32800,5000,11225300,369282000000,-200,true,-0.61
"SSI",142941,"/Date(1703834970000)/",32800,100,11220300,369118000000,-200,true,-0.61
"SSI",142941,"/Date(1703834970000)/",32800,100,11220200,369115000000,-200,true,-0.61
"SSI",142941,"/Date(1703834969000)/",32800,100,11220100,369112000000,-200,true,-0.61
"SSI",142941,"/Date(1703834969000)/",32800,500,11220000,369108000000,-200,true,-0.61
"SSI",142941,"/Date(1703834969000)/",32800,500,11219500,369092000000,-200,true,-0.61
"SSI",142941,"/Date(1703834969000)/",32800,200,11219000,369075000000,-200,true,-0.61
"SSI",142941,"/Date(1703834969000)/",32800,500,11218800,369069000000,-200,true,-0.61
"SSI",142941,"/Date(1703834969000)/",32800,6900,11218300,369052000000,-200,true,-0.61
"SSI",142938,"/Date(1703834966000)/",32800,2000,11211400,368826000000,-200,true,-0.61
"SSI",142938,"/Date(1703834966000)/",32800,500,11209400,368761000000,-200,true,-0.61
"SSI",142931,"/Date(1703834961000)/",32800,1200,11208900,368744000000,-200,true,-0.61
"SSI",142931,"/Date(1703834961000)/",32800,9400,11207700,368705000000,-200,true,-0.61
"SSI",142931,"/Date(1703834961000)/",32800,1000,11198300,368396000000,-200,true,-0.61
"SSI",142931,"/Date(1703834961000)/",32800,1000,11197300,368364000000,-200,true,-0.61
"SSI",142928,"/Date(1703834957000)/",32800,7000,11196300,368331000000,-200,false,-0.61
"SSI",142928,"/Date(1703834957000)/",32800,500,11189300,368101000000,-200,false,-0.61
"SSI",142928,"/Date(1703834957000)/",32800,100,11188800,368085000000,-200,false,-0.61
"SSI",142928,"/Date(1703834957000)/",32800,1000,11188700,368082000000,-200,false,-0.61
"SSI",142924,"/Date(1703834953000)/",32800,2000,11187700,368049000000,-200,true,-0.61
"SSI",142921,"/Date(1703834951000)/",32850,1700,11185700,367983000000,-150,false,-0.45
"SSI",142921,"/Date(1703834951000)/",32800,3300,11184000,367927000000,-200,false,-0.61
"SSI",142921,"/Date(1703834950000)/",32800,100,11180700,367819000000,-200,false,-0.61
"SSI",142921,"/Date(1703834949000)/",32800,200,11180600,367816000000,-200,false,-0.61
"SSI",142918,"/Date(1703834949000)/",32750,2000,11180400,367809000000,-250,true,-0.76
"SSI",142918,"/Date(1703834948000)/",32800,500,11178400,367744000000,-200,true,-0.61
"SSI",142918,"/Date(1703834946000)/",32800,18000,11177900,367727000000,-200,true,-0.61
"SSI",142918,"/Date(1703834946000)/",32800,100,11159900,367137000000,-200,true,-0.61
"SSI",142918,"/Date(1703834946000)/",32800,20000,11159800,367134000000,-200,true,-0.61
"SSI",142918,"/Date(1703834946000)/",32800,100,11139800,366478000000,-200,true,-0.61
"SSI",142918,"/Date(1703834946000)/",32800,2000,11139700,366474000000,-200,true,-0.61
"SSI",142918,"/Date(1703834946000)/",32800,1000,11137700,366409000000,-200,true,-0.61
"SSI",142918,"/Date(1703834946000)/",32800,100,11136700,366376000000,-200,true,-0.61
"SSI",142918,"/Date(1703834946000)/",32800,1000,11136600,366373000000,-200,true,-0.61
"SSI",142918,"/Date(1703834946000)/",32800,1000,11135600,366340000000,-200,true,-0.61
"SSI",142918,"/Date(1703834946000)/",32800,200,11134600,366307000000,-200,true,-0.61
"SSI",142918,"/Date(1703834946000)/",32800,500,11134400,366301000000,-200,true,-0.61
"SSI",142918,"/Date(1703834946000)/",32800,100,11133900,366284000000,-200,true,-0.61
"SSI",142918,"/Date(1703834946000)/",32800,500,11133800,366281000000,-200,true,-0.61
"SSI",142918,"/Date(1703834946000)/",32800,1000,11133300,366264000000,-200,true,-0.61
"SSI",142918,"/Date(1703834946000)/",32800,100,11132300,366232000000,-200,true,-0.61
"SSI",142918,"/Date(1703834946000)/",32800,1000,11132200,366228000000,-200,true,-0.61
"SSI",142918,"/Date(1703834946000)/",32800,4000,11131200,366196000000,-200,true,-0.61
"SSI",142918,"/Date(1703834946000)/",32800,900,11127200,366064000000,-200,true,-0.61
"SSI",142918,"/Date(1703834946000)/",32800,200,11126300,366035000000,-200,true,-0.61
"SSI",142918,"/Date(1703834946000)/",32800,500,11126100,366028000000,-200,true,-0.61
"SSI",142918,"/Date(1703834946000)/",32800,300,11125600,366012000000,-200,true,-0.61
"SSI",142918,"/Date(1703834946000)/",32800,500,11125300,366002000000,-200,true,-0.61
"SSI",142918,"/Date(1703834946000)/",32800,1000,11124800,365986000000,-200,true,-0.61
"SSI",142918,"/Date(1703834946000)/",32800,200,11123800,365953000000,-200,true,-0.61
"SSI",142918,"/Date(1703834946000)/",32800,3000,11123600,365946000000,-200,true,-0.61
"SSI",142918,"/Date(1703834946000)/",32800,7000,11120600,365848000000,-200,true,-0.61
"SSI",142918,"/Date(1703834946000)/",32800,200,11113600,365618000000,-200,true,-0.61
"SSI",142918,"/Date(1703834946000)/",32800,500,11113400,365612000000,-200,true,-0.61
"SSI",142918,"/Date(1703834946000)/",32800,100,11112900,365595000000,-200,true,-0.61
"SSI",142918,"/Date(1703834946000)/",32800,100,11112800,365592000000,-200,true,-0.61
"SSI",142918,"/Date(1703834946000)/",32800,1000,11112700,365589000000,-200,true,-0.61
"SSI",142918,"/Date(1703834946000)/",32800,200,11111700,365556000000,-200,true,-0.61
"SSI",142918,"/Date(1703834946000)/",32800,1000,11111500,365549000000,-200,true,-0.61
"SSI",142918,"/Date(1703834946000)/",32800,1000,11110500,365517000000,-200,true,-0.61
"SSI",142918,"/Date(1703834946000)/",32800,500,11109500,365484000000,-200,true,-0.61
"SSI",142918,"/Date(1703834946000)/",32800,100,11109000,365467000000,-200,true,-0.61
"SSI",142918,"/Date(1703834946000)/",32800,1000,11108900,365464000000,-200,true,-0.61
"SSI",142918,"/Date(1703834946000)/",32800,400,11107900,365431000000,-200,true,-0.61
"SSI",142918,"/Date(1703834946000)/",32800,200,11107500,365418000000,-200,true,-0.61
"SSI",142918,"/Date(1703834946000)/",32800,500,11107300,365412000000,-200,true,-0.61
"SSI",142918,"/Date(1703834946000)/",32800,2000,11106800,365395000000,-200,true,-0.61
"SSI",142918,"/Date(1703834946000)/",32800,5000,11104800,365330000000,-200,true,-0.61
"SSI",142918,"/Date(1703834946000)/",32800,100,11099800,365166000000,-200,true,-0.61
"SSI",142918,"/Date(1703834946000)/",32800,1900,11099700,365162000000,-200,true,-0.61
"SSI",142918,"/Date(1703834946000)/",32800,11300,11097800,365100000000,-200,true,-0.61
"SSI",142918,"/Date(1703834946000)/",32800,500,11086500,364729000000,-200,true,-0.61
"SSI",142918,"/Date(1703834946000)/",32800,2000,11086000,364713000000,-200,true,-0.61
"SSI",142918,"/Date(1703834946000)/",32800,2000,11084000,364647000000,-200,true,-0.61
"SSI",142915,"/Date(1703834945000)/",32800,48000,11082000,364582000000,-200,true,-0.61
"SSI",142915,"/Date(1703834945000)/",32800,500,11034000,363007000000,-200,true,-0.61
"SSI",142915,"/Date(1703834945000)/",32800,5000,11033500,362991000000,-200,true,-0.61
"SSI",142915,"/Date(1703834945000)/",32800,200,11028500,362827000000,-200,true,-0.61
"SSI",142915,"/Date(1703834945000)/",32800,1000,11028300,362820000000,-200,true,-0.61
"SSI",142915,"/Date(1703834945000)/",32800,100,11027300,362788000000,-200,true,-0.61
"SSI",142915,"/Date(1703834945000)/",32800,5000,11027200,362784000000,-200,true,-0.61
"SSI",142915,"/Date(1703834945000)/",32800,1000,11022200,362620000000,-200,true,-0.61
"SSI",142915,"/Date(1703834945000)/",32800,200,11021200,362588000000,-200,true,-0.61
"SSI",142915,"/Date(1703834945000)/",32800,300,11021000,362581000000,-200,true,-0.61
"SSI",142915,"/Date(1703834945000)/",32800,100,11020700,362571000000,-200,true,-0.61
"SSI",142915,"/Date(1703834945000)/",32800,500,11020600,362568000000,-200,true,-0.61
"SSI",142915,"/Date(1703834945000)/",32800,1800,11020100,362552000000,-200,true,-0.61
"SSI",142915,"/Date(1703834945000)/",32800,100,11018300,362492000000,-200,true,-0.61
"SSI",142915,"/Date(1703834945000)/",32800,20000,11018200,362489000000,-200,true,-0.61
"SSI",142915,"/Date(1703834945000)/",32800,1000,10998200,361833000000,-200,true,-0.61
"SSI",142915,"/Date(1703834945000)/",32800,200,10997200,361800000000,-200,true,-0.61
"SSI",142915,"/Date(1703834944000)/",32800,1000,10997000,361794000000,-200,true,-0.61
"SSI",142915,"/Date(1703834943000)/",32850,2000,10996000,361761000000,-150,false,-0.45
"SSI",142908,"/Date(1703834940000)/",32800,3000,10994000,361695000000,-200,true,-0.61
"SSI",142908,"/Date(1703834937000)/",32800,2500,10991000,361597000000,-200,true,-0.61
"SSI",142905,"/Date(1703834934000)/",32850,500,10988500,361515000000,-150,false,-0.45
"SSI",142905,"/Date(1703834934000)/",32850,9200,10988000,361499000000,-150,false,-0.45
"SSI",142905,"/Date(1703834934000)/",32850,5000,10978800,361196000000,-150,false,-0.45
"SSI",142905,"/Date(1703834934000)/",32850,500,10973800,361032000000,-150,false,-0.45
"SSI",142905,"/Date(1703834934000)/",32850,5300,10973300,361016000000,-150,false,-0.45
"SSI",142905,"/Date(1703834934000)/",32850,2000,10968000,360842000000,-150,false,-0.45
"SSI",142905,"/Date(1703834934000)/",32850,200,10966000,360776000000,-150,false,-0.45
"SSI",142905,"/Date(1703834934000)/",32850,500,10965800,360769000000,-150,false,-0.45
"SSI",142905,"/Date(1703834934000)/",32850,4000,10965300,360753000000,-150,false,-0.45
"SSI",142905,"/Date(1703834934000)/",32850,12900,10961300,360621000000,-150,false,-0.45
"SSI",142905,"/Date(1703834934000)/",32850,3000,10948400,360198000000,-150,false,-0.45
"SSI",142905,"/Date(1703834934000)/",32850,1000,10945400,360099000000,-150,false,-0.45
"SSI",142905,"/Date(1703834934000)/",32850,200,10944400,360066000000,-150,false,-0.45
"SSI",142905,"/Date(1703834934000)/",32850,1000,10944200,360060000000,-150,false,-0.45
"SSI",142905,"/Date(1703834934000)/",32850,6000,10943200,360027000000,-150,false,-0.45
"SSI",142905,"/Date(1703834934000)/",32850,2000,10937200,359830000000,-150,false,-0.45
"SSI",142905,"/Date(1703834934000)/",32850,14000,10935200,359764000000,-150,false,-0.45
"SSI",142905,"/Date(1703834934000)/",32850,3000,10921200,359304000000,-150,false,-0.45
"SSI",142905,"/Date(1703834934000)/",32850,500,10918200,359206000000,-150,false,-0.45
"SSI",142905,"/Date(1703834934000)/",32850,2000,10917700,359189000000,-150,false,-0.45
"SSI",142905,"/Date(1703834934000)/",32850,11500,10915700,359123000000,-150,false,-0.45
"SSI",142905,"/Date(1703834934000)/",32850,5000,10904200,358746000000,-150,false,-0.45
"SSI",142905,"/Date(1703834934000)/",32850,300,10899200,358581000000,-150,false,-0.45
"SSI",142905,"/Date(1703834934000)/",32850,5800,10898900,358572000000,-150,false,-0.45
"SSI",142905,"/Date(1703834934000)/",32850,100,10893100,358381000000,-150,false,-0.45
"SSI",142905,"/Date(1703834934000)/",32850,2000,10893000,358378000000,-150,false,-0.45
"SSI",142905,"/Date(1703834934000)/",32850,500,10891000,358312000000,-150,false,-0.45
"SSI",142905,"/Date(1703834934000)/",32850,2000,10890500,358296000000,-150,false,-0.45
"SSI",142905,"/Date(1703834934000)/",32850,10000,10888500,358230000000,-150,false,-0.45
"SSI",142905,"/Date(1703834934000)/",32850,500,10878500,357901000000,-150,false,-0.45
"SSI",142905,"/Date(1703834934000)/",32850,1000,10878000,357885000000,-150,false,-0.45
"SSI",142905,"/Date(1703834934000)/",32850,2300,10877000,357852000000,-150,false,-0.45
"SSI",142905,"/Date(1703834934000)/",32850,200,10874700,357777000000,-150,false,-0.45
"SSI",142905,"/Date(1703834934000)/",32850,6500,10874500,357770000000,-150,false,-0.45
"SSI",142858,"/Date(1703834929000)/",32850,3900,10868000,357557000000,-150,false,-0.45
"SSI",142858,"/Date(1703834928000)/",32800,3300,10864100,357428000000,-200,true,-0.61
"SSI",142858,"/Date(1703834928000)/",32800,100,10860800,357320000000,-200,true,-0.61
"SSI",142858,"/Date(1703834928000)/",32800,200,10860700,357317000000,-200,true,-0.61
"SSI",142858,"/Date(1703834928000)/",32800,1000,10860500,357310000000,-200,true,-0.61
"SSI",142858,"/Date(1703834928000)/",32800,1000,10859500,357278000000,-200,true,-0.61
"SSI",142858,"/Date(1703834928000)/",32800,1000,10858500,357245000000,-200,true,-0.61
"SSI",142858,"/Date(1703834928000)/",32800,200,10857500,357212000000,-200,true,-0.61
"SSI",142858,"/Date(1703834928000)/",32800,2000,10857300,357205000000,-200,true,-0.61
"SSI",142858,"/Date(1703834928000)/",32800,200,10855300,357140000000,-200,true,-0.61
"SSI",142858,"/Date(1703834928000)/",32800,100,10855100,357133000000,-200,true,-0.61
"SSI",142858,"/Date(1703834928000)/",32800,100,10855000,357130000000,-200,true,-0.61
"SSI",142858,"/Date(1703834928000)/",32800,10800,10854900,357127000000,-200,true,-0.61
"SSI",142858,"/Date(1703834927000)/",32850,100,10844100,356772000000,-150,false,-0.45
"SSI",142851,"/Date(1703834922000)/",32850,500,10844000,356769000000,-150,false,-0.45
"SSI",142851,"/Date(1703834921000)/",32850,200,10843500,356753000000,-150,false,-0.45
"SSI",142848,"/Date(1703834918000)/",32850,100,10843300,356746000000,-150,false,-0.45
"SSI",142845,"/Date(1703834916000)/",32850,100,10843200,356743000000,-150,false,-0.45
"SSI",142845,"/Date(1703834915000)/",32850,600,10843100,356740000000,-150,false,-0.45
"SSI",142842,"/Date(1703834914000)/",32800,700,10842500,356720000000,-200,true,-0.61
"SSI",142842,"/Date(1703834911000)/",32800,2000,10841800,356697000000,-200,true,-0.61
"SSI",142838,"/Date(1703834909000)/",32800,500,10839800,356631000000,-200,true,-0.61
"SSI",142835,"/Date(1703834907000)/",32850,1000,10839300,356615000000,-150,false,-0.45
"SSI",142832,"/Date(1703834903000)/",32800,6000,10838300,356582000000,-200,true,-0.61
"SSI",142832,"/Date(1703834903000)/",32800,1000,10832300,356385000000,-200,true,-0.61
"SSI",142832,"/Date(1703834903000)/",32800,100,10831300,356352000000,-200,true,-0.61
"SSI",142832,"/Date(1703834903000)/",32800,600,10831200,356349000000,-200,true,-0.61
"SSI",142832,"/Date(1703834903000)/",32800,1300,10830600,356329000000,-200,true,-0.61
"SSI",142832,"/Date(1703834903000)/",32800,1000,10829300,356287000000,-200,true,-0.61
"SSI",142832,"/Date(1703834903000)/",32850,7000,10828300,356254000000,-150,false,-0.45
"SSI",142832,"/Date(1703834903000)/",32850,3000,10821300,356024000000,-150,false,-0.45
"SSI",142828,"/Date(1703834901000)/",32850,3000,10818300,355926000000,-150,false,-0.45
"SSI",142828,"/Date(1703834899000)/",32800,1500,10815300,355827000000,-200,true,-0.61
"SSI",142825,"/Date(1703834898000)/",32850,200,10813800,355778000000,-150,false,-0.45
"SSI",142825,"/Date(1703834897000)/",32850,3400,10813600,355771000000,-150,false,-0.45
"SSI",142825,"/Date(1703834896000)/",32800,100,10810200,355660000000,-200,true,-0.61
"SSI",142822,"/Date(1703834893000)/",32850,100,10810100,355656000000,-150,false,-0.45
"SSI",142818,"/Date(1703834890000)/",32850,1100,10810000,355653000000,-150,false,-0.45
"SSI",142811,"/Date(1703834884000)/",32850,1700,10808900,355617000000,-150,false,-0.45
"SSI",142808,"/Date(1703834882000)/",32800,500,10807200,355561000000,-200,true,-0.61
"SSI",142805,"/Date(1703834878000)/",32850,2000,10806700,355545000000,-150,false,-0.45
"SSI",142805,"/Date(1703834877000)/",32800,2000,10804700,355479000000,-200,true,-0.61
"SSI",142805,"/Date(1703834876000)/",32800,3300,10802700,355413000000,-200,true,-0.61
"SSI",142758,"/Date(1703834872000)/",32800,1600,10799400,355305000000,-200,true,-0.61
"SSI",142758,"/Date(1703834872000)/",32800,2300,10797800,355253000000,-200,true,-0.61
"SSI",142758,"/Date(1703834872000)/",32800,500,10795500,355177000000,-200,true,-0.61
"SSI",142758,"/Date(1703834871000)/",32800,100,10795000,355161000000,-200,true,-0.61
"SSI",142758,"/Date(1703834871000)/",32800,1100,10794900,355157000000,-200,true,-0.61
"SSI",142758,"/Date(1703834869000)/",32800,1000,10793800,355121000000,-200,true,-0.61
"SSI",142755,"/Date(1703834868000)/",32800,500,10792800,355089000000,-200,true,-0.61
"SSI",142755,"/Date(1703834868000)/",32800,1000,10792300,355072000000,-200,true,-0.61
"SSI",142755,"/Date(1703834868000)/",32800,200,10791300,355039000000,-200,true,-0.61
"SSI",142755,"/Date(1703834867000)/",32850,100,10791100,355033000000,-150,false,-0.45
"SSI",142751,"/Date(1703834866000)/",32850,5400,10791000,355030000000,-150,false,-0.45
"SSI",142751,"/Date(1703834866000)/",32850,600,10785600,354852000000,-150,false,-0.45
"SSI",142751,"/Date(1703834866000)/",32850,3000,10785000,354832000000,-150,false,-0.45
"SSI",142751,"/Date(1703834866000)/",32800,1300,10782000,354734000000,-200,true,-0.61
"SSI",142748,"/Date(1703834860000)/",32800,10300,10780700,354691000000,-200,true,-0.61
"SSI",142744,"/Date(1703834858000)/",32850,2700,10770400,354353000000,-150,false,-0.45
"SSI",142744,"/Date(1703834858000)/",32850,100,10767700,354265000000,-150,false,-0.45
"SSI",142744,"/Date(1703834858000)/",32850,200,10767600,354261000000,-150,false,-0.45
"SSI",142744,"/Date(1703834858000)/",32850,600,10767400,354255000000,-150,false,-0.45
"SSI",142744,"/Date(1703834858000)/",32850,100,10766800,354235000000,-150,false,-0.45
"SSI",142744,"/Date(1703834858000)/",32850,500,10766700,354232000000,-150,false,-0.45
"SSI",142744,"/Date(1703834858000)/",32850,1000,10766200,354215000000,-150,false,-0.45
"SSI",142741,"/Date(1703834855000)/",32850,1000,10765200,354183000000,-150,false,-0.45
"SSI",142741,"/Date(1703834854000)/",32800,7000,10764200,354150000000,-200,true,-0.61
"SSI",142741,"/Date(1703834854000)/",32800,7600,10757200,353920000000,-200,true,-0.61
"SSI",142741,"/Date(1703834854000)/",32800,200,10749600,353671000000,-200,true,-0.61
"SSI",142734,"/Date(1703834849000)/",32800,1600,10749400,353664000000,-200,true,-0.61
"SSI",142734,"/Date(1703834849000)/",32800,200,10747800,353612000000,-200,true,-0.61
"SSI",142734,"/Date(1703834849000)/",32800,100,10747600,353605000000,-200,true,-0.61
"SSI",142734,"/Date(1703834849000)/",32800,200,10747500,353602000000,-200,true,-0.61
"SSI",142734,"/Date(1703834849000)/",32800,15700,10747300,353595000000,-200,true,-0.61
"SSI",142731,"/Date(1703834846000)/",32850,1000,10731600,353080000000,-150,false,-0.45
"SSI",142731,"/Date(1703834846000)/",32850,400,10730600,353048000000,-150,false,-0.45
"SSI",142731,"/Date(1703834846000)/",32850,400,10730200,353034000000,-150,false,-0.45
"SSI",142727,"/Date(1703834842000)/",32850,200,10729800,353021000000,-150,false,-0.45
"SSI",142727,"/Date(1703834841000)/",32800,4300,10729600,353015000000,-200,true,-0.61
"SSI",142727,"/Date(1703834841000)/",32800,100,10725300,352874000000,-200,true,-0.61
"SSI",142727,"/Date(1703834841000)/",32800,1400,10725200,352870000000,-200,true,-0.61
"SSI",142724,"/Date(1703834839000)/",32850,100,10723800,352824000000,-150,false,-0.45
"SSI",142724,"/Date(1703834839000)/",32800,1800,10723700,352821000000,-200,true,-0.61
"SSI",142721,"/Date(1703834836000)/",32850,2400,10721900,352762000000,-150,false,-0.45
"SSI",142721,"/Date(1703834835000)/",32800,1800,10719500,352683000000,-200,true,-0.61
"SSI",142721,"/Date(1703834835000)/",32800,200,10717700,352624000000,-200,true,-0.61
"SSI",142717,"/Date(1703834832000)/",32800,200,10717500,352618000000,-200,true,-0.61
"SSI",142717,"/Date(1703834832000)/",32800,1000,10717300,352611000000,-200,true,-0.61
"SSI",142717,"/Date(1703834832000)/",32800,1000,10716300,352578000000,-200,true,-0.61
"SSI",142717,"/Date(1703834832000)/",32850,500,10715300,352546000000,-150,false,-0.45
"SSI",142714,"/Date(1703834830000)/",32850,1400,10714800,352529000000,-150,false,-0.45
"SSI",142707,"/Date(1703834824000)/",32850,300,10713400,352483000000,-150,false,-0.45
"SSI",142707,"/Date(1703834822000)/",32850,300,10713100,352473000000,-150,false,-0.45
"SSI",142707,"/Date(1703834822000)/",32850,4700,10712800,352463000000,-150,false,-0.45
"SSI",142703,"/Date(1703834820000)/",32800,1000,10708100,352309000000,-200,true,-0.61
"SSI",142703,"/Date(1703834820000)/",32800,4000,10707100,352276000000,-200,true,-0.61
"SSI",142703,"/Date(1703834820000)/",32800,900,10703100,352145000000,-200,true,-0.61
"SSI",142703,"/Date(1703834820000)/",32800,2100,10702200,352116000000,-200,true,-0.61
"SSI",142656,"/Date(1703834815000)/",32850,100,10700100,352047000000,-150,false,-0.45
"SSI",142656,"/Date(1703834814000)/",32850,500,10700000,352043000000,-150,false,-0.45
"SSI",142653,"/Date(1703834811000)/",32800,900,10699500,352027000000,-200,true,-0.61
"SSI",142642,"/Date(1703834802000)/",32850,1000,10698600,351997000000,-150,false,-0.45
"SSI",142639,"/Date(1703834798000)/",32800,2300,10697600,351965000000,-200,true,-0.61
"SSI",142639,"/Date(1703834796000)/",32850,100,10695300,351889000000,-150,false,-0.45
"SSI",142635,"/Date(1703834793000)/",32800,700,10695200,351886000000,-200,true,-0.61
"SSI",142628,"/Date(1703834788000)/",32800,1000,10694500,351863000000,-200,true,-0.61
"SSI",142628,"/Date(1703834787000)/",32850,500,10693500,351830000000,-150,false,-0.45
"SSI",142625,"/Date(1703834784000)/",32850,4100,10693000,351814000000,-150,false,-0.45
"SSI",142625,"/Date(1703834784000)/",32850,8900,10688900,351679000000,-150,false,-0.45
"SSI",142617,"/Date(1703834779000)/",32850,1100,10680000,351387000000,-150,false,-0.45
"SSI",142617,"/Date(1703834779000)/",32850,2000,10678900,351350000000,-150,false,-0.45
"SSI",142617,"/Date(1703834779000)/",32850,400,10676900,351285000000,-150,false,-0.45
"SSI",142617,"/Date(1703834779000)/",32850,400,10676500,351272000000,-150,false,-0.45
"SSI",142617,"/Date(1703834779000)/",32850,900,10676100,351258000000,-150,false,-0.45
"SSI",142617,"/Date(1703834779000)/",32850,5200,10675200,351229000000,-150,false,-0.45
"SSI",142617,"/Date(1703834777000)/",32800,5000,10670000,351058000000,-200,true,-0.61
"SSI",142614,"/Date(1703834775000)/",32800,1100,10665000,350894000000,-200,true,-0.61
"SSI",142608,"/Date(1703834768000)/",32800,200,10663900,350858000000,-200,true,-0.61
"SSI",142604,"/Date(1703834766000)/",32850,1000,10663700,350851000000,-150,false,-0.45
"SSI",142604,"/Date(1703834764000)/",32800,400,10662700,350819000000,-200,true,-0.61
"SSI",142601,"/Date(1703834763000)/",32850,100,10662300,350805000000,-150,false,-0.45
"SSI",142601,"/Date(1703834763000)/",32850,900,10662200,350802000000,-150,false,-0.45
"SSI",142601,"/Date(1703834763000)/",32850,600,10661300,350773000000,-150,false,-0.45
"SSI",142601,"/Date(1703834763000)/",32850,2100,10660700,350753000000,-150,false,-0.45
"SSI",142555,"/Date(1703834756000)/",32800,1900,10658600,350684000000,-200,true,-0.61
"SSI",142548,"/Date(1703834751000)/",32850,400,10656700,350622000000,-150,false,-0.45
"SSI",142548,"/Date(1703834751000)/",32850,1000,10656300,350608000000,-150,false,-0.45
"SSI",142548,"/Date(1703834751000)/",32850,1000,10655300,350576000000,-150,false,-0.45
"SSI",142548,"/Date(1703834751000)/",32850,1200,10654300,350543000000,-150,false,-0.45
"SSI",142548,"/Date(1703834751000)/",32850,200,10653100,350503000000,-150,false,-0.45
"SSI",142545,"/Date(1703834748000)/",32850,1300,10652900,350497000000,-150,false,-0.45
"SSI",142545,"/Date(1703834748000)/",32850,1000,10651600,350454000000,-150,false,-0.45
"SSI",142545,"/Date(1703834748000)/",32850,1500,10650600,350421000000,-150,false,-0.45
"SSI",142545,"/Date(1703834748000)/",32850,800,10649100,350372000000,-150,false,-0.45
"SSI",142545,"/Date(1703834748000)/",32800,1000,10648300,350346000000,-200,true,-0.61
"SSI",142545,"/Date(1703834748000)/",32850,1200,10647300,350313000000,-150,false,-0.45
"SSI",142545,"/Date(1703834748000)/",32850,500,10646100,350273000000,-150,false,-0.45
"SSI",142545,"/Date(1703834748000)/",32850,19300,10645600,350257000000,-150,false,-0.45
"SSI",142542,"/Date(1703834743000)/",32800,500,10626300,349623000000,-200,true,-0.61
"SSI",142532,"/Date(1703834732000)/",32800,3000,10625800,349607000000,-200,true,-0.61
"SSI",142529,"/Date(1703834732000)/",32800,4000,10622800,349508000000,-200,true,-0.61
"SSI",142526,"/Date(1703834728000)/",32800,3000,10618800,349377000000,-200,true,-0.61
"SSI",142526,"/Date(1703834726000)/",32800,3000,10615800,349279000000,-200,true,-0.61
"SSI",142522,"/Date(1703834723000)/",32800,100,10612800,349180000000,-200,true,-0.61
"SSI",142519,"/Date(1703834722000)/",32800,19800,10612700,349177000000,-200,true,-0.61
"SSI",142519,"/Date(1703834722000)/",32800,1000,10592900,348528000000,-200,true,-0.61
"SSI",142519,"/Date(1703834722000)/",32800,9200,10591900,348495000000,-200,true,-0.61
"SSI",142519,"/Date(1703834721000)/",32850,700,10582700,348193000000,-150,false,-0.45
"SSI",142519,"/Date(1703834721000)/",32850,1300,10582000,348170000000,-150,false,-0.45
"SSI",142513,"/Date(1703834713000)/",32800,4000,10580700,348127000000,-200,false,-0.61
"SSI",142513,"/Date(1703834713000)/",32800,500,10576700,347996000000,-200,false,-0.61
"SSI",142513,"/Date(1703834713000)/",32800,5000,10576200,347980000000,-200,false,-0.61
"SSI",142513,"/Date(1703834713000)/",32800,20000,10571200,347816000000,-200,false,-0.61
"SSI",142513,"/Date(1703834713000)/",32800,200,10551200,347160000000,-200,false,-0.61
"SSI",142513,"/Date(1703834713000)/",32800,500,10551000,347153000000,-200,false,-0.61
"SSI",142513,"/Date(1703834713000)/",32800,10000,10550500,347137000000,-200,false,-0.61
"SSI",142513,"/Date(1703834713000)/",32800,50600,10540500,346809000000,-200,false,-0.61
"SSI",142510,"/Date(1703834711000)/",32800,100,10489900,345149000000,-200,false,-0.61
"SSI",142510,"/Date(1703834711000)/",32800,800,10489800,345146000000,-200,false,-0.61
"SSI",142510,"/Date(1703834711000)/",32800,100,10489000,345119000000,-200,false,-0.61
"SSI",142506,"/Date(1703834707000)/",32800,2000,10488900,345116000000,-200,false,-0.61
"SSI",142506,"/Date(1703834706000)/",32800,500,10486900,345051000000,-200,false,-0.61
"SSI",142503,"/Date(1703834704000)/",32800,100,10486400,345034000000,-200,false,-0.61
"SSI",142500,"/Date(1703834703000)/",32800,5000,10486300,345031000000,-200,false,-0.61
"SSI",142500,"/Date(1703834703000)/",32800,5000,10481300,344867000000,-200,false,-0.61
"SSI",142500,"/Date(1703834702000)/",32800,100,10476300,344703000000,-200,false,-0.61
"SSI",142500,"/Date(1703834702000)/",32800,1000,10476200,344700000000,-200,false,-0.61
"SSI",142457,"/Date(1703834700000)/",32800,2000,10475200,344667000000,-200,false,-0.61
"SSI",142457,"/Date(1703834699000)/",32800,4200,10473200,344601000000,-200,false,-0.61
"SSI",142457,"/Date(1703834699000)/",32800,1000,10469000,344463000000,-200,false,-0.61
"SSI",142457,"/Date(1703834698000)/",32800,2400,10468000,344431000000,-200,false,-0.61
"SSI",142453,"/Date(1703834696000)/",32800,500,10465600,344352000000,-200,false,-0.61
"SSI",142453,"/Date(1703834695000)/",32800,100,10465100,344336000000,-200,false,-0.61
"SSI",142453,"/Date(1703834694000)/",32800,1000,10465000,344332000000,-200,false,-0.61
"SSI",142450,"/Date(1703834692000)/",32800,5000,10464000,344299000000,-200,false,-0.61
"SSI",142450,"/Date(1703834691000)/",32800,200,10459000,344135000000,-200,false,-0.61
"SSI",142447,"/Date(1703834690000)/",32800,3500,10458800,344129000000,-200,false,-0.61
"SSI",142447,"/Date(1703834690000)/",32800,100,10455300,344014000000,-200,false,-0.61
"SSI",142447,"/Date(1703834689000)/",32800,4000,10455200,344011000000,-200,false,-0.61
"SSI",142447,"/Date(1703834689000)/",32800,3000,10451200,343880000000,-200,false,-0.61
"SSI",142444,"/Date(1703834685000)/",32800,100,10448200,343781000000,-200,true,-0.61
"SSI",142444,"/Date(1703834684000)/",32800,500,10448100,343778000000,-200,true,-0.61
"SSI",142444,"/Date(1703834684000)/",32800,500,10447600,343762000000,-200,true,-0.61
"SSI",142444,"/Date(1703834684000)/",32800,3000,10447100,343745000000,-200,true,-0.61
"SSI",142444,"/Date(1703834684000)/",32800,100,10444100,343647000000,-200,true,-0.61
"SSI",142444,"/Date(1703834684000)/",32800,200,10444000,343643000000,-200,true,-0.61
"SSI",142444,"/Date(1703834684000)/",32800,3300,10443800,343637000000,-200,true,-0.61
"SSI",142441,"/Date(1703834683000)/",32800,1700,10440500,343529000000,-200,true,-0.61
"SSI",142441,"/Date(1703834683000)/",32800,200,10438800,343473000000,-200,true,-0.61
"SSI",142441,"/Date(1703834683000)/",32800,100,10438600,343466000000,-200,true,-0.61
"SSI",142437,"/Date(1703834680000)/",32800,9900,10438500,343463000000,-200,true,-0.61
"SSI",142437,"/Date(1703834680000)/",32800,100,10428600,343138000000,-200,true,-0.61
"SSI",142437,"/Date(1703834680000)/",32800,400,10428500,343135000000,-200,true,-0.61
"SSI",142437,"/Date(1703834680000)/",32800,500,10428100,343122000000,-200,true,-0.61
"SSI",142437,"/Date(1703834680000)/",32800,1100,10427600,343106000000,-200,true,-0.61
"SSI",142437,"/Date(1703834679000)/",32800,13900,10426500,343069000000,-200,true,-0.61
"SSI",142437,"/Date(1703834679000)/",32800,200,10412600,342614000000,-200,true,-0.61
"SSI",142437,"/Date(1703834679000)/",32800,1000,10412400,342607000000,-200,true,-0.61
"SSI",142437,"/Date(1703834679000)/",32800,1000,10411400,342574000000,-200,true,-0.61
"SSI",142437,"/Date(1703834679000)/",32800,1000,10410400,342541000000,-200,true,-0.61
"SSI",142437,"/Date(1703834679000)/",32800,900,10409400,342509000000,-200,true,-0.61
"SSI",142434,"/Date(1703834676000)/",32800,100,10408500,342479000000,-200,true,-0.61
"SSI",142434,"/Date(1703834676000)/",32800,200,10408400,342476000000,-200,true,-0.61
"SSI",142434,"/Date(1703834676000)/",32800,500,10408200,342469000000,-200,true,-0.61
"SSI",142434,"/Date(1703834676000)/",32800,200,10407700,342453000000,-200,true,-0.61
"SSI",142434,"/Date(1703834676000)/",32800,1000,10407500,342446000000,-200,true,-0.61
"SSI",142434,"/Date(1703834676000)/",32800,300,10406500,342413000000,-200,true,-0.61
"SSI",142434,"/Date(1703834676000)/",32800,100,10406200,342404000000,-200,true,-0.61
"SSI",142434,"/Date(1703834676000)/",32800,1800,10406100,342400000000,-200,true,-0.61
"SSI",142434,"/Date(1703834676000)/",32800,100,10404300,342341000000,-200,true,-0.61
"SSI",142434,"/Date(1703834676000)/",32800,100,10404200,342338000000,-200,true,-0.61
"SSI",142434,"/Date(1703834676000)/",32800,300,10404100,342335000000,-200,true,-0.61
"SSI",142431,"/Date(1703834673000)/",32800,1000,10403800,342325000000,-200,true,-0.61
"SSI",142418,"/Date(1703834662000)/",32800,3700,10402800,342292000000,-200,true,-0.61
"SSI",142418,"/Date(1703834662000)/",32800,5900,10399100,342171000000,-200,true,-0.61
"SSI",142418,"/Date(1703834661000)/",32800,3000,10393200,341977000000,-200,true,-0.61
"SSI",142418,"/Date(1703834661000)/",32800,400,10390200,341879000000,-200,true,-0.61
"SSI",142418,"/Date(1703834661000)/",32800,5000,10389800,341866000000,-200,true,-0.61
"SSI",142418,"/Date(1703834660000)/",32850,100,10384800,341702000000,-150,false,-0.45
"SSI",142415,"/Date(1703834658000)/",32800,1000,10384700,341698000000,-200,true,-0.61
"SSI",142411,"/Date(1703834655000)/",32800,1000,10383700,341666000000,-200,true,-0.61
"SSI",142411,"/Date(1703834655000)/",32800,1000,10382700,341633000000,-200,true,-0.61
"SSI",142411,"/Date(1703834654000)/",32800,1000,10381700,341600000000,-200,true,-0.61
"SSI",142408,"/Date(1703834652000)/",32800,10000,10380700,341567000000,-200,true,-0.61
"SSI",142405,"/Date(1703834647000)/",32800,1700,10370700,341239000000,-200,false,-0.61
"SSI",142402,"/Date(1703834645000)/",32800,100,10369000,341183000000,-200,true,-0.61
"SSI",142402,"/Date(1703834645000)/",32800,100,10368900,341180000000,-200,true,-0.61
"SSI",142402,"/Date(1703834645000)/",32800,100,10368800,341177000000,-200,true,-0.61
"SSI",142402,"/Date(1703834645000)/",32800,600,10368700,341174000000,-200,true,-0.61
"SSI",142402,"/Date(1703834645000)/",32800,500,10368100,341154000000,-200,true,-0.61
"SSI",142402,"/Date(1703834645000)/",32800,1900,10367600,341138000000,-200,true,-0.61
"SSI",142402,"/Date(1703834644000)/",32850,100,10365700,341075000000,-150,false,-0.45
"SSI",142359,"/Date(1703834641000)/",32800,100,10365600,341072000000,-200,true,-0.61
"SSI",142359,"/Date(1703834641000)/",32800,200,10365500,341069000000,-200,true,-0.61
"SSI",142359,"/Date(1703834641000)/",32800,200,10365300,341062000000,-200,true,-0.61
"SSI",142359,"/Date(1703834641000)/",32800,500,10365100,341056000000,-200,true,-0.61
"SSI",142359,"/Date(1703834641000)/",32800,4100,10364600,341039000000,-200,true,-0.61
"SSI",142355,"/Date(1703834639000)/",32850,100,10360500,340905000000,-150,false,-0.45
"SSI",142352,"/Date(1703834636000)/",32800,900,10360400,340901000000,-200,true,-0.61
"SSI",142352,"/Date(1703834636000)/",32800,2000,10359500,340872000000,-200,true,-0.61
"SSI",142352,"/Date(1703834636000)/",32800,500,10357500,340806000000,-200,true,-0.61
"SSI",142352,"/Date(1703834636000)/",32800,8000,10357000,340790000000,-200,true,-0.61
"SSI",142352,"/Date(1703834636000)/",32800,10000,10349000,340527000000,-200,true,-0.61
"SSI",142352,"/Date(1703834636000)/",32800,5000,10339000,340199000000,-200,true,-0.61
"SSI",142352,"/Date(1703834636000)/",32800,500,10334000,340035000000,-200,true,-0.61
"SSI",142352,"/Date(1703834636000)/",32800,100,10333500,340019000000,-200,true,-0.61
"SSI",142352,"/Date(1703834636000)/",32800,100,10333400,340016000000,-200,true,-0.61
"SSI",142352,"/Date(1703834636000)/",32800,5000,10333300,340013000000,-200,true,-0.61
"SSI",142352,"/Date(1703834636000)/",32800,8000,10328300,339849000000,-200,true,-0.61
"SSI",142352,"/Date(1703834636000)/",32800,10000,10320300,339586000000,-200,true,-0.61
"SSI",142352,"/Date(1703834636000)/",32800,10000,10310300,339258000000,-200,true,-0.61
"SSI",142352,"/Date(1703834636000)/",32800,500,10300300,338930000000,-200,true,-0.61
"SSI",142352,"/Date(1703834636000)/",32800,300,10299800,338914000000,-200,true,-0.61
"SSI",142352,"/Date(1703834636000)/",32800,400,10299500,338904000000,-200,true,-0.61
"SSI",142352,"/Date(1703834636000)/",32800,30000,10299100,338891000000,-200,true,-0.61
"SSI",142352,"/Date(1703834636000)/",32800,100,10269100,337907000000,-200,true,-0.61
"SSI",142352,"/Date(1703834636000)/",32800,500,10269000,337903000000,-200,true,-0.61
"SSI",142352,"/Date(1703834636000)/",32800,1000,10268500,337887000000,-200,true,-0.61
"SSI",142352,"/Date(1703834636000)/",32800,200,10267500,337854000000,-200,true,-0.61
"SSI",142352,"/Date(1703834636000)/",32800,100,10267300,337848000000,-200,true,-0.61
"SSI",142352,"/Date(1703834636000)/",32800,3000,10267200,337844000000,-200,true,-0.61
"SSI",142352,"/Date(1703834636000)/",32800,2000,10264200,337746000000,-200,true,-0.61
"SSI",142352,"/Date(1703834636000)/",32800,200,10262200,337680000000,-200,true,-0.61
"SSI",142352,"/Date(1703834636000)/",32800,100,10262000,337674000000,-200,true,-0.61
"SSI",142352,"/Date(1703834636000)/",32800,100,10261900,337671000000,-200,true,-0.61
"SSI",142352,"/Date(1703834636000)/",32800,1000,10261800,337667000000,-200,true,-0.61
"SSI",142352,"/Date(1703834636000)/",32800,100,10260800,337635000000,-200,true,-0.61
"SSI",142352,"/Date(1703834636000)/",32800,5000,10260700,337631000000,-200,true,-0.61
"SSI",142352,"/Date(1703834636000)/",32800,2000,10255700,337467000000,-200,true,-0.61
"SSI",142352,"/Date(1703834636000)/",32800,100,10253700,337402000000,-200,true,-0.61
"SSI",142352,"/Date(1703834636000)/",32800,1200,10253600,337398000000,-200,true,-0.61
"SSI",142352,"/Date(1703834636000)/",32800,1500,10252400,337359000000,-200,true,-0.61
"SSI",142352,"/Date(1703834636000)/",32800,1000,10250900,337310000000,-200,true,-0.61
"SSI",142352,"/Date(1703834636000)/",32800,2000,10249900,337277000000,-200,true,-0.61
"SSI",142352,"/Date(1703834636000)/",32800,100,10247900,337211000000,-200,true,-0.61
"SSI",142352,"/Date(1703834636000)/",32800,100,10247800,337208000000,-200,true,-0.61
"SSI",142352,"/Date(1703834636000)/",32800,100,10247700,337205000000,-200,true,-0.61
"SSI",142352,"/Date(1703834636000)/",32800,200,10247600,337202000000,-200,true,-0.61
"SSI",142352,"/Date(1703834636000)/",32800,7000,10247400,337195000000,-200,true,-0.61
"SSI",142352,"/Date(1703834636000)/",32800,300,10240400,336965000000,-200,true,-0.61
"SSI",142352,"/Date(1703834636000)/",32800,500,10240100,336956000000,-200,true,-0.61
"SSI",142352,"/Date(1703834636000)/",32800,2000,10239600,336939000000,-200,true,-0.61
"SSI",142352,"/Date(1703834636000)/",32800,400,10237600,336874000000,-200,true,-0.61
"SSI",142352,"/Date(1703834636000)/",32800,100,10237200,336860000000,-200,true,-0.61
"SSI",142352,"/Date(1703834636000)/",32800,100,10237100,336857000000,-200,true,-0.61
"SSI",142352,"/Date(1703834636000)/",32800,300,10237000,336854000000,-200,true,-0.61
"SSI",142352,"/Date(1703834636000)/",32800,1300,10236700,336844000000,-200,true,-0.61
"SSI",142349,"/Date(1703834632000)/",32850,400,10235400,336801000000,-150,false,-0.45
"SSI",142349,"/Date(1703834632000)/",32850,300,10235000,336788000000,-150,false,-0.45
"SSI",142349,"/Date(1703834632000)/",32850,6900,10234700,336778000000,-150,false,-0.45
"SSI",142349,"/Date(1703834631000)/",32850,900,10227800,336552000000,-150,false,-0.45
"SSI",142349,"/Date(1703834630000)/",32850,3400,10226900,336522000000,-150,false,-0.45
"SSI",142342,"/Date(1703834625000)/",32850,1800,10223500,336410000000,-150,false,-0.45
"SSI",142336,"/Date(1703834618000)/",32850,5000,10221700,336351000000,-150,false,-0.45
"SSI",142333,"/Date(1703834616000)/",32850,2000,10216700,336187000000,-150,false,-0.45
"SSI",142333,"/Date(1703834616000)/",32850,800,10214700,336121000000,-150,false,-0.45
"SSI",142333,"/Date(1703834616000)/",32850,7200,10213900,336095000000,-150,false,-0.45
"SSI",142330,"/Date(1703834613000)/",32800,700,10206700,335859000000,-200,true,-0.61
"SSI",142330,"/Date(1703834613000)/",32800,4300,10206000,335836000000,-200,true,-0.61
"SSI",142330,"/Date(1703834611000)/",32850,400,10201700,335695000000,-150,false,-0.45
"SSI",142326,"/Date(1703834610000)/",32850,2400,10201300,335681000000,-150,false,-0.45
"SSI",142326,"/Date(1703834610000)/",32850,100,10198900,335603000000,-150,false,-0.45
"SSI",142326,"/Date(1703834610000)/",32850,2500,10198800,335599000000,-150,false,-0.45
"SSI",142326,"/Date(1703834610000)/",32850,1000,10196300,335517000000,-150,false,-0.45
"SSI",142326,"/Date(1703834608000)/",32850,100,10195300,335484000000,-150,false,-0.45
"SSI",142323,"/Date(1703834605000)/",32850,2000,10195200,335481000000,-150,false,-0.45
"SSI",142323,"/Date(1703834605000)/",32850,1000,10193200,335415000000,-150,false,-0.45
"SSI",142320,"/Date(1703834602000)/",32850,5000,10192200,335383000000,-150,false,-0.45
"SSI",142320,"/Date(1703834601000)/",32800,1000,10187200,335218000000,-200,true,-0.61
"SSI",142317,"/Date(1703834599000)/",32850,1000,10186200,335185000000,-150,false,-0.45
"SSI",142310,"/Date(1703834594000)/",32850,1500,10185200,335153000000,-150,false,-0.45
"SSI",142307,"/Date(1703834591000)/",32850,1000,10183700,335103000000,-150,false,-0.45
"SSI",142307,"/Date(1703834589000)/",32850,2000,10182700,335071000000,-150,false,-0.45
"SSI",142300,"/Date(1703834584000)/",32850,2000,10180700,335005000000,-150,false,-0.45
"SSI",142300,"/Date(1703834582000)/",32850,900,10178700,334939000000,-150,false,-0.45
"SSI",142257,"/Date(1703834582000)/",32800,14700,10177800,334910000000,-200,true,-0.61
"SSI",142257,"/Date(1703834582000)/",32800,1000,10163100,334427000000,-200,true,-0.61
"SSI",142257,"/Date(1703834582000)/",32800,200,10162100,334395000000,-200,true,-0.61
"SSI",142257,"/Date(1703834582000)/",32800,24100,10161900,334388000000,-200,true,-0.61
"SSI",142257,"/Date(1703834579000)/",32800,5100,10137800,333598000000,-200,true,-0.61
"SSI",142251,"/Date(1703834575000)/",32800,3000,10132700,333430000000,-200,true,-0.61
"SSI",142251,"/Date(1703834574000)/",32800,12800,10129700,333332000000,-200,true,-0.61
"SSI",142251,"/Date(1703834574000)/",32800,500,10116900,332912000000,-200,true,-0.61
"SSI",142251,"/Date(1703834574000)/",32800,100,10116400,332896000000,-200,true,-0.61
"SSI",142251,"/Date(1703834574000)/",32800,10000,10116300,332892000000,-200,true,-0.61
"SSI",142251,"/Date(1703834574000)/",32800,300,10106300,332564000000,-200,true,-0.61
"SSI",142251,"/Date(1703834574000)/",32800,200,10106000,332555000000,-200,true,-0.61
"SSI",142251,"/Date(1703834574000)/",32800,100,10105800,332548000000,-200,true,-0.61
"SSI",142251,"/Date(1703834574000)/",32800,500,10105700,332545000000,-200,true,-0.61
"SSI",142251,"/Date(1703834574000)/",32800,500,10105200,332528000000,-200,true,-0.61
"SSI",142251,"/Date(1703834574000)/",32800,500,10104700,332512000000,-200,true,-0.61
"SSI",142251,"/Date(1703834574000)/",32800,100,10104200,332495000000,-200,true,-0.61
"SSI",142251,"/Date(1703834574000)/",32800,500,10104100,332492000000,-200,true,-0.61
"SSI",142251,"/Date(1703834574000)/",32800,300,10103600,332476000000,-200,true,-0.61
"SSI",142251,"/Date(1703834574000)/",32800,600,10103300,332466000000,-200,true,-0.61
"SSI",142251,"/Date(1703834574000)/",32800,100,10102700,332446000000,-200,true,-0.61
"SSI",142251,"/Date(1703834574000)/",32800,100,10102600,332443000000,-200,true,-0.61
"SSI",142251,"/Date(1703834574000)/",32800,50000,10102500,332440000000,-200,true,-0.61
"SSI",142251,"/Date(1703834574000)/",32800,300,10052500,330800000000,-200,true,-0.61
"SSI",142251,"/Date(1703834574000)/",32800,100,10052200,330790000000,-200,true,-0.61
"SSI",142251,"/Date(1703834574000)/",32800,100,10052100,330787000000,-200,true,-0.61
"SSI",142251,"/Date(1703834574000)/",32800,1000,10052000,330783000000,-200,true,-0.61
"SSI",142251,"/Date(1703834574000)/",32800,100,10051000,330751000000,-200,true,-0.61
"SSI",142251,"/Date(1703834574000)/",32800,10000,10050900,330747000000,-200,true,-0.61
"SSI",142251,"/Date(1703834574000)/",32800,100,10040900,330419000000,-200,true,-0.61
"SSI",142251,"/Date(1703834574000)/",32800,1500,10040800,330416000000,-200,true,-0.61
"SSI",142251,"/Date(1703834574000)/",32800,100,10039300,330367000000,-200,true,-0.61
"SSI",142251,"/Date(1703834574000)/",32800,500,10039200,330363000000,-200,true,-0.61
"SSI",142251,"/Date(1703834574000)/",32800,100,10038700,330347000000,-200,true,-0.61
"SSI",142251,"/Date(1703834574000)/",32800,300,10038600,330344000000,-200,true,-0.61
"SSI",142251,"/Date(1703834574000)/",32800,100,10038300,330334000000,-200,true,-0.61
"SSI",142251,"/Date(1703834574000)/",32800,200,10038200,330331000000,-200,true,-0.61
"SSI",142251,"/Date(1703834574000)/",32800,500,10038000,330324000000,-200,true,-0.61
"SSI",142251,"/Date(1703834574000)/",32800,10000,10037500,330308000000,-200,true,-0.61
"SSI",142251,"/Date(1703834574000)/",32800,1000,10027500,329980000000,-200,true,-0.61
"SSI",142251,"/Date(1703834574000)/",32800,500,10026500,329947000000,-200,true,-0.61
"SSI",142251,"/Date(1703834574000)/",32800,100,10026000,329931000000,-200,true,-0.61
"SSI",142251,"/Date(1703834574000)/",32800,1000,10025900,329927000000,-200,true,-0.61
"SSI",142251,"/Date(1703834574000)/",32800,100,10024900,329894000000,-200,true,-0.61
"SSI",142251,"/Date(1703834574000)/",32800,200,10024800,329891000000,-200,true,-0.61
"SSI",142251,"/Date(1703834574000)/",32800,200,10024600,329885000000,-200,true,-0.61
"SSI",142251,"/Date(1703834574000)/",32800,2000,10024400,329878000000,-200,true,-0.61
"SSI",142251,"/Date(1703834574000)/",32800,1000,10022400,329812000000,-200,true,-0.61
"SSI",142251,"/Date(1703834574000)/",32800,100,10021400,329780000000,-200,true,-0.61
"SSI",142251,"/Date(1703834574000)/",32800,500,10021300,329776000000,-200,true,-0.61
"SSI",142251,"/Date(1703834574000)/",32800,1000,10020800,329760000000,-200,true,-0.61
"SSI",142251,"/Date(1703834574000)/",32800,10000,10019800,329727000000,-200,true,-0.61
"SSI",142251,"/Date(1703834574000)/",32800,500,10009800,329399000000,-200,true,-0.61
"SSI",142251,"/Date(1703834574000)/",32800,3000,10009300,329383000000,-200,true,-0.61
"SSI",142251,"/Date(1703834574000)/",32800,1000,10006300,329284000000,-200,true,-0.61
"SSI",142251,"/Date(1703834574000)/",32800,1000,10005300,329252000000,-200,true,-0.61
"SSI",142251,"/Date(1703834574000)/",32800,1000,10004300,329219000000,-200,true,-0.61
"SSI",142251,"/Date(1703834574000)/",32800,2000,10003300,329186000000,-200,true,-0.61
"SSI",142251,"/Date(1703834574000)/",32800,1000,10001300,329120000000,-200,true,-0.61
"SSI",142251,"/Date(1703834574000)/",32800,100,10000300,329088000000,-200,true,-0.61
"SSI",142251,"/Date(1703834574000)/",32800,20000,10000200,329084000000,-200,true,-0.61
"SSI",142251,"/Date(1703834574000)/",32800,4000,9980200,328428000000,-200,true,-0.61
"SSI",142251,"/Date(1703834574000)/",32800,1000,9976200,328297000000,-200,true,-0.61
"SSI",142251,"/Date(1703834574000)/",32800,500,9975200,328264000000,-200,true,-0.61
"SSI",142251,"/Date(1703834574000)/",32800,100,9974700,328248000000,-200,true,-0.61
"SSI",142251,"/Date(1703834574000)/",32800,300,9974600,328245000000,-200,true,-0.61
"SSI",142251,"/Date(1703834574000)/",32800,1000,9974300,328235000000,-200,true,-0.61
"SSI",142251,"/Date(1703834574000)/",32800,1000,9973300,328202000000,-200,true,-0.61
"SSI",142251,"/Date(1703834574000)/",32800,5000,9972300,328169000000,-200,true,-0.61
"SSI",142251,"/Date(1703834574000)/",32800,200,9967300,328005000000,-200,true,-0.61
"SSI",142251,"/Date(1703834574000)/",32800,5000,9967100,327999000000,-200,true,-0.61
"SSI",142251,"/Date(1703834574000)/",32800,500,9962100,327835000000,-200,true,-0.61
"SSI",142251,"/Date(1703834574000)/",32800,1000,9961600,327818000000,-200,true,-0.61
"SSI",142251,"/Date(1703834574000)/",32800,300,9960600,327785000000,-200,true,-0.61
"SSI",142251,"/Date(1703834574000)/",32800,3000,9960300,327776000000,-200,true,-0.61
"SSI",142251,"/Date(1703834574000)/",32800,1000,9957300,327677000000,-200,true,-0.61
"SSI",142251,"/Date(1703834574000)/",32800,2200,9956300,327644000000,-200,true,-0.61
"SSI",142251,"/Date(1703834574000)/",32800,300,9954100,327572000000,-200,true,-0.61
"SSI",142251,"/Date(1703834574000)/",32800,1000,9953800,327562000000,-200,true,-0.61
"SSI",142251,"/Date(1703834574000)/",32800,200,9952800,327530000000,-200,true,-0.61
"SSI",142251,"/Date(1703834574000)/",32800,2000,9952600,327523000000,-200,true,-0.61
"SSI",142251,"/Date(1703834574000)/",32800,5000,9950600,327457000000,-200,true,-0.61
"SSI",142251,"/Date(1703834574000)/",32800,1000,9945600,327293000000,-200,true,-0.61
"SSI",142251,"/Date(1703834574000)/",32800,2400,9944600,327261000000,-200,true,-0.61
"SSI",142251,"/Date(1703834574000)/",32800,100,9942200,327182000000,-200,true,-0.61
"SSI",142251,"/Date(1703834574000)/",32800,5000,9942100,327179000000,-200,true,-0.61
"SSI",142251,"/Date(1703834574000)/",32800,100,9937100,327015000000,-200,true,-0.61
"SSI",142251,"/Date(1703834574000)/",32800,600,9937000,327011000000,-200,true,-0.61
"SSI",142251,"/Date(1703834574000)/",32800,100,9936400,326992000000,-200,true,-0.61
"SSI",142251,"/Date(1703834574000)/",32800,1000,9936300,326988000000,-200,true,-0.61
"SSI",142251,"/Date(1703834574000)/",32800,1500,9935300,326956000000,-200,true,-0.61
"SSI",142251,"/Date(1703834574000)/",32800,100,9933800,326906000000,-200,true,-0.61
"SSI",142251,"/Date(1703834574000)/",32800,3000,9933700,326903000000,-200,true,-0.61
"SSI",142251,"/Date(1703834574000)/",32800,500,9930700,326805000000,-200,true,-0.61
"SSI",142251,"/Date(1703834574000)/",32800,2000,9930200,326788000000,-200,true,-0.61
"SSI",142251,"/Date(1703834574000)/",32800,1000,9928200,326723000000,-200,true,-0.61
"SSI",142251,"/Date(1703834574000)/",32800,300,9927200,326690000000,-200,true,-0.61
"SSI",142251,"/Date(1703834574000)/",32800,200,9926900,326680000000,-200,true,-0.61
"SSI",142251,"/Date(1703834574000)/",32800,500,9926700,326673000000,-200,true,-0.61
"SSI",142251,"/Date(1703834574000)/",32800,100,9926200,326657000000,-200,true,-0.61
"SSI",142251,"/Date(1703834574000)/",32800,100,9926100,326654000000,-200,true,-0.61
"SSI",142251,"/Date(1703834574000)/",32800,100,9926000,326651000000,-200,true,-0.61
"SSI",142251,"/Date(1703834574000)/",32800,5000,9925900,326647000000,-200,true,-0.61
"SSI",142251,"/Date(1703834574000)/",32800,100,9920900,326483000000,-200,true,-0.61
"SSI",142251,"/Date(1703834574000)/",32800,1000,9920800,326480000000,-200,true,-0.61
"SSI",142251,"/Date(1703834574000)/",32800,1000,9919800,326447000000,-200,true,-0.61
"SSI",142251,"/Date(1703834574000)/",32800,100,9918800,326414000000,-200,true,-0.61
"SSI",142251,"/Date(1703834574000)/",32800,10000,9918700,326411000000,-200,true,-0.61
"SSI",142251,"/Date(1703834574000)/",32800,15000,9908700,326083000000,-200,true,-0.61
"SSI",142251,"/Date(1703834574000)/",32800,100,9893700,325591000000,-200,true,-0.61
"SSI",142251,"/Date(1703834574000)/",32800,100,9893600,325588000000,-200,true,-0.61
"SSI",142251,"/Date(1703834574000)/",32800,4000,9893500,325585000000,-200,true,-0.61
"SSI",142251,"/Date(1703834574000)/",32800,20000,9889500,325453000000,-200,true,-0.61
"SSI",142251,"/Date(1703834574000)/",32800,200,9869500,324797000000,-200,true,-0.61
"SSI",142251,"/Date(1703834574000)/",32800,200,9869300,324791000000,-200,true,-0.61
"SSI",142251,"/Date(1703834574000)/",32800,300,9869100,324784000000,-200,true,-0.61
"SSI",142251,"/Date(1703834574000)/",32800,1000,9868800,324774000000,-200,true,-0.61
"SSI",142251,"/Date(1703834574000)/",32800,2000,9867800,324742000000,-200,true,-0.61
"SSI",142251,"/Date(1703834574000)/",32800,300,9865800,324676000000,-200,true,-0.61
"SSI",142251,"/Date(1703834574000)/",32800,300,9865500,324666000000,-200,true,-0.61
"SSI",142251,"/Date(1703834574000)/",32800,200,9865200,324656000000,-200,true,-0.61
"SSI",142251,"/Date(1703834574000)/",32800,3000,9865000,324650000000,-200,true,-0.61
"SSI",142251,"/Date(1703834574000)/",32800,1000,9862000,324551000000,-200,true,-0.61
"SSI",142251,"/Date(1703834574000)/",32800,2000,9861000,324519000000,-200,true,-0.61
"SSI",142251,"/Date(1703834574000)/",32800,200,9859000,324453000000,-200,true,-0.61
"SSI",142251,"/Date(1703834574000)/",32800,100,9858800,324446000000,-200,true,-0.61
"SSI",142251,"/Date(1703834574000)/",32800,200,9858700,324443000000,-200,true,-0.61
"SSI",142251,"/Date(1703834574000)/",32800,2000,9858500,324437000000,-200,true,-0.61
"SSI",142251,"/Date(1703834574000)/",32800,4000,9856500,324371000000,-200,true,-0.61
"SSI",142251,"/Date(1703834574000)/",32800,100,9852500,324240000000,-200,true,-0.61
"SSI",142251,"/Date(1703834574000)/",32800,500,9852400,324236000000,-200,true,-0.61
"SSI",142251,"/Date(1703834574000)/",32800,100,9851900,324220000000,-200,true,-0.61
"SSI",142251,"/Date(1703834574000)/",32800,100,9851800,324217000000,-200,true,-0.61
"SSI",142251,"/Date(1703834574000)/",32800,10000,9851700,324213000000,-200,true,-0.61
"SSI",142251,"/Date(1703834574000)/",32800,1500,9841700,323885000000,-200,true,-0.61
"SSI",142251,"/Date(1703834574000)/",32800,100,9840200,323836000000,-200,true,-0.61
"SSI",142251,"/Date(1703834574000)/",32800,1300,9840100,323833000000,-200,true,-0.61
"SSI",142251,"/Date(1703834574000)/",32850,100,9838800,323790000000,-150,false,-0.45
"SSI",142251,"/Date(1703834574000)/",32850,9000,9838700,323787000000,-150,false,-0.45
"SSI",142251,"/Date(1703834573000)/",32850,7000,9829700,323491000000,-150,false,-0.45
"SSI",142251,"/Date(1703834572000)/",32850,2000,9822700,323261000000,-150,false,-0.45
"SSI",142248,"/Date(1703834572000)/",32850,500,9820700,323196000000,-150,false,-0.45
"SSI",142248,"/Date(1703834572000)/",32850,6000,9820200,323179000000,-150,false,-0.45
"SSI",142248,"/Date(1703834572000)/",32850,3400,9814200,322982000000,-150,false,-0.45
"SSI",142248,"/Date(1703834572000)/",32850,1400,9810800,322871000000,-150,false,-0.45
"SSI",142248,"/Date(1703834572000)/",32850,200,9809400,322825000000,-150,false,-0.45
"SSI",142248,"/Date(1703834572000)/",32850,500,9809200,322818000000,-150,false,-0.45
"SSI",142248,"/Date(1703834571000)/",32850,1000,9808700,322802000000,-150,false,-0.45
"SSI",142248,"/Date(1703834570000)/",32850,2000,9807700,322769000000,-150,false,-0.45
"SSI",142244,"/Date(1703834567000)/",32850,100,9805700,322703000000,-150,false,-0.45
"SSI",142244,"/Date(1703834567000)/",32850,500,9805600,322700000000,-150,false,-0.45
"SSI",142241,"/Date(1703834565000)/",32850,900,9805100,322683000000,-150,false,-0.45
"SSI",142241,"/Date(1703834565000)/",32850,4100,9804200,322654000000,-150,false,-0.45
"SSI",142241,"/Date(1703834564000)/",32850,3000,9800100,322519000000,-150,false,-0.45
"SSI",142238,"/Date(1703834561000)/",32850,5000,9797100,322420000000,-150,false,-0.45
"SSI",142238,"/Date(1703834559000)/",32850,1400,9792100,322256000000,-150,false,-0.45
"SSI",142238,"/Date(1703834559000)/",32850,400,9790700,322210000000,-150,false,-0.45
"SSI",142238,"/Date(1703834559000)/",32850,200,9790300,322197000000,-150,false,-0.45
"SSI",142234,"/Date(1703834557000)/",32850,200,9790100,322191000000,-150,false,-0.45
"SSI",142234,"/Date(1703834557000)/",32850,9800,9789900,322184000000,-150,false,-0.45
"SSI",142234,"/Date(1703834556000)/",32850,100,9780100,321862000000,-150,false,-0.45
"SSI",142231,"/Date(1703834555000)/",32800,1200,9780000,321859000000,-200,true,-0.61
"SSI",142231,"/Date(1703834555000)/",32800,100,9778800,321819000000,-200,true,-0.61
"SSI",142231,"/Date(1703834555000)/",32800,100,9778700,321816000000,-200,true,-0.61
"SSI",142231,"/Date(1703834555000)/",32800,100,9778600,321813000000,-200,true,-0.61
"SSI",142231,"/Date(1703834555000)/",32800,100,9778500,321810000000,-200,true,-0.61
"SSI",142231,"/Date(1703834555000)/",32800,900,9778400,321806000000,-200,true,-0.61
"SSI",142231,"/Date(1703834555000)/",32800,200,9777500,321777000000,-200,true,-0.61
"SSI",142231,"/Date(1703834555000)/",32800,100,9777300,321770000000,-200,true,-0.61
"SSI",142231,"/Date(1703834555000)/",32800,1000,9777200,321767000000,-200,true,-0.61
"SSI",142231,"/Date(1703834555000)/",32800,200,9776200,321734000000,-200,true,-0.61
"SSI",142231,"/Date(1703834555000)/",32800,500,9776000,321728000000,-200,true,-0.61
"SSI",142231,"/Date(1703834555000)/",32800,2000,9775500,321711000000,-200,true,-0.61
"SSI",142231,"/Date(1703834555000)/",32800,300,9773500,321646000000,-200,true,-0.61
"SSI",142231,"/Date(1703834555000)/",32800,100,9773200,321636000000,-200,true,-0.61
"SSI",142231,"/Date(1703834555000)/",32800,200,9773100,321632000000,-200,true,-0.61
"SSI",142231,"/Date(1703834555000)/",32800,100,9772900,321626000000,-200,true,-0.61
"SSI",142231,"/Date(1703834555000)/",32800,100,9772800,321623000000,-200,true,-0.61
"SSI",142231,"/Date(1703834555000)/",32800,2000,9772700,321619000000,-200,true,-0.61
"SSI",142231,"/Date(1703834555000)/",32800,3000,9770700,321554000000,-200,true,-0.61
"SSI",142231,"/Date(1703834555000)/",32800,1000,9767700,321455000000,-200,true,-0.61
"SSI",142231,"/Date(1703834555000)/",32800,200,9766700,321423000000,-200,true,-0.61
"SSI",142231,"/Date(1703834555000)/",32800,100,9766500,321416000000,-200,true,-0.61
"SSI",142231,"/Date(1703834555000)/",32800,6700,9766400,321413000000,-200,true,-0.61
"SSI",142231,"/Date(1703834555000)/",32800,500,9759700,321193000000,-200,true,-0.61
"SSI",142231,"/Date(1703834555000)/",32800,400,9759200,321177000000,-200,true,-0.61
"SSI",142231,"/Date(1703834555000)/",32800,4700,9758800,321163000000,-200,true,-0.61
"SSI",142231,"/Date(1703834555000)/",32800,300,9754100,321009000000,-200,true,-0.61
"SSI",142231,"/Date(1703834555000)/",32800,1000,9753800,320999000000,-200,true,-0.61
"SSI",142231,"/Date(1703834555000)/",32800,200,9752800,320967000000,-200,true,-0.61
"SSI",142231,"/Date(1703834555000)/",32800,200,9752600,320960000000,-200,true,-0.61
"SSI",142231,"/Date(1703834555000)/",32800,1000,9752400,320953000000,-200,true,-0.61
"SSI",142231,"/Date(1703834555000)/",32800,300,9751400,320921000000,-200,true,-0.61
"SSI",142231,"/Date(1703834555000)/",32800,1000,9751100,320911000000,-200,true,-0.61
"SSI",142231,"/Date(1703834555000)/",32800,500,9750100,320878000000,-200,true,-0.61
"SSI",142231,"/Date(1703834555000)/",32800,500,9749600,320862000000,-200,true,-0.61
"SSI",142231,"/Date(1703834555000)/",32800,5000,9749100,320845000000,-200,true,-0.61
"SSI",142231,"/Date(1703834553000)/",32850,200,9744100,320681000000,-150,false,-0.45
"SSI",142228,"/Date(1703834552000)/",32850,3000,9743900,320675000000,-150,false,-0.45
"SSI",142228,"/Date(1703834550000)/",32850,1000,9740900,320576000000,-150,false,-0.45
"SSI",142228,"/Date(1703834550000)/",32850,1600,9739900,320543000000,-150,false,-0.45
"SSI",142225,"/Date(1703834549000)/",32850,200,9738300,320491000000,-150,false,-0.45
"SSI",142221,"/Date(1703834545000)/",32850,1000,9738100,320484000000,-150,false,-0.45
"SSI",142221,"/Date(1703834544000)/",32850,3000,9737100,320451000000,-150,false,-0.45
"SSI",142221,"/Date(1703834544000)/",32850,2000,9734100,320353000000,-150,false,-0.45
"SSI",142209,"/Date(1703834532000)/",32850,2000,9732100,320287000000,-150,false,-0.45
"SSI",142209,"/Date(1703834532000)/",32850,1000,9730100,320221000000,-150,false,-0.45
"SSI",142209,"/Date(1703834532000)/",32850,5000,9729100,320188000000,-150,false,-0.45
"SSI",142209,"/Date(1703834532000)/",32850,1000,9724100,320024000000,-150,false,-0.45
"SSI",142209,"/Date(1703834532000)/",32850,10000,9723100,319991000000,-150,false,-0.45
"SSI",142209,"/Date(1703834532000)/",32850,500,9713100,319663000000,-150,false,-0.45
"SSI",142209,"/Date(1703834532000)/",32850,5000,9712600,319646000000,-150,false,-0.45
"SSI",142209,"/Date(1703834532000)/",32850,300,9707600,319482000000,-150,false,-0.45
"SSI",142209,"/Date(1703834532000)/",32850,200,9707300,319472000000,-150,false,-0.45
"SSI",142209,"/Date(1703834532000)/",32850,100,9707100,319466000000,-150,false,-0.45
"SSI",142209,"/Date(1703834532000)/",32850,9000,9707000,319463000000,-150,false,-0.45
"SSI",142209,"/Date(1703834532000)/",32850,10000,9698000,319167000000,-150,false,-0.45
"SSI",142209,"/Date(1703834532000)/",32850,1700,9688000,318838000000,-150,false,-0.45
"SSI",142209,"/Date(1703834532000)/",32850,700,9686300,318783000000,-150,false,-0.45
"SSI",142209,"/Date(1703834532000)/",32850,2000,9685600,318760000000,-150,false,-0.45
"SSI",142209,"/Date(1703834532000)/",32850,5000,9683600,318694000000,-150,false,-0.45
"SSI",142209,"/Date(1703834532000)/",32850,1000,9678600,318530000000,-150,false,-0.45
"SSI",142209,"/Date(1703834532000)/",32850,100,9677600,318497000000,-150,false,-0.45
"SSI",142209,"/Date(1703834532000)/",32850,3000,9677500,318493000000,-150,false,-0.45
"SSI",142209,"/Date(1703834532000)/",32850,100,9674500,318395000000,-150,false,-0.45
"SSI",142209,"/Date(1703834532000)/",32850,1000,9674400,318392000000,-150,false,-0.45
"SSI",142209,"/Date(1703834532000)/",32850,300,9673400,318359000000,-150,false,-0.45
"SSI",142209,"/Date(1703834532000)/",32850,400,9673100,318349000000,-150,false,-0.45
"SSI",142209,"/Date(1703834532000)/",32850,70700,9672700,318336000000,-150,false,-0.45
"SSI",142209,"/Date(1703834532000)/",32850,400,9602000,316013000000,-150,false,-0.45
"SSI",142209,"/Date(1703834531000)/",32850,18000,9601600,316000000000,-150,false,-0.45
"SSI",142205,"/Date(1703834528000)/",32850,100,9583600,315409000000,-150,true,-0.45
"SSI",142152,"/Date(1703834516000)/",32850,5100,9583500,315406000000,-150,true,-0.45
"SSI",142149,"/Date(1703834513000)/",32900,500,9578400,315238000000,-100,false,-0.3
"SSI",142149,"/Date(1703834511000)/",32850,200,9577900,315222000000,-150,true,-0.45
"SSI",142142,"/Date(1703834505000)/",32900,100,9577700,315215000000,-100,false,-0.3
"SSI",142139,"/Date(1703834501000)/",32900,400,9577600,315212000000,-100,false,-0.3
"SSI",142139,"/Date(1703834501000)/",32900,1300,9577200,315199000000,-100,false,-0.3
"SSI",142129,"/Date(1703834492000)/",32850,2000,9575900,315156000000,-150,true,-0.45
"SSI",142126,"/Date(1703834491000)/",32900,23700,9573900,315090000000,-100,false,-0.3
"SSI",142126,"/Date(1703834491000)/",32900,6300,9550200,314310000000,-100,false,-0.3
"SSI",142123,"/Date(1703834487000)/",32850,3000,9543900,314103000000,-150,true,-0.45
"SSI",142123,"/Date(1703834487000)/",32850,400,9540900,314005000000,-150,true,-0.45
"SSI",142120,"/Date(1703834483000)/",32850,100,9540500,313991000000,-150,true,-0.45
"SSI",142120,"/Date(1703834483000)/",32850,100,9540400,313988000000,-150,true,-0.45
"SSI",142120,"/Date(1703834483000)/",32850,1000,9540300,313985000000,-150,true,-0.45
"SSI",142120,"/Date(1703834483000)/",32850,200,9539300,313952000000,-150,true,-0.45
"SSI",142120,"/Date(1703834483000)/",32850,300,9539100,313945000000,-150,true,-0.45
"SSI",142116,"/Date(1703834481000)/",32850,1900,9538800,313936000000,-150,true,-0.45
"SSI",142113,"/Date(1703834477000)/",32850,7600,9536900,313873000000,-150,true,-0.45
"SSI",142113,"/Date(1703834477000)/",32850,200,9529300,313623000000,-150,true,-0.45
"SSI",142113,"/Date(1703834477000)/",32850,2000,9529100,313617000000,-150,true,-0.45
"SSI",142113,"/Date(1703834477000)/",32850,200,9527100,313551000000,-150,true,-0.45
"SSI",142107,"/Date(1703834472000)/",32900,300,9526900,313545000000,-100,false,-0.3
"SSI",142104,"/Date(1703834467000)/",32800,1000,9526600,313535000000,-200,true,-0.61
"SSI",142104,"/Date(1703834467000)/",32800,1000,9525600,313502000000,-200,true,-0.61
"SSI",142104,"/Date(1703834467000)/",32800,100,9524600,313469000000,-200,true,-0.61
"SSI",142104,"/Date(1703834467000)/",32800,2000,9524500,313466000000,-200,true,-0.61
"SSI",142104,"/Date(1703834467000)/",32800,500,9522500,313400000000,-200,true,-0.61
"SSI",142104,"/Date(1703834467000)/",32800,2000,9522000,313384000000,-200,true,-0.61
"SSI",142104,"/Date(1703834467000)/",32800,3000,9520000,313318000000,-200,true,-0.61
"SSI",142104,"/Date(1703834467000)/",32800,200,9517000,313220000000,-200,true,-0.61
"SSI",142104,"/Date(1703834467000)/",32800,100,9516800,313213000000,-200,true,-0.61
"SSI",142104,"/Date(1703834467000)/",32800,4300,9516700,313210000000,-200,true,-0.61
"SSI",142104,"/Date(1703834467000)/",32800,4000,9512400,313069000000,-200,true,-0.61
"SSI",142104,"/Date(1703834467000)/",32800,100,9508400,312938000000,-200,true,-0.61
"SSI",142104,"/Date(1703834467000)/",32800,200,9508300,312934000000,-200,true,-0.61
"SSI",142104,"/Date(1703834467000)/",32800,100,9508100,312928000000,-200,true,-0.61
"SSI",142104,"/Date(1703834467000)/",32800,500,9508000,312925000000,-200,true,-0.61
"SSI",142104,"/Date(1703834467000)/",32800,10000,9507500,312908000000,-200,true,-0.61
"SSI",142104,"/Date(1703834467000)/",32800,200,9497500,312580000000,-200,true,-0.61
"SSI",142104,"/Date(1703834467000)/",32800,100,9497300,312574000000,-200,true,-0.61
"SSI",142104,"/Date(1703834467000)/",32800,1000,9497200,312570000000,-200,true,-0.61
"SSI",142104,"/Date(1703834467000)/",32800,5000,9496200,312538000000,-200,true,-0.61
"SSI",142104,"/Date(1703834467000)/",32800,200,9491200,312374000000,-200,true,-0.61
"SSI",142104,"/Date(1703834467000)/",32800,500,9491000,312367000000,-200,true,-0.61
"SSI",142104,"/Date(1703834467000)/",32800,200,9490500,312351000000,-200,true,-0.61
"SSI",142104,"/Date(1703834467000)/",32800,2000,9490300,312344000000,-200,true,-0.61
"SSI",142104,"/Date(1703834467000)/",32800,1000,9488300,312278000000,-200,true,-0.61
"SSI",142104,"/Date(1703834467000)/",32800,100,9487300,312246000000,-200,true,-0.61
"SSI",142104,"/Date(1703834467000)/",32800,500,9487200,312242000000,-200,true,-0.61
"SSI",142104,"/Date(1703834467000)/",32800,500,9486700,312226000000,-200,true,-0.61
"SSI",142104,"/Date(1703834467000)/",32800,500,9486200,312210000000,-200,true,-0.61
"SSI",142104,"/Date(1703834467000)/",32800,10000,9485700,312193000000,-200,true,-0.61
"SSI",142104,"/Date(1703834467000)/",32800,10000,9475700,311865000000,-200,true,-0.61
"SSI",142104,"/Date(1703834467000)/",32800,500,9465700,311537000000,-200,true,-0.61
"SSI",142104,"/Date(1703834467000)/",32800,1500,9465200,311521000000,-200,true,-0.61
"SSI",142104,"/Date(1703834467000)/",32800,700,9463700,311472000000,-200,true,-0.61
"SSI",142104,"/Date(1703834467000)/",32800,500,9463000,311449000000,-200,true,-0.61
"SSI",142104,"/Date(1703834467000)/",32800,50000,9462500,311432000000,-200,true,-0.61
"SSI",142104,"/Date(1703834467000)/",32800,5000,9412500,309792000000,-200,true,-0.61
"SSI",142104,"/Date(1703834467000)/",32800,2000,9407500,309628000000,-200,true,-0.61
"SSI",142104,"/Date(1703834467000)/",32800,100,9405500,309563000000,-200,true,-0.61
"SSI",142104,"/Date(1703834467000)/",32800,1000,9405400,309559000000,-200,true,-0.61
"SSI",142104,"/Date(1703834467000)/",32800,2000,9404400,309527000000,-200,true,-0.61
"SSI",142104,"/Date(1703834467000)/",32800,500,9402400,309461000000,-200,true,-0.61
"SSI",142104,"/Date(1703834467000)/",32800,100,9401900,309445000000,-200,true,-0.61
"SSI",142104,"/Date(1703834467000)/",32800,1000,9401800,309441000000,-200,true,-0.61
"SSI",142104,"/Date(1703834467000)/",32800,16700,9400800,309408000000,-200,true,-0.61
"SSI",142104,"/Date(1703834467000)/",32850,200,9384100,308861000000,-150,true,-0.45
"SSI",142104,"/Date(1703834467000)/",32850,10000,9383900,308854000000,-150,true,-0.45
"SSI",142104,"/Date(1703834467000)/",32850,2000,9373900,308526000000,-150,true,-0.45
"SSI",142104,"/Date(1703834467000)/",32850,100,9371900,308460000000,-150,true,-0.45
"SSI",142104,"/Date(1703834467000)/",32850,2200,9371800,308457000000,-150,true,-0.45
"SSI",142104,"/Date(1703834467000)/",32850,200,9369600,308384000000,-150,true,-0.45
"SSI",142104,"/Date(1703834466000)/",32850,2500,9369400,308378000000,-150,true,-0.45
"SSI",142100,"/Date(1703834465000)/",32850,100,9366900,308296000000,-150,true,-0.45
"SSI",142100,"/Date(1703834465000)/",32850,100,9366800,308292000000,-150,true,-0.45
"SSI",142100,"/Date(1703834465000)/",32850,500,9366700,308289000000,-150,true,-0.45
"SSI",142100,"/Date(1703834465000)/",32850,100,9366200,308273000000,-150,true,-0.45
"SSI",142100,"/Date(1703834465000)/",32850,200,9366100,308269000000,-150,true,-0.45
"SSI",142057,"/Date(1703834461000)/",32850,200,9365900,308263000000,-150,true,-0.45
"SSI",142051,"/Date(1703834455000)/",32850,200,9365700,308256000000,-150,true,-0.45
"SSI",142051,"/Date(1703834453000)/",32850,300,9365500,308250000000,-150,true,-0.45
"SSI",142047,"/Date(1703834453000)/",32900,100,9365200,308240000000,-100,false,-0.3
"SSI",142047,"/Date(1703834451000)/",32850,100,9365100,308237000000,-150,true,-0.45
"SSI",142044,"/Date(1703834449000)/",32900,100,9365000,308233000000,-100,false,-0.3
"SSI",142041,"/Date(1703834444000)/",32900,200,9364900,308230000000,-100,false,-0.3
"SSI",142031,"/Date(1703834435000)/",32850,100,9364700,308223000000,-150,true,-0.45
"SSI",142031,"/Date(1703834435000)/",32850,800,9364600,308220000000,-150,true,-0.45
"SSI",142031,"/Date(1703834435000)/",32850,100,9363800,308194000000,-150,true,-0.45
"SSI",142031,"/Date(1703834435000)/",32850,100,9363700,308191000000,-150,true,-0.45
"SSI",142031,"/Date(1703834435000)/",32850,200,9363600,308187000000,-150,true,-0.45
"SSI",142031,"/Date(1703834435000)/",32850,8000,9363400,308181000000,-150,true,-0.45
"SSI",142031,"/Date(1703834435000)/",32850,2000,9355400,307918000000,-150,true,-0.45
"SSI",142031,"/Date(1703834435000)/",32850,5000,9353400,307852000000,-150,true,-0.45
"SSI",142031,"/Date(1703834435000)/",32850,500,9348400,307688000000,-150,true,-0.45
"SSI",142031,"/Date(1703834435000)/",32850,36100,9347900,307672000000,-150,true,-0.45
"SSI",142031,"/Date(1703834435000)/",32850,500,9311800,306486000000,-150,true,-0.45
"SSI",142031,"/Date(1703834435000)/",32850,10000,9311300,306469000000,-150,true,-0.45
"SSI",142031,"/Date(1703834435000)/",32850,100,9301300,306141000000,-150,true,-0.45
"SSI",142031,"/Date(1703834435000)/",32850,300,9301200,306137000000,-150,true,-0.45
"SSI",142031,"/Date(1703834435000)/",32850,5000,9300900,306128000000,-150,true,-0.45
"SSI",142031,"/Date(1703834435000)/",32850,500,9295900,305963000000,-150,true,-0.45
"SSI",142031,"/Date(1703834435000)/",32850,100,9295400,305947000000,-150,true,-0.45
"SSI",142031,"/Date(1703834435000)/",32850,500,9295300,305944000000,-150,true,-0.45
"SSI",142031,"/Date(1703834435000)/",32850,20000,9294800,305927000000,-150,true,-0.45
"SSI",142031,"/Date(1703834435000)/",32850,400,9274800,305270000000,-150,true,-0.45
"SSI",142031,"/Date(1703834435000)/",32850,1000,9274400,305257000000,-150,true,-0.45
"SSI",142031,"/Date(1703834435000)/",32850,100,9273400,305224000000,-150,true,-0.45
"SSI",142031,"/Date(1703834435000)/",32850,500,9273300,305221000000,-150,true,-0.45
"SSI",142031,"/Date(1703834435000)/",32850,100,9272800,305205000000,-150,true,-0.45
"SSI",142031,"/Date(1703834435000)/",32850,5000,9272700,305201000000,-150,true,-0.45
"SSI",142031,"/Date(1703834435000)/",32850,300,9267700,305037000000,-150,true,-0.45
"SSI",142031,"/Date(1703834435000)/",32850,100,9267400,305027000000,-150,true,-0.45
"SSI",142031,"/Date(1703834435000)/",32850,100,9267300,305024000000,-150,true,-0.45
"SSI",142031,"/Date(1703834435000)/",32850,2000,9267200,305021000000,-150,true,-0.45
"SSI",142031,"/Date(1703834435000)/",32850,1000,9265200,304955000000,-150,true,-0.45
"SSI",142031,"/Date(1703834435000)/",32850,400,9264200,304922000000,-150,true,-0.45
"SSI",142031,"/Date(1703834435000)/",32850,500,9263800,304909000000,-150,true,-0.45
"SSI",142031,"/Date(1703834435000)/",32850,5000,9263300,304892000000,-150,true,-0.45
"SSI",142031,"/Date(1703834435000)/",32850,100,9258300,304728000000,-150,true,-0.45
"SSI",142031,"/Date(1703834435000)/",32850,100,9258200,304725000000,-150,true,-0.45
"SSI",142031,"/Date(1703834435000)/",32850,1000,9258100,304722000000,-150,true,-0.45
"SSI",142031,"/Date(1703834435000)/",32850,1000,9257100,304689000000,-150,true,-0.45
"SSI",142031,"/Date(1703834435000)/",32850,500,9256100,304656000000,-150,true,-0.45
"SSI",142031,"/Date(1703834435000)/",32850,100,9255600,304639000000,-150,true,-0.45
"SSI",142031,"/Date(1703834435000)/",32850,100,9255500,304636000000,-150,true,-0.45
"SSI",142031,"/Date(1703834435000)/",32850,3000,9255400,304633000000,-150,true,-0.45
"SSI",142031,"/Date(1703834435000)/",32850,58000,9252400,304534000000,-150,true,-0.45
"SSI",142031,"/Date(1703834435000)/",32850,300,9194400,302629000000,-150,true,-0.45
"SSI",142031,"/Date(1703834435000)/",32850,100,9194100,302619000000,-150,true,-0.45
"SSI",142031,"/Date(1703834435000)/",32850,100,9194000,302616000000,-150,true,-0.45
"SSI",142031,"/Date(1703834435000)/",32850,500,9193900,302613000000,-150,true,-0.45
"SSI",142031,"/Date(1703834435000)/",32850,2000,9193400,302596000000,-150,true,-0.45
"SSI",142031,"/Date(1703834435000)/",32850,500,9191400,302531000000,-150,true,-0.45
"SSI",142031,"/Date(1703834435000)/",32850,500,9190900,302514000000,-150,true,-0.45
"SSI",142031,"/Date(1703834435000)/",32850,200,9190400,302498000000,-150,true,-0.45
"SSI",142031,"/Date(1703834435000)/",32850,3000,9190200,302491000000,-150,true,-0.45
"SSI",142031,"/Date(1703834435000)/",32850,400,9187200,302393000000,-150,true,-0.45
"SSI",142031,"/Date(1703834435000)/",32850,500,9186800,302379000000,-150,true,-0.45
"SSI",142031,"/Date(1703834435000)/",32850,100,9186300,302363000000,-150,true,-0.45
"SSI",142031,"/Date(1703834435000)/",32850,10000,9186200,302360000000,-150,true,-0.45
"SSI",142031,"/Date(1703834435000)/",32850,1000,9176200,302031000000,-150,true,-0.45
"SSI",142031,"/Date(1703834435000)/",32850,400,9175200,301998000000,-150,true,-0.45
"SSI",142031,"/Date(1703834435000)/",32850,500,9174800,301985000000,-150,true,-0.45
"SSI",142031,"/Date(1703834435000)/",32850,10000,9174300,301969000000,-150,true,-0.45
"SSI",142031,"/Date(1703834435000)/",32850,700,9164300,301640000000,-150,true,-0.45
"SSI",142031,"/Date(1703834435000)/",32850,5000,9163600,301617000000,-150,true,-0.45
"SSI",142031,"/Date(1703834435000)/",32850,100,9158600,301453000000,-150,true,-0.45
"SSI",142031,"/Date(1703834435000)/",32850,400,9158500,301450000000,-150,true,-0.45
"SSI",142031,"/Date(1703834435000)/",32850,2400,9158100,301437000000,-150,true,-0.45
"SSI",142031,"/Date(1703834435000)/",32850,1000,9155700,301358000000,-150,true,-0.45
"SSI",142031,"/Date(1703834435000)/",32850,1000,9154700,301325000000,-150,true,-0.45
"SSI",142031,"/Date(1703834435000)/",32850,10000,9153700,301292000000,-150,true,-0.45
"SSI",142031,"/Date(1703834435000)/",32850,200,9143700,300964000000,-150,true,-0.45
"SSI",142031,"/Date(1703834435000)/",32850,30000,9143500,300957000000,-150,true,-0.45
"SSI",142031,"/Date(1703834435000)/",32850,100,9113500,299972000000,-150,true,-0.45
"SSI",142031,"/Date(1703834435000)/",32850,100,9113400,299968000000,-150,true,-0.45
"SSI",142031,"/Date(1703834435000)/",32850,29500,9113300,299965000000,-150,true,-0.45
"SSI",142031,"/Date(1703834435000)/",32850,27100,9083800,298996000000,-150,true,-0.45
"SSI",142028,"/Date(1703834432000)/",32900,1000,9056700,298106000000,-100,false,-0.3
"SSI",142028,"/Date(1703834432000)/",32900,2000,9055700,298073000000,-100,false,-0.3
"SSI",142028,"/Date(1703834432000)/",32900,300,9053700,298007000000,-100,false,-0.3
"SSI",142028,"/Date(1703834432000)/",32900,3400,9053400,297997000000,-100,false,-0.3
"SSI",142028,"/Date(1703834432000)/",32900,3400,9050000,297885000000,-100,false,-0.3
"SSI",142028,"/Date(1703834432000)/",32900,4000,9046600,297773000000,-100,false,-0.3
"SSI",142028,"/Date(1703834432000)/",32900,3200,9042600,297642000000,-100,false,-0.3
"SSI",142028,"/Date(1703834432000)/",32900,1000,9039400,297536000000,-100,false,-0.3
"SSI",142028,"/Date(1703834432000)/",32900,1700,9038400,297504000000,-100,false,-0.3
"SSI",142018,"/Date(1703834423000)/",32900,1000,9036700,297448000000,-100,false,-0.3
"SSI",142018,"/Date(1703834423000)/",32850,2900,9035700,297415000000,-150,true,-0.45
"SSI",142018,"/Date(1703834423000)/",32850,500,9032800,297319000000,-150,true,-0.45
"SSI",142018,"/Date(1703834423000)/",32850,1700,9032300,297303000000,-150,true,-0.45
"SSI",142012,"/Date(1703834415000)/",32900,700,9030600,297247000000,-100,false,-0.3
"SSI",142012,"/Date(1703834415000)/",32900,600,9029900,297224000000,-100,false,-0.3
"SSI",142012,"/Date(1703834415000)/",32900,6000,9029300,297204000000,-100,false,-0.3
"SSI",142012,"/Date(1703834415000)/",32900,500,9023300,297007000000,-100,false,-0.3
"SSI",142012,"/Date(1703834415000)/",32900,100,9022800,296991000000,-100,false,-0.3
"SSI",142012,"/Date(1703834415000)/",32900,500,9022700,296987000000,-100,false,-0.3
"SSI",142012,"/Date(1703834415000)/",32900,500,9022200,296971000000,-100,false,-0.3
"SSI",142012,"/Date(1703834415000)/",32900,5100,9021700,296954000000,-100,false,-0.3
"SSI",142002,"/Date(1703834408000)/",32900,100,9016600,296787000000,-100,false,-0.3
"SSI",141956,"/Date(1703834401000)/",32900,100,9016500,296783000000,-100,false,-0.3
"SSI",141956,"/Date(1703834401000)/",32900,300,9016400,296780000000,-100,false,-0.3
"SSI",141956,"/Date(1703834399000)/",32900,100,9016100,296770000000,-100,false,-0.3
"SSI",141953,"/Date(1703834398000)/",32900,500,9016000,296767000000,-100,false,-0.3
"SSI",141953,"/Date(1703834396000)/",32900,2000,9015500,296750000000,-100,false,-0.3
"SSI",141953,"/Date(1703834396000)/",32900,100,9013500,296685000000,-100,false,-0.3
"SSI",141953,"/Date(1703834396000)/",32900,4000,9013400,296681000000,-100,false,-0.3
"SSI",141953,"/Date(1703834396000)/",32900,3000,9009400,296550000000,-100,false,-0.3
"SSI",141953,"/Date(1703834396000)/",32900,10000,9006400,296451000000,-100,false,-0.3
"SSI",141953,"/Date(1703834396000)/",32900,700,8996400,296122000000,-100,false,-0.3
"SSI",141953,"/Date(1703834396000)/",32900,200,8995700,296099000000,-100,false,-0.3
"SSI",141953,"/Date(1703834396000)/",32900,1000,8995500,296092000000,-100,false,-0.3
"SSI",141953,"/Date(1703834396000)/",32900,100,8994500,296060000000,-100,false,-0.3
"SSI",141953,"/Date(1703834396000)/",32900,1000,8994400,296056000000,-100,false,-0.3
"SSI",141953,"/Date(1703834396000)/",32900,10000,8993400,296023000000,-100,false,-0.3
"SSI",141953,"/Date(1703834396000)/",32900,500,8983400,295694000000,-100,false,-0.3
"SSI",141953,"/Date(1703834396000)/",32900,11200,8982900,295678000000,-100,false,-0.3
"SSI",141949,"/Date(1703834394000)/",32900,500,8971700,295309000000,-100,true,-0.3
"SSI",141949,"/Date(1703834394000)/",32900,100,8971200,295293000000,-100,true,-0.3
"SSI",141946,"/Date(1703834392000)/",32900,2100,8971100,295290000000,-100,true,-0.3
"SSI",141943,"/Date(1703834387000)/",32900,3100,8969000,295221000000,-100,true,-0.3
"SSI",141943,"/Date(1703834387000)/",32900,3900,8965900,295119000000,-100,true,-0.3
"SSI",141943,"/Date(1703834386000)/",32900,1100,8962000,294990000000,-100,true,-0.3
"SSI",141943,"/Date(1703834386000)/",32900,100,8960900,294954000000,-100,true,-0.3
"SSI",141943,"/Date(1703834386000)/",32900,1000,8960800,294951000000,-100,true,-0.3
"SSI",141943,"/Date(1703834386000)/",32900,200,8959800,294918000000,-100,true,-0.3
"SSI",141943,"/Date(1703834386000)/",32900,7600,8959600,294911000000,-100,true,-0.3
"SSI",141940,"/Date(1703834384000)/",32900,2000,8952000,294661000000,-100,true,-0.3
"SSI",141930,"/Date(1703834376000)/",32900,100,8950000,294595000000,-100,true,-0.3
"SSI",141930,"/Date(1703834375000)/",32900,3000,8949900,294592000000,-100,true,-0.3
"SSI",141917,"/Date(1703834361000)/",32900,5000,8946900,294493000000,-100,true,-0.3
"SSI",141904,"/Date(1703834350000)/",32950,100,8941900,294329000000,-50,false,-0.15
"SSI",141904,"/Date(1703834349000)/",32900,2000,8941800,294326000000,-100,true,-0.3
"SSI",141904,"/Date(1703834348000)/",32900,10000,8939800,294260000000,-100,true,-0.3
"SSI",141851,"/Date(1703834335000)/",32900,300,8929800,293931000000,-100,true,-0.3
"SSI",141851,"/Date(1703834335000)/",32900,1500,8929500,293921000000,-100,true,-0.3
"SSI",141851,"/Date(1703834335000)/",32900,11200,8928000,293872000000,-100,true,-0.3
"SSI",141848,"/Date(1703834333000)/",32900,700,8916800,293503000000,-100,true,-0.3
"SSI",141845,"/Date(1703834330000)/",32900,200,8916100,293480000000,-100,true,-0.3
"SSI",141842,"/Date(1703834328000)/",32900,1700,8915900,293474000000,-100,true,-0.3
"SSI",141842,"/Date(1703834328000)/",32900,3000,8914200,293418000000,-100,true,-0.3
"SSI",141842,"/Date(1703834328000)/",32900,500,8911200,293319000000,-100,true,-0.3
"SSI",141842,"/Date(1703834328000)/",32900,500,8910700,293302000000,-100,true,-0.3
"SSI",141842,"/Date(1703834328000)/",32900,10000,8910200,293286000000,-100,true,-0.3
"SSI",141842,"/Date(1703834328000)/",32900,1000,8900200,292957000000,-100,true,-0.3
"SSI",141842,"/Date(1703834328000)/",32900,300,8899200,292924000000,-100,true,-0.3
"SSI",141842,"/Date(1703834328000)/",32900,500,8898900,292914000000,-100,true,-0.3
"SSI",141842,"/Date(1703834328000)/",32900,400,8898400,292898000000,-100,true,-0.3
"SSI",141842,"/Date(1703834327000)/",32900,100,8898000,292885000000,-100,true,-0.3
"SSI",141838,"/Date(1703834323000)/",32900,8800,8897900,292881000000,-100,false,-0.3
"SSI",141838,"/Date(1703834323000)/",32900,600,8889100,292592000000,-100,false,-0.3
"SSI",141838,"/Date(1703834323000)/",32900,1000,8888500,292572000000,-100,false,-0.3
"SSI",141838,"/Date(1703834323000)/",32900,19600,8887500,292539000000,-100,false,-0.3
"SSI",141835,"/Date(1703834321000)/",32900,400,8867900,291894000000,-100,false,-0.3
"SSI",141835,"/Date(1703834321000)/",32900,19600,8867500,291881000000,-100,false,-0.3
"SSI",141835,"/Date(1703834319000)/",32900,3000,8847900,291236000000,-100,false,-0.3
"SSI",141825,"/Date(1703834310000)/",32900,1000,8844900,291138000000,-100,false,-0.3
"SSI",141825,"/Date(1703834310000)/",32900,500,8843900,291105000000,-100,false,-0.3
"SSI",141819,"/Date(1703834304000)/",32900,800,8843400,291088000000,-100,false,-0.3
"SSI",141819,"/Date(1703834303000)/",32900,5000,8842600,291062000000,-100,false,-0.3
"SSI",141812,"/Date(1703834298000)/",32900,100,8837600,290897000000,-100,false,-0.3
"SSI",141809,"/Date(1703834295000)/",32900,500,8837500,290894000000,-100,false,-0.3
"SSI",141809,"/Date(1703834294000)/",32900,500,8837000,290878000000,-100,false,-0.3
"SSI",141806,"/Date(1703834291000)/",32900,100,8836500,290861000000,-100,false,-0.3
"SSI",141803,"/Date(1703834288000)/",32900,5000,8836400,290858000000,-100,false,-0.3
"SSI",141800,"/Date(1703834286000)/",32900,1000,8831400,290694000000,-100,false,-0.3
"SSI",141756,"/Date(1703834283000)/",32900,12900,8830400,290661000000,-100,true,-0.3
"SSI",141753,"/Date(1703834280000)/",32900,4000,8817500,290236000000,-100,true,-0.3
"SSI",141753,"/Date(1703834279000)/",32900,1000,8813500,290105000000,-100,true,-0.3
"SSI",141750,"/Date(1703834277000)/",32900,300,8812500,290072000000,-100,true,-0.3
"SSI",141747,"/Date(1703834273000)/",32900,1800,8812200,290062000000,-100,false,-0.3
"SSI",141747,"/Date(1703834272000)/",32900,200,8810400,290003000000,-100,false,-0.3
"SSI",141747,"/Date(1703834272000)/",32900,200,8810200,289996000000,-100,false,-0.3
"SSI",141747,"/Date(1703834272000)/",32900,500,8810000,289989000000,-100,false,-0.3
"SSI",141747,"/Date(1703834272000)/",32900,1100,8809500,289973000000,-100,false,-0.3
"SSI",141743,"/Date(1703834269000)/",32900,2000,8808400,289937000000,-100,true,-0.3
"SSI",141743,"/Date(1703834269000)/",32900,400,8806400,289871000000,-100,true,-0.3
"SSI",141740,"/Date(1703834267000)/",32900,100,8806000,289858000000,-100,true,-0.3
"SSI",141740,"/Date(1703834267000)/",32900,500,8805900,289855000000,-100,true,-0.3
"SSI",141740,"/Date(1703834267000)/",32900,200,8805400,289838000000,-100,true,-0.3
"SSI",141740,"/Date(1703834267000)/",32900,2000,8805200,289832000000,-100,true,-0.3
"SSI",141740,"/Date(1703834267000)/",32900,100,8803200,289766000000,-100,true,-0.3
"SSI",141740,"/Date(1703834267000)/",32900,100,8803100,289762000000,-100,true,-0.3
"SSI",141740,"/Date(1703834267000)/",32900,4000,8803000,289759000000,-100,true,-0.3
"SSI",141740,"/Date(1703834267000)/",32900,500,8799000,289628000000,-100,true,-0.3
"SSI",141740,"/Date(1703834267000)/",32900,3000,8798500,289611000000,-100,true,-0.3
"SSI",141740,"/Date(1703834267000)/",32900,500,8795500,289512000000,-100,true,-0.3
"SSI",141740,"/Date(1703834267000)/",32900,3000,8795000,289496000000,-100,true,-0.3
"SSI",141740,"/Date(1703834267000)/",32900,10000,8792000,289397000000,-100,true,-0.3
"SSI",141740,"/Date(1703834267000)/",32900,500,8782000,289068000000,-100,true,-0.3
"SSI",141740,"/Date(1703834267000)/",32900,5000,8781500,289052000000,-100,true,-0.3
"SSI",141740,"/Date(1703834267000)/",32900,500,8776500,288887000000,-100,true,-0.3
"SSI",141740,"/Date(1703834265000)/",32900,500,8776000,288871000000,-100,true,-0.3
"SSI",141740,"/Date(1703834265000)/",32900,500,8775500,288854000000,-100,true,-0.3
"SSI",141740,"/Date(1703834265000)/",32900,10500,8775000,288838000000,-100,true,-0.3
"SSI",141740,"/Date(1703834265000)/",32900,600,8764500,288492000000,-100,true,-0.3
"SSI",141740,"/Date(1703834265000)/",32900,10000,8763900,288473000000,-100,true,-0.3
"SSI",141740,"/Date(1703834265000)/",32900,5000,8753900,288144000000,-100,true,-0.3
"SSI",141740,"/Date(1703834265000)/",32900,500,8748900,287979000000,-100,true,-0.3
"SSI",141740,"/Date(1703834265000)/",32900,2400,8748400,287963000000,-100,true,-0.3
"SSI",141731,"/Date(1703834256000)/",32900,300,8746000,287884000000,-100,true,-0.3
"SSI",141731,"/Date(1703834255000)/",32900,100,8745700,287874000000,-100,true,-0.3
"SSI",141731,"/Date(1703834255000)/",32900,100,8745600,287871000000,-100,true,-0.3
"SSI",141731,"/Date(1703834255000)/",32900,100,8745500,287867000000,-100,true,-0.3
"SSI",141731,"/Date(1703834255000)/",32900,100,8745400,287864000000,-100,true,-0.3
"SSI",141731,"/Date(1703834255000)/",32900,500,8745300,287861000000,-100,true,-0.3
"SSI",141727,"/Date(1703834255000)/",32900,400,8744800,287844000000,-100,true,-0.3
"SSI",141727,"/Date(1703834255000)/",32900,300,8744400,287831000000,-100,true,-0.3
"SSI",141727,"/Date(1703834255000)/",32900,100,8744100,287821000000,-100,true,-0.3
"SSI",141727,"/Date(1703834255000)/",32900,100,8744000,287818000000,-100,true,-0.3
"SSI",141727,"/Date(1703834255000)/",32900,200,8743900,287815000000,-100,true,-0.3
"SSI",141727,"/Date(1703834255000)/",32900,100,8743700,287808000000,-100,true,-0.3
"SSI",141727,"/Date(1703834255000)/",32900,300,8743600,287805000000,-100,true,-0.3
"SSI",141727,"/Date(1703834254000)/",32900,100,8743300,287795000000,-100,true,-0.3
"SSI",141727,"/Date(1703834254000)/",32900,100,8743200,287792000000,-100,true,-0.3
"SSI",141727,"/Date(1703834254000)/",32900,100,8743100,287788000000,-100,true,-0.3
"SSI",141727,"/Date(1703834254000)/",32900,100,8743000,287785000000,-100,true,-0.3
"SSI",141727,"/Date(1703834254000)/",32900,300,8742900,287782000000,-100,true,-0.3
"SSI",141727,"/Date(1703834254000)/",32900,100,8742600,287772000000,-100,true,-0.3
"SSI",141727,"/Date(1703834254000)/",32900,700,8742500,287769000000,-100,true,-0.3
"SSI",141727,"/Date(1703834254000)/",32900,300,8741800,287746000000,-100,true,-0.3
"SSI",141727,"/Date(1703834254000)/",32900,400,8741500,287736000000,-100,true,-0.3
"SSI",141727,"/Date(1703834254000)/",32900,100,8741100,287723000000,-100,true,-0.3
"SSI",141727,"/Date(1703834254000)/",32900,100,8741000,287719000000,-100,true,-0.3
"SSI",141727,"/Date(1703834254000)/",32900,100,8740900,287716000000,-100,true,-0.3
"SSI",141727,"/Date(1703834254000)/",32900,500,8740800,287713000000,-100,true,-0.3
"SSI",141727,"/Date(1703834254000)/",32900,200,8740300,287696000000,-100,true,-0.3
"SSI",141727,"/Date(1703834254000)/",32900,100,8740100,287690000000,-100,true,-0.3
"SSI",141727,"/Date(1703834254000)/",32900,100,8740000,287686000000,-100,true,-0.3
"SSI",141727,"/Date(1703834254000)/",32900,300,8739900,287683000000,-100,true,-0.3
"SSI",141727,"/Date(1703834254000)/",32900,500,8739600,287673000000,-100,true,-0.3
"SSI",141727,"/Date(1703834254000)/",32900,800,8739100,287657000000,-100,true,-0.3
"SSI",141727,"/Date(1703834254000)/",32900,200,8738300,287631000000,-100,true,-0.3
"SSI",141727,"/Date(1703834253000)/",32900,100,8738100,287624000000,-100,true,-0.3
"SSI",141727,"/Date(1703834253000)/",32900,300,8738000,287621000000,-100,true,-0.3
"SSI",141727,"/Date(1703834253000)/",32900,200,8737700,287611000000,-100,true,-0.3
"SSI",141727,"/Date(1703834253000)/",32900,100,8737500,287604000000,-100,true,-0.3
"SSI",141727,"/Date(1703834253000)/",32900,100,8737400,287601000000,-100,true,-0.3
"SSI",141727,"/Date(1703834253000)/",32900,100,8737300,287598000000,-100,true,-0.3
"SSI",141727,"/Date(1703834253000)/",32900,100,8737200,287594000000,-100,true,-0.3
"SSI",141727,"/Date(1703834253000)/",32900,200,8737100,287591000000,-100,true,-0.3
"SSI",141727,"/Date(1703834253000)/",32900,200,8736900,287584000000,-100,true,-0.3
"SSI",141727,"/Date(1703834253000)/",32900,800,8736700,287578000000,-100,true,-0.3
"SSI",141727,"/Date(1703834253000)/",32900,400,8735900,287552000000,-100,true,-0.3
"SSI",141727,"/Date(1703834253000)/",32900,100,8735500,287538000000,-100,true,-0.3
"SSI",141727,"/Date(1703834253000)/",32900,1400,8735400,287535000000,-100,true,-0.3
"SSI",141727,"/Date(1703834253000)/",32900,100,8734000,287489000000,-100,true,-0.3
"SSI",141727,"/Date(1703834253000)/",32900,100,8733900,287486000000,-100,true,-0.3
"SSI",141727,"/Date(1703834253000)/",32900,100,8733800,287482000000,-100,true,-0.3
"SSI",141727,"/Date(1703834253000)/",32900,600,8733700,287479000000,-100,true,-0.3
"SSI",141727,"/Date(1703834253000)/",32900,600,8733100,287459000000,-100,true,-0.3
"SSI",141727,"/Date(1703834253000)/",32900,100,8732500,287440000000,-100,true,-0.3
"SSI",141727,"/Date(1703834253000)/",32900,200,8732400,287436000000,-100,true,-0.3
"SSI",141727,"/Date(1703834253000)/",32900,200,8732200,287430000000,-100,true,-0.3
"SSI",141727,"/Date(1703834253000)/",32900,100,8732000,287423000000,-100,true,-0.3
"SSI",141727,"/Date(1703834253000)/",32900,100,8731900,287420000000,-100,true,-0.3
"SSI",141727,"/Date(1703834253000)/",32900,100,8731800,287417000000,-100,true,-0.3
"SSI",141727,"/Date(1703834253000)/",32900,500,8731700,287413000000,-100,true,-0.3
"SSI",141727,"/Date(1703834253000)/",32900,100,8731200,287397000000,-100,true,-0.3
"SSI",141727,"/Date(1703834253000)/",32900,400,8731100,287394000000,-100,true,-0.3
"SSI",141727,"/Date(1703834253000)/",32900,200,8730700,287380000000,-100,true,-0.3
"SSI",141727,"/Date(1703834253000)/",32900,100,8730500,287374000000,-100,true,-0.3
"SSI",141727,"/Date(1703834252000)/",32900,400,8730400,287371000000,-100,true,-0.3
"SSI",141727,"/Date(1703834252000)/",32900,100,8730000,287357000000,-100,true,-0.3
"SSI",141727,"/Date(1703834252000)/",32900,100,8729900,287354000000,-100,true,-0.3
"SSI",141727,"/Date(1703834252000)/",32900,100,8729800,287351000000,-100,true,-0.3
"SSI",141727,"/Date(1703834252000)/",32900,300,8729700,287348000000,-100,true,-0.3
"SSI",141727,"/Date(1703834252000)/",32900,300,8729400,287338000000,-100,true,-0.3
"SSI",141727,"/Date(1703834252000)/",32900,100,8729100,287328000000,-100,true,-0.3
"SSI",141727,"/Date(1703834252000)/",32900,100,8729000,287325000000,-100,true,-0.3
"SSI",141727,"/Date(1703834252000)/",32900,100,8728900,287321000000,-100,true,-0.3
"SSI",141727,"/Date(1703834252000)/",32900,500,8728800,287318000000,-100,true,-0.3
"SSI",141727,"/Date(1703834252000)/",32900,500,8728300,287302000000,-100,true,-0.3
"SSI",141727,"/Date(1703834252000)/",32900,100,8727800,287285000000,-100,true,-0.3
"SSI",141727,"/Date(1703834252000)/",32900,100,8727700,287282000000,-100,true,-0.3
"SSI",141727,"/Date(1703834252000)/",32900,100,8727600,287278000000,-100,true,-0.3
"SSI",141727,"/Date(1703834252000)/",32900,1800,8727500,287275000000,-100,true,-0.3
"SSI",141727,"/Date(1703834252000)/",32900,300,8725700,287216000000,-100,true,-0.3
"SSI",141727,"/Date(1703834252000)/",32900,200,8725400,287206000000,-100,true,-0.3
"SSI",141727,"/Date(1703834252000)/",32900,100,8725200,287200000000,-100,true,-0.3
"SSI",141724,"/Date(1703834252000)/",32900,500,8725100,287196000000,-100,true,-0.3
"SSI",141724,"/Date(1703834252000)/",32900,200,8724600,287180000000,-100,true,-0.3
"SSI",141724,"/Date(1703834252000)/",32900,100,8724400,287173000000,-100,true,-0.3
"SSI",141724,"/Date(1703834252000)/",32900,200,8724300,287170000000,-100,true,-0.3
"SSI",141724,"/Date(1703834252000)/",32900,100,8724100,287163000000,-100,true,-0.3
"SSI",141724,"/Date(1703834252000)/",32900,400,8724000,287160000000,-100,true,-0.3
"SSI",141724,"/Date(1703834252000)/",32900,100,8723600,287147000000,-100,true,-0.3
"SSI",141724,"/Date(1703834252000)/",32900,300,8723500,287144000000,-100,true,-0.3
"SSI",141724,"/Date(1703834252000)/",32900,300,8723200,287134000000,-100,true,-0.3
"SSI",141724,"/Date(1703834252000)/",32900,2700,8722900,287124000000,-100,true,-0.3
"SSI",141724,"/Date(1703834252000)/",32900,100,8720200,287035000000,-100,true,-0.3
"SSI",141724,"/Date(1703834252000)/",32900,400,8720100,287032000000,-100,true,-0.3
"SSI",141724,"/Date(1703834251000)/",32900,100,8719700,287019000000,-100,true,-0.3
"SSI",141724,"/Date(1703834251000)/",32900,100,8719600,287015000000,-100,true,-0.3
"SSI",141724,"/Date(1703834251000)/",32900,100,8719500,287012000000,-100,true,-0.3
"SSI",141724,"/Date(1703834251000)/",32900,100,8719400,287009000000,-100,true,-0.3
"SSI",141724,"/Date(1703834251000)/",32900,100,8719300,287005000000,-100,true,-0.3
"SSI",141724,"/Date(1703834251000)/",32900,500,8719200,287002000000,-100,true,-0.3
"SSI",141724,"/Date(1703834251000)/",32900,100,8718700,286986000000,-100,true,-0.3
"SSI",141724,"/Date(1703834251000)/",32900,100,8718600,286982000000,-100,true,-0.3
"SSI",141724,"/Date(1703834251000)/",32900,100,8718500,286979000000,-100,true,-0.3
"SSI",141724,"/Date(1703834251000)/",32900,400,8718400,286976000000,-100,true,-0.3
"SSI",141724,"/Date(1703834251000)/",32900,200,8718000,286963000000,-100,true,-0.3
"SSI",141724,"/Date(1703834251000)/",32900,100,8717800,286956000000,-100,true,-0.3
"SSI",141724,"/Date(1703834251000)/",32900,200,8717700,286953000000,-100,true,-0.3
"SSI",141724,"/Date(1703834251000)/",32900,100,8717500,286946000000,-100,true,-0.3
"SSI",141724,"/Date(1703834251000)/",32900,500,8717400,286943000000,-100,true,-0.3
"SSI",141724,"/Date(1703834251000)/",32900,100,8716900,286926000000,-100,true,-0.3
"SSI",141724,"/Date(1703834251000)/",32900,100,8716800,286923000000,-100,true,-0.3
"SSI",141724,"/Date(1703834251000)/",32900,200,8716700,286920000000,-100,true,-0.3
"SSI",141724,"/Date(1703834251000)/",32900,300,8716500,286913000000,-100,true,-0.3
"SSI",141724,"/Date(1703834251000)/",32900,100,8716200,286903000000,-100,true,-0.3
"SSI",141724,"/Date(1703834251000)/",32900,300,8716100,286900000000,-100,true,-0.3
"SSI",141724,"/Date(1703834251000)/",32900,100,8715800,286890000000,-100,true,-0.3
"SSI",141724,"/Date(1703834251000)/",32900,400,8715700,286887000000,-100,true,-0.3
"SSI",141724,"/Date(1703834251000)/",32900,100,8715300,286874000000,-100,true,-0.3
"SSI",141724,"/Date(1703834251000)/",32900,300,8715200,286871000000,-100,true,-0.3
"SSI",141724,"/Date(1703834251000)/",32900,100,8714900,286861000000,-100,true,-0.3
"SSI",141724,"/Date(1703834251000)/",32900,200,8714800,286857000000,-100,true,-0.3
"SSI",141724,"/Date(1703834251000)/",32900,1000,8714600,286851000000,-100,true,-0.3
"SSI",141724,"/Date(1703834251000)/",32900,1800,8713600,286818000000,-100,true,-0.3
"SSI",141724,"/Date(1703834250000)/",32900,200,8711800,286759000000,-100,true,-0.3
"SSI",141724,"/Date(1703834250000)/",32900,100,8711600,286752000000,-100,true,-0.3
"SSI",141724,"/Date(1703834250000)/",32900,400,8711500,286749000000,-100,true,-0.3
"SSI",141724,"/Date(1703834250000)/",32900,200,8711100,286736000000,-100,true,-0.3
"SSI",141724,"/Date(1703834250000)/",32900,300,8710900,286729000000,-100,true,-0.3
"SSI",141724,"/Date(1703834250000)/",32900,300,8710600,286719000000,-100,true,-0.3
"SSI",141724,"/Date(1703834250000)/",32900,400,8710300,286709000000,-100,true,-0.3
"SSI",141724,"/Date(1703834250000)/",32900,300,8709900,286696000000,-100,true,-0.3
"SSI",141724,"/Date(1703834250000)/",32900,400,8709600,286686000000,-100,true,-0.3
"SSI",141724,"/Date(1703834250000)/",32900,300,8709200,286673000000,-100,true,-0.3
"SSI",141724,"/Date(1703834250000)/",32900,800,8708900,286663000000,-100,true,-0.3
"SSI",141724,"/Date(1703834250000)/",32900,100,8708100,286637000000,-100,true,-0.3
"SSI",141724,"/Date(1703834250000)/",32900,200,8708000,286634000000,-100,true,-0.3
"SSI",141724,"/Date(1703834250000)/",32900,1300,8707800,286627000000,-100,true,-0.3
"SSI",141721,"/Date(1703834246000)/",32950,100,8706500,286584000000,-50,false,-0.15
"SSI",141721,"/Date(1703834246000)/",32900,500,8706400,286581000000,-100,true,-0.3
"SSI",141711,"/Date(1703834237000)/",32900,1500,8705900,286565000000,-100,true,-0.3
"SSI",141701,"/Date(1703834228000)/",32950,2000,8704400,286515000000,-50,false,-0.15
"SSI",141639,"/Date(1703834204000)/",32950,1700,8702400,286449000000,-50,false,-0.15
"SSI",141639,"/Date(1703834204000)/",32950,1700,8700700,286393000000,-50,false,-0.15
"SSI",141626,"/Date(1703834194000)/",32950,100,8699000,286337000000,-50,false,-0.15
"SSI",141626,"/Date(1703834193000)/",32950,100,8698900,286334000000,-50,false,-0.15
"SSI",141623,"/Date(1703834190000)/",32950,500,8698800,286331000000,-50,false,-0.15
"SSI",141623,"/Date(1703834190000)/",32950,2900,8698300,286314000000,-50,false,-0.15
"SSI",141619,"/Date(1703834185000)/",32950,500,8695400,286219000000,-50,false,-0.15
"SSI",141610,"/Date(1703834176000)/",32900,2000,8694900,286202000000,-100,true,-0.3
"SSI",141610,"/Date(1703834176000)/",32900,8900,8692900,286136000000,-100,true,-0.3
"SSI",141610,"/Date(1703834176000)/",32900,200,8684000,285844000000,-100,true,-0.3
"SSI",141610,"/Date(1703834176000)/",32900,500,8683800,285837000000,-100,true,-0.3
"SSI",141610,"/Date(1703834176000)/",32900,2400,8683300,285821000000,-100,true,-0.3
"SSI",141600,"/Date(1703834168000)/",32950,200,8680900,285742000000,-50,false,-0.15
"SSI",141557,"/Date(1703834164000)/",32900,2600,8680700,285735000000,-100,true,-0.3
"SSI",141557,"/Date(1703834164000)/",32900,8400,8678100,285649000000,-100,true,-0.3
"SSI",141550,"/Date(1703834157000)/",32900,100,8669700,285373000000,-100,true,-0.3
"SSI",141547,"/Date(1703834153000)/",32900,400,8669600,285370000000,-100,true,-0.3
"SSI",141541,"/Date(1703834147000)/",32900,1000,8669200,285357000000,-100,true,-0.3
"SSI",141541,"/Date(1703834147000)/",32900,500,8668200,285324000000,-100,true,-0.3
"SSI",141541,"/Date(1703834147000)/",32900,600,8667700,285307000000,-100,true,-0.3
"SSI",141541,"/Date(1703834147000)/",32900,2000,8667100,285288000000,-100,true,-0.3
"SSI",141541,"/Date(1703834147000)/",32900,17000,8665100,285222000000,-100,true,-0.3
"SSI",141537,"/Date(1703834143000)/",32900,100,8648100,284662000000,-100,false,-0.3
"SSI",141534,"/Date(1703834142000)/",32900,100,8648000,284659000000,-100,false,-0.3
"SSI",141531,"/Date(1703834139000)/",32900,100,8647900,284656000000,-100,false,-0.3
"SSI",141528,"/Date(1703834135000)/",32900,500,8647800,284653000000,-100,false,-0.3
"SSI",141524,"/Date(1703834131000)/",32900,2200,8647300,284636000000,-100,false,-0.3
"SSI",141524,"/Date(1703834131000)/",32900,100,8645100,284564000000,-100,false,-0.3
"SSI",141524,"/Date(1703834131000)/",32900,1000,8645000,284560000000,-100,false,-0.3
"SSI",141524,"/Date(1703834131000)/",32900,900,8644000,284528000000,-100,false,-0.3
"SSI",141524,"/Date(1703834131000)/",32900,3000,8643100,284498000000,-100,false,-0.3
"SSI",141524,"/Date(1703834131000)/",32900,12800,8640100,284399000000,-100,false,-0.3
"SSI",141508,"/Date(1703834117000)/",32900,5000,8627300,283978000000,-100,false,-0.3
