"Stockcode","Package","TradingDate","Price","Vol","TotalVol","TotalVal","Change","IsBuy","PerChange"
"VCG",144510,"/Date(1703835901000)/",24700,1209900,6334200,156221000000,200,false,0.82
"VCG",143007,"/Date(1703834995000)/",24650,100,5124300,126336000000,150,true,0.61
"VCG",143004,"/Date(1703834991000)/",24650,200,5124200,126334000000,150,true,0.61
"VCG",143000,"/Date(1703834989000)/",24650,500,5124000,126329000000,150,true,0.61
"VCG",142957,"/Date(1703834987000)/",24650,200,5123500,126316000000,150,true,0.61
"VCG",142957,"/Date(1703834987000)/",24650,1000,5123300,126311000000,150,true,0.61
"VCG",142957,"/Date(1703834987000)/",24650,500,5122300,126287000000,150,true,0.61
"VCG",142957,"/Date(1703834987000)/",24650,200,5121800,126274000000,150,true,0.61
"VCG",142957,"/Date(1703834987000)/",24650,10000,5121600,126269000000,150,true,0.61
"VCG",142957,"/Date(1703834987000)/",24650,1000,5111600,126023000000,150,true,0.61
"VCG",142957,"/Date(1703834987000)/",24650,100,5110600,125998000000,150,true,0.61
"VCG",142957,"/Date(1703834987000)/",24650,100,5110500,125996000000,150,true,0.61
"VCG",142957,"/Date(1703834987000)/",24650,500,5110400,125993000000,150,true,0.61
"VCG",142957,"/Date(1703834987000)/",24650,2000,5109900,125981000000,150,true,0.61
"VCG",142957,"/Date(1703834987000)/",24650,2000,5107900,125932000000,150,true,0.61
"VCG",142957,"/Date(1703834987000)/",24650,1000,5105900,125882000000,150,true,0.61
"VCG",142957,"/Date(1703834987000)/",24650,1000,5104900,125858000000,150,true,0.61
"VCG",142957,"/Date(1703834987000)/",24650,10000,5103900,125833000000,150,true,0.61
"VCG",142957,"/Date(1703834987000)/",24650,1000,5093900,125587000000,150,true,0.61
"VCG",142957,"/Date(1703834987000)/",24650,500,5092900,125562000000,150,true,0.61
"VCG",142957,"/Date(1703834987000)/",24650,200,5092400,125550000000,150,true,0.61
"VCG",142957,"/Date(1703834987000)/",24650,5000,5092200,125545000000,150,true,0.61
"VCG",142957,"/Date(1703834987000)/",24650,100,5087200,125421000000,150,true,0.61
"VCG",142957,"/Date(1703834987000)/",24650,3000,5087100,125419000000,150,true,0.61
"VCG",142957,"/Date(1703834987000)/",24650,5000,5084100,125345000000,150,true,0.61
"VCG",142957,"/Date(1703834987000)/",24650,1000,5079100,125222000000,150,true,0.61
"VCG",142957,"/Date(1703834987000)/",24650,400,5078100,125197000000,150,true,0.61
"VCG",142957,"/Date(1703834987000)/",24650,500,5077700,125187000000,150,true,0.61
"VCG",142957,"/Date(1703834987000)/",24650,1000,5077200,125175000000,150,true,0.61
"VCG",142957,"/Date(1703834987000)/",24650,200,5076200,125150000000,150,true,0.61
"VCG",142957,"/Date(1703834987000)/",24650,1000,5076000,125145000000,150,true,0.61
"VCG",142957,"/Date(1703834985000)/",24600,100,5075000,125121000000,100,true,0.41
"VCG",142951,"/Date(1703834981000)/",24600,3300,5074900,125118000000,100,true,0.41
"VCG",142951,"/Date(1703834979000)/",24600,100,5071600,125037000000,100,true,0.41
"VCG",142947,"/Date(1703834977000)/",24600,2000,5071500,125035000000,100,false,0.41
"VCG",142947,"/Date(1703834977000)/",24600,100,5069500,124985000000,100,false,0.41
"VCG",142947,"/Date(1703834977000)/",24600,100,5069400,124983000000,100,false,0.41
"VCG",142947,"/Date(1703834977000)/",24600,500,5069300,124981000000,100,false,0.41
"VCG",142947,"/Date(1703834977000)/",24600,5000,5068800,124968000000,100,false,0.41
"VCG",142947,"/Date(1703834977000)/",24600,1800,5063800,124845000000,100,false,0.41
"VCG",142947,"/Date(1703834977000)/",24600,200,5062000,124801000000,100,false,0.41
"VCG",142947,"/Date(1703834977000)/",24600,300,5061800,124796000000,100,false,0.41
"VCG",142947,"/Date(1703834977000)/",24600,1000,5061500,124789000000,100,false,0.41
"VCG",142947,"/Date(1703834977000)/",24600,900,5060500,124764000000,100,false,0.41
"VCG",142947,"/Date(1703834977000)/",24600,2700,5059600,124742000000,100,false,0.41
"VCG",142944,"/Date(1703834975000)/",24550,100,5056900,124675000000,50,true,0.2
"VCG",142934,"/Date(1703834964000)/",24600,2000,5056800,124673000000,100,false,0.41
"VCG",142931,"/Date(1703834960000)/",24600,1000,5054800,124624000000,100,false,0.41
"VCG",142928,"/Date(1703834957000)/",24600,1500,5053800,124599000000,100,false,0.41
"VCG",142928,"/Date(1703834957000)/",24600,1000,5052300,124562000000,100,false,0.41
"VCG",142924,"/Date(1703834955000)/",24600,2000,5051300,124538000000,100,false,0.41
"VCG",142921,"/Date(1703834951000)/",24550,3000,5049300,124489000000,50,true,0.2
"VCG",142921,"/Date(1703834951000)/",24600,1000,5046300,124415000000,100,false,0.41
"VCG",142921,"/Date(1703834950000)/",24600,600,5045300,124390000000,100,false,0.41
"VCG",142915,"/Date(1703834944000)/",24600,3900,5044700,124376000000,100,false,0.41
"VCG",142915,"/Date(1703834944000)/",24600,1000,5040800,124280000000,100,false,0.41
"VCG",142915,"/Date(1703834944000)/",24600,2500,5039800,124255000000,100,false,0.41
"VCG",142915,"/Date(1703834944000)/",24600,4500,5037300,124193000000,100,false,0.41
"VCG",142915,"/Date(1703834944000)/",24600,30000,5032800,124083000000,100,false,0.41
"VCG",142915,"/Date(1703834944000)/",24600,1000,5002800,123345000000,100,false,0.41
"VCG",142915,"/Date(1703834944000)/",24600,300,5001800,123320000000,100,false,0.41
"VCG",142915,"/Date(1703834944000)/",24600,300,5001500,123313000000,100,false,0.41
"VCG",142915,"/Date(1703834944000)/",24600,1000,5001200,123305000000,100,false,0.41
"VCG",142915,"/Date(1703834944000)/",24600,1000,5000200,123281000000,100,false,0.41
"VCG",142915,"/Date(1703834944000)/",24600,4000,4999200,123256000000,100,false,0.41
"VCG",142915,"/Date(1703834944000)/",24600,500,4995200,123158000000,100,false,0.41
"VCG",142915,"/Date(1703834944000)/",24550,1500,4994700,123146000000,50,true,0.2
"VCG",142911,"/Date(1703834940000)/",24600,500,4993200,123109000000,100,false,0.41
"VCG",142911,"/Date(1703834940000)/",24600,200,4992700,123096000000,100,false,0.41
"VCG",142911,"/Date(1703834940000)/",24600,300,4992500,123091000000,100,false,0.41
"VCG",142911,"/Date(1703834940000)/",24600,3600,4992200,123084000000,100,false,0.41
"VCG",142911,"/Date(1703834940000)/",24600,1000,4988600,122996000000,100,false,0.41
"VCG",142911,"/Date(1703834940000)/",24600,800,4987600,122971000000,100,false,0.41
"VCG",142911,"/Date(1703834940000)/",24600,500,4986800,122951000000,100,false,0.41
"VCG",142911,"/Date(1703834940000)/",24600,1000,4986300,122939000000,100,false,0.41
"VCG",142911,"/Date(1703834940000)/",24600,200,4985300,122914000000,100,false,0.41
"VCG",142911,"/Date(1703834940000)/",24600,1900,4985100,122909000000,100,false,0.41
"VCG",142908,"/Date(1703834938000)/",24550,1000,4983200,122863000000,50,false,0.2
"VCG",142908,"/Date(1703834938000)/",24550,1000,4982200,122838000000,50,false,0.2
"VCG",142908,"/Date(1703834937000)/",24550,300,4981200,122814000000,50,false,0.2
"VCG",142908,"/Date(1703834937000)/",24550,1400,4980900,122806000000,50,false,0.2
"VCG",142901,"/Date(1703834932000)/",24550,100,4979500,122772000000,50,true,0.2
"VCG",142901,"/Date(1703834932000)/",24550,500,4979400,122769000000,50,true,0.2
"VCG",142901,"/Date(1703834932000)/",24550,2700,4978900,122757000000,50,true,0.2
"VCG",142901,"/Date(1703834930000)/",24550,300,4976200,122691000000,50,true,0.2
"VCG",142858,"/Date(1703834930000)/",24600,500,4975900,122683000000,100,false,0.41
"VCG",142858,"/Date(1703834930000)/",24600,3500,4975400,122671000000,100,false,0.41
"VCG",142855,"/Date(1703834925000)/",24550,200,4971900,122585000000,50,true,0.2
"VCG",142855,"/Date(1703834925000)/",24550,1000,4971700,122580000000,50,true,0.2
"VCG",142855,"/Date(1703834925000)/",24550,500,4970700,122556000000,50,true,0.2
"VCG",142855,"/Date(1703834925000)/",24550,300,4970200,122543000000,50,true,0.2
"VCG",142855,"/Date(1703834924000)/",24550,2700,4969900,122536000000,50,true,0.2
"VCG",142855,"/Date(1703834924000)/",24550,2000,4967200,122470000000,50,true,0.2
"VCG",142855,"/Date(1703834924000)/",24550,5200,4965200,122421000000,50,true,0.2
"VCG",142851,"/Date(1703834922000)/",24550,200,4960000,122293000000,50,false,0.2
"VCG",142851,"/Date(1703834922000)/",24550,2000,4959800,122288000000,50,false,0.2
"VCG",142851,"/Date(1703834921000)/",24550,500,4957800,122239000000,50,false,0.2
"VCG",142848,"/Date(1703834920000)/",24550,100,4957300,122227000000,50,false,0.2
"VCG",142845,"/Date(1703834917000)/",24550,200,4957200,122224000000,50,false,0.2
"VCG",142845,"/Date(1703834917000)/",24550,1100,4957000,122219000000,50,false,0.2
"VCG",142845,"/Date(1703834914000)/",24550,900,4955900,122192000000,50,false,0.2
"VCG",142845,"/Date(1703834914000)/",24550,100,4955000,122170000000,50,false,0.2
"VCG",142845,"/Date(1703834914000)/",24550,100,4954900,122168000000,50,false,0.2
"VCG",142845,"/Date(1703834914000)/",24550,3900,4954800,122165000000,50,false,0.2
"VCG",142842,"/Date(1703834913000)/",24500,600,4950900,122070000000,0,true,0
"VCG",142842,"/Date(1703834911000)/",24550,11100,4950300,122055000000,50,false,0.2
"VCG",142842,"/Date(1703834911000)/",24550,3100,4939200,121782000000,50,false,0.2
"VCG",142842,"/Date(1703834911000)/",24550,500,4936100,121706000000,50,false,0.2
"VCG",142842,"/Date(1703834911000)/",24550,700,4935600,121694000000,50,false,0.2
"VCG",142842,"/Date(1703834911000)/",24550,100,4934900,121677000000,50,false,0.2
"VCG",142842,"/Date(1703834911000)/",24550,4100,4934800,121674000000,50,false,0.2
"VCG",142838,"/Date(1703834910000)/",24550,2000,4930700,121574000000,50,false,0.2
"VCG",142838,"/Date(1703834908000)/",24550,4500,4928700,121525000000,50,false,0.2
"VCG",142838,"/Date(1703834908000)/",24550,500,4924200,121414000000,50,false,0.2
"VCG",142828,"/Date(1703834900000)/",24550,300,4923700,121402000000,50,false,0.2
"VCG",142825,"/Date(1703834897000)/",24550,300,4923400,121394000000,50,false,0.2
"VCG",142825,"/Date(1703834896000)/",24550,400,4923100,121387000000,50,false,0.2
"VCG",142825,"/Date(1703834896000)/",24550,600,4922700,121377000000,50,false,0.2
"VCG",142822,"/Date(1703834895000)/",24500,1000,4922100,121363000000,0,true,0
"VCG",142748,"/Date(1703834862000)/",24550,100,4921100,121338000000,50,false,0.2
"VCG",142741,"/Date(1703834853000)/",24550,300,4921000,121336000000,50,false,0.2
"VCG",142741,"/Date(1703834853000)/",24550,300,4920700,121328000000,50,false,0.2
"VCG",142741,"/Date(1703834853000)/",24550,900,4920400,121321000000,50,false,0.2
"VCG",142727,"/Date(1703834842000)/",24550,200,4919500,121299000000,50,false,0.2
"VCG",142724,"/Date(1703834839000)/",24550,1000,4919300,121294000000,50,false,0.2
"VCG",142721,"/Date(1703834835000)/",24550,3000,4918300,121269000000,50,false,0.2
"VCG",142717,"/Date(1703834833000)/",24550,2000,4915300,121196000000,50,false,0.2
"VCG",142714,"/Date(1703834830000)/",24550,1500,4913300,121147000000,50,false,0.2
"VCG",142700,"/Date(1703834817000)/",24550,1400,4911800,121110000000,50,false,0.2
"VCG",142700,"/Date(1703834817000)/",24550,100,4910400,121075000000,50,false,0.2
"VCG",142653,"/Date(1703834811000)/",24550,600,4910300,121073000000,50,false,0.2
"VCG",142653,"/Date(1703834811000)/",24550,400,4909700,121058000000,50,false,0.2
"VCG",142642,"/Date(1703834802000)/",24550,1000,4909300,121048000000,50,false,0.2
"VCG",142635,"/Date(1703834793000)/",24500,500,4908300,121024000000,0,true,0
"VCG",142635,"/Date(1703834793000)/",24500,200,4907800,121012000000,0,true,0
"VCG",142635,"/Date(1703834793000)/",24500,3300,4907600,121007000000,0,true,0
"VCG",142632,"/Date(1703834792000)/",24550,200,4904300,120926000000,50,false,0.2
"VCG",142628,"/Date(1703834788000)/",24550,200,4904100,120921000000,50,false,0.2
"VCG",142625,"/Date(1703834785000)/",24500,100,4903900,120916000000,0,true,0
"VCG",142611,"/Date(1703834771000)/",24550,1000,4903800,120913000000,50,false,0.2
"VCG",142608,"/Date(1703834768000)/",24500,1600,4902800,120889000000,0,true,0
"VCG",142608,"/Date(1703834768000)/",24500,200,4901200,120850000000,0,true,0
"VCG",142608,"/Date(1703834768000)/",24500,3200,4901000,120845000000,0,true,0
"VCG",142558,"/Date(1703834758000)/",24500,1800,4897800,120766000000,0,true,0
"VCG",142558,"/Date(1703834758000)/",24500,500,4896000,120722000000,0,true,0
"VCG",142558,"/Date(1703834758000)/",24500,4900,4895500,120710000000,0,true,0
"VCG",142558,"/Date(1703834758000)/",24500,100,4890600,120590000000,0,true,0
"VCG",142558,"/Date(1703834758000)/",24500,3000,4890500,120588000000,0,true,0
"VCG",142558,"/Date(1703834758000)/",24500,2000,4887500,120514000000,0,true,0
"VCG",142558,"/Date(1703834758000)/",24500,500,4885500,120465000000,0,true,0
"VCG",142558,"/Date(1703834758000)/",24500,500,4885000,120453000000,0,true,0
"VCG",142558,"/Date(1703834758000)/",24500,500,4884500,120441000000,0,true,0
"VCG",142558,"/Date(1703834758000)/",24500,1000,4884000,120428000000,0,true,0
"VCG",142558,"/Date(1703834758000)/",24500,200,4883000,120404000000,0,true,0
"VCG",142555,"/Date(1703834755000)/",24550,100,4882800,120399000000,50,false,0.2
"VCG",142551,"/Date(1703834752000)/",24550,200,4882700,120396000000,50,false,0.2
"VCG",142535,"/Date(1703834738000)/",24550,1500,4882500,120392000000,50,false,0.2
"VCG",142535,"/Date(1703834737000)/",24550,500,4881000,120355000000,50,false,0.2
"VCG",142532,"/Date(1703834733000)/",24550,1000,4880500,120342000000,50,false,0.2
"VCG",142529,"/Date(1703834731000)/",24550,1000,4879500,120318000000,50,false,0.2
"VCG",142522,"/Date(1703834725000)/",24550,1500,4878500,120293000000,50,false,0.2
"VCG",142516,"/Date(1703834719000)/",24550,100,4877000,120257000000,50,true,0.2
"VCG",142516,"/Date(1703834719000)/",24550,100,4876900,120254000000,50,true,0.2
"VCG",142516,"/Date(1703834719000)/",24550,100,4876800,120252000000,50,true,0.2
"VCG",142516,"/Date(1703834719000)/",24550,100,4876700,120249000000,50,true,0.2
"VCG",142516,"/Date(1703834719000)/",24550,2500,4876600,120247000000,50,true,0.2
"VCG",142516,"/Date(1703834719000)/",24550,500,4874100,120185000000,50,true,0.2
"VCG",142516,"/Date(1703834719000)/",24550,100,4873600,120173000000,50,true,0.2
"VCG",142516,"/Date(1703834719000)/",24550,700,4873500,120171000000,50,true,0.2
"VCG",142516,"/Date(1703834719000)/",24550,10000,4872800,120153000000,50,true,0.2
"VCG",142516,"/Date(1703834719000)/",24550,200,4862800,119908000000,50,true,0.2
"VCG",142516,"/Date(1703834719000)/",24550,100,4862600,119903000000,50,true,0.2
"VCG",142516,"/Date(1703834719000)/",24550,1000,4862500,119901000000,50,true,0.2
"VCG",142516,"/Date(1703834719000)/",24550,2300,4861500,119876000000,50,true,0.2
"VCG",142516,"/Date(1703834719000)/",24550,100,4859200,119820000000,50,true,0.2
"VCG",142516,"/Date(1703834719000)/",24550,200,4859100,119817000000,50,true,0.2
"VCG",142516,"/Date(1703834719000)/",24550,1000,4858900,119812000000,50,true,0.2
"VCG",142516,"/Date(1703834719000)/",24550,2000,4857900,119788000000,50,true,0.2
"VCG",142516,"/Date(1703834719000)/",24550,2000,4855900,119739000000,50,true,0.2
"VCG",142516,"/Date(1703834719000)/",24550,3000,4853900,119689000000,50,true,0.2
"VCG",142516,"/Date(1703834719000)/",24550,1300,4850900,119616000000,50,true,0.2
"VCG",142513,"/Date(1703834714000)/",24550,700,4849600,119584000000,50,true,0.2
"VCG",142506,"/Date(1703834709000)/",24600,1500,4848900,119567000000,100,false,0.41
"VCG",142506,"/Date(1703834709000)/",24600,500,4847400,119530000000,100,false,0.41
"VCG",142506,"/Date(1703834709000)/",24550,1000,4846900,119517000000,50,true,0.2
"VCG",142506,"/Date(1703834708000)/",24550,200,4845900,119493000000,50,true,0.2
"VCG",142506,"/Date(1703834708000)/",24550,3000,4845700,119488000000,50,true,0.2
"VCG",142506,"/Date(1703834708000)/",24550,200,4842700,119414000000,50,true,0.2
"VCG",142506,"/Date(1703834708000)/",24550,100,4842500,119409000000,50,true,0.2
"VCG",142506,"/Date(1703834708000)/",24550,1000,4842400,119407000000,50,true,0.2
"VCG",142506,"/Date(1703834708000)/",24550,500,4841400,119382000000,50,true,0.2
"VCG",142506,"/Date(1703834708000)/",24550,200,4840900,119370000000,50,true,0.2
"VCG",142506,"/Date(1703834708000)/",24550,300,4840700,119365000000,50,true,0.2
"VCG",142506,"/Date(1703834708000)/",24550,10000,4840400,119358000000,50,true,0.2
"VCG",142506,"/Date(1703834708000)/",24550,1000,4830400,119112000000,50,true,0.2
"VCG",142506,"/Date(1703834708000)/",24550,3500,4829400,119088000000,50,true,0.2
"VCG",142503,"/Date(1703834704000)/",24550,5500,4825900,119002000000,50,true,0.2
"VCG",142503,"/Date(1703834704000)/",24550,1000,4820400,118867000000,50,true,0.2
"VCG",142503,"/Date(1703834704000)/",24550,800,4819400,118842000000,50,true,0.2
"VCG",142503,"/Date(1703834704000)/",24550,20000,4818600,118823000000,50,true,0.2
"VCG",142503,"/Date(1703834704000)/",24550,2000,4798600,118332000000,50,true,0.2
"VCG",142503,"/Date(1703834704000)/",24550,10700,4796600,118283000000,50,true,0.2
"VCG",142503,"/Date(1703834704000)/",24550,100,4785900,118020000000,50,true,0.2
"VCG",142500,"/Date(1703834702000)/",24550,1700,4785800,118017000000,50,true,0.2
"VCG",142453,"/Date(1703834697000)/",24600,1500,4784100,117976000000,100,false,0.41
"VCG",142453,"/Date(1703834697000)/",24600,500,4782600,117939000000,100,false,0.41
"VCG",142450,"/Date(1703834691000)/",24550,2600,4782100,117927000000,50,true,0.2
"VCG",142444,"/Date(1703834684000)/",24550,4000,4779500,117863000000,50,true,0.2
"VCG",142437,"/Date(1703834679000)/",24600,1000,4775500,117765000000,100,false,0.41
"VCG",142437,"/Date(1703834678000)/",24550,800,4774500,117740000000,50,true,0.2
"VCG",142428,"/Date(1703834670000)/",24550,4000,4773700,117720000000,50,true,0.2
"VCG",142421,"/Date(1703834664000)/",24550,30000,4769700,117622000000,50,true,0.2
"VCG",142418,"/Date(1703834660000)/",24600,100,4739700,116886000000,100,false,0.41
"VCG",142415,"/Date(1703834658000)/",24550,5000,4739600,116883000000,50,true,0.2
"VCG",142415,"/Date(1703834658000)/",24550,18900,4734600,116760000000,50,true,0.2
"VCG",142415,"/Date(1703834657000)/",24550,4000,4715700,116296000000,50,true,0.2
"VCG",142411,"/Date(1703834654000)/",24550,4000,4711700,116198000000,50,true,0.2
"VCG",142411,"/Date(1703834652000)/",24550,1000,4707700,116100000000,50,true,0.2
"VCG",142359,"/Date(1703834642000)/",24550,2100,4706700,116075000000,50,true,0.2
"VCG",142359,"/Date(1703834642000)/",24550,400,4704600,116024000000,50,true,0.2
"VCG",142359,"/Date(1703834642000)/",24550,1000,4704200,116014000000,50,true,0.2
"VCG",142359,"/Date(1703834642000)/",24550,200,4703200,115990000000,50,true,0.2
"VCG",142359,"/Date(1703834642000)/",24550,100,4703000,115985000000,50,true,0.2
"VCG",142359,"/Date(1703834642000)/",24550,200,4702900,115982000000,50,true,0.2
"VCG",142359,"/Date(1703834640000)/",24600,1900,4702700,115977000000,100,false,0.41
"VCG",142359,"/Date(1703834640000)/",24600,400,4700800,115930000000,100,false,0.41
"VCG",142359,"/Date(1703834640000)/",24600,5000,4700400,115921000000,100,false,0.41
"VCG",142359,"/Date(1703834640000)/",24600,2700,4695400,115798000000,100,false,0.41
"VCG",142342,"/Date(1703834625000)/",24600,1000,4692700,115731000000,100,false,0.41
"VCG",142333,"/Date(1703834614000)/",24600,1000,4691700,115707000000,100,false,0.41
"VCG",142313,"/Date(1703834597000)/",24600,1000,4690700,115682000000,100,false,0.41
"VCG",142304,"/Date(1703834585000)/",24550,800,4689700,115657000000,50,true,0.2
"VCG",142304,"/Date(1703834585000)/",24550,200,4688900,115638000000,50,true,0.2
"VCG",142251,"/Date(1703834575000)/",24600,6400,4688700,115633000000,100,false,0.41
"VCG",142238,"/Date(1703834560000)/",24600,1000,4682300,115475000000,100,false,0.41
"VCG",142231,"/Date(1703834554000)/",24600,3000,4681300,115451000000,100,false,0.41
"VCG",142231,"/Date(1703834553000)/",24550,1000,4678300,115377000000,50,true,0.2
"VCG",142205,"/Date(1703834529000)/",24550,2000,4677300,115352000000,50,true,0.2
"VCG",142205,"/Date(1703834527000)/",24600,1000,4675300,115303000000,100,false,0.41
"VCG",142205,"/Date(1703834527000)/",24600,200,4674300,115279000000,100,false,0.41
"VCG",142159,"/Date(1703834523000)/",24600,2700,4674100,115274000000,100,false,0.41
"VCG",142159,"/Date(1703834523000)/",24600,300,4671400,115207000000,100,false,0.41
"VCG",142159,"/Date(1703834523000)/",24600,400,4671100,115200000000,100,false,0.41
"VCG",142152,"/Date(1703834515000)/",24600,1000,4670700,115190000000,100,false,0.41
"VCG",142149,"/Date(1703834511000)/",24600,500,4669700,115166000000,100,false,0.41
"VCG",142149,"/Date(1703834511000)/",24600,8500,4669200,115153000000,100,false,0.41
"VCG",142142,"/Date(1703834507000)/",24600,2000,4660700,114944000000,100,false,0.41
"VCG",142136,"/Date(1703834500000)/",24600,4000,4658700,114895000000,100,false,0.41
"VCG",142133,"/Date(1703834497000)/",24600,100,4654700,114797000000,100,false,0.41
"VCG",142120,"/Date(1703834485000)/",24600,1600,4654600,114794000000,100,false,0.41
"VCG",142107,"/Date(1703834471000)/",24600,1000,4653000,114755000000,100,false,0.41
"VCG",142100,"/Date(1703834466000)/",24600,1000,4652000,114730000000,100,false,0.41
"VCG",142100,"/Date(1703834465000)/",24600,1800,4651000,114706000000,100,false,0.41
"VCG",142100,"/Date(1703834465000)/",24600,4200,4649200,114661000000,100,false,0.41
"VCG",142038,"/Date(1703834441000)/",24600,15800,4645000,114558000000,100,true,0.41
"VCG",142028,"/Date(1703834432000)/",24600,5500,4629200,114169000000,100,true,0.41
"VCG",142028,"/Date(1703834431000)/",24600,1000,4623700,114034000000,100,true,0.41
"VCG",142028,"/Date(1703834431000)/",24600,300,4622700,114009000000,100,true,0.41
"VCG",142028,"/Date(1703834431000)/",24600,20000,4622400,114002000000,100,true,0.41
"VCG",142028,"/Date(1703834431000)/",24600,7400,4602400,113510000000,100,true,0.41
"VCG",142018,"/Date(1703834422000)/",24600,1000,4595000,113328000000,100,false,0.41
"VCG",142015,"/Date(1703834420000)/",24600,1000,4594000,113303000000,100,false,0.41
"VCG",142015,"/Date(1703834420000)/",24600,1300,4593000,113279000000,100,false,0.41
"VCG",142015,"/Date(1703834420000)/",24600,400,4591700,113247000000,100,false,0.41
"VCG",142015,"/Date(1703834420000)/",24600,1000,4591300,113237000000,100,false,0.41
"VCG",142015,"/Date(1703834420000)/",24600,5000,4590300,113212000000,100,false,0.41
"VCG",142015,"/Date(1703834420000)/",24600,2900,4585300,113089000000,100,false,0.41
"VCG",142012,"/Date(1703834415000)/",24600,1500,4582400,113018000000,100,true,0.41
"VCG",142005,"/Date(1703834411000)/",24600,600,4580900,112981000000,100,true,0.41
"VCG",142005,"/Date(1703834411000)/",24600,700,4580300,112966000000,100,true,0.41
"VCG",141956,"/Date(1703834399000)/",24600,1200,4579600,112949000000,100,true,0.41
"VCG",141956,"/Date(1703834399000)/",24600,5000,4578400,112920000000,100,true,0.41
"VCG",141940,"/Date(1703834383000)/",24600,3100,4573400,112797000000,100,true,0.41
"VCG",141940,"/Date(1703834383000)/",24600,4000,4570300,112720000000,100,true,0.41
"VCG",141940,"/Date(1703834383000)/",24600,5000,4566300,112622000000,100,true,0.41
"VCG",141940,"/Date(1703834383000)/",24600,7900,4561300,112499000000,100,true,0.41
"VCG",141936,"/Date(1703834382000)/",24600,3600,4553400,112305000000,100,true,0.41
"VCG",141930,"/Date(1703834373000)/",24600,2000,4549800,112216000000,100,true,0.41
"VCG",141927,"/Date(1703834372000)/",24600,100,4547800,112167000000,100,true,0.41
"VCG",141924,"/Date(1703834369000)/",24600,200,4547700,112164000000,100,true,0.41
"VCG",141924,"/Date(1703834369000)/",24600,2000,4547500,112160000000,100,true,0.41
"VCG",141911,"/Date(1703834354000)/",24600,3000,4545500,112110000000,100,true,0.41
"VCG",141901,"/Date(1703834345000)/",24600,1200,4542500,112037000000,100,true,0.41
"VCG",141901,"/Date(1703834345000)/",24600,1800,4541300,112007000000,100,true,0.41
"VCG",141848,"/Date(1703834335000)/",24600,500,4539500,111963000000,100,false,0.41
"VCG",141848,"/Date(1703834335000)/",24600,100,4539000,111950000000,100,false,0.41
"VCG",141848,"/Date(1703834335000)/",24600,200,4538900,111948000000,100,false,0.41
"VCG",141848,"/Date(1703834335000)/",24600,400,4538700,111943000000,100,false,0.41
"VCG",141848,"/Date(1703834333000)/",24600,2000,4538300,111933000000,100,false,0.41
"VCG",141842,"/Date(1703834328000)/",24600,1000,4536300,111884000000,100,false,0.41
"VCG",141816,"/Date(1703834302000)/",24600,100,4535300,111859000000,100,false,0.41
"VCG",141812,"/Date(1703834299000)/",24600,100,4535200,111857000000,100,true,0.41
"VCG",141812,"/Date(1703834299000)/",24600,2000,4535100,111854000000,100,true,0.41
"VCG",141812,"/Date(1703834299000)/",24600,100,4533100,111805000000,100,true,0.41
"VCG",141812,"/Date(1703834299000)/",24600,2000,4533000,111803000000,100,true,0.41
"VCG",141812,"/Date(1703834299000)/",24600,500,4531000,111754000000,100,true,0.41
"VCG",141812,"/Date(1703834299000)/",24600,100,4530500,111741000000,100,true,0.41
"VCG",141812,"/Date(1703834299000)/",24600,3000,4530400,111739000000,100,true,0.41
"VCG",141812,"/Date(1703834299000)/",24600,400,4527400,111665000000,100,true,0.41
"VCG",141812,"/Date(1703834299000)/",24600,500,4527000,111655000000,100,true,0.41
"VCG",141812,"/Date(1703834299000)/",24600,500,4526500,111643000000,100,true,0.41
"VCG",141812,"/Date(1703834299000)/",24600,1000,4526000,111631000000,100,true,0.41
"VCG",141812,"/Date(1703834299000)/",24600,5000,4525000,111606000000,100,true,0.41
"VCG",141812,"/Date(1703834299000)/",24600,1100,4520000,111483000000,100,true,0.41
"VCG",141812,"/Date(1703834299000)/",24600,5200,4518900,111456000000,100,true,0.41
"VCG",141809,"/Date(1703834294000)/",24600,2000,4513700,111328000000,100,true,0.41
"VCG",141743,"/Date(1703834270000)/",24600,200,4511700,111279000000,100,true,0.41
"VCG",141740,"/Date(1703834266000)/",24650,300,4511500,111274000000,150,false,0.61
"VCG",141740,"/Date(1703834266000)/",24600,1000,4511200,111267000000,100,true,0.41
"VCG",141705,"/Date(1703834230000)/",24600,7000,4510200,111242000000,100,true,0.41
"VCG",141655,"/Date(1703834221000)/",24600,16600,4503200,111070000000,100,true,0.41
"VCG",141655,"/Date(1703834220000)/",24600,6800,4486600,110661000000,100,true,0.41
"VCG",141652,"/Date(1703834218000)/",24600,6600,4479800,110494000000,100,false,0.41
"VCG",141652,"/Date(1703834218000)/",24600,700,4473200,110332000000,100,false,0.41
"VCG",141652,"/Date(1703834218000)/",24600,200,4472500,110314000000,100,false,0.41
"VCG",141652,"/Date(1703834218000)/",24600,100,4472300,110310000000,100,false,0.41
"VCG",141652,"/Date(1703834218000)/",24600,1200,4472200,110307000000,100,false,0.41
"VCG",141652,"/Date(1703834218000)/",24600,500,4471000,110278000000,100,false,0.41
"VCG",141652,"/Date(1703834218000)/",24600,700,4470500,110265000000,100,false,0.41
"VCG",141636,"/Date(1703834203000)/",24600,1000,4469800,110248000000,100,false,0.41
"VCG",141629,"/Date(1703834197000)/",24600,500,4468800,110223000000,100,false,0.41
"VCG",141626,"/Date(1703834191000)/",24600,300,4468300,110211000000,100,false,0.41
"VCG",141623,"/Date(1703834188000)/",24600,100,4468000,110204000000,100,false,0.41
"VCG",141610,"/Date(1703834177000)/",24600,3000,4467900,110201000000,100,false,0.41
"VCG",141606,"/Date(1703834172000)/",24600,100,4464900,110128000000,100,false,0.41
"VCG",141606,"/Date(1703834172000)/",24600,1000,4464800,110125000000,100,false,0.41
"VCG",141606,"/Date(1703834172000)/",24600,3300,4463800,110100000000,100,false,0.41
"VCG",141557,"/Date(1703834165000)/",24600,300,4460500,110019000000,100,true,0.41
"VCG",141557,"/Date(1703834165000)/",24600,1000,4460200,110012000000,100,true,0.41
"VCG",141557,"/Date(1703834165000)/",24600,300,4459200,109987000000,100,true,0.41
"VCG",141557,"/Date(1703834165000)/",24600,100,4458900,109980000000,100,true,0.41
"VCG",141547,"/Date(1703834155000)/",24600,300,4458800,109977000000,100,false,0.41
"VCG",141547,"/Date(1703834155000)/",24600,100,4458500,109970000000,100,false,0.41
"VCG",141547,"/Date(1703834155000)/",24600,2000,4458400,109968000000,100,false,0.41
"VCG",141547,"/Date(1703834155000)/",24600,2400,4456400,109918000000,100,false,0.41
"VCG",141544,"/Date(1703834151000)/",24600,2500,4454000,109859000000,100,false,0.41
"VCG",141531,"/Date(1703834137000)/",24550,100,4451500,109798000000,50,true,0.2
"VCG",141528,"/Date(1703834136000)/",24600,5100,4451400,109795000000,100,false,0.41
"VCG",141528,"/Date(1703834136000)/",24600,3900,4446300,109670000000,100,false,0.41
"VCG",141524,"/Date(1703834133000)/",24600,5000,4442400,109574000000,100,false,0.41
"VCG",141524,"/Date(1703834131000)/",24600,1000,4437400,109451000000,100,false,0.41
"VCG",141524,"/Date(1703834131000)/",24600,100,4436400,109426000000,100,false,0.41
"VCG",141524,"/Date(1703834131000)/",24600,400,4436300,109424000000,100,false,0.41
"VCG",141518,"/Date(1703834125000)/",24600,500,4435900,109414000000,100,false,0.41
"VCG",141511,"/Date(1703834120000)/",24600,1000,4435400,109402000000,100,false,0.41
"VCG",141508,"/Date(1703834117000)/",24600,500,4434400,109377000000,100,false,0.41
"VCG",141455,"/Date(1703834103000)/",24550,900,4433900,109365000000,50,true,0.2
"VCG",141449,"/Date(1703834095000)/",24600,7600,4433000,109343000000,100,true,0.41
"VCG",141446,"/Date(1703834094000)/",24600,900,4425400,109156000000,100,true,0.41
"VCG",141446,"/Date(1703834094000)/",24600,500,4424500,109134000000,100,true,0.41
"VCG",141446,"/Date(1703834094000)/",24600,500,4424000,109121000000,100,true,0.41
"VCG",141446,"/Date(1703834094000)/",24600,3100,4423500,109109000000,100,true,0.41
"VCG",141439,"/Date(1703834089000)/",24600,1800,4420400,109033000000,100,false,0.41
"VCG",141439,"/Date(1703834089000)/",24600,300,4418600,108989000000,100,false,0.41
"VCG",141439,"/Date(1703834089000)/",24600,1400,4418300,108981000000,100,false,0.41
"VCG",141439,"/Date(1703834088000)/",24600,700,4416900,108947000000,100,false,0.41
"VCG",141433,"/Date(1703834082000)/",24600,100,4416200,108930000000,100,false,0.41
"VCG",141433,"/Date(1703834081000)/",24600,500,4416100,108927000000,100,false,0.41
"VCG",141433,"/Date(1703834081000)/",24600,300,4415600,108915000000,100,false,0.41
"VCG",141433,"/Date(1703834080000)/",24600,500,4415300,108907000000,100,false,0.41
"VCG",141420,"/Date(1703834069000)/",24600,600,4414800,108895000000,100,false,0.41
"VCG",141420,"/Date(1703834069000)/",24600,3000,4414200,108880000000,100,false,0.41
"VCG",141420,"/Date(1703834068000)/",24600,100,4411200,108807000000,100,false,0.41
"VCG",141416,"/Date(1703834066000)/",24600,2800,4411100,108804000000,100,false,0.41
"VCG",141416,"/Date(1703834066000)/",24600,7200,4408300,108735000000,100,false,0.41
"VCG",141407,"/Date(1703834055000)/",24600,2800,4401100,108558000000,100,false,0.41
"VCG",141407,"/Date(1703834055000)/",24600,3400,4398300,108489000000,100,false,0.41
"VCG",141403,"/Date(1703834051000)/",24600,3000,4394900,108406000000,100,true,0.41
"VCG",141403,"/Date(1703834051000)/",24600,3600,4391900,108332000000,100,true,0.41
"VCG",141400,"/Date(1703834048000)/",24600,400,4388300,108243000000,100,true,0.41
"VCG",141400,"/Date(1703834048000)/",24600,4900,4387900,108233000000,100,true,0.41
"VCG",141400,"/Date(1703834048000)/",24600,400,4383000,108113000000,100,true,0.41
"VCG",141400,"/Date(1703834048000)/",24600,4300,4382600,108103000000,100,true,0.41
"VCG",141347,"/Date(1703834037000)/",24600,1800,4378300,107997000000,100,true,0.41
"VCG",141344,"/Date(1703834033000)/",24600,1000,4376500,107953000000,100,true,0.41
"VCG",141341,"/Date(1703834030000)/",24600,500,4375500,107928000000,100,false,0.41
"VCG",141341,"/Date(1703834030000)/",24600,1000,4375000,107916000000,100,false,0.41
"VCG",141341,"/Date(1703834030000)/",24600,1000,4374000,107891000000,100,false,0.41
"VCG",141341,"/Date(1703834030000)/",24600,100,4373000,107867000000,100,false,0.41
"VCG",141341,"/Date(1703834030000)/",24600,1300,4372900,107864000000,100,false,0.41
"VCG",141341,"/Date(1703834030000)/",24600,1300,4371600,107832000000,100,false,0.41
"VCG",141341,"/Date(1703834030000)/",24600,500,4370300,107800000000,100,false,0.41
"VCG",141341,"/Date(1703834030000)/",24600,1000,4369800,107788000000,100,false,0.41
"VCG",141341,"/Date(1703834030000)/",24600,1000,4368800,107764000000,100,false,0.41
"VCG",141341,"/Date(1703834030000)/",24600,100,4367800,107739000000,100,false,0.41
"VCG",141341,"/Date(1703834030000)/",24600,400,4367700,107736000000,100,false,0.41
"VCG",141341,"/Date(1703834030000)/",24600,1000,4367300,107727000000,100,false,0.41
"VCG",141341,"/Date(1703834030000)/",24600,100,4366300,107702000000,100,false,0.41
"VCG",141341,"/Date(1703834030000)/",24600,1000,4366200,107700000000,100,false,0.41
"VCG",141341,"/Date(1703834030000)/",24600,1200,4365200,107675000000,100,false,0.41
"VCG",141341,"/Date(1703834030000)/",24600,100,4364000,107645000000,100,false,0.41
"VCG",141341,"/Date(1703834030000)/",24600,100,4363900,107643000000,100,false,0.41
"VCG",141341,"/Date(1703834030000)/",24600,10000,4363800,107641000000,100,false,0.41
"VCG",141341,"/Date(1703834030000)/",24600,1000,4353800,107395000000,100,false,0.41
"VCG",141341,"/Date(1703834030000)/",24600,500,4352800,107370000000,100,false,0.41
"VCG",141341,"/Date(1703834030000)/",24600,500,4352300,107358000000,100,false,0.41
"VCG",141341,"/Date(1703834030000)/",24600,4000,4351800,107345000000,100,false,0.41
"VCG",141341,"/Date(1703834030000)/",24600,3300,4347800,107247000000,100,false,0.41
"VCG",141328,"/Date(1703834015000)/",24600,3000,4344500,107166000000,100,false,0.41
"VCG",141325,"/Date(1703834012000)/",24600,100,4341500,107092000000,100,false,0.41
"VCG",141325,"/Date(1703834012000)/",24600,100,4341400,107089000000,100,false,0.41
"VCG",141325,"/Date(1703834012000)/",24600,800,4341300,107087000000,100,false,0.41
"VCG",141315,"/Date(1703834003000)/",24600,1000,4340500,107067000000,100,false,0.41
"VCG",141305,"/Date(1703833995000)/",24550,800,4339500,107043000000,50,true,0.2
"VCG",141305,"/Date(1703833995000)/",24550,1000,4338700,107023000000,50,true,0.2
"VCG",141302,"/Date(1703833991000)/",24600,200,4337700,106999000000,100,false,0.41
"VCG",141302,"/Date(1703833991000)/",24600,2000,4337500,106994000000,100,false,0.41
"VCG",141302,"/Date(1703833991000)/",24600,1000,4335500,106944000000,100,false,0.41
"VCG",141302,"/Date(1703833991000)/",24600,900,4334500,106920000000,100,false,0.41
"VCG",141302,"/Date(1703833991000)/",24600,200,4333600,106898000000,100,false,0.41
"VCG",141302,"/Date(1703833991000)/",24600,600,4333400,106893000000,100,false,0.41
"VCG",141302,"/Date(1703833991000)/",24600,200,4332800,106878000000,100,false,0.41
"VCG",141302,"/Date(1703833991000)/",24600,1500,4332600,106873000000,100,false,0.41
"VCG",141302,"/Date(1703833991000)/",24600,400,4331100,106836000000,100,false,0.41
"VCG",141302,"/Date(1703833991000)/",24600,500,4330700,106826000000,100,false,0.41
"VCG",141302,"/Date(1703833991000)/",24600,2000,4330200,106814000000,100,false,0.41
"VCG",141302,"/Date(1703833991000)/",24600,1000,4328200,106765000000,100,false,0.41
"VCG",141302,"/Date(1703833991000)/",24600,1000,4327200,106740000000,100,false,0.41
"VCG",141302,"/Date(1703833991000)/",24600,500,4326200,106716000000,100,false,0.41
"VCG",141302,"/Date(1703833991000)/",24600,1500,4325700,106703000000,100,false,0.41
"VCG",141249,"/Date(1703833978000)/",24600,200,4324200,106666000000,100,false,0.41
"VCG",141239,"/Date(1703833969000)/",24600,100,4324000,106662000000,100,false,0.41
"VCG",141233,"/Date(1703833961000)/",24600,200,4323900,106659000000,100,false,0.41
"VCG",141223,"/Date(1703833953000)/",24600,3000,4323700,106654000000,100,false,0.41
"VCG",141223,"/Date(1703833953000)/",24600,1000,4320700,106580000000,100,false,0.41
"VCG",141223,"/Date(1703833953000)/",24600,2000,4319700,106556000000,100,false,0.41
"VCG",141223,"/Date(1703833952000)/",24550,500,4317700,106507000000,50,true,0.2
"VCG",141223,"/Date(1703833952000)/",24550,100,4317200,106494000000,50,true,0.2
"VCG",141223,"/Date(1703833952000)/",24550,1000,4317100,106492000000,50,true,0.2
"VCG",141223,"/Date(1703833952000)/",24550,100,4316100,106467000000,50,true,0.2
"VCG",141213,"/Date(1703833944000)/",24600,300,4316000,106465000000,100,false,0.41
"VCG",141200,"/Date(1703833930000)/",24550,900,4315700,106457000000,50,true,0.2
"VCG",141200,"/Date(1703833930000)/",24550,100,4314800,106435000000,50,true,0.2
"VCG",141141,"/Date(1703833910000)/",24550,900,4314700,106433000000,50,true,0.2
"VCG",141141,"/Date(1703833910000)/",24550,900,4313800,106411000000,50,true,0.2
"VCG",141137,"/Date(1703833907000)/",24550,100,4312900,106389000000,50,true,0.2
"VCG",141124,"/Date(1703833895000)/",24550,4000,4312800,106386000000,50,true,0.2
"VCG",141059,"/Date(1703833868000)/",24550,1800,4308800,106288000000,50,true,0.2
"VCG",141042,"/Date(1703833853000)/",24550,300,4307000,106244000000,50,true,0.2
"VCG",141026,"/Date(1703833839000)/",24550,100,4306700,106236000000,50,true,0.2
"VCG",141020,"/Date(1703833831000)/",24550,100,4306600,106234000000,50,true,0.2
"VCG",141016,"/Date(1703833826000)/",24550,1700,4306500,106232000000,50,true,0.2
"VCG",141010,"/Date(1703833820000)/",24600,100,4304800,106190000000,100,false,0.41
"VCG",140941,"/Date(1703833793000)/",24550,1000,4304700,106187000000,50,false,0.2
"VCG",140931,"/Date(1703833784000)/",24550,1000,4303700,106163000000,50,false,0.2
"VCG",140931,"/Date(1703833784000)/",24550,1900,4302700,106138000000,50,false,0.2
"VCG",140931,"/Date(1703833784000)/",24550,100,4300800,106092000000,50,false,0.2
"VCG",140931,"/Date(1703833782000)/",24550,900,4300700,106089000000,50,false,0.2
"VCG",140931,"/Date(1703833782000)/",24550,500,4299800,106067000000,50,false,0.2
"VCG",140924,"/Date(1703833776000)/",24550,100,4299300,106055000000,50,true,0.2
"VCG",140924,"/Date(1703833776000)/",24550,100,4299200,106052000000,50,true,0.2
"VCG",140924,"/Date(1703833776000)/",24550,300,4299100,106050000000,50,true,0.2
"VCG",140924,"/Date(1703833775000)/",24550,200,4298800,106043000000,50,true,0.2
"VCG",140911,"/Date(1703833762000)/",24550,1500,4298600,106038000000,50,true,0.2
"VCG",140911,"/Date(1703833762000)/",24550,100,4297100,106001000000,50,true,0.2
"VCG",140911,"/Date(1703833762000)/",24550,600,4297000,105998000000,50,true,0.2
"VCG",140911,"/Date(1703833762000)/",24550,500,4296400,105984000000,50,true,0.2
"VCG",140911,"/Date(1703833762000)/",24550,300,4295900,105971000000,50,true,0.2
"VCG",140908,"/Date(1703833761000)/",24550,200,4295600,105964000000,50,true,0.2
"VCG",140908,"/Date(1703833761000)/",24550,500,4295400,105959000000,50,true,0.2
"VCG",140908,"/Date(1703833761000)/",24550,1500,4294900,105947000000,50,true,0.2
"VCG",140908,"/Date(1703833759000)/",24550,500,4293400,105910000000,50,true,0.2
"VCG",140852,"/Date(1703833745000)/",24550,1000,4292900,105898000000,50,true,0.2
"VCG",140849,"/Date(1703833743000)/",24550,400,4291900,105873000000,50,true,0.2
"VCG",140846,"/Date(1703833739000)/",24550,1600,4291500,105863000000,50,true,0.2
"VCG",140846,"/Date(1703833739000)/",24550,200,4289900,105824000000,50,true,0.2
"VCG",140804,"/Date(1703833697000)/",24550,300,4289700,105819000000,50,true,0.2
"VCG",140804,"/Date(1703833697000)/",24550,1500,4289400,105812000000,50,true,0.2
"VCG",140748,"/Date(1703833680000)/",24550,1500,4287900,105775000000,50,true,0.2
"VCG",140748,"/Date(1703833680000)/",24550,500,4286400,105738000000,50,true,0.2
"VCG",140739,"/Date(1703833672000)/",24550,500,4285900,105726000000,50,true,0.2
"VCG",140739,"/Date(1703833672000)/",24550,200,4285400,105714000000,50,true,0.2
"VCG",140739,"/Date(1703833672000)/",24550,1000,4285200,105709000000,50,true,0.2
"VCG",140739,"/Date(1703833672000)/",24550,300,4284200,105684000000,50,true,0.2
"VCG",140723,"/Date(1703833654000)/",24550,700,4283900,105677000000,50,true,0.2
"VCG",140723,"/Date(1703833654000)/",24550,500,4283200,105660000000,50,true,0.2
"VCG",140723,"/Date(1703833654000)/",24550,500,4282700,105647000000,50,true,0.2
"VCG",140707,"/Date(1703833639000)/",24550,200,4282200,105635000000,50,true,0.2
"VCG",140701,"/Date(1703833634000)/",24550,100,4282000,105630000000,50,true,0.2
"VCG",140654,"/Date(1703833625000)/",24550,100,4281900,105628000000,50,true,0.2
"VCG",140651,"/Date(1703833623000)/",24550,600,4281800,105625000000,50,true,0.2
"VCG",140651,"/Date(1703833623000)/",24550,800,4281200,105610000000,50,true,0.2
"VCG",140651,"/Date(1703833623000)/",24550,800,4280400,105591000000,50,true,0.2
"VCG",140651,"/Date(1703833623000)/",24550,1000,4279600,105571000000,50,true,0.2
"VCG",140651,"/Date(1703833623000)/",24550,900,4278600,105547000000,50,true,0.2
"VCG",140645,"/Date(1703833618000)/",24550,100,4277700,105525000000,50,false,0.2
"VCG",140645,"/Date(1703833618000)/",24550,500,4277600,105522000000,50,false,0.2
"VCG",140645,"/Date(1703833618000)/",24550,400,4277100,105510000000,50,false,0.2
"VCG",140641,"/Date(1703833614000)/",24550,100,4276700,105500000000,50,false,0.2
"VCG",140641,"/Date(1703833614000)/",24550,100,4276600,105498000000,50,false,0.2
"VCG",140641,"/Date(1703833614000)/",24550,200,4276500,105495000000,50,false,0.2
"VCG",140641,"/Date(1703833613000)/",24500,300,4276300,105490000000,0,true,0
"VCG",140641,"/Date(1703833613000)/",24500,300,4276000,105483000000,0,true,0
"VCG",140641,"/Date(1703833613000)/",24500,500,4275700,105475000000,0,true,0
"VCG",140641,"/Date(1703833613000)/",24500,500,4275200,105463000000,0,true,0
"VCG",140641,"/Date(1703833613000)/",24500,100,4274700,105451000000,0,true,0
"VCG",140641,"/Date(1703833613000)/",24500,100,4274600,105449000000,0,true,0
"VCG",140638,"/Date(1703833611000)/",24550,1000,4274500,105446000000,50,false,0.2
"VCG",140638,"/Date(1703833609000)/",24550,1200,4273500,105422000000,50,false,0.2
"VCG",140629,"/Date(1703833602000)/",24550,600,4272300,105392000000,50,false,0.2
"VCG",140629,"/Date(1703833602000)/",24550,400,4271700,105377000000,50,false,0.2
"VCG",140625,"/Date(1703833597000)/",24550,800,4271300,105368000000,50,false,0.2
"VCG",140622,"/Date(1703833593000)/",24550,800,4270500,105348000000,50,false,0.2
"VCG",140622,"/Date(1703833593000)/",24550,200,4269700,105328000000,50,false,0.2
"VCG",140622,"/Date(1703833593000)/",24550,100,4269500,105323000000,50,false,0.2
"VCG",140622,"/Date(1703833593000)/",24550,200,4269400,105321000000,50,false,0.2
"VCG",140622,"/Date(1703833593000)/",24550,600,4269200,105316000000,50,false,0.2
"VCG",140622,"/Date(1703833593000)/",24550,3100,4268600,105301000000,50,false,0.2
"VCG",140619,"/Date(1703833592000)/",24550,900,4265500,105225000000,50,false,0.2
"VCG",140619,"/Date(1703833590000)/",24500,900,4264600,105203000000,0,true,0
"VCG",140619,"/Date(1703833590000)/",24500,500,4263700,105181000000,0,true,0
"VCG",140619,"/Date(1703833590000)/",24500,600,4263200,105169000000,0,true,0
"VCG",140600,"/Date(1703833571000)/",24500,100,4262600,105154000000,0,true,0
"VCG",140600,"/Date(1703833571000)/",24500,100,4262500,105152000000,0,true,0
"VCG",140600,"/Date(1703833571000)/",24500,600,4262400,105149000000,0,true,0
"VCG",140600,"/Date(1703833571000)/",24500,400,4261800,105134000000,0,true,0
"VCG",140600,"/Date(1703833571000)/",24500,300,4261400,105125000000,0,true,0
"VCG",140600,"/Date(1703833571000)/",24500,200,4261100,105117000000,0,true,0
"VCG",140550,"/Date(1703833563000)/",24550,1000,4260900,105112000000,50,false,0.2
"VCG",140547,"/Date(1703833559000)/",24500,800,4259900,105088000000,0,true,0
"VCG",140547,"/Date(1703833559000)/",24500,2000,4259100,105068000000,0,true,0
"VCG",140547,"/Date(1703833559000)/",24500,200,4257100,105019000000,0,true,0
"VCG",140541,"/Date(1703833551000)/",24500,100,4256900,105014000000,0,true,0
"VCG",140534,"/Date(1703833545000)/",24550,1900,4256800,105012000000,50,false,0.2
"VCG",140515,"/Date(1703833528000)/",24500,200,4254900,104965000000,0,true,0
"VCG",140515,"/Date(1703833528000)/",24500,1500,4254700,104960000000,0,true,0
"VCG",140515,"/Date(1703833528000)/",24500,100,4253200,104924000000,0,true,0
"VCG",140459,"/Date(1703833513000)/",24500,500,4253100,104921000000,0,true,0
"VCG",140459,"/Date(1703833513000)/",24500,1000,4252600,104909000000,0,true,0
"VCG",140459,"/Date(1703833513000)/",24500,500,4251600,104884000000,0,true,0
"VCG",140459,"/Date(1703833511000)/",24500,500,4251100,104872000000,0,true,0
"VCG",140459,"/Date(1703833511000)/",24500,1500,4250600,104860000000,0,true,0
"VCG",140453,"/Date(1703833504000)/",24500,400,4249100,104823000000,0,true,0
"VCG",140450,"/Date(1703833503000)/",24500,200,4248700,104813000000,0,true,0
"VCG",140450,"/Date(1703833503000)/",24500,500,4248500,104808000000,0,true,0
"VCG",140450,"/Date(1703833503000)/",24500,100,4248000,104796000000,0,true,0
"VCG",140450,"/Date(1703833503000)/",24500,2200,4247900,104794000000,0,true,0
"VCG",140450,"/Date(1703833502000)/",24500,1000,4245700,104740000000,0,true,0
"VCG",140434,"/Date(1703833487000)/",24500,1800,4244700,104715000000,0,true,0
"VCG",140434,"/Date(1703833487000)/",24500,100,4242900,104671000000,0,true,0
"VCG",140421,"/Date(1703833472000)/",24500,100,4242800,104669000000,0,true,0
"VCG",140421,"/Date(1703833472000)/",24500,900,4242700,104666000000,0,true,0
"VCG",140415,"/Date(1703833467000)/",24500,600,4241800,104644000000,0,true,0
"VCG",140412,"/Date(1703833463000)/",24550,1000,4241200,104630000000,50,false,0.2
"VCG",140408,"/Date(1703833460000)/",24550,800,4240200,104605000000,50,false,0.2
"VCG",140359,"/Date(1703833449000)/",24550,500,4239400,104585000000,50,false,0.2
"VCG",140356,"/Date(1703833448000)/",24550,800,4238900,104573000000,50,false,0.2
"VCG",140356,"/Date(1703833448000)/",24550,1000,4238100,104553000000,50,false,0.2
"VCG",140356,"/Date(1703833448000)/",24550,100,4237100,104529000000,50,false,0.2
"VCG",140356,"/Date(1703833448000)/",24550,600,4237000,104526000000,50,false,0.2
"VCG",140349,"/Date(1703833440000)/",24500,500,4236400,104512000000,0,true,0
"VCG",140349,"/Date(1703833440000)/",24500,1300,4235900,104499000000,0,true,0
"VCG",140349,"/Date(1703833440000)/",24550,3000,4234600,104468000000,50,false,0.2
"VCG",140333,"/Date(1703833425000)/",24550,2500,4231600,104394000000,50,false,0.2
"VCG",140308,"/Date(1703833399000)/",24500,1800,4229100,104333000000,0,true,0
"VCG",140258,"/Date(1703833390000)/",24500,1900,4227300,104289000000,0,true,0
"VCG",140258,"/Date(1703833390000)/",24500,8100,4225400,104242000000,0,true,0
"VCG",140252,"/Date(1703833382000)/",24550,100,4217300,104044000000,50,false,0.2
"VCG",140252,"/Date(1703833382000)/",24550,900,4217200,104041000000,50,false,0.2
"VCG",140233,"/Date(1703833364000)/",24550,100,4216300,104019000000,50,false,0.2
"VCG",140226,"/Date(1703833357000)/",24550,900,4216200,104017000000,50,false,0.2
"VCG",140226,"/Date(1703833357000)/",24550,100,4215300,103994000000,50,false,0.2
"VCG",140223,"/Date(1703833355000)/",24500,1700,4215200,103992000000,0,true,0
"VCG",140210,"/Date(1703833341000)/",24500,200,4213500,103950000000,0,true,0
"VCG",140207,"/Date(1703833339000)/",24550,1000,4213300,103945000000,50,false,0.2
"VCG",140151,"/Date(1703833322000)/",24550,900,4212300,103921000000,50,false,0.2
"VCG",140151,"/Date(1703833322000)/",24550,1100,4211400,103899000000,50,false,0.2
"VCG",140148,"/Date(1703833318000)/",24550,900,4210300,103872000000,50,false,0.2
"VCG",140148,"/Date(1703833318000)/",24550,100,4209400,103850000000,50,false,0.2
"VCG",140142,"/Date(1703833315000)/",24550,100,4209300,103847000000,50,false,0.2
"VCG",140129,"/Date(1703833302000)/",24550,100,4209200,103845000000,50,false,0.2
"VCG",140129,"/Date(1703833302000)/",24550,1700,4209100,103842000000,50,false,0.2
"VCG",140129,"/Date(1703833302000)/",24550,2000,4207400,103801000000,50,false,0.2
"VCG",140129,"/Date(1703833302000)/",24550,300,4205400,103751000000,50,false,0.2
"VCG",140129,"/Date(1703833302000)/",24550,900,4205100,103744000000,50,false,0.2
"VCG",140107,"/Date(1703833279000)/",24550,1000,4204200,103722000000,50,false,0.2
"VCG",140100,"/Date(1703833272000)/",24550,100,4203200,103697000000,50,false,0.2
"VCG",140057,"/Date(1703833268000)/",24500,100,4203100,103695000000,0,true,0
"VCG",140057,"/Date(1703833268000)/",24500,500,4203000,103693000000,0,true,0
"VCG",140057,"/Date(1703833268000)/",24500,100,4202500,103680000000,0,true,0
"VCG",140028,"/Date(1703833240000)/",24500,100,4202400,103678000000,0,true,0
"VCG",140028,"/Date(1703833240000)/",24500,5000,4202300,103675000000,0,true,0
"VCG",140028,"/Date(1703833240000)/",24500,500,4197300,103553000000,0,true,0
"VCG",140028,"/Date(1703833240000)/",24500,2900,4196800,103541000000,0,true,0
"VCG",140028,"/Date(1703833240000)/",24500,1000,4193900,103470000000,0,true,0
"VCG",140028,"/Date(1703833240000)/",24500,2000,4192900,103445000000,0,true,0
"VCG",140028,"/Date(1703833240000)/",24500,200,4190900,103396000000,0,true,0
"VCG",140028,"/Date(1703833240000)/",24500,3000,4190700,103391000000,0,true,0
"VCG",140028,"/Date(1703833240000)/",24500,200,4187700,103318000000,0,true,0
"VCG",140028,"/Date(1703833240000)/",24500,500,4187500,103313000000,0,true,0
"VCG",140028,"/Date(1703833240000)/",24500,1000,4187000,103301000000,0,true,0
"VCG",140028,"/Date(1703833240000)/",24500,500,4186000,103276000000,0,true,0
"VCG",140028,"/Date(1703833240000)/",24500,1000,4185500,103264000000,0,true,0
"VCG",140028,"/Date(1703833240000)/",24500,100,4184500,103239000000,0,true,0
"VCG",140028,"/Date(1703833240000)/",24500,500,4184400,103237000000,0,true,0
"VCG",140028,"/Date(1703833240000)/",24500,4600,4183900,103225000000,0,true,0
"VCG",140016,"/Date(1703833229000)/",24500,400,4179300,103112000000,0,true,0
"VCG",140016,"/Date(1703833229000)/",24500,600,4178900,103102000000,0,true,0
"VCG",140016,"/Date(1703833229000)/",24550,900,4178300,103087000000,50,true,0.2
"VCG",140013,"/Date(1703833222000)/",24550,100,4177400,103065000000,50,true,0.2
"VCG",140000,"/Date(1703833211000)/",24550,1000,4177300,103063000000,50,true,0.2
"VCG",140000,"/Date(1703833211000)/",24550,1000,4176300,103038000000,50,true,0.2
"VCG",135947,"/Date(1703833198000)/",24550,200,4175300,103014000000,50,true,0.2
"VCG",135947,"/Date(1703833198000)/",24550,3600,4175100,103009000000,50,true,0.2
"VCG",135944,"/Date(1703833196000)/",24550,100,4171500,102920000000,50,true,0.2
"VCG",135934,"/Date(1703833184000)/",24550,1900,4171400,102918000000,50,true,0.2
"VCG",135928,"/Date(1703833180000)/",24550,400,4169500,102871000000,50,true,0.2
"VCG",135928,"/Date(1703833180000)/",24550,500,4169100,102862000000,50,true,0.2
"VCG",135928,"/Date(1703833180000)/",24550,300,4168600,102849000000,50,true,0.2
"VCG",135928,"/Date(1703833180000)/",24550,300,4168300,102842000000,50,true,0.2
"VCG",135922,"/Date(1703833173000)/",24550,700,4168000,102835000000,50,true,0.2
"VCG",135922,"/Date(1703833173000)/",24550,300,4167300,102817000000,50,true,0.2
"VCG",135918,"/Date(1703833168000)/",24550,200,4167000,102810000000,50,true,0.2
"VCG",135918,"/Date(1703833168000)/",24550,300,4166800,102805000000,50,true,0.2
"VCG",135912,"/Date(1703833163000)/",24550,100,4166500,102798000000,50,true,0.2
"VCG",135912,"/Date(1703833163000)/",24550,100,4166400,102795000000,50,true,0.2
"VCG",135906,"/Date(1703833156000)/",24550,500,4166300,102793000000,50,true,0.2
"VCG",135902,"/Date(1703833152000)/",24550,500,4165800,102781000000,50,true,0.2
"VCG",135902,"/Date(1703833152000)/",24550,1000,4165300,102768000000,50,true,0.2
"VCG",135859,"/Date(1703833151000)/",24550,600,4164300,102744000000,50,true,0.2
"VCG",135859,"/Date(1703833151000)/",24550,300,4163700,102729000000,50,true,0.2
"VCG",135859,"/Date(1703833151000)/",24550,1100,4163400,102722000000,50,true,0.2
"VCG",135859,"/Date(1703833150000)/",24550,900,4162300,102695000000,50,true,0.2
"VCG",135859,"/Date(1703833150000)/",24550,1000,4161400,102673000000,50,true,0.2
"VCG",135859,"/Date(1703833150000)/",24550,500,4160400,102648000000,50,true,0.2
"VCG",135859,"/Date(1703833150000)/",24550,1100,4159900,102636000000,50,true,0.2
"VCG",135846,"/Date(1703833138000)/",24550,900,4158800,102609000000,50,true,0.2
"VCG",135846,"/Date(1703833138000)/",24550,100,4157900,102587000000,50,true,0.2
"VCG",135846,"/Date(1703833137000)/",24550,600,4157800,102584000000,50,true,0.2
"VCG",135846,"/Date(1703833137000)/",24550,500,4157200,102569000000,50,true,0.2
"VCG",135846,"/Date(1703833137000)/",24550,100,4156700,102557000000,50,true,0.2
"VCG",135846,"/Date(1703833137000)/",24550,600,4156600,102555000000,50,true,0.2
"VCG",135805,"/Date(1703833095000)/",24550,1900,4156000,102540000000,50,true,0.2
"VCG",135724,"/Date(1703833055000)/",24550,900,4154100,102493000000,50,true,0.2
"VCG",135717,"/Date(1703833049000)/",24550,1800,4153200,102471000000,50,true,0.2
"VCG",135701,"/Date(1703833033000)/",24550,2000,4151400,102427000000,50,true,0.2
"VCG",135658,"/Date(1703833030000)/",24550,2000,4149400,102378000000,50,true,0.2
"VCG",135645,"/Date(1703833016000)/",24550,700,4147400,102329000000,50,true,0.2
"VCG",135639,"/Date(1703833011000)/",24550,100,4146700,102312000000,50,false,0.2
"VCG",135636,"/Date(1703833008000)/",24500,300,4146600,102309000000,0,true,0
"VCG",135636,"/Date(1703833008000)/",24550,600,4146300,102302000000,50,true,0.2
"VCG",135636,"/Date(1703833008000)/",24550,900,4145700,102287000000,50,true,0.2
"VCG",135626,"/Date(1703832997000)/",24550,100,4144800,102265000000,50,true,0.2
"VCG",135626,"/Date(1703832997000)/",24550,100,4144700,102263000000,50,true,0.2
"VCG",135554,"/Date(1703832965000)/",24500,100,4144600,102260000000,0,true,0
"VCG",135554,"/Date(1703832965000)/",24500,100,4144500,102258000000,0,true,0
"VCG",135554,"/Date(1703832965000)/",24500,500,4144400,102255000000,0,true,0
"VCG",135554,"/Date(1703832965000)/",24550,500,4143900,102243000000,50,false,0.2
"VCG",135554,"/Date(1703832965000)/",24550,600,4143400,102231000000,50,false,0.2
"VCG",135545,"/Date(1703832957000)/",24550,100,4142800,102216000000,50,false,0.2
"VCG",135545,"/Date(1703832957000)/",24550,300,4142700,102213000000,50,false,0.2
"VCG",135542,"/Date(1703832952000)/",24550,1000,4142400,102206000000,50,true,0.2
"VCG",135542,"/Date(1703832952000)/",24550,200,4141400,102182000000,50,true,0.2
"VCG",135542,"/Date(1703832952000)/",24550,500,4141200,102177000000,50,true,0.2
"VCG",135542,"/Date(1703832952000)/",24550,200,4140700,102164000000,50,true,0.2
"VCG",135542,"/Date(1703832952000)/",24550,2400,4140500,102159000000,50,true,0.2
"VCG",135535,"/Date(1703832945000)/",24550,100,4138100,102101000000,50,true,0.2
"VCG",135523,"/Date(1703832933000)/",24550,500,4138000,102098000000,50,true,0.2
"VCG",135520,"/Date(1703832931000)/",24550,1000,4137500,102086000000,50,true,0.2
"VCG",135516,"/Date(1703832927000)/",24550,1000,4136500,102061000000,50,true,0.2
"VCG",135516,"/Date(1703832927000)/",24550,1000,4135500,102037000000,50,true,0.2
"VCG",135516,"/Date(1703832927000)/",24550,1000,4134500,102012000000,50,true,0.2
"VCG",135516,"/Date(1703832927000)/",24550,100,4133500,101988000000,50,true,0.2
"VCG",135516,"/Date(1703832927000)/",24550,100,4133400,101985000000,50,true,0.2
"VCG",135516,"/Date(1703832927000)/",24550,4100,4133300,101983000000,50,true,0.2
"VCG",135516,"/Date(1703832927000)/",24550,200,4129200,101882000000,50,true,0.2
"VCG",135516,"/Date(1703832927000)/",24550,100,4129000,101877000000,50,true,0.2
"VCG",135516,"/Date(1703832927000)/",24550,100,4128900,101875000000,50,true,0.2
"VCG",135516,"/Date(1703832927000)/",24550,100,4128800,101872000000,50,true,0.2
"VCG",135516,"/Date(1703832927000)/",24550,1000,4128700,101870000000,50,true,0.2
"VCG",135516,"/Date(1703832927000)/",24550,1000,4127700,101845000000,50,true,0.2
"VCG",135516,"/Date(1703832927000)/",24550,2000,4126700,101821000000,50,true,0.2
"VCG",135516,"/Date(1703832927000)/",24550,400,4124700,101772000000,50,true,0.2
"VCG",135516,"/Date(1703832927000)/",24550,100,4124300,101762000000,50,true,0.2
"VCG",135516,"/Date(1703832927000)/",24550,1000,4124200,101759000000,50,true,0.2
"VCG",135516,"/Date(1703832927000)/",24550,100,4123200,101735000000,50,true,0.2
"VCG",135516,"/Date(1703832927000)/",24550,100,4123100,101732000000,50,true,0.2
"VCG",135516,"/Date(1703832927000)/",24550,500,4123000,101730000000,50,true,0.2
"VCG",135516,"/Date(1703832927000)/",24550,1000,4122500,101718000000,50,true,0.2
"VCG",135516,"/Date(1703832927000)/",24550,10000,4121500,101693000000,50,true,0.2
"VCG",135516,"/Date(1703832927000)/",24550,100,4111500,101448000000,50,true,0.2
"VCG",135516,"/Date(1703832927000)/",24550,4900,4111400,101445000000,50,true,0.2
"VCG",135516,"/Date(1703832926000)/",24600,100,4106500,101325000000,100,false,0.41
"VCG",135516,"/Date(1703832926000)/",24600,500,4106400,101322000000,100,false,0.41
"VCG",135516,"/Date(1703832926000)/",24600,12800,4105900,101310000000,100,false,0.41
"VCG",135516,"/Date(1703832926000)/",24600,200,4093100,100995000000,100,false,0.41
"VCG",135516,"/Date(1703832926000)/",24600,400,4092900,100990000000,100,false,0.41
"VCG",135516,"/Date(1703832926000)/",24600,4300,4092500,100980000000,100,false,0.41
"VCG",135516,"/Date(1703832926000)/",24600,1700,4088200,100875000000,100,false,0.41
"VCG",135510,"/Date(1703832922000)/",24550,1800,4086500,100833000000,50,true,0.2
"VCG",135510,"/Date(1703832919000)/",24550,1500,4084700,100789000000,50,true,0.2
"VCG",135510,"/Date(1703832919000)/",24550,500,4083200,100752000000,50,true,0.2
"VCG",135507,"/Date(1703832918000)/",24550,2300,4082700,100739000000,50,true,0.2
"VCG",135507,"/Date(1703832917000)/",24550,2200,4080400,100683000000,50,true,0.2
"VCG",135507,"/Date(1703832917000)/",24550,100,4078200,100629000000,50,true,0.2
"VCG",135507,"/Date(1703832917000)/",24550,400,4078100,100627000000,50,true,0.2
"VCG",135451,"/Date(1703832900000)/",24550,2000,4077700,100617000000,50,true,0.2
"VCG",135435,"/Date(1703832879000)/",24550,1800,4075700,100568000000,50,true,0.2
"VCG",135432,"/Date(1703832877000)/",24550,800,4073900,100523000000,50,true,0.2
"VCG",135406,"/Date(1703832856000)/",24550,100,4073100,100504000000,50,true,0.2
"VCG",135406,"/Date(1703832856000)/",24550,900,4073000,100501000000,50,true,0.2
"VCG",135344,"/Date(1703832835000)/",24550,1800,4072100,100479000000,50,true,0.2
"VCG",135338,"/Date(1703832827000)/",24600,100,4070300,100435000000,100,false,0.41
"VCG",135315,"/Date(1703832806000)/",24600,100,4070200,100433000000,100,false,0.41
"VCG",135309,"/Date(1703832800000)/",24600,100,4070100,100430000000,100,true,0.41
"VCG",135303,"/Date(1703832792000)/",24600,1800,4070000,100428000000,100,true,0.41
"VCG",135253,"/Date(1703832784000)/",24600,1200,4068200,100383000000,100,false,0.41
"VCG",135253,"/Date(1703832784000)/",24600,1000,4067000,100354000000,100,false,0.41
"VCG",135253,"/Date(1703832784000)/",24600,2000,4066000,100329000000,100,false,0.41
"VCG",135253,"/Date(1703832784000)/",24600,100,4064000,100280000000,100,false,0.41
"VCG",135253,"/Date(1703832784000)/",24600,300,4063900,100278000000,100,false,0.41
"VCG",135253,"/Date(1703832784000)/",24600,1000,4063600,100270000000,100,false,0.41
"VCG",135253,"/Date(1703832784000)/",24600,200,4062600,100246000000,100,false,0.41
"VCG",135253,"/Date(1703832784000)/",24600,12300,4062400,100241000000,100,false,0.41
"VCG",135221,"/Date(1703832751000)/",24550,1700,4050100,99938000000,50,true,0.2
"VCG",135221,"/Date(1703832751000)/",24600,100,4048400,99896000000,100,false,0.41
"VCG",135221,"/Date(1703832750000)/",24600,500,4048300,99894000000,100,false,0.41
"VCG",135149,"/Date(1703832719000)/",24600,1600,4047800,99882000000,100,false,0.41
"VCG",135140,"/Date(1703832709000)/",24550,300,4046200,99842000000,50,true,0.2
"VCG",135140,"/Date(1703832709000)/",24550,100,4045900,99835000000,50,true,0.2
"VCG",135140,"/Date(1703832709000)/",24550,100,4045800,99832000000,50,true,0.2
"VCG",135140,"/Date(1703832709000)/",24550,1400,4045700,99830000000,50,true,0.2
"VCG",135124,"/Date(1703832692000)/",24600,1000,4044300,99796000000,100,false,0.41
"VCG",135102,"/Date(1703832671000)/",24550,5000,4043300,99771000000,50,true,0.2
"VCG",135055,"/Date(1703832666000)/",24550,1700,4038300,99648000000,50,true,0.2
"VCG",135033,"/Date(1703832642000)/",24600,200,4036600,99607000000,100,false,0.41
"VCG",135014,"/Date(1703832624000)/",24550,1800,4036400,99602000000,50,true,0.2
"VCG",135010,"/Date(1703832620000)/",24600,8600,4034600,99557000000,100,false,0.41
"VCG",135007,"/Date(1703832618000)/",24600,100,4026000,99346000000,100,true,0.41
"VCG",135007,"/Date(1703832618000)/",24600,500,4025900,99343000000,100,true,0.41
"VCG",135007,"/Date(1703832618000)/",24600,600,4025400,99331000000,100,true,0.41
"VCG",135007,"/Date(1703832618000)/",24600,3100,4024800,99316000000,100,true,0.41
"VCG",135007,"/Date(1703832618000)/",24600,1000,4021700,99240000000,100,true,0.41
"VCG",135007,"/Date(1703832618000)/",24600,400,4020700,99215000000,100,true,0.41
"VCG",135004,"/Date(1703832613000)/",24600,1000,4020300,99206000000,100,true,0.41
"VCG",134958,"/Date(1703832607000)/",24600,9800,4019300,99181000000,100,true,0.41
"VCG",134958,"/Date(1703832607000)/",24600,200,4009500,98940000000,100,true,0.41
"VCG",134954,"/Date(1703832604000)/",24600,500,4009300,98935000000,100,true,0.41
"VCG",134951,"/Date(1703832600000)/",24600,100,4008800,98923000000,100,true,0.41
"VCG",134939,"/Date(1703832589000)/",24600,300,4008700,98920000000,100,true,0.41
"VCG",134939,"/Date(1703832588000)/",24600,3400,4008400,98913000000,100,true,0.41
"VCG",134929,"/Date(1703832580000)/",24600,1900,4005000,98829000000,100,true,0.41
"VCG",134844,"/Date(1703832535000)/",24600,1800,4003100,98783000000,100,true,0.41
"VCG",134841,"/Date(1703832532000)/",24650,400,4001300,98738000000,150,false,0.61
"VCG",134812,"/Date(1703832503000)/",24600,300,4000900,98728000000,100,true,0.41
"VCG",134803,"/Date(1703832491000)/",24600,1500,4000600,98721000000,100,true,0.41
"VCG",134803,"/Date(1703832491000)/",24600,300,3999100,98684000000,100,true,0.41
"VCG",134731,"/Date(1703832459000)/",24600,200,3998800,98677000000,100,true,0.41
"VCG",134731,"/Date(1703832459000)/",24600,100,3998600,98672000000,100,true,0.41
"VCG",134731,"/Date(1703832459000)/",24600,100,3998500,98669000000,100,true,0.41
"VCG",134731,"/Date(1703832459000)/",24600,500,3998400,98667000000,100,true,0.41
"VCG",134731,"/Date(1703832459000)/",24600,2100,3997900,98655000000,100,true,0.41
"VCG",134731,"/Date(1703832459000)/",24600,1000,3995800,98603000000,100,true,0.41
"VCG",134721,"/Date(1703832450000)/",24600,1800,3994800,98578000000,100,true,0.41
"VCG",134718,"/Date(1703832447000)/",24600,100,3993000,98534000000,100,true,0.41
"VCG",134718,"/Date(1703832447000)/",24600,400,3992900,98532000000,100,true,0.41
"VCG",134640,"/Date(1703832410000)/",24600,500,3992500,98522000000,100,true,0.41
"VCG",134636,"/Date(1703832406000)/",24600,1600,3992000,98509000000,100,true,0.41
"VCG",134636,"/Date(1703832406000)/",24600,300,3990400,98470000000,100,true,0.41
"VCG",134636,"/Date(1703832405000)/",24600,500,3990100,98463000000,100,true,0.41
"VCG",134552,"/Date(1703832361000)/",24600,200,3989600,98450000000,100,true,0.41
"VCG",134552,"/Date(1703832361000)/",24600,500,3989400,98445000000,100,true,0.41
"VCG",134552,"/Date(1703832361000)/",24600,1100,3988900,98433000000,100,true,0.41
"VCG",134549,"/Date(1703832358000)/",24600,1000,3987800,98406000000,100,true,0.41
"VCG",134529,"/Date(1703832337000)/",24600,400,3986800,98382000000,100,true,0.41
"VCG",134513,"/Date(1703832323000)/",24600,4900,3986400,98372000000,100,true,0.41
"VCG",134513,"/Date(1703832323000)/",24600,1000,3981500,98251000000,100,true,0.41
"VCG",134513,"/Date(1703832323000)/",24600,4100,3980500,98227000000,100,true,0.41
"VCG",134510,"/Date(1703832319000)/",24600,900,3976400,98126000000,100,true,0.41
"VCG",134510,"/Date(1703832319000)/",24600,200,3975500,98104000000,100,true,0.41
"VCG",134510,"/Date(1703832319000)/",24600,700,3975300,98099000000,100,true,0.41
"VCG",134451,"/Date(1703832300000)/",24600,3000,3974600,98081000000,100,true,0.41
"VCG",134435,"/Date(1703832284000)/",24600,500,3971600,98008000000,100,true,0.41
"VCG",134435,"/Date(1703832284000)/",24600,800,3971100,97995000000,100,true,0.41
"VCG",134429,"/Date(1703832277000)/",24600,900,3970300,97976000000,100,false,0.41
"VCG",134429,"/Date(1703832277000)/",24600,4100,3969400,97953000000,100,false,0.41
"VCG",134422,"/Date(1703832274000)/",24600,100,3965300,97853000000,100,false,0.41
"VCG",134406,"/Date(1703832255000)/",24600,800,3965200,97850000000,100,false,0.41
"VCG",134400,"/Date(1703832250000)/",24600,200,3964400,97830000000,100,true,0.41
"VCG",134400,"/Date(1703832250000)/",24600,100,3964200,97826000000,100,true,0.41
"VCG",134400,"/Date(1703832250000)/",24600,200,3964100,97823000000,100,true,0.41
"VCG",134344,"/Date(1703832234000)/",24600,1000,3963900,97818000000,100,true,0.41
"VCG",134344,"/Date(1703832234000)/",24600,100,3962900,97794000000,100,true,0.41
"VCG",134344,"/Date(1703832234000)/",24600,600,3962800,97791000000,100,true,0.41
"VCG",134344,"/Date(1703832234000)/",24600,100,3962200,97776000000,100,true,0.41
"VCG",134331,"/Date(1703832220000)/",24600,500,3962100,97774000000,100,true,0.41
"VCG",134309,"/Date(1703832198000)/",24600,1000,3961600,97762000000,100,true,0.41
"VCG",134303,"/Date(1703832192000)/",24600,1800,3960600,97737000000,100,true,0.41
"VCG",134244,"/Date(1703832172000)/",24600,6600,3958800,97693000000,100,true,0.41
"VCG",134244,"/Date(1703832172000)/",24600,100,3952200,97530000000,100,true,0.41
"VCG",134244,"/Date(1703832172000)/",24600,400,3952100,97528000000,100,true,0.41
"VCG",134244,"/Date(1703832172000)/",24600,1400,3951700,97518000000,100,true,0.41
"VCG",134218,"/Date(1703832149000)/",24600,1800,3950300,97484000000,100,true,0.41
"VCG",134208,"/Date(1703832138000)/",24600,4000,3948500,97439000000,100,true,0.41
"VCG",134153,"/Date(1703832121000)/",24600,1000,3944500,97341000000,100,true,0.41
"VCG",134140,"/Date(1703832110000)/",24600,2800,3943500,97316000000,100,true,0.41
"VCG",134140,"/Date(1703832110000)/",24600,100,3940700,97247000000,100,true,0.41
"VCG",134140,"/Date(1703832110000)/",24600,2100,3940600,97245000000,100,true,0.41
"VCG",134140,"/Date(1703832109000)/",24600,900,3938500,97193000000,100,true,0.41
"VCG",134140,"/Date(1703832109000)/",24600,1100,3937600,97171000000,100,true,0.41
"VCG",134137,"/Date(1703832107000)/",24600,1800,3936500,97144000000,100,true,0.41
"VCG",134121,"/Date(1703832092000)/",24600,2100,3934700,97100000000,100,true,0.41
"VCG",134121,"/Date(1703832092000)/",24600,2900,3932600,97048000000,100,true,0.41
"VCG",134114,"/Date(1703832085000)/",24600,7100,3929700,96977000000,100,true,0.41
"VCG",134114,"/Date(1703832085000)/",24600,2900,3922600,96802000000,100,true,0.41
"VCG",134108,"/Date(1703832078000)/",24600,100,3919700,96731000000,100,true,0.41
"VCG",134055,"/Date(1703832064000)/",24600,1700,3919600,96728000000,100,true,0.41
"VCG",134052,"/Date(1703832062000)/",24600,100,3917900,96687000000,100,true,0.41
"VCG",134052,"/Date(1703832061000)/",24600,300,3917800,96684000000,100,true,0.41
"VCG",134052,"/Date(1703832061000)/",24600,500,3917500,96677000000,100,true,0.41
"VCG",134052,"/Date(1703832061000)/",24600,200,3917000,96664000000,100,true,0.41
"VCG",134014,"/Date(1703832024000)/",24600,1000,3916800,96660000000,100,true,0.41
"VCG",134014,"/Date(1703832022000)/",24600,800,3915800,96635000000,100,true,0.41
"VCG",134014,"/Date(1703832022000)/",24600,900,3915000,96615000000,100,true,0.41
"VCG",133932,"/Date(1703831981000)/",24600,1800,3914100,96593000000,100,true,0.41
"VCG",133929,"/Date(1703831980000)/",24600,1700,3912300,96549000000,100,true,0.41
"VCG",133926,"/Date(1703831975000)/",24600,200,3910600,96507000000,100,true,0.41
"VCG",133904,"/Date(1703831953000)/",24600,300,3910400,96502000000,100,true,0.41
"VCG",133851,"/Date(1703831940000)/",24600,100,3910100,96495000000,100,true,0.41
"VCG",133851,"/Date(1703831940000)/",24600,300,3910000,96492000000,100,true,0.41
"VCG",133851,"/Date(1703831940000)/",24600,100,3909700,96485000000,100,true,0.41
"VCG",133851,"/Date(1703831940000)/",24600,500,3909600,96482000000,100,true,0.41
"VCG",133851,"/Date(1703831940000)/",24600,800,3909100,96470000000,100,true,0.41
"VCG",133825,"/Date(1703831916000)/",24600,1000,3908300,96450000000,100,true,0.41
"VCG",133806,"/Date(1703831897000)/",24600,200,3907300,96426000000,100,true,0.41
"VCG",133806,"/Date(1703831897000)/",24600,1600,3907100,96421000000,100,true,0.41
"VCG",133803,"/Date(1703831891000)/",24600,2800,3905500,96382000000,100,true,0.41
"VCG",133721,"/Date(1703831853000)/",24600,1800,3902700,96313000000,100,true,0.41
"VCG",133715,"/Date(1703831844000)/",24600,200,3900900,96268000000,100,true,0.41
"VCG",133706,"/Date(1703831836000)/",24600,400,3900700,96263000000,100,false,0.41
"VCG",133706,"/Date(1703831836000)/",24600,2000,3900300,96254000000,100,false,0.41
"VCG",133706,"/Date(1703831836000)/",24600,1000,3898300,96204000000,100,false,0.41
"VCG",133706,"/Date(1703831836000)/",24600,200,3897300,96180000000,100,false,0.41
"VCG",133702,"/Date(1703831831000)/",24600,500,3897100,96175000000,100,false,0.41
"VCG",133650,"/Date(1703831821000)/",24600,1500,3896600,96163000000,100,false,0.41
"VCG",133650,"/Date(1703831821000)/",24600,100,3895100,96126000000,100,false,0.41
"VCG",133646,"/Date(1703831815000)/",24600,100,3895000,96123000000,100,false,0.41
"VCG",133646,"/Date(1703831815000)/",24600,1900,3894900,96121000000,100,false,0.41
"VCG",133640,"/Date(1703831811000)/",24550,500,3893000,96074000000,50,true,0.2
"VCG",133640,"/Date(1703831811000)/",24550,100,3892500,96062000000,50,true,0.2
"VCG",133640,"/Date(1703831811000)/",24550,1200,3892400,96059000000,50,true,0.2
"VCG",133634,"/Date(1703831804000)/",24600,800,3891200,96030000000,100,false,0.41
"VCG",133634,"/Date(1703831804000)/",24600,200,3890400,96010000000,100,false,0.41
"VCG",133634,"/Date(1703831804000)/",24600,100,3890200,96005000000,100,false,0.41
"VCG",133634,"/Date(1703831804000)/",24600,900,3890100,96003000000,100,false,0.41
"VCG",133634,"/Date(1703831804000)/",24600,100,3889200,95981000000,100,false,0.41
"VCG",133634,"/Date(1703831804000)/",24600,100,3889100,95978000000,100,false,0.41
"VCG",133634,"/Date(1703831804000)/",24600,200,3889000,95976000000,100,false,0.41
"VCG",133634,"/Date(1703831804000)/",24600,400,3888800,95971000000,100,false,0.41
"VCG",133634,"/Date(1703831804000)/",24600,100,3888400,95961000000,100,false,0.41
"VCG",133634,"/Date(1703831804000)/",24600,100,3888300,95959000000,100,false,0.41
"VCG",133634,"/Date(1703831804000)/",24600,5000,3888200,95956000000,100,false,0.41
"VCG",133634,"/Date(1703831804000)/",24600,1000,3883200,95833000000,100,false,0.41
"VCG",133634,"/Date(1703831804000)/",24600,2000,3882200,95808000000,100,false,0.41
"VCG",133634,"/Date(1703831804000)/",24600,100,3880200,95759000000,100,false,0.41
"VCG",133618,"/Date(1703831787000)/",24600,100,3880100,95757000000,100,false,0.41
"VCG",133559,"/Date(1703831769000)/",24550,800,3880000,95754000000,50,true,0.2
"VCG",133559,"/Date(1703831769000)/",24550,1000,3879200,95735000000,50,true,0.2
"VCG",133533,"/Date(1703831742000)/",24600,4700,3878200,95710000000,100,false,0.41
"VCG",133533,"/Date(1703831742000)/",24600,400,3873500,95595000000,100,false,0.41
"VCG",133533,"/Date(1703831742000)/",24600,500,3873100,95585000000,100,false,0.41
"VCG",133533,"/Date(1703831742000)/",24600,4000,3872600,95572000000,100,false,0.41
"VCG",133533,"/Date(1703831742000)/",24600,7200,3868600,95474000000,100,false,0.41
"VCG",133527,"/Date(1703831735000)/",24600,500,3861400,95297000000,100,false,0.41
"VCG",133517,"/Date(1703831725000)/",24550,100,3860900,95285000000,50,true,0.2
"VCG",133517,"/Date(1703831725000)/",24550,1700,3860800,95282000000,50,true,0.2
"VCG",133448,"/Date(1703831697000)/",24550,3300,3859100,95240000000,50,true,0.2
"VCG",133448,"/Date(1703831697000)/",24550,100,3855800,95159000000,50,true,0.2
"VCG",133448,"/Date(1703831697000)/",24550,5000,3855700,95157000000,50,true,0.2
"VCG",133448,"/Date(1703831697000)/",24550,400,3850700,95034000000,50,true,0.2
"VCG",133448,"/Date(1703831697000)/",24550,100,3850300,95024000000,50,true,0.2
"VCG",133448,"/Date(1703831697000)/",24550,4500,3850200,95022000000,50,true,0.2
"VCG",133448,"/Date(1703831697000)/",24550,5000,3845700,94911000000,50,true,0.2
"VCG",133448,"/Date(1703831697000)/",24550,800,3840700,94789000000,50,true,0.2
"VCG",133448,"/Date(1703831697000)/",24550,500,3839900,94769000000,50,true,0.2
"VCG",133448,"/Date(1703831697000)/",24550,300,3839400,94757000000,50,true,0.2
"VCG",133445,"/Date(1703831696000)/",24550,1000,3839100,94749000000,50,true,0.2
"VCG",133432,"/Date(1703831682000)/",24550,100,3838100,94725000000,50,true,0.2
"VCG",133432,"/Date(1703831681000)/",24550,1800,3838000,94722000000,50,true,0.2
"VCG",133407,"/Date(1703831656000)/",24550,300,3836200,94678000000,50,true,0.2
"VCG",133407,"/Date(1703831655000)/",24550,100,3835900,94671000000,50,true,0.2
"VCG",133400,"/Date(1703831650000)/",24550,100,3835800,94668000000,50,true,0.2
"VCG",133351,"/Date(1703831639000)/",24550,1700,3835700,94666000000,50,true,0.2
"VCG",133332,"/Date(1703831622000)/",24600,600,3834000,94624000000,100,false,0.41
"VCG",133319,"/Date(1703831608000)/",24550,6600,3833400,94609000000,50,true,0.2
"VCG",133319,"/Date(1703831608000)/",24550,2000,3826800,94447000000,50,true,0.2
"VCG",133319,"/Date(1703831608000)/",24550,100,3824800,94398000000,50,true,0.2
"VCG",133319,"/Date(1703831608000)/",24550,200,3824700,94396000000,50,true,0.2
"VCG",133319,"/Date(1703831608000)/",24550,2000,3824500,94391000000,50,true,0.2
"VCG",133319,"/Date(1703831608000)/",24550,2000,3822500,94342000000,50,true,0.2
"VCG",133319,"/Date(1703831608000)/",24550,4100,3820500,94293000000,50,true,0.2
"VCG",133316,"/Date(1703831607000)/",24550,1000,3816400,94192000000,50,true,0.2
"VCG",133309,"/Date(1703831598000)/",24550,900,3815400,94168000000,50,true,0.2
"VCG",133309,"/Date(1703831598000)/",24550,1000,3814500,94145000000,50,true,0.2
"VCG",133257,"/Date(1703831586000)/",24550,100,3813500,94121000000,50,true,0.2
"VCG",133254,"/Date(1703831584000)/",24550,500,3813400,94118000000,50,true,0.2
"VCG",133250,"/Date(1703831581000)/",24550,1100,3812900,94106000000,50,true,0.2
"VCG",133238,"/Date(1703831566000)/",24550,300,3811800,94079000000,50,true,0.2
"VCG",133238,"/Date(1703831566000)/",24550,100,3811500,94072000000,50,true,0.2
"VCG",133238,"/Date(1703831566000)/",24550,500,3811400,94069000000,50,true,0.2
"VCG",133238,"/Date(1703831566000)/",24550,200,3810900,94057000000,50,true,0.2
"VCG",133238,"/Date(1703831566000)/",24550,300,3810700,94052000000,50,true,0.2
"VCG",133238,"/Date(1703831566000)/",24550,2000,3810400,94045000000,50,true,0.2
"VCG",133238,"/Date(1703831566000)/",24550,100,3808400,93996000000,50,true,0.2
"VCG",133238,"/Date(1703831566000)/",24550,1500,3808300,93993000000,50,true,0.2
"VCG",133225,"/Date(1703831554000)/",24550,1800,3806800,93956000000,50,true,0.2
"VCG",133159,"/Date(1703831528000)/",24550,1100,3805000,93912000000,50,true,0.2
"VCG",133153,"/Date(1703831521000)/",24550,600,3803900,93885000000,50,true,0.2
"VCG",133153,"/Date(1703831521000)/",24550,500,3803300,93870000000,50,true,0.2
"VCG",133153,"/Date(1703831521000)/",24550,1000,3802800,93858000000,50,true,0.2
"VCG",133153,"/Date(1703831521000)/",24550,200,3801800,93834000000,50,true,0.2
"VCG",133153,"/Date(1703831521000)/",24550,700,3801600,93829000000,50,true,0.2
"VCG",133143,"/Date(1703831511000)/",24550,200,3800900,93812000000,50,true,0.2
"VCG",133143,"/Date(1703831511000)/",24550,100,3800700,93807000000,50,true,0.2
"VCG",133143,"/Date(1703831511000)/",24550,100,3800600,93804000000,50,true,0.2
"VCG",133143,"/Date(1703831511000)/",24550,200,3800500,93802000000,50,true,0.2
"VCG",133143,"/Date(1703831511000)/",24550,500,3800300,93797000000,50,true,0.2
"VCG",133143,"/Date(1703831511000)/",24550,600,3799800,93785000000,50,true,0.2
"VCG",133137,"/Date(1703831506000)/",24550,29400,3799200,93770000000,50,true,0.2
"VCG",133137,"/Date(1703831506000)/",24550,500,3769800,93048000000,50,true,0.2
"VCG",133137,"/Date(1703831506000)/",24550,100,3769300,93036000000,50,true,0.2
"VCG",133127,"/Date(1703831495000)/",24600,300,3769200,93033000000,100,false,0.41
"VCG",133105,"/Date(1703831473000)/",24600,100,3768900,93026000000,100,false,0.41
"VCG",133058,"/Date(1703831469000)/",24550,1800,3768800,93023000000,50,true,0.2
"VCG",133046,"/Date(1703831456000)/",24600,1000,3767000,92979000000,100,false,0.41
"VCG",133033,"/Date(1703831443000)/",24600,1000,3766000,92955000000,100,false,0.41
"VCG",133033,"/Date(1703831443000)/",24600,500,3765000,92930000000,100,false,0.41
"VCG",133033,"/Date(1703831443000)/",24600,6000,3764500,92918000000,100,false,0.41
"VCG",133033,"/Date(1703831443000)/",24600,2000,3758500,92770000000,100,false,0.41
"VCG",133033,"/Date(1703831443000)/",24600,800,3756500,92721000000,100,false,0.41
"VCG",133017,"/Date(1703831426000)/",24600,1800,3755700,92701000000,100,true,0.41
"VCG",132939,"/Date(1703831389000)/",24600,600,3753900,92657000000,100,true,0.41
"VCG",132935,"/Date(1703831383000)/",24600,1800,3753300,92642000000,100,true,0.41
"VCG",132923,"/Date(1703831371000)/",24600,200,3751500,92598000000,100,true,0.41
"VCG",132904,"/Date(1703831354000)/",24600,600,3751300,92593000000,100,true,0.41
"VCG",132854,"/Date(1703831342000)/",24600,200,3750700,92578000000,100,true,0.41
"VCG",132854,"/Date(1703831342000)/",24600,200,3750500,92573000000,100,true,0.41
"VCG",132854,"/Date(1703831342000)/",24600,1300,3750300,92568000000,100,true,0.41
"VCG",132848,"/Date(1703831336000)/",24600,300,3749000,92536000000,100,true,0.41
"VCG",132835,"/Date(1703831324000)/",24600,400,3748700,92529000000,100,true,0.41
"VCG",132832,"/Date(1703831322000)/",24600,1000,3748300,92519000000,100,true,0.41
"VCG",132813,"/Date(1703831302000)/",24600,1000,3747300,92495000000,100,true,0.41
"VCG",132813,"/Date(1703831302000)/",24600,500,3746300,92470000000,100,true,0.41
"VCG",132813,"/Date(1703831302000)/",24600,500,3745800,92458000000,100,true,0.41
"VCG",132809,"/Date(1703831300000)/",24600,1800,3745300,92445000000,100,true,0.41
"VCG",132806,"/Date(1703831297000)/",24600,2100,3743500,92401000000,100,true,0.41
"VCG",132806,"/Date(1703831297000)/",24600,500,3741400,92350000000,100,true,0.41
"VCG",132806,"/Date(1703831297000)/",24600,100,3740900,92337000000,100,true,0.41
"VCG",132806,"/Date(1703831297000)/",24600,1000,3740800,92335000000,100,true,0.41
"VCG",132806,"/Date(1703831297000)/",24600,1700,3739800,92310000000,100,true,0.41
"VCG",132806,"/Date(1703831297000)/",24600,4700,3738100,92268000000,100,true,0.41
"VCG",132806,"/Date(1703831297000)/",24600,9900,3733400,92153000000,100,true,0.41
"VCG",132728,"/Date(1703831258000)/",24600,1800,3723500,91909000000,100,true,0.41
"VCG",132725,"/Date(1703831253000)/",24600,3000,3721700,91865000000,100,false,0.41
"VCG",132725,"/Date(1703831253000)/",24600,500,3718700,91791000000,100,false,0.41
"VCG",132725,"/Date(1703831253000)/",24600,5600,3718200,91779000000,100,false,0.41
"VCG",132722,"/Date(1703831250000)/",24600,5000,3712600,91641000000,100,false,0.41
"VCG",132712,"/Date(1703831242000)/",24600,200,3707600,91518000000,100,false,0.41
"VCG",132656,"/Date(1703831227000)/",24600,500,3707400,91513000000,100,false,0.41
"VCG",132656,"/Date(1703831226000)/",24550,500,3706900,91501000000,50,true,0.2
"VCG",132646,"/Date(1703831216000)/",24550,1700,3706400,91489000000,50,true,0.2
"VCG",132634,"/Date(1703831202000)/",24600,900,3704700,91447000000,100,false,0.41
"VCG",132634,"/Date(1703831202000)/",24600,2000,3703800,91425000000,100,false,0.41
"VCG",132634,"/Date(1703831202000)/",24600,500,3701800,91375000000,100,false,0.41
"VCG",132634,"/Date(1703831202000)/",24600,200,3701300,91363000000,100,false,0.41
"VCG",132634,"/Date(1703831202000)/",24600,500,3701100,91358000000,100,false,0.41
"VCG",132634,"/Date(1703831202000)/",24600,500,3700600,91346000000,100,false,0.41
"VCG",132634,"/Date(1703831202000)/",24600,100,3700100,91334000000,100,false,0.41
"VCG",132634,"/Date(1703831202000)/",24600,200,3700000,91331000000,100,false,0.41
"VCG",132634,"/Date(1703831202000)/",24600,3000,3699800,91326000000,100,false,0.41
"VCG",132634,"/Date(1703831202000)/",24600,10800,3696800,91252000000,100,false,0.41
"VCG",132631,"/Date(1703831201000)/",24600,800,3686000,90987000000,100,true,0.41
"VCG",132621,"/Date(1703831191000)/",24600,1000,3685200,90967000000,100,true,0.41
"VCG",132608,"/Date(1703831176000)/",24600,1000,3684200,90943000000,100,true,0.41
"VCG",132605,"/Date(1703831174000)/",24600,3000,3683200,90918000000,100,true,0.41
"VCG",132605,"/Date(1703831174000)/",24600,1800,3680200,90844000000,100,true,0.41
"VCG",132549,"/Date(1703831159000)/",24600,10000,3678400,90800000000,100,false,0.41
"VCG",132549,"/Date(1703831159000)/",24600,11600,3668400,90554000000,100,false,0.41
"VCG",132549,"/Date(1703831158000)/",24600,3000,3656800,90268000000,100,false,0.41
"VCG",132549,"/Date(1703831158000)/",24550,500,3653800,90195000000,50,true,0.2
"VCG",132539,"/Date(1703831150000)/",24600,3000,3653300,90182000000,100,false,0.41
"VCG",132530,"/Date(1703831141000)/",24600,500,3650300,90109000000,100,true,0.41
"VCG",132530,"/Date(1703831141000)/",24600,1000,3649800,90096000000,100,true,0.41
"VCG",132530,"/Date(1703831141000)/",24600,900,3648800,90072000000,100,true,0.41
"VCG",132524,"/Date(1703831132000)/",24600,100,3647900,90050000000,100,true,0.41
"VCG",132524,"/Date(1703831132000)/",24600,1700,3647800,90047000000,100,true,0.41
"VCG",132520,"/Date(1703831130000)/",24600,500,3646100,90005000000,100,true,0.41
"VCG",132508,"/Date(1703831118000)/",24600,500,3645600,89993000000,100,true,0.41
"VCG",132504,"/Date(1703831113000)/",24600,100,3645100,89981000000,100,false,0.41
"VCG",132504,"/Date(1703831113000)/",24600,200,3645000,89978000000,100,false,0.41
"VCG",132458,"/Date(1703831109000)/",24600,500,3644800,89973000000,100,false,0.41
"VCG",132458,"/Date(1703831108000)/",24600,5000,3644300,89961000000,100,false,0.41
"VCG",132448,"/Date(1703831096000)/",24600,2000,3639300,89838000000,100,false,0.41
"VCG",132445,"/Date(1703831095000)/",24600,500,3637300,89789000000,100,false,0.41
"VCG",132445,"/Date(1703831095000)/",24600,10000,3636800,89776000000,100,false,0.41
"VCG",132445,"/Date(1703831095000)/",24600,1800,3626800,89530000000,100,false,0.41
"VCG",132442,"/Date(1703831093000)/",24600,200,3625000,89486000000,100,true,0.41
"VCG",132442,"/Date(1703831093000)/",24600,1500,3624800,89481000000,100,true,0.41
"VCG",132442,"/Date(1703831093000)/",24600,600,3623300,89444000000,100,true,0.41
"VCG",132442,"/Date(1703831093000)/",24600,3700,3622700,89430000000,100,true,0.41
"VCG",132439,"/Date(1703831089000)/",24600,1700,3619000,89339000000,100,true,0.41
"VCG",132433,"/Date(1703831083000)/",24600,600,3617300,89297000000,100,true,0.41
"VCG",132433,"/Date(1703831083000)/",24600,200,3616700,89282000000,100,true,0.41
"VCG",132433,"/Date(1703831083000)/",24600,1000,3616500,89277000000,100,true,0.41
"VCG",132433,"/Date(1703831083000)/",24600,4000,3615500,89253000000,100,true,0.41
"VCG",132433,"/Date(1703831083000)/",24600,2000,3611500,89154000000,100,true,0.41
"VCG",132433,"/Date(1703831083000)/",24600,4000,3609500,89105000000,100,true,0.41
"VCG",132433,"/Date(1703831081000)/",24600,1500,3605500,89007000000,100,true,0.41
"VCG",132401,"/Date(1703831051000)/",24600,100,3604000,88970000000,100,true,0.41
"VCG",132357,"/Date(1703831047000)/",24600,1900,3603900,88967000000,100,true,0.41
"VCG",132351,"/Date(1703831041000)/",24600,300,3602000,88920000000,100,false,0.41
"VCG",132351,"/Date(1703831041000)/",24600,1800,3601700,88913000000,100,false,0.41
"VCG",132345,"/Date(1703831034000)/",24600,2000,3599900,88869000000,100,false,0.41
"VCG",132341,"/Date(1703831029000)/",24600,5000,3597900,88820000000,100,true,0.41
"VCG",132341,"/Date(1703831029000)/",24600,4000,3592900,88697000000,100,true,0.41
"VCG",132341,"/Date(1703831029000)/",24600,4000,3588900,88598000000,100,true,0.41
"VCG",132341,"/Date(1703831029000)/",24600,5000,3584900,88500000000,100,true,0.41
"VCG",132341,"/Date(1703831029000)/",24600,8200,3579900,88377000000,100,true,0.41
"VCG",132332,"/Date(1703831021000)/",24600,500,3571700,88175000000,100,true,0.41
"VCG",132332,"/Date(1703831020000)/",24600,2400,3571200,88163000000,100,true,0.41
"VCG",132329,"/Date(1703831018000)/",24600,5000,3568800,88104000000,100,true,0.41
"VCG",132329,"/Date(1703831018000)/",24600,500,3563800,87981000000,100,true,0.41
"VCG",132329,"/Date(1703831018000)/",24600,3000,3563300,87968000000,100,true,0.41
"VCG",132329,"/Date(1703831018000)/",24600,1500,3560300,87895000000,100,true,0.41
"VCG",132322,"/Date(1703831011000)/",24600,200,3558800,87858000000,100,true,0.41
"VCG",132313,"/Date(1703831003000)/",24600,1800,3558600,87853000000,100,true,0.41
"VCG",132257,"/Date(1703830985000)/",24600,300,3556800,87808000000,100,true,0.41
"VCG",132254,"/Date(1703830983000)/",24600,200,3556500,87801000000,100,true,0.41
"VCG",132254,"/Date(1703830983000)/",24600,800,3556300,87796000000,100,true,0.41
"VCG",132247,"/Date(1703830976000)/",24600,7000,3555500,87777000000,100,true,0.41
"VCG",132247,"/Date(1703830976000)/",24600,300,3548500,87604000000,100,true,0.41
"VCG",132247,"/Date(1703830976000)/",24600,500,3548200,87597000000,100,true,0.41
"VCG",132247,"/Date(1703830976000)/",24600,7000,3547700,87585000000,100,true,0.41
"VCG",132247,"/Date(1703830976000)/",24600,4500,3540700,87412000000,100,true,0.41
"VCG",132247,"/Date(1703830976000)/",24600,20000,3536200,87302000000,100,true,0.41
"VCG",132247,"/Date(1703830976000)/",24600,3400,3516200,86810000000,100,true,0.41
"VCG",132231,"/Date(1703830961000)/",24550,1800,3512800,86726000000,50,true,0.2
"VCG",132231,"/Date(1703830960000)/",24600,2600,3511000,86682000000,100,false,0.41
"VCG",132231,"/Date(1703830960000)/",24600,1000,3508400,86618000000,100,false,0.41
"VCG",132231,"/Date(1703830960000)/",24600,1400,3507400,86593000000,100,false,0.41
"VCG",132225,"/Date(1703830955000)/",24550,3600,3506000,86559000000,50,true,0.2
"VCG",132225,"/Date(1703830955000)/",24550,500,3502400,86471000000,50,true,0.2
"VCG",132225,"/Date(1703830955000)/",24550,200,3501900,86458000000,50,true,0.2
"VCG",132225,"/Date(1703830955000)/",24550,200,3501700,86453000000,50,true,0.2
"VCG",132225,"/Date(1703830955000)/",24550,500,3501500,86448000000,50,true,0.2
"VCG",132225,"/Date(1703830955000)/",24550,100,3501000,86436000000,50,true,0.2
"VCG",132225,"/Date(1703830955000)/",24550,100,3500900,86434000000,50,true,0.2
"VCG",132225,"/Date(1703830955000)/",24550,500,3500800,86431000000,50,true,0.2
"VCG",132225,"/Date(1703830955000)/",24550,100,3500300,86419000000,50,true,0.2
"VCG",132225,"/Date(1703830955000)/",24550,200,3500200,86417000000,50,true,0.2
"VCG",132225,"/Date(1703830955000)/",24600,1000,3500000,86412000000,100,false,0.41
"VCG",132212,"/Date(1703830940000)/",24600,6000,3499000,86387000000,100,false,0.41
"VCG",132209,"/Date(1703830938000)/",24550,800,3493000,86239000000,50,true,0.2
"VCG",132209,"/Date(1703830938000)/",24550,100,3492200,86220000000,50,true,0.2
"VCG",132209,"/Date(1703830938000)/",24550,100,3492100,86217000000,50,true,0.2
"VCG",132209,"/Date(1703830938000)/",24550,500,3492000,86215000000,50,true,0.2
"VCG",132209,"/Date(1703830938000)/",24550,100,3491500,86203000000,50,true,0.2
"VCG",132209,"/Date(1703830938000)/",24550,1000,3491400,86200000000,50,true,0.2
"VCG",132209,"/Date(1703830938000)/",24550,200,3490400,86176000000,50,true,0.2
"VCG",132209,"/Date(1703830938000)/",24550,1200,3490200,86171000000,50,true,0.2
"VCG",132147,"/Date(1703830916000)/",24550,1800,3489000,86141000000,50,true,0.2
"VCG",132140,"/Date(1703830911000)/",24600,1600,3487200,86097000000,100,false,0.41
"VCG",132140,"/Date(1703830911000)/",24600,300,3485600,86058000000,100,false,0.41
"VCG",132140,"/Date(1703830911000)/",24600,2100,3485300,86050000000,100,false,0.41
"VCG",132134,"/Date(1703830904000)/",24600,100,3483200,85999000000,100,false,0.41
"VCG",132121,"/Date(1703830892000)/",24600,5700,3483100,85996000000,100,false,0.41
"VCG",132121,"/Date(1703830891000)/",24600,1300,3477400,85856000000,100,false,0.41
"VCG",132108,"/Date(1703830878000)/",24600,20000,3476100,85824000000,100,false,0.41
"VCG",132108,"/Date(1703830878000)/",24600,200,3456100,85332000000,100,false,0.41
"VCG",132108,"/Date(1703830878000)/",24600,4000,3455900,85327000000,100,false,0.41
"VCG",132108,"/Date(1703830878000)/",24600,600,3451900,85229000000,100,false,0.41
"VCG",132108,"/Date(1703830878000)/",24600,3900,3451300,85214000000,100,false,0.41
"VCG",132105,"/Date(1703830875000)/",24600,1800,3447400,85118000000,100,true,0.41
"VCG",132046,"/Date(1703830854000)/",24600,300,3445600,85074000000,100,true,0.41
"VCG",132040,"/Date(1703830849000)/",24650,300,3445300,85066000000,150,false,0.61
"VCG",132030,"/Date(1703830839000)/",24600,400,3445000,85059000000,100,true,0.41
"VCG",132030,"/Date(1703830839000)/",24600,1700,3444600,85049000000,100,true,0.41
"VCG",132030,"/Date(1703830839000)/",24600,1900,3442900,85007000000,100,true,0.41
"VCG",132017,"/Date(1703830825000)/",24600,200,3441000,84960000000,100,false,0.41
"VCG",132014,"/Date(1703830822000)/",24600,1000,3440800,84956000000,100,false,0.41
"VCG",132011,"/Date(1703830820000)/",24600,7300,3439800,84931000000,100,false,0.41
"VCG",132011,"/Date(1703830820000)/",24600,1000,3432500,84751000000,100,false,0.41
"VCG",132011,"/Date(1703830820000)/",24600,1000,3431500,84727000000,100,false,0.41
"VCG",132011,"/Date(1703830820000)/",24600,1000,3430500,84702000000,100,false,0.41
"VCG",132011,"/Date(1703830820000)/",24600,200,3429500,84678000000,100,false,0.41
"VCG",132011,"/Date(1703830820000)/",24600,100,3429300,84673000000,100,false,0.41
"VCG",132011,"/Date(1703830820000)/",24600,100,3429200,84670000000,100,false,0.41
"VCG",132011,"/Date(1703830820000)/",24600,100,3429100,84668000000,100,false,0.41
"VCG",132011,"/Date(1703830820000)/",24600,300,3429000,84665000000,100,false,0.41
"VCG",132011,"/Date(1703830820000)/",24600,1000,3428700,84658000000,100,false,0.41
"VCG",132011,"/Date(1703830820000)/",24600,1000,3427700,84633000000,100,false,0.41
"VCG",132011,"/Date(1703830820000)/",24600,900,3426700,84609000000,100,false,0.41
"VCG",132011,"/Date(1703830820000)/",24600,3000,3425800,84587000000,100,false,0.41
"VCG",132011,"/Date(1703830820000)/",24600,2000,3422800,84513000000,100,false,0.41
"VCG",132011,"/Date(1703830820000)/",24600,1000,3420800,84464000000,100,false,0.41
"VCG",132011,"/Date(1703830820000)/",24600,200,3419800,84439000000,100,false,0.41
"VCG",132011,"/Date(1703830820000)/",24600,300,3419600,84434000000,100,false,0.41
"VCG",132011,"/Date(1703830820000)/",24600,300,3419300,84427000000,100,false,0.41
"VCG",132011,"/Date(1703830820000)/",24600,500,3419000,84419000000,100,false,0.41
"VCG",132011,"/Date(1703830820000)/",24600,10000,3418500,84407000000,100,false,0.41
"VCG",132011,"/Date(1703830820000)/",24600,10000,3408500,84161000000,100,false,0.41
"VCG",132011,"/Date(1703830820000)/",24600,500,3398500,83915000000,100,false,0.41
"VCG",132011,"/Date(1703830820000)/",24600,3000,3398000,83903000000,100,false,0.41
"VCG",132011,"/Date(1703830820000)/",24600,2000,3395000,83829000000,100,false,0.41
"VCG",132011,"/Date(1703830820000)/",24600,100,3393000,83780000000,100,false,0.41
"VCG",132011,"/Date(1703830820000)/",24600,100,3392900,83777000000,100,false,0.41
"VCG",132011,"/Date(1703830820000)/",24600,2000,3392800,83775000000,100,false,0.41
"VCG",132011,"/Date(1703830820000)/",24600,3000,3390800,83726000000,100,false,0.41
"VCG",132011,"/Date(1703830820000)/",24600,100,3387800,83652000000,100,false,0.41
"VCG",132011,"/Date(1703830820000)/",24600,3000,3387700,83649000000,100,false,0.41
"VCG",132011,"/Date(1703830820000)/",24600,400,3384700,83575000000,100,false,0.41
"VCG",132011,"/Date(1703830820000)/",24600,100,3384300,83566000000,100,false,0.41
"VCG",132011,"/Date(1703830820000)/",24600,200,3384200,83563000000,100,false,0.41
"VCG",132011,"/Date(1703830820000)/",24600,3000,3384000,83558000000,100,false,0.41
"VCG",132011,"/Date(1703830820000)/",24600,10000,3381000,83484000000,100,false,0.41
"VCG",132011,"/Date(1703830820000)/",24600,100,3371000,83238000000,100,false,0.41
"VCG",132011,"/Date(1703830820000)/",24600,3000,3370900,83236000000,100,false,0.41
"VCG",132011,"/Date(1703830820000)/",24600,100,3367900,83162000000,100,false,0.41
"VCG",132011,"/Date(1703830820000)/",24600,700,3367800,83160000000,100,false,0.41
"VCG",132011,"/Date(1703830820000)/",24600,1400,3367100,83143000000,100,false,0.41
"VCG",132011,"/Date(1703830820000)/",24600,100,3365700,83108000000,100,false,0.41
"VCG",132011,"/Date(1703830820000)/",24600,10000,3365600,83106000000,100,false,0.41
"VCG",132011,"/Date(1703830820000)/",24600,10000,3355600,82860000000,100,false,0.41
"VCG",132011,"/Date(1703830820000)/",24600,2100,3345600,82614000000,100,false,0.41
"VCG",132011,"/Date(1703830820000)/",24600,5000,3343500,82562000000,100,false,0.41
"VCG",132011,"/Date(1703830820000)/",24600,500,3338500,82439000000,100,false,0.41
"VCG",132011,"/Date(1703830820000)/",24600,1000,3338000,82427000000,100,false,0.41
"VCG",132011,"/Date(1703830820000)/",24600,100,3337000,82402000000,100,false,0.41
"VCG",132011,"/Date(1703830820000)/",24600,500,3336900,82400000000,100,false,0.41
"VCG",132011,"/Date(1703830820000)/",24600,200,3336400,82387000000,100,false,0.41
"VCG",132011,"/Date(1703830820000)/",24600,1000,3336200,82382000000,100,false,0.41
"VCG",132011,"/Date(1703830820000)/",24600,500,3335200,82358000000,100,false,0.41
"VCG",132011,"/Date(1703830820000)/",24600,1000,3334700,82345000000,100,false,0.41
"VCG",132011,"/Date(1703830820000)/",24600,100,3333700,82321000000,100,false,0.41
"VCG",132011,"/Date(1703830820000)/",24600,10000,3333600,82318000000,100,false,0.41
"VCG",132011,"/Date(1703830820000)/",24600,500,3323600,82072000000,100,false,0.41
"VCG",132011,"/Date(1703830820000)/",24600,30000,3323100,82060000000,100,false,0.41
"VCG",132011,"/Date(1703830820000)/",24600,100,3293100,81322000000,100,false,0.41
"VCG",132011,"/Date(1703830820000)/",24600,100,3293000,81320000000,100,false,0.41
"VCG",131955,"/Date(1703830804000)/",24600,2000,3292900,81317000000,100,true,0.41
"VCG",131948,"/Date(1703830799000)/",24600,1000,3290900,81268000000,100,true,0.41
"VCG",131942,"/Date(1703830790000)/",24600,1800,3289900,81243000000,100,true,0.41
"VCG",131926,"/Date(1703830774000)/",24600,100,3288100,81199000000,100,true,0.41
"VCG",131926,"/Date(1703830774000)/",24600,100,3288000,81197000000,100,true,0.41
"VCG",131926,"/Date(1703830774000)/",24600,200,3287900,81194000000,100,true,0.41
"VCG",131926,"/Date(1703830774000)/",24600,200,3287700,81189000000,100,true,0.41
"VCG",131926,"/Date(1703830774000)/",24600,400,3287500,81184000000,100,true,0.41
"VCG",131904,"/Date(1703830753000)/",24600,600,3287100,81175000000,100,true,0.41
"VCG",131904,"/Date(1703830753000)/",24600,100,3286500,81160000000,100,true,0.41
"VCG",131904,"/Date(1703830753000)/",24600,200,3286400,81157000000,100,true,0.41
"VCG",131904,"/Date(1703830753000)/",24600,500,3286200,81152000000,100,true,0.41
"VCG",131904,"/Date(1703830753000)/",24600,200,3285700,81140000000,100,true,0.41
"VCG",131904,"/Date(1703830753000)/",24600,100,3285500,81135000000,100,true,0.41
"VCG",131904,"/Date(1703830753000)/",24600,100,3285400,81133000000,100,true,0.41
"VCG",131904,"/Date(1703830753000)/",24600,100,3285300,81130000000,100,true,0.41
"VCG",131904,"/Date(1703830753000)/",24600,1000,3285200,81128000000,100,true,0.41
"VCG",131904,"/Date(1703830753000)/",24600,100,3284200,81103000000,100,true,0.41
"VCG",131904,"/Date(1703830753000)/",24600,1000,3284100,81101000000,100,true,0.41
"VCG",131857,"/Date(1703830748000)/",24600,1000,3283100,81076000000,100,true,0.41
"VCG",131857,"/Date(1703830748000)/",24600,900,3282100,81052000000,100,true,0.41
"VCG",131857,"/Date(1703830747000)/",24650,100,3281200,81029000000,150,false,0.61
"VCG",131841,"/Date(1703830731000)/",24650,100,3281100,81027000000,150,false,0.61
"VCG",131832,"/Date(1703830721000)/",24650,5000,3281000,81024000000,150,false,0.61
"VCG",131822,"/Date(1703830712000)/",24650,5000,3276000,80901000000,150,false,0.61
"VCG",131822,"/Date(1703830712000)/",24650,16800,3271000,80778000000,150,false,0.61
"VCG",131813,"/Date(1703830701000)/",24650,1900,3254200,80364000000,150,true,0.61
"VCG",131806,"/Date(1703830696000)/",24650,1300,3252300,80317000000,150,false,0.61
"VCG",131803,"/Date(1703830693000)/",24650,8700,3251000,80285000000,150,false,0.61
"VCG",131803,"/Date(1703830693000)/",24650,4200,3242300,80071000000,150,false,0.61
"VCG",131803,"/Date(1703830693000)/",24650,7100,3238100,79967000000,150,false,0.61
"VCG",131803,"/Date(1703830692000)/",24650,300,3231000,79792000000,150,false,0.61
"VCG",131803,"/Date(1703830691000)/",24650,600,3230700,79785000000,150,false,0.61
"VCG",131800,"/Date(1703830690000)/",24650,100,3230100,79770000000,150,false,0.61
"VCG",131754,"/Date(1703830683000)/",24650,7400,3230000,79767000000,150,false,0.61
"VCG",131754,"/Date(1703830683000)/",24650,1000,3222600,79585000000,150,false,0.61
"VCG",131754,"/Date(1703830683000)/",24650,21600,3221600,79560000000,150,false,0.61
"VCG",131750,"/Date(1703830679000)/",24650,200,3200000,79028000000,150,false,0.61
"VCG",131738,"/Date(1703830667000)/",24650,5000,3199800,79023000000,150,true,0.61
"VCG",131738,"/Date(1703830667000)/",24650,200,3194800,78900000000,150,true,0.61
"VCG",131738,"/Date(1703830667000)/",24650,3000,3194600,78895000000,150,true,0.61
"VCG",131738,"/Date(1703830667000)/",24650,1800,3191600,78821000000,150,true,0.61
"VCG",131738,"/Date(1703830667000)/",24650,8200,3189800,78776000000,150,true,0.61
"VCG",131738,"/Date(1703830667000)/",24650,1800,3181600,78574000000,150,true,0.61
"VCG",131738,"/Date(1703830667000)/",24650,1000,3179800,78530000000,150,true,0.61
"VCG",131738,"/Date(1703830667000)/",24650,10000,3178800,78505000000,150,true,0.61
"VCG",131738,"/Date(1703830667000)/",24650,5200,3168800,78259000000,150,true,0.61
"VCG",131728,"/Date(1703830657000)/",24650,1700,3163600,78131000000,150,true,0.61
"VCG",131722,"/Date(1703830650000)/",24650,5000,3161900,78089000000,150,true,0.61
"VCG",131715,"/Date(1703830645000)/",24650,500,3156900,77965000000,150,true,0.61
"VCG",131646,"/Date(1703830616000)/",24650,1800,3156400,77953000000,150,true,0.61
"VCG",131631,"/Date(1703830599000)/",24650,600,3154600,77909000000,150,true,0.61
"VCG",131621,"/Date(1703830589000)/",24650,3000,3154000,77894000000,150,true,0.61
"VCG",131605,"/Date(1703830573000)/",24650,1800,3151000,77820000000,150,true,0.61
"VCG",131552,"/Date(1703830561000)/",24650,100,3149200,77776000000,150,true,0.61
"VCG",131520,"/Date(1703830531000)/",24650,1700,3149100,77773000000,150,true,0.61
"VCG",131439,"/Date(1703830489000)/",24650,1800,3147400,77731000000,150,true,0.61
"VCG",131407,"/Date(1703830457000)/",24650,200,3145600,77687000000,150,true,0.61
"VCG",131401,"/Date(1703830448000)/",24650,1800,3145400,77682000000,150,true,0.61
"VCG",131316,"/Date(1703830404000)/",24650,1900,3143600,77638000000,150,true,0.61
"VCG",131300,"/Date(1703830388000)/",24650,1000,3141700,77591000000,150,true,0.61
"VCG",131254,"/Date(1703830383000)/",24650,1900,3140700,77566000000,150,true,0.61
"VCG",131254,"/Date(1703830383000)/",24650,200,3138800,77519000000,150,true,0.61
"VCG",131254,"/Date(1703830383000)/",24650,500,3138600,77514000000,150,true,0.61
"VCG",131254,"/Date(1703830383000)/",24650,100,3138100,77502000000,150,true,0.61
"VCG",131254,"/Date(1703830383000)/",24650,1300,3138000,77500000000,150,true,0.61
"VCG",131238,"/Date(1703830366000)/",24650,8700,3136700,77467000000,150,true,0.61
"VCG",131238,"/Date(1703830366000)/",24650,35900,3128000,77253000000,150,true,0.61
"VCG",131234,"/Date(1703830363000)/",24650,14100,3092100,76368000000,150,true,0.61
"VCG",131234,"/Date(1703830363000)/",24650,200,3078000,76021000000,150,true,0.61
"VCG",131234,"/Date(1703830363000)/",24650,3000,3077800,76016000000,150,true,0.61
"VCG",131234,"/Date(1703830363000)/",24650,200,3074800,75942000000,150,true,0.61
"VCG",131234,"/Date(1703830363000)/",24650,100,3074600,75937000000,150,true,0.61
"VCG",131234,"/Date(1703830363000)/",24650,6400,3074500,75934000000,150,true,0.61
"VCG",131231,"/Date(1703830361000)/",24650,1000,3068100,75776000000,150,true,0.61
"VCG",131228,"/Date(1703830358000)/",24650,1800,3067100,75752000000,150,true,0.61
"VCG",131147,"/Date(1703830316000)/",24650,800,3065300,75707000000,150,true,0.61
"VCG",131147,"/Date(1703830316000)/",24650,200,3064500,75688000000,150,true,0.61
"VCG",131147,"/Date(1703830316000)/",24650,800,3064300,75683000000,150,true,0.61
"VCG",131105,"/Date(1703830273000)/",24650,200,3063500,75663000000,150,true,0.61
"VCG",131105,"/Date(1703830273000)/",24650,1500,3063300,75658000000,150,true,0.61
"VCG",131102,"/Date(1703830270000)/",24650,100,3061800,75621000000,150,true,0.61
"VCG",131059,"/Date(1703830268000)/",24650,100,3061700,75619000000,150,true,0.61
"VCG",131059,"/Date(1703830268000)/",24650,100,3061600,75616000000,150,true,0.61
"VCG",131043,"/Date(1703830252000)/",24650,4900,3061500,75614000000,150,true,0.61
"VCG",131043,"/Date(1703830252000)/",24650,1000,3056600,75493000000,150,true,0.61
"VCG",131043,"/Date(1703830252000)/",24650,1000,3055600,75468000000,150,true,0.61
