"Stockcode","Package","TradingDate","Price","Vol","TotalVol","TotalVal","Change","IsBuy","PerChange"
"VIB",144507,"/Date(1703835901000)/",19600,211400,8957600,176982000000,-50,false,-0.25
"VIB",143000,"/Date(1703834989000)/",19650,6000,8746200,172839000000,0,true,0
"VIB",142951,"/Date(1703834981000)/",19650,600,8740200,172721000000,0,true,0
"VIB",142947,"/Date(1703834977000)/",19650,5000,8739600,172709000000,0,true,0
"VIB",142931,"/Date(1703834962000)/",19650,200,8734600,172611000000,0,true,0
"VIB",142918,"/Date(1703834949000)/",19650,500,8734400,172607000000,0,true,0
"VIB",142905,"/Date(1703834934000)/",19600,100,8733900,172597000000,-50,true,-0.25
"VIB",142905,"/Date(1703834934000)/",19600,300,8733800,172595000000,-50,true,-0.25
"VIB",142905,"/Date(1703834934000)/",19600,5000,8733500,172589000000,-50,true,-0.25
"VIB",142905,"/Date(1703834934000)/",19600,10600,8728500,172491000000,-50,true,-0.25
"VIB",142905,"/Date(1703834934000)/",19600,400,8717900,172284000000,-50,true,-0.25
"VIB",142905,"/Date(1703834934000)/",19600,100,8717500,172276000000,-50,true,-0.25
"VIB",142905,"/Date(1703834934000)/",19600,100,8717400,172274000000,-50,true,-0.25
"VIB",142905,"/Date(1703834934000)/",19600,5000,8717300,172272000000,-50,true,-0.25
"VIB",142905,"/Date(1703834934000)/",19600,1000,8712300,172174000000,-50,true,-0.25
"VIB",142905,"/Date(1703834934000)/",19600,100,8711300,172154000000,-50,true,-0.25
"VIB",142905,"/Date(1703834934000)/",19600,2000,8711200,172152000000,-50,true,-0.25
"VIB",142905,"/Date(1703834934000)/",19600,200,8709200,172113000000,-50,true,-0.25
"VIB",142905,"/Date(1703834934000)/",19650,100,8709000,172109000000,0,true,0
"VIB",142905,"/Date(1703834934000)/",19650,5000,8708900,172107000000,0,true,0
"VIB",142858,"/Date(1703834927000)/",19650,700,8703900,172009000000,0,false,0
"VIB",142855,"/Date(1703834926000)/",19650,400,8703200,171995000000,0,false,0
"VIB",142855,"/Date(1703834924000)/",19650,400,8702800,171987000000,0,false,0
"VIB",142855,"/Date(1703834924000)/",19650,600,8702400,171979000000,0,false,0
"VIB",142848,"/Date(1703834918000)/",19650,200,8701800,171968000000,0,false,0
"VIB",142848,"/Date(1703834918000)/",19650,3000,8701600,171964000000,0,false,0
"VIB",142848,"/Date(1703834918000)/",19650,500,8698600,171905000000,0,false,0
"VIB",142848,"/Date(1703834918000)/",19650,1000,8698100,171895000000,0,false,0
"VIB",142848,"/Date(1703834918000)/",19650,300,8697100,171875000000,0,false,0
"VIB",142848,"/Date(1703834918000)/",19650,3000,8696800,171869000000,0,false,0
"VIB",142822,"/Date(1703834892000)/",19650,7600,8693800,171810000000,0,false,0
"VIB",142822,"/Date(1703834892000)/",19650,2000,8686200,171661000000,0,false,0
"VIB",142822,"/Date(1703834892000)/",19650,5000,8684200,171622000000,0,false,0
"VIB",142822,"/Date(1703834892000)/",19650,400,8679200,171524000000,0,false,0
"VIB",142721,"/Date(1703834836000)/",19650,200,8678800,171516000000,0,false,0
"VIB",142717,"/Date(1703834834000)/",19650,1400,8678600,171512000000,0,false,0
"VIB",142653,"/Date(1703834811000)/",19650,1000,8677200,171484000000,0,false,0
"VIB",142649,"/Date(1703834808000)/",19600,300,8676200,171465000000,-50,true,-0.25
"VIB",142649,"/Date(1703834808000)/",19600,1700,8675900,171459000000,-50,true,-0.25
"VIB",142635,"/Date(1703834795000)/",19650,1000,8674200,171425000000,0,false,0
"VIB",142635,"/Date(1703834795000)/",19650,100,8673200,171406000000,0,false,0
"VIB",142635,"/Date(1703834795000)/",19650,200,8673100,171404000000,0,false,0
"VIB",142621,"/Date(1703834781000)/",19650,1000,8672900,171400000000,0,false,0
"VIB",142604,"/Date(1703834766000)/",19650,500,8671900,171380000000,0,false,0
"VIB",142558,"/Date(1703834759000)/",19650,1900,8671400,171370000000,0,false,0
"VIB",142558,"/Date(1703834759000)/",19650,400,8669500,171333000000,0,false,0
"VIB",142558,"/Date(1703834759000)/",19650,400,8669100,171325000000,0,false,0
"VIB",142558,"/Date(1703834759000)/",19650,200,8668700,171317000000,0,false,0
"VIB",142558,"/Date(1703834759000)/",19650,400,8668500,171313000000,0,false,0
"VIB",142542,"/Date(1703834743000)/",19650,300,8668100,171305000000,0,true,0
"VIB",142529,"/Date(1703834730000)/",19650,300,8667800,171300000000,0,true,0
"VIB",142529,"/Date(1703834730000)/",19650,2000,8667500,171294000000,0,true,0
"VIB",142529,"/Date(1703834730000)/",19650,1000,8665500,171254000000,0,true,0
"VIB",142529,"/Date(1703834730000)/",19650,400,8664500,171235000000,0,true,0
"VIB",142529,"/Date(1703834730000)/",19650,200,8664100,171227000000,0,true,0
"VIB",142529,"/Date(1703834730000)/",19650,1100,8663900,171223000000,0,true,0
"VIB",142522,"/Date(1703834723000)/",19650,1000,8662800,171201000000,0,true,0
"VIB",142513,"/Date(1703834714000)/",19650,100,8661800,171182000000,0,true,0
"VIB",142441,"/Date(1703834682000)/",19650,1000,8661700,171180000000,0,true,0
"VIB",142434,"/Date(1703834677000)/",19650,800,8660700,171160000000,0,true,0
"VIB",142431,"/Date(1703834672000)/",19650,5000,8659900,171144000000,0,true,0
"VIB",142428,"/Date(1703834670000)/",19650,500,8654900,171046000000,0,true,0
"VIB",142415,"/Date(1703834656000)/",19650,500,8654400,171036000000,0,true,0
"VIB",142415,"/Date(1703834656000)/",19650,400,8653900,171026000000,0,true,0
"VIB",142415,"/Date(1703834656000)/",19650,900,8653500,171019000000,0,true,0
"VIB",142415,"/Date(1703834656000)/",19650,500,8652600,171001000000,0,true,0
"VIB",142415,"/Date(1703834656000)/",19650,700,8652100,170991000000,0,true,0
"VIB",142411,"/Date(1703834652000)/",19650,4300,8651400,170977000000,0,true,0
"VIB",142411,"/Date(1703834652000)/",19650,500,8647100,170893000000,0,true,0
"VIB",142411,"/Date(1703834652000)/",19650,400,8646600,170883000000,0,true,0
"VIB",142411,"/Date(1703834652000)/",19650,2300,8646200,170875000000,0,true,0
"VIB",142411,"/Date(1703834652000)/",19650,700,8643900,170830000000,0,true,0
"VIB",142359,"/Date(1703834641000)/",19650,1300,8643200,170816000000,0,true,0
"VIB",142359,"/Date(1703834641000)/",19650,5600,8641900,170791000000,0,true,0
"VIB",142349,"/Date(1703834631000)/",19650,200,8636300,170681000000,0,true,0
"VIB",142342,"/Date(1703834624000)/",19650,3000,8636100,170677000000,0,true,0
"VIB",142330,"/Date(1703834612000)/",19650,200,8633100,170618000000,0,true,0
"VIB",142330,"/Date(1703834612000)/",19650,1000,8632900,170614000000,0,true,0
"VIB",142330,"/Date(1703834612000)/",19650,1000,8631900,170594000000,0,true,0
"VIB",142330,"/Date(1703834612000)/",19650,200,8630900,170575000000,0,true,0
"VIB",142330,"/Date(1703834612000)/",19650,400,8630700,170571000000,0,true,0
"VIB",142330,"/Date(1703834612000)/",19650,200,8630300,170563000000,0,true,0
"VIB",142326,"/Date(1703834609000)/",19650,5000,8630100,170559000000,0,true,0
"VIB",142307,"/Date(1703834591000)/",19650,500,8625100,170461000000,0,true,0
"VIB",142307,"/Date(1703834591000)/",19650,100,8624600,170451000000,0,true,0
"VIB",142307,"/Date(1703834591000)/",19650,1000,8624500,170449000000,0,true,0
"VIB",142307,"/Date(1703834591000)/",19650,100,8623500,170429000000,0,true,0
"VIB",142307,"/Date(1703834591000)/",19650,500,8623400,170427000000,0,true,0
"VIB",142307,"/Date(1703834591000)/",19650,100,8622900,170417000000,0,true,0
"VIB",142307,"/Date(1703834591000)/",19650,100,8622800,170415000000,0,true,0
"VIB",142307,"/Date(1703834591000)/",19650,500,8622700,170413000000,0,true,0
"VIB",142307,"/Date(1703834591000)/",19650,100,8622200,170404000000,0,true,0
"VIB",142257,"/Date(1703834580000)/",19650,1000,8622100,170402000000,0,true,0
"VIB",142257,"/Date(1703834580000)/",19650,1000,8621100,170382000000,0,true,0
"VIB",142257,"/Date(1703834580000)/",19650,100,8620100,170362000000,0,true,0
"VIB",142257,"/Date(1703834580000)/",19650,1000,8620000,170360000000,0,true,0
"VIB",142257,"/Date(1703834580000)/",19650,3800,8619000,170341000000,0,true,0
"VIB",142225,"/Date(1703834547000)/",19700,100,8615200,170266000000,50,false,0.25
"VIB",142225,"/Date(1703834547000)/",19700,18600,8615100,170264000000,50,false,0.25
"VIB",142215,"/Date(1703834540000)/",19700,100,8596500,169898000000,50,true,0.25
"VIB",142215,"/Date(1703834540000)/",19700,100,8596400,169896000000,50,true,0.25
"VIB",142215,"/Date(1703834540000)/",19700,200,8596300,169894000000,50,true,0.25
"VIB",142215,"/Date(1703834540000)/",19700,5000,8596100,169890000000,50,true,0.25
"VIB",142152,"/Date(1703834516000)/",19700,500,8591100,169791000000,50,true,0.25
"VIB",142152,"/Date(1703834516000)/",19700,500,8590600,169781000000,50,true,0.25
"VIB",142152,"/Date(1703834516000)/",19700,500,8590100,169772000000,50,true,0.25
"VIB",142152,"/Date(1703834516000)/",19700,1000,8589600,169762000000,50,true,0.25
"VIB",142152,"/Date(1703834516000)/",19700,1000,8588600,169742000000,50,true,0.25
"VIB",142152,"/Date(1703834516000)/",19700,100,8587600,169722000000,50,true,0.25
"VIB",142152,"/Date(1703834516000)/",19700,1000,8587500,169720000000,50,true,0.25
"VIB",142152,"/Date(1703834516000)/",19700,100,8586500,169701000000,50,true,0.25
"VIB",142152,"/Date(1703834516000)/",19700,2000,8586400,169699000000,50,true,0.25
"VIB",142152,"/Date(1703834516000)/",19700,200,8584400,169659000000,50,true,0.25
"VIB",142129,"/Date(1703834493000)/",19700,1000,8584200,169655000000,50,true,0.25
"VIB",142129,"/Date(1703834493000)/",19700,100,8583200,169636000000,50,true,0.25
"VIB",142129,"/Date(1703834493000)/",19700,900,8583100,169634000000,50,true,0.25
"VIB",142129,"/Date(1703834492000)/",19750,1300,8582200,169616000000,100,false,0.51
"VIB",142104,"/Date(1703834466000)/",19750,300,8580900,169590000000,100,false,0.51
"VIB",142047,"/Date(1703834453000)/",19700,300,8580600,169584000000,50,true,0.25
"VIB",142018,"/Date(1703834423000)/",19700,6900,8580300,169578000000,50,true,0.25
"VIB",141953,"/Date(1703834396000)/",19700,400,8573400,169442000000,50,true,0.25
"VIB",141920,"/Date(1703834365000)/",19700,100,8573000,169435000000,50,true,0.25
"VIB",141727,"/Date(1703834255000)/",19750,1000,8572900,169433000000,100,false,0.51
"VIB",141705,"/Date(1703834231000)/",19750,9400,8571900,169413000000,100,false,0.51
"VIB",141705,"/Date(1703834231000)/",19750,600,8562500,169227000000,100,false,0.51
"VIB",141658,"/Date(1703834223000)/",19750,500,8561900,169215000000,100,false,0.51
"VIB",141642,"/Date(1703834208000)/",19750,2300,8561400,169205000000,100,false,0.51
"VIB",141639,"/Date(1703834205000)/",19750,2300,8559100,169160000000,100,false,0.51
"VIB",141626,"/Date(1703834191000)/",19750,3600,8556800,169115000000,100,false,0.51
"VIB",141547,"/Date(1703834154000)/",19750,4300,8553200,169044000000,100,false,0.51
"VIB",141442,"/Date(1703834090000)/",19750,1000,8548900,168959000000,100,false,0.51
"VIB",141433,"/Date(1703834082000)/",19750,500,8547900,168939000000,100,false,0.51
"VIB",141433,"/Date(1703834078000)/",19700,2000,8547400,168929000000,50,true,0.25
"VIB",141331,"/Date(1703834019000)/",19750,6000,8545400,168890000000,100,false,0.51
"VIB",141331,"/Date(1703834019000)/",19750,100,8539400,168771000000,100,false,0.51
"VIB",141331,"/Date(1703834019000)/",19750,5000,8539300,168769000000,100,false,0.51
"VIB",141331,"/Date(1703834019000)/",19750,6700,8534300,168670000000,100,false,0.51
"VIB",141144,"/Date(1703833915000)/",19750,100,8527600,168538000000,100,false,0.51
"VIB",141121,"/Date(1703833891000)/",19750,100,8527500,168536000000,100,false,0.51
"VIB",141052,"/Date(1703833863000)/",19750,2000,8527400,168534000000,100,false,0.51
"VIB",141036,"/Date(1703833848000)/",19700,1000,8525400,168495000000,50,true,0.25
"VIB",141023,"/Date(1703833835000)/",19700,3500,8524400,168475000000,50,true,0.25
"VIB",141020,"/Date(1703833830000)/",19700,10000,8520900,168406000000,50,true,0.25
"VIB",140947,"/Date(1703833799000)/",19700,100,8510900,168209000000,50,true,0.25
"VIB",140915,"/Date(1703833768000)/",19700,100,8510800,168207000000,50,true,0.25
"VIB",140908,"/Date(1703833760000)/",19700,100,8510700,168205000000,50,true,0.25
"VIB",140846,"/Date(1703833737000)/",19700,3500,8510600,168203000000,50,true,0.25
"VIB",140820,"/Date(1703833714000)/",19700,100,8507100,168134000000,50,true,0.25
"VIB",140811,"/Date(1703833702000)/",19700,3500,8507000,168132000000,50,true,0.25
"VIB",140657,"/Date(1703833631000)/",19700,6300,8503500,168063000000,50,false,0.25
"VIB",140657,"/Date(1703833631000)/",19700,1200,8497200,167939000000,50,false,0.25
"VIB",140654,"/Date(1703833627000)/",19650,200,8496000,167915000000,0,true,0
"VIB",140654,"/Date(1703833627000)/",19650,100,8495800,167911000000,0,true,0
"VIB",140654,"/Date(1703833627000)/",19650,900,8495700,167910000000,0,true,0
"VIB",140654,"/Date(1703833625000)/",19650,1700,8494800,167892000000,0,true,0
"VIB",140654,"/Date(1703833625000)/",19650,6100,8493100,167858000000,0,true,0
"VIB",140638,"/Date(1703833611000)/",19650,1700,8487000,167739000000,0,true,0
"VIB",140629,"/Date(1703833601000)/",19650,10000,8485300,167705000000,0,true,0
"VIB",140603,"/Date(1703833574000)/",19700,400,8475300,167509000000,50,true,0.25
"VIB",140554,"/Date(1703833567000)/",19700,500,8474900,167501000000,50,true,0.25
"VIB",140541,"/Date(1703833552000)/",19700,100,8474400,167491000000,50,true,0.25
"VIB",140541,"/Date(1703833552000)/",19700,900,8474300,167489000000,50,true,0.25
"VIB",140534,"/Date(1703833548000)/",19700,500,8473400,167471000000,50,true,0.25
"VIB",140534,"/Date(1703833546000)/",19700,500,8472900,167461000000,50,true,0.25
"VIB",140534,"/Date(1703833546000)/",19700,200,8472400,167452000000,50,true,0.25
"VIB",140534,"/Date(1703833546000)/",19700,100,8472200,167448000000,50,true,0.25
"VIB",140534,"/Date(1703833546000)/",19700,1000,8472100,167446000000,50,true,0.25
"VIB",140534,"/Date(1703833546000)/",19700,300,8471100,167426000000,50,true,0.25
"VIB",140534,"/Date(1703833546000)/",19700,1300,8470800,167420000000,50,true,0.25
"VIB",140534,"/Date(1703833546000)/",19700,900,8469500,167394000000,50,true,0.25
"VIB",140534,"/Date(1703833546000)/",19700,700,8468600,167377000000,50,true,0.25
"VIB",140528,"/Date(1703833541000)/",19700,400,8467900,167363000000,50,true,0.25
"VIB",140528,"/Date(1703833541000)/",19700,100,8467500,167355000000,50,true,0.25
"VIB",140528,"/Date(1703833541000)/",19700,2500,8467400,167353000000,50,true,0.25
"VIB",140512,"/Date(1703833524000)/",19700,1000,8464900,167304000000,50,true,0.25
"VIB",140434,"/Date(1703833485000)/",19700,1400,8463900,167284000000,50,true,0.25
"VIB",140418,"/Date(1703833470000)/",19700,1100,8462500,167257000000,50,true,0.25
"VIB",140418,"/Date(1703833469000)/",19700,4500,8461400,167235000000,50,true,0.25
"VIB",140408,"/Date(1703833460000)/",19700,500,8456900,167146000000,50,true,0.25
"VIB",140405,"/Date(1703833457000)/",19700,19000,8456400,167136000000,50,true,0.25
"VIB",140405,"/Date(1703833457000)/",19700,5000,8437400,166762000000,50,true,0.25
"VIB",140405,"/Date(1703833457000)/",19700,500,8432400,166664000000,50,true,0.25
"VIB",140405,"/Date(1703833457000)/",19700,200,8431900,166654000000,50,true,0.25
"VIB",140405,"/Date(1703833457000)/",19700,200,8431700,166650000000,50,true,0.25
"VIB",140405,"/Date(1703833457000)/",19700,100,8431500,166646000000,50,true,0.25
"VIB",140405,"/Date(1703833457000)/",19700,1000,8431400,166644000000,50,true,0.25
"VIB",140405,"/Date(1703833457000)/",19700,900,8430400,166624000000,50,true,0.25
"VIB",140405,"/Date(1703833457000)/",19700,200,8429500,166606000000,50,true,0.25
"VIB",140405,"/Date(1703833457000)/",19700,600,8429300,166602000000,50,true,0.25
"VIB",140405,"/Date(1703833457000)/",19700,500,8428700,166591000000,50,true,0.25
"VIB",140405,"/Date(1703833457000)/",19700,100,8428200,166581000000,50,true,0.25
"VIB",140405,"/Date(1703833457000)/",19700,1700,8428100,166579000000,50,true,0.25
"VIB",140402,"/Date(1703833455000)/",19700,300,8426400,166545000000,50,true,0.25
"VIB",140402,"/Date(1703833455000)/",19700,800,8426100,166539000000,50,true,0.25
"VIB",140402,"/Date(1703833455000)/",19700,500,8425300,166524000000,50,true,0.25
"VIB",140402,"/Date(1703833455000)/",19700,400,8424800,166514000000,50,true,0.25
"VIB",140402,"/Date(1703833455000)/",19700,100,8424400,166506000000,50,true,0.25
"VIB",140402,"/Date(1703833455000)/",19700,400,8424300,166504000000,50,true,0.25
"VIB",140359,"/Date(1703833449000)/",19700,100,8423900,166496000000,50,true,0.25
"VIB",140359,"/Date(1703833449000)/",19700,4900,8423800,166494000000,50,true,0.25
"VIB",140352,"/Date(1703833445000)/",19700,100,8418900,166398000000,50,true,0.25
"VIB",140352,"/Date(1703833445000)/",19700,600,8418800,166396000000,50,true,0.25
"VIB",140343,"/Date(1703833435000)/",19700,1400,8418200,166384000000,50,true,0.25
"VIB",140343,"/Date(1703833435000)/",19700,3000,8416800,166356000000,50,true,0.25
"VIB",140343,"/Date(1703833435000)/",19700,200,8413800,166297000000,50,true,0.25
"VIB",140343,"/Date(1703833435000)/",19700,2000,8413600,166293000000,50,true,0.25
"VIB",140343,"/Date(1703833435000)/",19700,100,8411600,166254000000,50,true,0.25
"VIB",140343,"/Date(1703833435000)/",19700,4300,8411500,166252000000,50,true,0.25
"VIB",140333,"/Date(1703833424000)/",19700,300,8407200,166167000000,50,true,0.25
"VIB",140324,"/Date(1703833417000)/",19700,300,8406900,166161000000,50,true,0.25
"VIB",140223,"/Date(1703833353000)/",19700,300,8406600,166155000000,50,true,0.25
"VIB",140210,"/Date(1703833343000)/",19700,8500,8406300,166149000000,50,true,0.25
"VIB",140210,"/Date(1703833343000)/",19700,17800,8397800,165982000000,50,true,0.25
"VIB",140210,"/Date(1703833343000)/",19700,3700,8380000,165631000000,50,true,0.25
"VIB",140132,"/Date(1703833303000)/",19700,3500,8376300,165558000000,50,true,0.25
"VIB",140123,"/Date(1703833294000)/",19700,9800,8372800,165489000000,50,true,0.25
"VIB",140123,"/Date(1703833294000)/",19700,200,8363000,165296000000,50,true,0.25
"VIB",140025,"/Date(1703833238000)/",19700,800,8362800,165292000000,50,true,0.25
"VIB",135957,"/Date(1703833209000)/",19750,5000,8362000,165277000000,100,false,0.51
"VIB",135957,"/Date(1703833209000)/",19750,100,8357000,165178000000,100,false,0.51
"VIB",135957,"/Date(1703833209000)/",19750,900,8356900,165176000000,100,false,0.51
"VIB",135957,"/Date(1703833209000)/",19750,300,8356000,165158000000,100,false,0.51
"VIB",135957,"/Date(1703833209000)/",19750,5000,8355700,165152000000,100,false,0.51
"VIB",135957,"/Date(1703833209000)/",19750,900,8350700,165053000000,100,false,0.51
"VIB",135957,"/Date(1703833209000)/",19750,200,8349800,165036000000,100,false,0.51
"VIB",135957,"/Date(1703833209000)/",19750,30000,8349600,165032000000,100,false,0.51
"VIB",135957,"/Date(1703833209000)/",19750,200,8319600,164439000000,100,false,0.51
"VIB",135957,"/Date(1703833209000)/",19750,400,8319400,164435000000,100,false,0.51
"VIB",135957,"/Date(1703833209000)/",19750,200,8319000,164427000000,100,false,0.51
"VIB",135957,"/Date(1703833209000)/",19750,2000,8318800,164423000000,100,false,0.51
"VIB",135957,"/Date(1703833209000)/",19750,100,8316800,164384000000,100,false,0.51
"VIB",135957,"/Date(1703833209000)/",19750,5000,8316700,164382000000,100,false,0.51
"VIB",135957,"/Date(1703833209000)/",19750,300,8311700,164283000000,100,false,0.51
"VIB",135957,"/Date(1703833209000)/",19750,4500,8311400,164277000000,100,false,0.51
"VIB",135957,"/Date(1703833209000)/",19750,100,8306900,164188000000,100,false,0.51
"VIB",135957,"/Date(1703833209000)/",19750,2000,8306800,164186000000,100,false,0.51
"VIB",135957,"/Date(1703833209000)/",19750,400,8304800,164147000000,100,false,0.51
"VIB",135957,"/Date(1703833209000)/",19750,3000,8304400,164139000000,100,false,0.51
"VIB",135957,"/Date(1703833209000)/",19750,20500,8301400,164080000000,100,false,0.51
"VIB",135953,"/Date(1703833205000)/",19750,1000,8280900,163675000000,100,true,0.51
"VIB",135953,"/Date(1703833205000)/",19750,900,8279900,163655000000,100,true,0.51
"VIB",135953,"/Date(1703833204000)/",19750,10000,8279000,163637000000,100,true,0.51
"VIB",135950,"/Date(1703833201000)/",19800,1000,8269000,163440000000,150,false,0.76
"VIB",135947,"/Date(1703833198000)/",19750,3000,8268000,163420000000,100,true,0.51
"VIB",135944,"/Date(1703833194000)/",19750,175600,8265000,163361000000,100,true,0.51
"VIB",135944,"/Date(1703833194000)/",19750,24400,8089400,159893000000,100,true,0.51
"VIB",135931,"/Date(1703833181000)/",19750,500,8065000,159411000000,100,true,0.51
"VIB",135928,"/Date(1703833180000)/",19750,15000,8064500,159401000000,100,true,0.51
"VIB",135837,"/Date(1703833130000)/",19750,15000,8049500,159105000000,100,true,0.51
"VIB",135756,"/Date(1703833087000)/",19750,200,8034500,158808000000,100,true,0.51
"VIB",135740,"/Date(1703833070000)/",19750,1000,8034300,158805000000,100,true,0.51
"VIB",135733,"/Date(1703833063000)/",19800,2000,8033300,158785000000,150,false,0.76
"VIB",135720,"/Date(1703833050000)/",19750,400,8031300,158745000000,100,true,0.51
"VIB",135705,"/Date(1703833036000)/",19750,5500,8030900,158737000000,100,true,0.51
"VIB",135705,"/Date(1703833036000)/",19750,17800,8025400,158629000000,100,true,0.51
"VIB",135705,"/Date(1703833036000)/",19750,13700,8007600,158277000000,100,true,0.51
"VIB",135705,"/Date(1703833036000)/",19750,7500,7993900,158007000000,100,true,0.51
"VIB",135705,"/Date(1703833035000)/",19750,18800,7986400,157858000000,100,true,0.51
"VIB",135705,"/Date(1703833035000)/",19750,17000,7967600,157487000000,100,true,0.51
"VIB",135705,"/Date(1703833035000)/",19750,22700,7950600,157151000000,100,true,0.51
"VIB",135705,"/Date(1703833035000)/",19750,2000,7927900,156703000000,100,true,0.51
"VIB",135705,"/Date(1703833035000)/",19750,5000,7925900,156664000000,100,true,0.51
"VIB",135705,"/Date(1703833035000)/",19750,5000,7920900,156565000000,100,true,0.51
"VIB",135705,"/Date(1703833035000)/",19750,400,7915900,156466000000,100,true,0.51
"VIB",135705,"/Date(1703833035000)/",19750,200,7915500,156458000000,100,true,0.51
"VIB",135705,"/Date(1703833035000)/",19750,3000,7915300,156454000000,100,true,0.51
"VIB",135705,"/Date(1703833035000)/",19750,1000,7912300,156395000000,100,true,0.51
"VIB",135705,"/Date(1703833035000)/",19750,1000,7911300,156375000000,100,true,0.51
"VIB",135705,"/Date(1703833035000)/",19750,5000,7910300,156355000000,100,true,0.51
"VIB",135705,"/Date(1703833035000)/",19750,17900,7905300,156257000000,100,true,0.51
"VIB",135633,"/Date(1703833005000)/",19750,2100,7887400,155903000000,100,true,0.51
"VIB",135614,"/Date(1703832985000)/",19800,1000,7885300,155862000000,150,false,0.76
"VIB",135400,"/Date(1703832851000)/",19800,5000,7884300,155842000000,150,true,0.76
"VIB",135400,"/Date(1703832851000)/",19800,500,7879300,155743000000,150,true,0.76
"VIB",135400,"/Date(1703832851000)/",19800,5000,7878800,155733000000,150,true,0.76
"VIB",135400,"/Date(1703832851000)/",19800,200,7873800,155634000000,150,true,0.76
"VIB",135400,"/Date(1703832851000)/",19800,100,7873600,155630000000,150,true,0.76
"VIB",135400,"/Date(1703832851000)/",19800,200,7873500,155628000000,150,true,0.76
"VIB",135400,"/Date(1703832851000)/",19800,200,7873300,155624000000,150,true,0.76
"VIB",135400,"/Date(1703832851000)/",19800,500,7873100,155620000000,150,true,0.76
"VIB",135400,"/Date(1703832851000)/",19800,1000,7872600,155610000000,150,true,0.76
"VIB",135400,"/Date(1703832851000)/",19800,100,7871600,155590000000,150,true,0.76
"VIB",135400,"/Date(1703832851000)/",19800,38100,7871500,155588000000,150,true,0.76
"VIB",135400,"/Date(1703832851000)/",19800,2000,7833400,154834000000,150,true,0.76
"VIB",135400,"/Date(1703832850000)/",19800,3000,7831400,154794000000,150,true,0.76
"VIB",135354,"/Date(1703832845000)/",19800,100,7828400,154735000000,150,true,0.76
"VIB",135354,"/Date(1703832843000)/",19800,4900,7828300,154733000000,150,true,0.76
"VIB",135354,"/Date(1703832843000)/",19800,1000,7823400,154636000000,150,true,0.76
"VIB",135354,"/Date(1703832843000)/",19800,2500,7822400,154616000000,150,true,0.76
"VIB",135354,"/Date(1703832843000)/",19800,1500,7819900,154567000000,150,true,0.76
"VIB",135354,"/Date(1703832843000)/",19800,200,7818400,154537000000,150,true,0.76
"VIB",135354,"/Date(1703832843000)/",19800,5000,7818200,154533000000,150,true,0.76
"VIB",135354,"/Date(1703832843000)/",19800,400,7813200,154434000000,150,true,0.76
"VIB",135354,"/Date(1703832843000)/",19800,300,7812800,154426000000,150,true,0.76
"VIB",135354,"/Date(1703832843000)/",19800,30000,7812500,154420000000,150,true,0.76
"VIB",135354,"/Date(1703832843000)/",19800,54200,7782500,153826000000,150,true,0.76
"VIB",135354,"/Date(1703832843000)/",19800,25000,7728300,152753000000,150,true,0.76
"VIB",135350,"/Date(1703832842000)/",19800,10000,7703300,152258000000,150,true,0.76
"VIB",135347,"/Date(1703832836000)/",19800,100000,7693300,152060000000,150,true,0.76
"VIB",135322,"/Date(1703832811000)/",19800,4200,7593300,150080000000,150,true,0.76
"VIB",135306,"/Date(1703832795000)/",19800,3400,7589100,149997000000,150,true,0.76
"VIB",135253,"/Date(1703832783000)/",19800,1000,7585700,149930000000,150,true,0.76
"VIB",135221,"/Date(1703832753000)/",19800,1000,7584700,149910000000,150,true,0.76
"VIB",135205,"/Date(1703832736000)/",19800,1000,7583700,149890000000,150,true,0.76
"VIB",135202,"/Date(1703832732000)/",19800,7000,7582700,149870000000,150,true,0.76
"VIB",135159,"/Date(1703832730000)/",19800,700,7575700,149732000000,150,true,0.76
"VIB",135156,"/Date(1703832725000)/",19800,3000,7575000,149718000000,150,true,0.76
"VIB",135130,"/Date(1703832701000)/",19800,500,7572000,149658000000,150,true,0.76
"VIB",135130,"/Date(1703832701000)/",19800,100,7571500,149648000000,150,true,0.76
"VIB",135130,"/Date(1703832701000)/",19800,1400,7571400,149646000000,150,true,0.76
"VIB",135121,"/Date(1703832689000)/",19850,1400,7570000,149619000000,200,false,1.02
"VIB",135121,"/Date(1703832689000)/",19850,1000,7568600,149591000000,200,false,1.02
"VIB",135121,"/Date(1703832689000)/",19850,7600,7567600,149571000000,200,false,1.02
"VIB",135102,"/Date(1703832672000)/",19800,600,7560000,149420000000,150,true,0.76
"VIB",135014,"/Date(1703832624000)/",19850,10000,7559400,149408000000,200,false,1.02
"VIB",135001,"/Date(1703832612000)/",19850,100,7549400,149210000000,200,false,1.02
"VIB",135001,"/Date(1703832609000)/",19800,100,7549300,149208000000,150,true,0.76
"VIB",134916,"/Date(1703832566000)/",19850,2000,7549200,149206000000,200,false,1.02
"VIB",134900,"/Date(1703832552000)/",19850,10300,7547200,149166000000,200,false,1.02
"VIB",134900,"/Date(1703832552000)/",19850,400,7536900,148962000000,200,false,1.02
"VIB",134900,"/Date(1703832552000)/",19850,8000,7536500,148954000000,200,false,1.02
"VIB",134900,"/Date(1703832552000)/",19850,1000,7528500,148795000000,200,false,1.02
"VIB",134900,"/Date(1703832552000)/",19850,100,7527500,148775000000,200,false,1.02
"VIB",134900,"/Date(1703832552000)/",19850,10000,7527400,148773000000,200,false,1.02
"VIB",134900,"/Date(1703832552000)/",19850,2000,7517400,148575000000,200,false,1.02
"VIB",134900,"/Date(1703832552000)/",19850,500,7515400,148535000000,200,false,1.02
"VIB",134900,"/Date(1703832552000)/",19850,11000,7514900,148525000000,200,false,1.02
"VIB",134900,"/Date(1703832552000)/",19850,200,7503900,148307000000,200,false,1.02
"VIB",134900,"/Date(1703832552000)/",19850,100,7503700,148303000000,200,false,1.02
"VIB",134900,"/Date(1703832552000)/",19850,100,7503600,148301000000,200,false,1.02
"VIB",134900,"/Date(1703832552000)/",19850,500,7503500,148299000000,200,false,1.02
"VIB",134900,"/Date(1703832552000)/",19850,500,7503000,148289000000,200,false,1.02
"VIB",134900,"/Date(1703832552000)/",19850,3500,7502500,148279000000,200,false,1.02
"VIB",134900,"/Date(1703832552000)/",19850,500,7499000,148209000000,200,false,1.02
"VIB",134900,"/Date(1703832552000)/",19850,100,7498500,148199000000,200,false,1.02
"VIB",134900,"/Date(1703832552000)/",19850,3000,7498400,148198000000,200,false,1.02
"VIB",134900,"/Date(1703832552000)/",19850,4000,7495400,148138000000,200,false,1.02
"VIB",134900,"/Date(1703832552000)/",19850,10000,7491400,148059000000,200,false,1.02
"VIB",134900,"/Date(1703832552000)/",19850,10000,7481400,147860000000,200,false,1.02
"VIB",134900,"/Date(1703832552000)/",19850,1000,7471400,147662000000,200,false,1.02
"VIB",134900,"/Date(1703832552000)/",19850,1000,7470400,147642000000,200,false,1.02
"VIB",134900,"/Date(1703832552000)/",19850,2100,7469400,147622000000,200,false,1.02
"VIB",134851,"/Date(1703832539000)/",19850,2800,7467300,147580000000,200,false,1.02
"VIB",134851,"/Date(1703832539000)/",19850,1000,7464500,147525000000,200,false,1.02
"VIB",134851,"/Date(1703832539000)/",19850,200,7463500,147505000000,200,false,1.02
"VIB",134851,"/Date(1703832539000)/",19850,500,7463300,147501000000,200,false,1.02
"VIB",134851,"/Date(1703832539000)/",19850,100,7462800,147491000000,200,false,1.02
"VIB",134851,"/Date(1703832539000)/",19850,500,7462700,147489000000,200,false,1.02
"VIB",134851,"/Date(1703832539000)/",19850,1000,7462200,147479000000,200,false,1.02
"VIB",134851,"/Date(1703832539000)/",19850,100,7461200,147459000000,200,false,1.02
"VIB",134851,"/Date(1703832539000)/",19850,1000,7461100,147457000000,200,false,1.02
"VIB",134851,"/Date(1703832539000)/",19850,500,7460100,147437000000,200,false,1.02
"VIB",134851,"/Date(1703832539000)/",19850,500,7459600,147427000000,200,false,1.02
"VIB",134851,"/Date(1703832539000)/",19850,1000,7459100,147417000000,200,false,1.02
"VIB",134851,"/Date(1703832539000)/",19850,1000,7458100,147398000000,200,false,1.02
"VIB",134851,"/Date(1703832539000)/",19850,100,7457100,147378000000,200,false,1.02
"VIB",134851,"/Date(1703832539000)/",19850,5000,7457000,147376000000,200,false,1.02
"VIB",134851,"/Date(1703832539000)/",19850,4700,7452000,147276000000,200,false,1.02
"VIB",134828,"/Date(1703832517000)/",19800,500,7447300,147183000000,150,true,0.76
"VIB",134825,"/Date(1703832513000)/",19850,100,7446800,147173000000,200,false,1.02
"VIB",134822,"/Date(1703832512000)/",19850,4700,7446700,147171000000,200,false,1.02
"VIB",134822,"/Date(1703832512000)/",19850,100,7442000,147078000000,200,false,1.02
"VIB",134822,"/Date(1703832512000)/",19850,10000,7441900,147076000000,200,false,1.02
"VIB",134822,"/Date(1703832512000)/",19850,100,7431900,146878000000,200,false,1.02
"VIB",134822,"/Date(1703832512000)/",19850,1000,7431800,146876000000,200,false,1.02
"VIB",134822,"/Date(1703832512000)/",19850,6800,7430800,146856000000,200,false,1.02
"VIB",134822,"/Date(1703832512000)/",19850,100,7424000,146721000000,200,false,1.02
"VIB",134822,"/Date(1703832512000)/",19850,1000,7423900,146719000000,200,false,1.02
"VIB",134822,"/Date(1703832512000)/",19850,500,7422900,146699000000,200,false,1.02
"VIB",134822,"/Date(1703832512000)/",19850,6900,7422400,146689000000,200,false,1.02
"VIB",134822,"/Date(1703832512000)/",19850,100,7415500,146552000000,200,false,1.02
"VIB",134822,"/Date(1703832512000)/",19850,500,7415400,146550000000,200,false,1.02
"VIB",134822,"/Date(1703832512000)/",19850,900,7414900,146540000000,200,false,1.02
"VIB",134822,"/Date(1703832512000)/",19850,100,7414000,146522000000,200,false,1.02
"VIB",134822,"/Date(1703832512000)/",19850,5000,7413900,146520000000,200,false,1.02
"VIB",134822,"/Date(1703832512000)/",19850,1000,7408900,146421000000,200,false,1.02
"VIB",134822,"/Date(1703832512000)/",19850,5600,7407900,146401000000,200,false,1.02
"VIB",134812,"/Date(1703832503000)/",19850,1300,7402300,146290000000,200,false,1.02
"VIB",134812,"/Date(1703832503000)/",19850,1200,7401000,146264000000,200,false,1.02
"VIB",134812,"/Date(1703832503000)/",19850,200,7399800,146240000000,200,false,1.02
"VIB",134812,"/Date(1703832503000)/",19850,10800,7399600,146236000000,200,false,1.02
"VIB",134812,"/Date(1703832503000)/",19850,19200,7388800,146022000000,200,false,1.02
"VIB",134812,"/Date(1703832503000)/",19850,700,7369600,145641000000,200,false,1.02
"VIB",134812,"/Date(1703832503000)/",19850,2000,7368900,145627000000,200,false,1.02
"VIB",134812,"/Date(1703832503000)/",19850,700,7366900,145587000000,200,false,1.02
"VIB",134812,"/Date(1703832503000)/",19850,500,7366200,145573000000,200,false,1.02
"VIB",134812,"/Date(1703832503000)/",19850,100,7365700,145563000000,200,false,1.02
"VIB",134812,"/Date(1703832503000)/",19850,500,7365600,145561000000,200,false,1.02
"VIB",134812,"/Date(1703832503000)/",19850,1000,7365100,145552000000,200,false,1.02
"VIB",134812,"/Date(1703832503000)/",19850,1000,7364100,145532000000,200,false,1.02
"VIB",134812,"/Date(1703832503000)/",19850,100,7363100,145512000000,200,false,1.02
"VIB",134812,"/Date(1703832503000)/",19850,500,7363000,145510000000,200,false,1.02
"VIB",134812,"/Date(1703832503000)/",19850,500,7362500,145500000000,200,false,1.02
"VIB",134812,"/Date(1703832503000)/",19850,300,7362000,145490000000,200,false,1.02
"VIB",134812,"/Date(1703832503000)/",19850,10000,7361700,145484000000,200,false,1.02
"VIB",134812,"/Date(1703832503000)/",19850,100,7351700,145286000000,200,false,1.02
"VIB",134812,"/Date(1703832503000)/",19850,1000,7351600,145284000000,200,false,1.02
"VIB",134812,"/Date(1703832503000)/",19850,5100,7350600,145264000000,200,false,1.02
"VIB",134812,"/Date(1703832502000)/",19800,500,7345500,145162000000,150,true,0.76
"VIB",134731,"/Date(1703832460000)/",19800,500,7345000,145153000000,150,true,0.76
"VIB",134643,"/Date(1703832414000)/",19850,200,7344500,145143000000,200,false,1.02
"VIB",134545,"/Date(1703832355000)/",19850,3000,7344300,145139000000,200,false,1.02
"VIB",134513,"/Date(1703832323000)/",19800,30000,7341300,145079000000,150,true,0.76
"VIB",134504,"/Date(1703832313000)/",19800,300,7311300,144485000000,150,true,0.76
"VIB",134309,"/Date(1703832199000)/",19800,100,7311000,144479000000,150,true,0.76
"VIB",134240,"/Date(1703832171000)/",19800,500,7310900,144477000000,150,true,0.76
"VIB",134240,"/Date(1703832169000)/",19800,7000,7310400,144467000000,150,true,0.76
"VIB",134221,"/Date(1703832151000)/",19800,300,7303400,144329000000,150,true,0.76
"VIB",134215,"/Date(1703832146000)/",19800,4000,7303100,144323000000,150,true,0.76
"VIB",134215,"/Date(1703832143000)/",19850,1000,7299100,144244000000,200,false,1.02
"VIB",134205,"/Date(1703832135000)/",19800,5000,7298100,144224000000,150,true,0.76
"VIB",134101,"/Date(1703832071000)/",19800,300,7293100,144125000000,150,true,0.76
"VIB",134014,"/Date(1703832023000)/",19800,2800,7292800,144119000000,150,true,0.76
"VIB",134014,"/Date(1703832023000)/",19800,1000,7290000,144063000000,150,true,0.76
"VIB",134014,"/Date(1703832023000)/",19800,700,7289000,144044000000,150,true,0.76
"VIB",134014,"/Date(1703832023000)/",19800,6400,7288300,144030000000,150,true,0.76
"VIB",134014,"/Date(1703832022000)/",19800,1000,7281900,143903000000,150,true,0.76
"VIB",134001,"/Date(1703832009000)/",19800,600,7280900,143883000000,150,false,0.76
"VIB",134001,"/Date(1703832009000)/",19800,100,7280300,143871000000,150,false,0.76
"VIB",134001,"/Date(1703832009000)/",19800,100,7280200,143869000000,150,false,0.76
"VIB",134001,"/Date(1703832009000)/",19800,400,7280100,143867000000,150,false,0.76
"VIB",134001,"/Date(1703832009000)/",19800,100,7279700,143859000000,150,false,0.76
"VIB",134001,"/Date(1703832009000)/",19800,1000,7279600,143857000000,150,false,0.76
"VIB",134001,"/Date(1703832009000)/",19800,7000,7278600,143838000000,150,false,0.76
"VIB",134001,"/Date(1703832009000)/",19800,100,7271600,143699000000,150,false,0.76
"VIB",134001,"/Date(1703832009000)/",19800,1600,7271500,143697000000,150,false,0.76
"VIB",134001,"/Date(1703832009000)/",19800,200,7269900,143665000000,150,false,0.76
"VIB",134001,"/Date(1703832009000)/",19800,100,7269700,143661000000,150,false,0.76
"VIB",134001,"/Date(1703832009000)/",19800,1000,7269600,143659000000,150,false,0.76
"VIB",134001,"/Date(1703832009000)/",19800,4700,7268600,143640000000,150,false,0.76
"VIB",133935,"/Date(1703831986000)/",19800,1300,7263900,143547000000,150,false,0.76
"VIB",133935,"/Date(1703831986000)/",19800,100,7262600,143521000000,150,false,0.76
"VIB",133935,"/Date(1703831986000)/",19800,500,7262500,143519000000,150,false,0.76
"VIB",133935,"/Date(1703831986000)/",19800,200,7262000,143509000000,150,false,0.76
"VIB",133935,"/Date(1703831986000)/",19800,5000,7261800,143505000000,150,false,0.76
"VIB",133935,"/Date(1703831986000)/",19800,1000,7256800,143406000000,150,false,0.76
"VIB",133935,"/Date(1703831986000)/",19800,200,7255800,143386000000,150,false,0.76
"VIB",133935,"/Date(1703831986000)/",19800,100,7255600,143382000000,150,false,0.76
"VIB",133935,"/Date(1703831986000)/",19800,1000,7255500,143380000000,150,false,0.76
"VIB",133935,"/Date(1703831986000)/",19800,2000,7254500,143360000000,150,false,0.76
"VIB",133935,"/Date(1703831986000)/",19800,1000,7252500,143321000000,150,false,0.76
"VIB",133935,"/Date(1703831986000)/",19800,10300,7251500,143301000000,150,false,0.76
"VIB",133935,"/Date(1703831986000)/",19800,26300,7241200,143097000000,150,false,0.76
"VIB",133932,"/Date(1703831983000)/",19800,13700,7214900,142576000000,150,false,0.76
"VIB",133923,"/Date(1703831974000)/",19800,17800,7201200,142305000000,150,false,0.76
"VIB",133819,"/Date(1703831908000)/",19750,2200,7183400,141953000000,100,true,0.51
"VIB",133800,"/Date(1703831890000)/",19750,200,7181200,141909000000,100,true,0.51
"VIB",133744,"/Date(1703831874000)/",19750,800,7181000,141905000000,100,true,0.51
"VIB",133721,"/Date(1703831851000)/",19750,100,7180200,141889000000,100,true,0.51
"VIB",133721,"/Date(1703831851000)/",19750,200,7180100,141888000000,100,true,0.51
"VIB",133624,"/Date(1703831794000)/",19750,5000,7179900,141884000000,100,true,0.51
"VIB",133546,"/Date(1703831755000)/",19800,400,7174900,141785000000,150,false,0.76
"VIB",133458,"/Date(1703831706000)/",19800,2000,7174500,141777000000,150,false,0.76
"VIB",133432,"/Date(1703831683000)/",19800,2000,7172500,141737000000,150,false,0.76
"VIB",133332,"/Date(1703831621000)/",19800,500,7170500,141698000000,150,false,0.76
"VIB",133322,"/Date(1703831610000)/",19800,4000,7170000,141688000000,150,false,0.76
"VIB",133225,"/Date(1703831556000)/",19750,5000,7166000,141609000000,100,true,0.51
"VIB",133218,"/Date(1703831549000)/",19750,1000,7161000,141510000000,100,true,0.51
"VIB",133206,"/Date(1703831535000)/",19750,14000,7160000,141490000000,100,true,0.51
"VIB",133150,"/Date(1703831519000)/",19800,1000,7146000,141214000000,150,false,0.76
"VIB",133146,"/Date(1703831515000)/",19800,3800,7145000,141194000000,150,false,0.76
"VIB",133146,"/Date(1703831515000)/",19800,4600,7141200,141119000000,150,false,0.76
"VIB",133146,"/Date(1703831515000)/",19800,800,7136600,141027000000,150,false,0.76
"VIB",133146,"/Date(1703831515000)/",19800,2300,7135800,141012000000,150,false,0.76
"VIB",133146,"/Date(1703831515000)/",19800,16000,7133500,140966000000,150,false,0.76
"VIB",133146,"/Date(1703831515000)/",19800,100,7117500,140649000000,150,false,0.76
"VIB",133146,"/Date(1703831515000)/",19800,100,7117400,140647000000,150,false,0.76
"VIB",133146,"/Date(1703831515000)/",19800,100,7117300,140645000000,150,false,0.76
"VIB",133146,"/Date(1703831515000)/",19800,3000,7117200,140643000000,150,false,0.76
"VIB",133146,"/Date(1703831515000)/",19800,2000,7114200,140584000000,150,false,0.76
"VIB",133146,"/Date(1703831515000)/",19800,1500,7112200,140544000000,150,false,0.76
"VIB",133146,"/Date(1703831515000)/",19800,50000,7110700,140515000000,150,false,0.76
"VIB",133146,"/Date(1703831515000)/",19800,2000,7060700,139525000000,150,false,0.76
"VIB",133146,"/Date(1703831515000)/",19800,2000,7058700,139485000000,150,false,0.76
"VIB",133146,"/Date(1703831515000)/",19800,10000,7056700,139445000000,150,false,0.76
"VIB",133146,"/Date(1703831515000)/",19800,200,7046700,139247000000,150,false,0.76
"VIB",133146,"/Date(1703831515000)/",19800,22500,7046500,139243000000,150,false,0.76
"VIB",133146,"/Date(1703831515000)/",19800,1000,7024000,138798000000,150,false,0.76
"VIB",133146,"/Date(1703831515000)/",19800,13000,7023000,138778000000,150,false,0.76
"VIB",133146,"/Date(1703831515000)/",19800,400,7010000,138521000000,150,false,0.76
"VIB",133146,"/Date(1703831515000)/",19800,400,7009600,138513000000,150,false,0.76
"VIB",133146,"/Date(1703831515000)/",19800,3000,7009200,138505000000,150,false,0.76
"VIB",133146,"/Date(1703831515000)/",19800,1200,7006200,138446000000,150,false,0.76
"VIB",133146,"/Date(1703831515000)/",19800,1000,7005000,138422000000,150,false,0.76
"VIB",133146,"/Date(1703831515000)/",19800,5000,7004000,138402000000,150,false,0.76
"VIB",133146,"/Date(1703831515000)/",19800,47600,6999000,138303000000,150,false,0.76
"VIB",133146,"/Date(1703831514000)/",19800,3100,6951400,137361000000,150,false,0.76
"VIB",133130,"/Date(1703831501000)/",19800,100,6948300,137299000000,150,true,0.76
"VIB",133118,"/Date(1703831487000)/",19800,5000,6948200,137297000000,150,true,0.76
"VIB",133114,"/Date(1703831485000)/",19800,3300,6943200,137198000000,150,true,0.76
"VIB",133114,"/Date(1703831484000)/",19800,3800,6939900,137133000000,150,true,0.76
"VIB",133114,"/Date(1703831482000)/",19800,100,6936100,137058000000,150,true,0.76
"VIB",133111,"/Date(1703831478000)/",19800,400,6936000,137056000000,150,true,0.76
"VIB",133111,"/Date(1703831477000)/",19850,700,6935600,137048000000,200,false,1.02
"VIB",133111,"/Date(1703831477000)/",19850,100,6934900,137034000000,200,false,1.02
"VIB",133111,"/Date(1703831477000)/",19850,200,6934800,137032000000,200,false,1.02
"VIB",133111,"/Date(1703831477000)/",19850,200,6934600,137028000000,200,false,1.02
"VIB",133111,"/Date(1703831477000)/",19850,4800,6934400,137024000000,200,false,1.02
"VIB",133105,"/Date(1703831474000)/",19800,3000,6929600,136929000000,150,true,0.76
"VIB",133055,"/Date(1703831466000)/",19850,100,6926600,136869000000,200,false,1.02
"VIB",133052,"/Date(1703831460000)/",19850,100,6926500,136867000000,200,false,1.02
"VIB",133036,"/Date(1703831445000)/",19800,900,6926400,136865000000,150,true,0.76
"VIB",133023,"/Date(1703831433000)/",19800,6900,6925500,136847000000,150,true,0.76
"VIB",133011,"/Date(1703831420000)/",19800,1000,6918600,136711000000,150,true,0.76
"VIB",133001,"/Date(1703831412000)/",19800,13200,6917600,136691000000,150,true,0.76
"VIB",133001,"/Date(1703831409000)/",19800,6900,6904400,136430000000,150,true,0.76
"VIB",132945,"/Date(1703831394000)/",19850,200,6897500,136293000000,200,false,1.02
"VIB",132939,"/Date(1703831389000)/",19800,4700,6897300,136289000000,150,true,0.76
"VIB",132939,"/Date(1703831389000)/",19800,2200,6892600,136196000000,150,true,0.76
"VIB",132923,"/Date(1703831372000)/",19800,1700,6890400,136152000000,150,true,0.76
"VIB",132923,"/Date(1703831372000)/",19800,5200,6888700,136119000000,150,true,0.76
"VIB",132844,"/Date(1703831333000)/",19850,200,6883500,136016000000,200,false,1.02
"VIB",132838,"/Date(1703831329000)/",19800,6900,6883300,136012000000,150,true,0.76
"VIB",132741,"/Date(1703831271000)/",19850,200,6876400,135875000000,200,false,1.02
"VIB",132728,"/Date(1703831256000)/",19850,1100,6876200,135871000000,200,false,1.02
"VIB",132725,"/Date(1703831254000)/",19800,500,6875100,135849000000,150,true,0.76
"VIB",132709,"/Date(1703831238000)/",19800,5000,6874600,135839000000,150,true,0.76
"VIB",132640,"/Date(1703831209000)/",19850,200,6869600,135740000000,200,false,1.02
"VIB",132631,"/Date(1703831198000)/",19800,45000,6869400,135737000000,150,true,0.76
"VIB",132624,"/Date(1703831192000)/",19800,6900,6824400,134846000000,150,true,0.76
"VIB",132536,"/Date(1703831147000)/",19850,100,6817500,134709000000,200,false,1.02
"VIB",132536,"/Date(1703831147000)/",19850,100,6817400,134707000000,200,false,1.02
"VIB",132533,"/Date(1703831144000)/",19850,100,6817300,134705000000,200,false,1.02
"VIB",132530,"/Date(1703831139000)/",19850,100,6817200,134703000000,200,false,1.02
"VIB",132508,"/Date(1703831118000)/",19850,1000,6817100,134701000000,200,false,1.02
"VIB",132436,"/Date(1703831086000)/",19850,200,6816100,134681000000,200,false,1.02
"VIB",132420,"/Date(1703831070000)/",19800,100,6815900,134677000000,150,true,0.76
"VIB",132404,"/Date(1703831052000)/",19800,4000,6815800,134675000000,150,true,0.76
"VIB",132354,"/Date(1703831043000)/",19850,2000,6811800,134596000000,200,false,1.02
"VIB",132351,"/Date(1703831040000)/",19800,100000,6809800,134556000000,150,true,0.76
"VIB",132341,"/Date(1703831032000)/",19800,30000,6709800,132576000000,150,true,0.76
"VIB",132338,"/Date(1703831026000)/",19850,200,6679800,131982000000,200,false,1.02
"VIB",132335,"/Date(1703831024000)/",19800,500,6679600,131978000000,150,true,0.76
"VIB",132322,"/Date(1703831013000)/",19800,6900,6679100,131968000000,150,true,0.76
"VIB",132310,"/Date(1703830997000)/",19850,4000,6672200,131832000000,200,true,1.02
"VIB",132310,"/Date(1703830997000)/",19850,200,6668200,131752000000,200,true,1.02
"VIB",132310,"/Date(1703830997000)/",19850,2100,6668000,131748000000,200,true,1.02
"VIB",132257,"/Date(1703830987000)/",19850,6900,6665900,131707000000,200,true,1.02
"VIB",132244,"/Date(1703830974000)/",19850,200,6659000,131570000000,200,true,1.02
"VIB",132241,"/Date(1703830970000)/",19850,500,6658800,131566000000,200,true,1.02
"VIB",132241,"/Date(1703830970000)/",19850,20000,6658300,131556000000,200,true,1.02
"VIB",132234,"/Date(1703830962000)/",19900,200,6638300,131159000000,250,false,1.27
"VIB",132231,"/Date(1703830962000)/",19850,2000,6638100,131155000000,200,true,1.02
"VIB",132228,"/Date(1703830959000)/",19850,1000,6636100,131115000000,200,true,1.02
"VIB",132228,"/Date(1703830957000)/",19850,1000,6635100,131095000000,200,true,1.02
"VIB",132225,"/Date(1703830955000)/",19850,1000,6634100,131075000000,200,true,1.02
"VIB",132225,"/Date(1703830953000)/",19850,500,6633100,131056000000,200,true,1.02
"VIB",132222,"/Date(1703830951000)/",19850,10000,6632600,131046000000,200,true,1.02
"VIB",132222,"/Date(1703830951000)/",19850,100,6622600,130847000000,200,true,1.02
"VIB",132218,"/Date(1703830947000)/",19850,6900,6622500,130845000000,200,true,1.02
"VIB",132218,"/Date(1703830947000)/",19850,5000,6615600,130708000000,200,true,1.02
"VIB",132206,"/Date(1703830934000)/",19850,6900,6610600,130609000000,200,true,1.02
"VIB",132203,"/Date(1703830931000)/",19850,4000,6603700,130472000000,200,true,1.02
"VIB",132153,"/Date(1703830922000)/",19850,20000,6599700,130393000000,200,true,1.02
"VIB",132153,"/Date(1703830921000)/",19850,1000,6579700,129996000000,200,true,1.02
"VIB",132150,"/Date(1703830919000)/",19850,6900,6578700,129976000000,200,true,1.02
"VIB",132147,"/Date(1703830915000)/",19850,2000,6571800,129839000000,200,true,1.02
"VIB",132143,"/Date(1703830913000)/",19850,500,6569800,129799000000,200,true,1.02
"VIB",132143,"/Date(1703830912000)/",19850,500,6569300,129789000000,200,true,1.02
"VIB",132134,"/Date(1703830901000)/",19900,200,6568800,129779000000,250,false,1.27
"VIB",132127,"/Date(1703830898000)/",19850,4000,6568600,129775000000,200,true,1.02
"VIB",132127,"/Date(1703830895000)/",19850,500,6564600,129696000000,200,true,1.02
"VIB",132121,"/Date(1703830890000)/",19850,100,6564100,129686000000,200,true,1.02
"VIB",132121,"/Date(1703830889000)/",19850,2000,6564000,129684000000,200,true,1.02
"VIB",132115,"/Date(1703830885000)/",19850,1000,6562000,129644000000,200,true,1.02
"VIB",132108,"/Date(1703830879000)/",19850,5000,6561000,129624000000,200,true,1.02
"VIB",132102,"/Date(1703830871000)/",19850,6900,6556000,129525000000,200,true,1.02
"VIB",132059,"/Date(1703830868000)/",19850,200,6549100,129388000000,200,true,1.02
"VIB",132049,"/Date(1703830858000)/",19850,500,6548900,129384000000,200,true,1.02
"VIB",132046,"/Date(1703830854000)/",19850,6900,6548400,129374000000,200,true,1.02
"VIB",132033,"/Date(1703830842000)/",19850,15000,6541500,129237000000,200,true,1.02
"VIB",132033,"/Date(1703830842000)/",19850,100,6526500,128940000000,200,true,1.02
"VIB",132033,"/Date(1703830841000)/",19850,1000,6526400,128938000000,200,true,1.02
"VIB",132014,"/Date(1703830822000)/",19850,5000,6525400,128918000000,200,true,1.02
"VIB",132011,"/Date(1703830821000)/",19850,500,6520400,128819000000,200,true,1.02
"VIB",132011,"/Date(1703830820000)/",19850,100,6519900,128809000000,200,true,1.02
"VIB",131955,"/Date(1703830804000)/",19850,50000,6519800,128807000000,200,true,1.02
"VIB",131952,"/Date(1703830800000)/",19850,1000,6469800,127814000000,200,true,1.02
"VIB",131948,"/Date(1703830798000)/",19850,1200,6468800,127794000000,200,false,1.02
"VIB",131945,"/Date(1703830794000)/",19850,1000,6467600,127770000000,200,true,1.02
"VIB",131945,"/Date(1703830794000)/",19850,100,6466600,127751000000,200,true,1.02
"VIB",131945,"/Date(1703830794000)/",19850,700,6466500,127749000000,200,true,1.02
"VIB",131942,"/Date(1703830792000)/",19850,500,6465800,127735000000,200,true,1.02
"VIB",131939,"/Date(1703830790000)/",19850,1000,6465300,127725000000,200,true,1.02
"VIB",131939,"/Date(1703830790000)/",19850,19000,6464300,127705000000,200,true,1.02
"VIB",131939,"/Date(1703830787000)/",19850,5000,6445300,127328000000,200,true,1.02
"VIB",131933,"/Date(1703830782000)/",19850,4000,6440300,127229000000,200,true,1.02
"VIB",131929,"/Date(1703830779000)/",19850,2000,6436300,127149000000,200,true,1.02
"VIB",131929,"/Date(1703830777000)/",19900,200,6434300,127109000000,250,false,1.27
"VIB",131926,"/Date(1703830775000)/",19850,500,6434100,127105000000,200,true,1.02
"VIB",131923,"/Date(1703830773000)/",19850,15000,6433600,127096000000,200,true,1.02
"VIB",131920,"/Date(1703830769000)/",19850,4500,6418600,126798000000,200,true,1.02
"VIB",131920,"/Date(1703830769000)/",19850,500,6414100,126708000000,200,true,1.02
"VIB",131917,"/Date(1703830766000)/",19850,500,6413600,126699000000,200,true,1.02
"VIB",131913,"/Date(1703830761000)/",19850,600,6413100,126689000000,200,true,1.02
"VIB",131913,"/Date(1703830761000)/",19850,2300,6412500,126677000000,200,true,1.02
"VIB",131913,"/Date(1703830761000)/",19850,2000,6410200,126631000000,200,true,1.02
"VIB",131913,"/Date(1703830761000)/",19850,100,6408200,126591000000,200,true,1.02
"VIB",131910,"/Date(1703830760000)/",19850,2900,6408100,126589000000,200,true,1.02
"VIB",131910,"/Date(1703830760000)/",19850,3100,6405200,126532000000,200,true,1.02
"VIB",131907,"/Date(1703830757000)/",19850,100,6402100,126470000000,200,true,1.02
"VIB",131907,"/Date(1703830755000)/",19850,1400,6402000,126468000000,200,true,1.02
"VIB",131907,"/Date(1703830755000)/",19850,1000,6400600,126440000000,200,true,1.02
"VIB",131907,"/Date(1703830755000)/",19850,1000,6399600,126421000000,200,true,1.02
"VIB",131907,"/Date(1703830755000)/",19850,3600,6398600,126401000000,200,true,1.02
"VIB",131907,"/Date(1703830755000)/",19850,2300,6395000,126329000000,200,true,1.02
"VIB",131907,"/Date(1703830755000)/",19850,2000,6392700,126284000000,200,true,1.02
"VIB",131907,"/Date(1703830755000)/",19850,8700,6390700,126244000000,200,true,1.02
"VIB",131848,"/Date(1703830739000)/",19850,1000,6382000,126071000000,200,true,1.02
"VIB",131826,"/Date(1703830715000)/",19900,200,6381000,126051000000,250,false,1.27
"VIB",131826,"/Date(1703830714000)/",19850,1000,6380800,126047000000,200,true,1.02
"VIB",131813,"/Date(1703830703000)/",19850,5000,6379800,126028000000,200,true,1.02
"VIB",131757,"/Date(1703830687000)/",19850,5000,6374800,125928000000,200,true,1.02
"VIB",131725,"/Date(1703830655000)/",19900,200,6369800,125829000000,250,false,1.27
"VIB",131627,"/Date(1703830596000)/",19900,200,6369600,125825000000,250,false,1.27
"VIB",131621,"/Date(1703830591000)/",19850,100,6369400,125821000000,200,true,1.02
"VIB",131533,"/Date(1703830542000)/",19850,1000,6369300,125819000000,200,true,1.02
"VIB",131520,"/Date(1703830530000)/",19900,200,6368300,125799000000,250,false,1.27
"VIB",131511,"/Date(1703830519000)/",19850,1000,6368100,125795000000,200,true,1.02
"VIB",131452,"/Date(1703830500000)/",19850,100,6367100,125775000000,200,true,1.02
"VIB",131448,"/Date(1703830498000)/",19850,50000,6367000,125773000000,200,true,1.02
"VIB",131448,"/Date(1703830496000)/",19900,37000,6317000,124781000000,250,false,1.27
"VIB",131448,"/Date(1703830496000)/",19900,13000,6280000,124045000000,250,false,1.27
"VIB",131429,"/Date(1703830478000)/",19900,200,6267000,123786000000,250,false,1.27
"VIB",131423,"/Date(1703830472000)/",19850,200,6266800,123782000000,200,true,1.02
"VIB",131416,"/Date(1703830466000)/",19850,1000,6266600,123778000000,200,true,1.02
"VIB",131413,"/Date(1703830462000)/",19850,100,6265600,123758000000,200,true,1.02
"VIB",131332,"/Date(1703830422000)/",19850,4000,6265500,123756000000,200,true,1.02
"VIB",131332,"/Date(1703830422000)/",19850,500,6261500,123677000000,200,true,1.02
"VIB",131322,"/Date(1703830411000)/",19900,2000,6261000,123667000000,250,false,1.27
"VIB",131319,"/Date(1703830407000)/",19900,200,6259000,123627000000,250,false,1.27
"VIB",131313,"/Date(1703830403000)/",19850,500,6258800,123623000000,200,true,1.02
"VIB",131254,"/Date(1703830382000)/",19900,1700,6258300,123613000000,250,false,1.27
"VIB",131247,"/Date(1703830377000)/",19900,400,6256600,123579000000,250,false,1.27
"VIB",131238,"/Date(1703830366000)/",19900,100,6256200,123571000000,250,false,1.27
"VIB",131219,"/Date(1703830346000)/",19900,200,6256100,123569000000,250,false,1.27
"VIB",131131,"/Date(1703830300000)/",19900,1000,6255900,123565000000,250,false,1.27
"VIB",131115,"/Date(1703830283000)/",19900,200,6254900,123545000000,250,false,1.27
"VIB",131115,"/Date(1703830278000)/",19850,500,6254700,123542000000,200,true,1.02
"VIB",131021,"/Date(1703830230000)/",19850,2000,6254200,123532000000,200,true,1.02
"VIB",131014,"/Date(1703830223000)/",19900,200,6252200,123492000000,250,false,1.27
"VIB",130952,"/Date(1703830200000)/",19850,2000,6252000,123488000000,200,true,1.02
"VIB",130936,"/Date(1703830185000)/",19850,500,6250000,123448000000,200,true,1.02
"VIB",130914,"/Date(1703830162000)/",19900,200,6249500,123438000000,250,false,1.27
"VIB",130908,"/Date(1703830157000)/",19850,100,6249300,123434000000,200,true,1.02
"VIB",130852,"/Date(1703830139000)/",19850,10000,6249200,123432000000,200,true,1.02
"VIB",130836,"/Date(1703830125000)/",19850,500,6239200,123234000000,200,true,1.02
"VIB",130836,"/Date(1703830125000)/",19850,300,6238700,123224000000,200,true,1.02
"VIB",130836,"/Date(1703830125000)/",19850,100,6238400,123218000000,200,true,1.02
"VIB",130836,"/Date(1703830125000)/",19850,4800,6238300,123216000000,200,true,1.02
"VIB",130813,"/Date(1703830102000)/",19850,100,6233500,123121000000,200,false,1.02
"VIB",130810,"/Date(1703830099000)/",19850,100,6233400,123119000000,200,false,1.02
"VIB",130810,"/Date(1703830099000)/",19850,100,6233300,123117000000,200,false,1.02
"VIB",130745,"/Date(1703830072000)/",19850,100,6233200,123115000000,200,false,1.02
"VIB",130741,"/Date(1703830071000)/",19850,100,6233100,123113000000,200,false,1.02
"VIB",130741,"/Date(1703830071000)/",19850,700,6233000,123111000000,200,false,1.02
"VIB",130735,"/Date(1703830064000)/",19850,300,6232300,123097000000,200,true,1.02
"VIB",130735,"/Date(1703830064000)/",19850,9700,6232000,123091000000,200,true,1.02
"VIB",130725,"/Date(1703830055000)/",19900,200,6222300,122898000000,250,false,1.27
"VIB",130709,"/Date(1703830039000)/",19900,400,6222100,122894000000,250,false,1.27
"VIB",130709,"/Date(1703830039000)/",19900,200,6221700,122886000000,250,false,1.27
"VIB",130706,"/Date(1703830036000)/",19850,2000,6221500,122882000000,200,true,1.02
"VIB",130653,"/Date(1703830022000)/",19850,100,6219500,122843000000,200,true,1.02
"VIB",130653,"/Date(1703830021000)/",19850,5600,6219400,122841000000,200,true,1.02
"VIB",130622,"/Date(1703829989000)/",19850,1000,6213800,122730000000,200,false,1.02
"VIB",130622,"/Date(1703829989000)/",19850,500,6212800,122710000000,200,false,1.02
"VIB",130622,"/Date(1703829989000)/",19850,5500,6212300,122700000000,200,false,1.02
"VIB",130622,"/Date(1703829989000)/",19850,1000,6206800,122591000000,200,false,1.02
"VIB",130622,"/Date(1703829989000)/",19850,3000,6205800,122571000000,200,false,1.02
"VIB",130622,"/Date(1703829989000)/",19850,500,6202800,122511000000,200,false,1.02
"VIB",130622,"/Date(1703829989000)/",19850,2000,6202300,122501000000,200,false,1.02
"VIB",130622,"/Date(1703829989000)/",19850,1000,6200300,122462000000,200,false,1.02
"VIB",130622,"/Date(1703829989000)/",19850,1800,6199300,122442000000,200,false,1.02
"VIB",130622,"/Date(1703829989000)/",19850,100,6197500,122406000000,200,false,1.02
"VIB",130622,"/Date(1703829989000)/",19850,1000,6197400,122404000000,200,false,1.02
"VIB",130622,"/Date(1703829989000)/",19850,5000,6196400,122384000000,200,false,1.02
"VIB",130622,"/Date(1703829989000)/",19850,100,6191400,122285000000,200,false,1.02
"VIB",130622,"/Date(1703829989000)/",19850,1000,6191300,122283000000,200,false,1.02
"VIB",130622,"/Date(1703829989000)/",19850,2000,6190300,122263000000,200,false,1.02
"VIB",130622,"/Date(1703829989000)/",19850,5000,6188300,122223000000,200,false,1.02
"VIB",130622,"/Date(1703829989000)/",19850,500,6183300,122124000000,200,false,1.02
"VIB",130622,"/Date(1703829989000)/",19850,1600,6182800,122114000000,200,false,1.02
"VIB",130606,"/Date(1703829976000)/",19850,200,6181200,122082000000,200,false,1.02
"VIB",130556,"/Date(1703829965000)/",19850,1000,6181000,122079000000,200,false,1.02
"VIB",130553,"/Date(1703829961000)/",19850,100,6180000,122059000000,200,false,1.02
"VIB",130553,"/Date(1703829961000)/",19850,100,6179900,122057000000,200,false,1.02
"VIB",130547,"/Date(1703829955000)/",19800,100,6179800,122055000000,150,true,0.76
"VIB",130537,"/Date(1703829946000)/",19800,800,6179700,122053000000,150,true,0.76
"VIB",130531,"/Date(1703829941000)/",19800,500,6178900,122037000000,150,true,0.76
"VIB",130505,"/Date(1703829913000)/",19850,200,6178400,122027000000,200,false,1.02
"VIB",130446,"/Date(1703829894000)/",19850,1700,6178200,122023000000,200,false,1.02
"VIB",130446,"/Date(1703829894000)/",19850,100,6176500,121989000000,200,false,1.02
"VIB",130446,"/Date(1703829894000)/",19850,200,6176400,121987000000,200,false,1.02
"VIB",130408,"/Date(1703829858000)/",19850,200,6176200,121983000000,200,false,1.02
"VIB",130401,"/Date(1703829851000)/",19850,200,6176000,121979000000,200,false,1.02
"VIB",130333,"/Date(1703829821000)/",19850,400,6175800,121975000000,200,true,1.02
"VIB",130329,"/Date(1703829818000)/",19850,4600,6175400,121967000000,200,true,1.02
"VIB",130329,"/Date(1703829818000)/",19850,200,6170800,121876000000,200,true,1.02
"VIB",130329,"/Date(1703829818000)/",19850,3200,6170600,121872000000,200,true,1.02
"VIB",130320,"/Date(1703829808000)/",19850,10000,6167400,121809000000,200,true,1.02
"VIB",130310,"/Date(1703829798000)/",19850,100,6157400,121610000000,200,true,1.02
"VIB",130248,"/Date(1703829777000)/",19850,5000,6157300,121608000000,200,true,1.02
"VIB",130245,"/Date(1703829773000)/",19850,8000,6152300,121509000000,200,false,1.02
"VIB",130245,"/Date(1703829772000)/",19850,5000,6144300,121350000000,200,false,1.02
"VIB",130245,"/Date(1703829772000)/",19850,5000,6139300,121251000000,200,false,1.02
"VIB",130245,"/Date(1703829772000)/",19850,200,6134300,121152000000,200,false,1.02
"VIB",130245,"/Date(1703829772000)/",19850,1000,6134100,121148000000,200,false,1.02
"VIB",130245,"/Date(1703829772000)/",19850,6000,6133100,121128000000,200,false,1.02
"VIB",130245,"/Date(1703829772000)/",19850,100,6127100,121009000000,200,false,1.02
"VIB",130245,"/Date(1703829772000)/",19850,200,6127000,121007000000,200,false,1.02
"VIB",130245,"/Date(1703829772000)/",19850,3000,6126800,121003000000,200,false,1.02
"VIB",130245,"/Date(1703829772000)/",19850,200,6123800,120943000000,200,false,1.02
"VIB",130245,"/Date(1703829772000)/",19850,500,6123600,120939000000,200,false,1.02
"VIB",130245,"/Date(1703829772000)/",19850,100,6123100,120929000000,200,false,1.02
"VIB",130245,"/Date(1703829772000)/",19850,500,6123000,120927000000,200,false,1.02
"VIB",130245,"/Date(1703829772000)/",19850,1000,6122500,120917000000,200,false,1.02
"VIB",130245,"/Date(1703829772000)/",19850,900,6121500,120897000000,200,false,1.02
"VIB",130235,"/Date(1703829764000)/",19850,1100,6120600,120880000000,200,false,1.02
"VIB",130235,"/Date(1703829764000)/",19850,100,6119500,120858000000,200,false,1.02
"VIB",130235,"/Date(1703829764000)/",19850,600,6119400,120856000000,200,false,1.02
"VIB",130235,"/Date(1703829764000)/",19850,2000,6118800,120844000000,200,false,1.02
"VIB",130235,"/Date(1703829764000)/",19850,100,6116800,120804000000,200,false,1.02
"VIB",130235,"/Date(1703829764000)/",19850,500,6116700,120802000000,200,false,1.02
"VIB",130235,"/Date(1703829764000)/",19850,2000,6116200,120792000000,200,false,1.02
"VIB",130235,"/Date(1703829764000)/",19850,300,6114200,120753000000,200,false,1.02
"VIB",130235,"/Date(1703829764000)/",19850,200,6113900,120747000000,200,false,1.02
"VIB",130235,"/Date(1703829764000)/",19850,100,6113700,120743000000,200,false,1.02
"VIB",130235,"/Date(1703829764000)/",19850,500,6113600,120741000000,200,false,1.02
"VIB",130235,"/Date(1703829764000)/",19850,100,6113100,120731000000,200,false,1.02
"VIB",130235,"/Date(1703829764000)/",19850,500,6113000,120729000000,200,false,1.02
"VIB",130235,"/Date(1703829764000)/",19850,500,6112500,120719000000,200,false,1.02
"VIB",130235,"/Date(1703829764000)/",19850,100,6112000,120709000000,200,false,1.02
"VIB",130235,"/Date(1703829764000)/",19850,100,6111900,120707000000,200,false,1.02
"VIB",130235,"/Date(1703829764000)/",19850,100,6111800,120705000000,200,false,1.02
"VIB",130235,"/Date(1703829764000)/",19850,3000,6111700,120703000000,200,false,1.02
"VIB",130235,"/Date(1703829764000)/",19850,400,6108700,120643000000,200,false,1.02
"VIB",130235,"/Date(1703829764000)/",19850,2000,6108300,120635000000,200,false,1.02
"VIB",130235,"/Date(1703829764000)/",19850,85700,6106300,120596000000,200,false,1.02
"VIB",130213,"/Date(1703829742000)/",19850,500,6020600,118895000000,200,false,1.02
"VIB",130203,"/Date(1703829730000)/",19850,200,6020100,118885000000,200,false,1.02
"VIB",130109,"/Date(1703829678000)/",19850,100,6019900,118881000000,200,false,1.02
"VIB",130056,"/Date(1703829666000)/",19850,200,6019800,118879000000,200,false,1.02
"VIB",130047,"/Date(1703829657000)/",19850,500,6019600,118875000000,200,false,1.02
"VIB",130024,"/Date(1703829625000)/",19850,1500,6019100,118865000000,200,false,1.02
"VIB",130024,"/Date(1703829622000)/",19850,10000,6017600,118835000000,200,false,1.02
"VIB",130024,"/Date(1703829620000)/",19850,100,6007600,118637000000,200,false,1.02
"VIB",130021,"/Date(1703829618000)/",19850,100,6007500,118635000000,200,false,1.02
"VIB",130021,"/Date(1703829618000)/",19850,200,6007400,118633000000,200,false,1.02
"VIB",130021,"/Date(1703829614000)/",19850,900,6007200,118629000000,200,false,1.02
"VIB",130021,"/Date(1703829614000)/",19850,600,6006300,118611000000,200,false,1.02
"VIB",130018,"/Date(1703829608000)/",19800,2400,6005700,118599000000,150,true,0.76
"VIB",130015,"/Date(1703829608000)/",19800,300,6003300,118551000000,150,true,0.76
"VIB",130015,"/Date(1703829607000)/",19850,200,6003000,118545000000,200,false,1.02
"VIB",130008,"/Date(1703829601000)/",19850,300,6002800,118541000000,200,false,1.02
"VIB",130008,"/Date(1703829601000)/",19800,2300,6002500,118535000000,150,true,0.76
"VIB",130008,"/Date(1703829601000)/",19800,27700,6000200,118490000000,150,true,0.76
"VIB",130008,"/Date(1703829601000)/",19850,400,5972500,117941000000,200,false,1.02
"VIB",130008,"/Date(1703829601000)/",19850,3000,5972100,117934000000,200,false,1.02
"VIB",130008,"/Date(1703829601000)/",19850,5900,5969100,117874000000,200,false,1.02
"VIB",130005,"/Date(1703829601000)/",19800,600,5963200,117757000000,150,true,0.76
"VIB",130005,"/Date(1703829601000)/",19800,2700,5962600,117745000000,150,true,0.76
"VIB",130005,"/Date(1703829601000)/",19850,200,5959900,117692000000,200,false,1.02
"VIB",130005,"/Date(1703829601000)/",19850,3900,5959700,117688000000,200,false,1.02
"VIB",130005,"/Date(1703829601000)/",19850,500,5955800,117610000000,200,false,1.02
"VIB",130005,"/Date(1703829601000)/",19850,500,5955300,117600000000,200,false,1.02
"VIB",130005,"/Date(1703829601000)/",19850,5000,5954800,117590000000,200,false,1.02
"VIB",130005,"/Date(1703829601000)/",19850,100,5949800,117491000000,200,false,1.02
"VIB",130005,"/Date(1703829600000)/",19850,900,5949700,117489000000,200,false,1.02
"VIB",130005,"/Date(1703829600000)/",19850,1000,5948800,117471000000,200,false,1.02
"VIB",130005,"/Date(1703829600000)/",19850,100,5947800,117451000000,200,false,1.02
"VIB",112849,"/Date(1703824133000)/",19850,100,5947700,117449000000,200,false,1.02
"VIB",112849,"/Date(1703824133000)/",19850,200,5947600,117447000000,200,false,1.02
"VIB",112849,"/Date(1703824133000)/",19850,400,5947400,117443000000,200,false,1.02
"VIB",112849,"/Date(1703824133000)/",19850,300,5947000,117435000000,200,false,1.02
"VIB",112820,"/Date(1703824107000)/",19850,200,5946700,117430000000,200,false,1.02
"VIB",112820,"/Date(1703824107000)/",19850,500,5946500,117426000000,200,false,1.02
"VIB",112820,"/Date(1703824107000)/",19850,200,5946000,117416000000,200,false,1.02
"VIB",112820,"/Date(1703824107000)/",19850,100,5945800,117412000000,200,false,1.02
"VIB",112820,"/Date(1703824107000)/",19850,1000,5945700,117410000000,200,false,1.02
"VIB",112814,"/Date(1703824099000)/",19850,10000,5944700,117390000000,200,false,1.02
"VIB",112739,"/Date(1703824063000)/",19850,2300,5934700,117191000000,200,true,1.02
"VIB",112739,"/Date(1703824063000)/",19850,31700,5932400,117146000000,200,true,1.02
"VIB",112713,"/Date(1703824040000)/",19850,45000,5900700,116516000000,200,true,1.02
"VIB",112713,"/Date(1703824037000)/",19850,15000,5855700,115623000000,200,true,1.02
"VIB",112648,"/Date(1703824014000)/",19850,8300,5840700,115325000000,200,false,1.02
"VIB",112645,"/Date(1703824011000)/",19850,100,5832400,115161000000,200,true,1.02
"VIB",112645,"/Date(1703824011000)/",19850,1000,5832300,115159000000,200,true,1.02
"VIB",112645,"/Date(1703824011000)/",19850,3300,5831300,115139000000,200,true,1.02
"VIB",112645,"/Date(1703824011000)/",19850,4500,5828000,115073000000,200,true,1.02
"VIB",112645,"/Date(1703824011000)/",19850,100,5823500,114984000000,200,true,1.02
"VIB",112632,"/Date(1703823998000)/",19850,3000,5823400,114982000000,200,true,1.02
"VIB",112629,"/Date(1703823994000)/",19850,100,5820400,114922000000,200,true,1.02
"VIB",112619,"/Date(1703823983000)/",19850,100,5820300,114920000000,200,true,1.02
"VIB",112610,"/Date(1703823975000)/",19850,6500,5820200,114918000000,200,true,1.02
"VIB",112557,"/Date(1703823961000)/",19850,2800,5813700,114789000000,200,true,1.02
"VIB",112554,"/Date(1703823958000)/",19850,1200,5810900,114734000000,200,true,1.02
"VIB",112535,"/Date(1703823939000)/",19850,300,5809700,114710000000,200,true,1.02
"VIB",112535,"/Date(1703823939000)/",19850,1000,5809400,114704000000,200,true,1.02
"VIB",112535,"/Date(1703823939000)/",19850,400,5808400,114684000000,200,true,1.02
"VIB",112531,"/Date(1703823936000)/",19850,300,5808000,114676000000,200,false,1.02
"VIB",112512,"/Date(1703823918000)/",19850,300,5807700,114670000000,200,false,1.02
"VIB",112512,"/Date(1703823918000)/",19850,100,5807400,114664000000,200,false,1.02
"VIB",112512,"/Date(1703823918000)/",19850,300,5807300,114662000000,200,false,1.02
"VIB",112512,"/Date(1703823918000)/",19850,100,5807000,114656000000,200,false,1.02
"VIB",112512,"/Date(1703823918000)/",19850,500,5806900,114654000000,200,false,1.02
"VIB",112512,"/Date(1703823918000)/",19850,3000,5806400,114645000000,200,false,1.02
"VIB",112512,"/Date(1703823918000)/",19850,200,5803400,114585000000,200,false,1.02
"VIB",112512,"/Date(1703823918000)/",19850,10000,5803200,114581000000,200,false,1.02
"VIB",112512,"/Date(1703823918000)/",19850,500,5793200,114383000000,200,false,1.02
"VIB",112512,"/Date(1703823918000)/",19850,500,5792700,114373000000,200,false,1.02
"VIB",112512,"/Date(1703823918000)/",19850,5000,5792200,114363000000,200,false,1.02
"VIB",112512,"/Date(1703823918000)/",19850,1000,5787200,114263000000,200,false,1.02
"VIB",112512,"/Date(1703823918000)/",19850,200,5786200,114244000000,200,false,1.02
"VIB",112512,"/Date(1703823918000)/",19850,300,5786000,114240000000,200,false,1.02
"VIB",112512,"/Date(1703823918000)/",19850,1300,5785700,114234000000,200,false,1.02
"VIB",112512,"/Date(1703823918000)/",19850,100,5784400,114208000000,200,false,1.02
"VIB",112512,"/Date(1703823918000)/",19850,100,5784300,114206000000,200,false,1.02
"VIB",112512,"/Date(1703823918000)/",19850,3000,5784200,114204000000,200,false,1.02
"VIB",112512,"/Date(1703823918000)/",19850,2000,5781200,114144000000,200,false,1.02
"VIB",112512,"/Date(1703823918000)/",19850,100,5779200,114105000000,200,false,1.02
"VIB",112512,"/Date(1703823918000)/",19850,100,5779100,114103000000,200,false,1.02
"VIB",112512,"/Date(1703823918000)/",19850,100,5779000,114101000000,200,false,1.02
"VIB",112512,"/Date(1703823918000)/",19850,100,5778900,114099000000,200,false,1.02
"VIB",112512,"/Date(1703823918000)/",19850,300,5778800,114097000000,200,false,1.02
"VIB",112512,"/Date(1703823918000)/",19850,300,5778500,114091000000,200,false,1.02
"VIB",112512,"/Date(1703823918000)/",19850,200,5778200,114085000000,200,false,1.02
"VIB",112512,"/Date(1703823918000)/",19850,3000,5778000,114081000000,200,false,1.02
"VIB",112512,"/Date(1703823918000)/",19850,5000,5775000,114021000000,200,false,1.02
"VIB",112512,"/Date(1703823918000)/",19850,14000,5770000,113922000000,200,false,1.02
"VIB",112512,"/Date(1703823918000)/",19850,1000,5756000,113644000000,200,false,1.02
"VIB",112512,"/Date(1703823918000)/",19850,100,5755000,113624000000,200,false,1.02
"VIB",112512,"/Date(1703823918000)/",19850,1000,5754900,113622000000,200,false,1.02
"VIB",112512,"/Date(1703823918000)/",19850,3000,5753900,113602000000,200,false,1.02
"VIB",112512,"/Date(1703823918000)/",19850,5000,5750900,113543000000,200,false,1.02
"VIB",112512,"/Date(1703823918000)/",19850,100,5745900,113444000000,200,false,1.02
"VIB",112512,"/Date(1703823918000)/",19850,100,5745800,113442000000,200,false,1.02
"VIB",112512,"/Date(1703823918000)/",19850,1000,5745700,113440000000,200,false,1.02
"VIB",112512,"/Date(1703823918000)/",19850,100,5744700,113420000000,200,false,1.02
"VIB",112512,"/Date(1703823918000)/",19850,500,5744600,113418000000,200,false,1.02
"VIB",112512,"/Date(1703823918000)/",19850,100,5744100,113408000000,200,false,1.02
"VIB",112512,"/Date(1703823918000)/",19850,1000,5744000,113406000000,200,false,1.02
"VIB",112512,"/Date(1703823918000)/",19850,300,5743000,113386000000,200,false,1.02
"VIB",112512,"/Date(1703823918000)/",19850,500,5742700,113380000000,200,false,1.02
"VIB",112512,"/Date(1703823918000)/",19850,100,5742200,113370000000,200,false,1.02
"VIB",112512,"/Date(1703823918000)/",19850,500,5742100,113368000000,200,false,1.02
"VIB",112512,"/Date(1703823918000)/",19850,300,5741600,113358000000,200,false,1.02
"VIB",112512,"/Date(1703823918000)/",19850,5000,5741300,113352000000,200,false,1.02
"VIB",112512,"/Date(1703823918000)/",19850,200,5736300,113253000000,200,false,1.02
"VIB",112512,"/Date(1703823918000)/",19850,100,5736100,113249000000,200,false,1.02
"VIB",112512,"/Date(1703823918000)/",19850,100,5736000,113247000000,200,false,1.02
"VIB",112512,"/Date(1703823918000)/",19850,1000,5735900,113245000000,200,false,1.02
"VIB",112512,"/Date(1703823918000)/",19850,1000,5734900,113225000000,200,false,1.02
"VIB",112512,"/Date(1703823918000)/",19850,500,5733900,113205000000,200,false,1.02
"VIB",112512,"/Date(1703823918000)/",19850,100,5733400,113196000000,200,false,1.02
"VIB",112512,"/Date(1703823918000)/",19850,100,5733300,113194000000,200,false,1.02
"VIB",112512,"/Date(1703823918000)/",19850,100,5733200,113192000000,200,false,1.02
"VIB",112512,"/Date(1703823918000)/",19850,100,5733100,113190000000,200,false,1.02
"VIB",112512,"/Date(1703823918000)/",19850,700,5733000,113188000000,200,false,1.02
"VIB",112512,"/Date(1703823918000)/",19850,100,5732300,113174000000,200,false,1.02
"VIB",112512,"/Date(1703823918000)/",19850,100,5732200,113172000000,200,false,1.02
"VIB",112512,"/Date(1703823918000)/",19850,10000,5732100,113170000000,200,false,1.02
"VIB",112512,"/Date(1703823918000)/",19850,5000,5722100,112971000000,200,false,1.02
"VIB",112512,"/Date(1703823918000)/",19850,5000,5717100,112872000000,200,false,1.02
"VIB",112512,"/Date(1703823918000)/",19850,4400,5712100,112773000000,200,false,1.02
"VIB",112512,"/Date(1703823918000)/",19850,45600,5707700,112685000000,200,false,1.02
"VIB",112512,"/Date(1703823918000)/",19850,200,5662100,111780000000,200,false,1.02
"VIB",112512,"/Date(1703823918000)/",19850,4200,5661900,111776000000,200,false,1.02
"VIB",112412,"/Date(1703823857000)/",19850,700,5657700,111693000000,200,false,1.02
"VIB",112359,"/Date(1703823846000)/",19850,5000,5657000,111679000000,200,false,1.02
"VIB",112349,"/Date(1703823834000)/",19850,90100,5652000,111580000000,200,false,1.02
"VIB",112349,"/Date(1703823834000)/",19850,500,5561900,109791000000,200,false,1.02
"VIB",112349,"/Date(1703823834000)/",19850,500,5561400,109781000000,200,false,1.02
"VIB",112349,"/Date(1703823834000)/",19850,100,5560900,109771000000,200,false,1.02
"VIB",112349,"/Date(1703823834000)/",19850,1000,5560800,109769000000,200,false,1.02
"VIB",112349,"/Date(1703823834000)/",19850,100,5559800,109750000000,200,false,1.02
"VIB",112349,"/Date(1703823834000)/",19850,2000,5559700,109748000000,200,false,1.02
"VIB",112349,"/Date(1703823834000)/",19850,100,5557700,109708000000,200,false,1.02
"VIB",112349,"/Date(1703823834000)/",19850,500,5557600,109706000000,200,false,1.02
"VIB",112349,"/Date(1703823834000)/",19850,3000,5557100,109696000000,200,false,1.02
"VIB",112349,"/Date(1703823834000)/",19850,100,5554100,109636000000,200,false,1.02
"VIB",112349,"/Date(1703823834000)/",19850,2000,5554000,109634000000,200,false,1.02
"VIB",112308,"/Date(1703823794000)/",19800,100,5552000,109595000000,150,true,0.76
"VIB",112305,"/Date(1703823789000)/",19800,2000,5551900,109593000000,150,true,0.76
"VIB",112120,"/Date(1703823685000)/",19800,100,5549900,109553000000,150,true,0.76
"VIB",112057,"/Date(1703823663000)/",19800,6300,5549800,109551000000,150,true,0.76
"VIB",112057,"/Date(1703823662000)/",19800,100,5543500,109426000000,150,true,0.76
"VIB",112048,"/Date(1703823655000)/",19800,100,5543400,109424000000,150,true,0.76
"VIB",112019,"/Date(1703823625000)/",19800,100,5543300,109422000000,150,true,0.76
"VIB",112000,"/Date(1703823606000)/",19850,100,5543200,109420000000,200,false,1.02
"VIB",111947,"/Date(1703823594000)/",19800,300,5543100,109418000000,150,true,0.76
"VIB",111944,"/Date(1703823591000)/",19850,200,5542800,109413000000,200,false,1.02
"VIB",111941,"/Date(1703823587000)/",19800,3000,5542600,109409000000,150,true,0.76
"VIB",111909,"/Date(1703823553000)/",19800,300,5539600,109349000000,150,true,0.76
"VIB",111856,"/Date(1703823541000)/",19800,3000,5539300,109343000000,150,true,0.76
"VIB",111853,"/Date(1703823540000)/",19800,12000,5536300,109284000000,150,true,0.76
"VIB",111844,"/Date(1703823529000)/",19850,200,5524300,109046000000,200,false,1.02
"VIB",111837,"/Date(1703823524000)/",19800,500,5524100,109042000000,150,true,0.76
"VIB",111821,"/Date(1703823506000)/",19800,600,5523600,109032000000,150,true,0.76
"VIB",111812,"/Date(1703823497000)/",19800,2500,5523000,109020000000,150,true,0.76
"VIB",111812,"/Date(1703823497000)/",19800,1000,5520500,108971000000,150,true,0.76
"VIB",111812,"/Date(1703823497000)/",19800,1500,5519500,108951000000,150,true,0.76
"VIB",111756,"/Date(1703823482000)/",19800,800,5518000,108921000000,150,true,0.76
"VIB",111756,"/Date(1703823481000)/",19800,200,5517200,108906000000,150,true,0.76
"VIB",111756,"/Date(1703823480000)/",19800,1000,5517000,108902000000,150,true,0.76
"VIB",111740,"/Date(1703823465000)/",19800,100,5516000,108882000000,150,true,0.76
"VIB",111740,"/Date(1703823465000)/",19800,3900,5515900,108880000000,150,true,0.76
"VIB",111734,"/Date(1703823459000)/",19800,2800,5512000,108803000000,150,false,0.76
"VIB",111730,"/Date(1703823455000)/",19800,100,5509200,108747000000,150,false,0.76
"VIB",111724,"/Date(1703823448000)/",19800,2000,5509100,108745000000,150,false,0.76
"VIB",111721,"/Date(1703823446000)/",19800,91200,5507100,108706000000,150,false,0.76
"VIB",111721,"/Date(1703823446000)/",19800,1000,5415900,106900000000,150,false,0.76
"VIB",111721,"/Date(1703823446000)/",19800,5000,5414900,106880000000,150,false,0.76
"VIB",111721,"/Date(1703823446000)/",19800,3000,5409900,106781000000,150,false,0.76
"VIB",111721,"/Date(1703823446000)/",19800,100,5406900,106722000000,150,false,0.76
"VIB",111721,"/Date(1703823446000)/",19800,2800,5406800,106720000000,150,false,0.76
"VIB",111721,"/Date(1703823446000)/",19800,100,5404000,106664000000,150,false,0.76
"VIB",111721,"/Date(1703823446000)/",19800,6000,5403900,106662000000,150,false,0.76
"VIB",111721,"/Date(1703823446000)/",19800,500,5397900,106544000000,150,false,0.76
"VIB",111721,"/Date(1703823446000)/",19800,1000,5397400,106534000000,150,false,0.76
"VIB",111721,"/Date(1703823446000)/",19800,200,5396400,106514000000,150,false,0.76
"VIB",111721,"/Date(1703823446000)/",19800,100,5396200,106510000000,150,false,0.76
"VIB",111721,"/Date(1703823446000)/",19800,3000,5396100,106508000000,150,false,0.76
"VIB",111721,"/Date(1703823446000)/",19800,500,5393100,106448000000,150,false,0.76
"VIB",111721,"/Date(1703823446000)/",19800,100,5392600,106439000000,150,false,0.76
"VIB",111721,"/Date(1703823446000)/",19800,100,5392500,106437000000,150,false,0.76
"VIB",111721,"/Date(1703823446000)/",19800,100,5392400,106435000000,150,false,0.76
"VIB",111721,"/Date(1703823446000)/",19800,500,5392300,106433000000,150,false,0.76
"VIB",111721,"/Date(1703823446000)/",19800,500,5391800,106423000000,150,false,0.76
"VIB",111721,"/Date(1703823446000)/",19800,2000,5391300,106413000000,150,false,0.76
"VIB",111721,"/Date(1703823446000)/",19800,400,5389300,106373000000,150,false,0.76
"VIB",111721,"/Date(1703823446000)/",19800,1000,5388900,106365000000,150,false,0.76
"VIB",111721,"/Date(1703823446000)/",19800,1000,5387900,106346000000,150,false,0.76
"VIB",111721,"/Date(1703823446000)/",19800,100,5386900,106326000000,150,false,0.76
"VIB",111721,"/Date(1703823446000)/",19800,100,5386800,106324000000,150,false,0.76
"VIB",111721,"/Date(1703823446000)/",19800,1000,5386700,106322000000,150,false,0.76
"VIB",111721,"/Date(1703823446000)/",19800,100,5385700,106302000000,150,false,0.76
"VIB",111721,"/Date(1703823446000)/",19800,800,5385600,106300000000,150,false,0.76
"VIB",111721,"/Date(1703823446000)/",19800,20000,5384800,106284000000,150,false,0.76
"VIB",111721,"/Date(1703823446000)/",19800,3000,5364800,105888000000,150,false,0.76
"VIB",111721,"/Date(1703823446000)/",19800,100,5361800,105829000000,150,false,0.76
"VIB",111721,"/Date(1703823446000)/",19800,2000,5361700,105827000000,150,false,0.76
"VIB",111721,"/Date(1703823446000)/",19800,100,5359700,105787000000,150,false,0.76
"VIB",111721,"/Date(1703823446000)/",19800,500,5359600,105785000000,150,false,0.76
"VIB",111721,"/Date(1703823446000)/",19800,100,5359100,105775000000,150,false,0.76
"VIB",111721,"/Date(1703823446000)/",19800,1000,5359000,105773000000,150,false,0.76
"VIB",111721,"/Date(1703823446000)/",19800,200,5358000,105753000000,150,false,0.76
"VIB",111721,"/Date(1703823446000)/",19800,5000,5357800,105750000000,150,false,0.76
"VIB",111721,"/Date(1703823446000)/",19800,200,5352800,105651000000,150,false,0.76
"VIB",111721,"/Date(1703823446000)/",19800,1000,5352600,105647000000,150,false,0.76
"VIB",111721,"/Date(1703823446000)/",19800,1200,5351600,105627000000,150,false,0.76
"VIB",111721,"/Date(1703823446000)/",19800,2000,5350400,105603000000,150,false,0.76
"VIB",111721,"/Date(1703823446000)/",19800,100,5348400,105563000000,150,false,0.76
"VIB",111721,"/Date(1703823446000)/",19800,5000,5348300,105561000000,150,false,0.76
"VIB",111721,"/Date(1703823446000)/",19800,5000,5343300,105462000000,150,false,0.76
"VIB",111721,"/Date(1703823446000)/",19800,3300,5338300,105363000000,150,false,0.76
"VIB",111721,"/Date(1703823446000)/",19800,100,5335000,105298000000,150,false,0.76
"VIB",111721,"/Date(1703823446000)/",19800,700,5334900,105296000000,150,false,0.76
"VIB",111721,"/Date(1703823446000)/",19800,1000,5334200,105282000000,150,false,0.76
"VIB",111721,"/Date(1703823446000)/",19800,100,5333200,105262000000,150,false,0.76
"VIB",111721,"/Date(1703823446000)/",19800,200,5333100,105260000000,150,false,0.76
"VIB",111721,"/Date(1703823446000)/",19800,1000,5332900,105257000000,150,false,0.76
"VIB",111721,"/Date(1703823446000)/",19800,10000,5331900,105237000000,150,false,0.76
"VIB",111721,"/Date(1703823446000)/",19800,4500,5321900,105039000000,150,false,0.76
"VIB",111721,"/Date(1703823446000)/",19800,4000,5317400,104950000000,150,false,0.76
"VIB",111721,"/Date(1703823446000)/",19800,700,5313400,104870000000,150,false,0.76
"VIB",111721,"/Date(1703823446000)/",19800,100,5312700,104857000000,150,false,0.76
"VIB",111721,"/Date(1703823446000)/",19800,1200,5312600,104855000000,150,false,0.76
"VIB",111721,"/Date(1703823446000)/",19800,200,5311400,104831000000,150,false,0.76
"VIB",111721,"/Date(1703823446000)/",19800,1000,5311200,104827000000,150,false,0.76
"VIB",111721,"/Date(1703823446000)/",19800,3100,5310200,104807000000,150,false,0.76
"VIB",111711,"/Date(1703823436000)/",19800,800,5307100,104746000000,150,false,0.76
"VIB",111705,"/Date(1703823430000)/",19800,17800,5306300,104730000000,150,false,0.76
"VIB",111702,"/Date(1703823426000)/",19800,13700,5288500,104377000000,150,false,0.76
"VIB",111652,"/Date(1703823417000)/",19800,26300,5274800,104106000000,150,false,0.76
"VIB",111649,"/Date(1703823415000)/",19800,22700,5248500,103585000000,150,false,0.76
"VIB",111643,"/Date(1703823409000)/",19800,15600,5225800,103136000000,150,false,0.76
"VIB",111643,"/Date(1703823409000)/",19800,1300,5210200,102827000000,150,false,0.76
"VIB",111643,"/Date(1703823409000)/",19800,100,5208900,102801000000,150,false,0.76
"VIB",111643,"/Date(1703823406000)/",19800,200,5208800,102799000000,150,false,0.76
"VIB",111639,"/Date(1703823403000)/",19750,100,5208600,102795000000,100,true,0.51
"VIB",111549,"/Date(1703823353000)/",19800,700,5208500,102793000000,150,false,0.76
"VIB",111549,"/Date(1703823353000)/",19800,100,5207800,102780000000,150,false,0.76
"VIB",111549,"/Date(1703823353000)/",19800,1000,5207700,102778000000,150,false,0.76
"VIB",111549,"/Date(1703823353000)/",19800,1200,5206700,102758000000,150,false,0.76
"VIB",111542,"/Date(1703823347000)/",19800,200,5205500,102734000000,150,false,0.76
"VIB",111445,"/Date(1703823290000)/",19750,500,5205300,102730000000,100,true,0.51
"VIB",111438,"/Date(1703823282000)/",19800,200,5204800,102720000000,150,false,0.76
"VIB",111407,"/Date(1703823250000)/",19800,100,5204600,102716000000,150,false,0.76
"VIB",111354,"/Date(1703823238000)/",19800,200,5204500,102714000000,150,false,0.76
"VIB",111338,"/Date(1703823224000)/",19800,200,5204300,102710000000,150,false,0.76
"VIB",111328,"/Date(1703823215000)/",19750,100,5204100,102706000000,100,true,0.51
"VIB",111303,"/Date(1703823189000)/",19750,1000,5204000,102704000000,100,true,0.51
"VIB",111303,"/Date(1703823189000)/",19800,200,5203000,102685000000,150,false,0.76
"VIB",111303,"/Date(1703823188000)/",19800,200,5202800,102681000000,150,false,0.76
"VIB",111234,"/Date(1703823160000)/",19800,200,5202600,102677000000,150,false,0.76
"VIB",111221,"/Date(1703823145000)/",19800,1300,5202400,102673000000,150,false,0.76
"VIB",111221,"/Date(1703823145000)/",19800,700,5201100,102647000000,150,false,0.76
"VIB",111134,"/Date(1703823098000)/",19800,200,5200400,102633000000,150,false,0.76
"VIB",111114,"/Date(1703823079000)/",19750,1000,5200200,102629000000,100,true,0.51
"VIB",111046,"/Date(1703823051000)/",19800,600,5199200,102609000000,150,false,0.76
"VIB",111030,"/Date(1703823035000)/",19800,200,5198600,102598000000,150,false,0.76
"VIB",111004,"/Date(1703823010000)/",19750,2500,5198400,102594000000,100,true,0.51
"VIB",110958,"/Date(1703823002000)/",19800,300,5195900,102544000000,150,false,0.76
"VIB",110958,"/Date(1703823002000)/",19800,700,5195600,102538000000,150,false,0.76
"VIB",110932,"/Date(1703822977000)/",19750,200,5194900,102524000000,100,true,0.51
"VIB",110929,"/Date(1703822974000)/",19800,200,5194700,102520000000,150,false,0.76
"VIB",110851,"/Date(1703822935000)/",19750,100,5194500,102516000000,100,true,0.51
"VIB",110845,"/Date(1703822928000)/",19800,500,5194400,102514000000,150,false,0.76
"VIB",110829,"/Date(1703822915000)/",19800,200,5193900,102505000000,150,false,0.76
"VIB",110735,"/Date(1703822861000)/",19800,100,5193700,102501000000,150,false,0.76
"VIB",110731,"/Date(1703822856000)/",19800,900,5193600,102499000000,150,false,0.76
"VIB",110731,"/Date(1703822856000)/",19800,100,5192700,102481000000,150,false,0.76
"VIB",110731,"/Date(1703822856000)/",19800,500,5192600,102479000000,150,false,0.76
"VIB",110728,"/Date(1703822854000)/",19750,500,5192100,102469000000,100,true,0.51
"VIB",110725,"/Date(1703822850000)/",19800,200,5191600,102459000000,150,false,0.76
"VIB",110725,"/Date(1703822848000)/",19800,2800,5191400,102455000000,150,false,0.76
"VIB",110725,"/Date(1703822848000)/",19800,1000,5188600,102400000000,150,false,0.76
"VIB",110725,"/Date(1703822848000)/",19800,100,5187600,102380000000,150,false,0.76
"VIB",110725,"/Date(1703822848000)/",19800,100,5187500,102378000000,150,false,0.76
"VIB",110725,"/Date(1703822848000)/",19800,900,5187400,102376000000,150,false,0.76
"VIB",110725,"/Date(1703822848000)/",19800,100,5186500,102358000000,150,false,0.76
"VIB",110725,"/Date(1703822848000)/",19800,2000,5186400,102356000000,150,false,0.76
"VIB",110725,"/Date(1703822848000)/",19800,5000,5184400,102317000000,150,false,0.76
"VIB",110725,"/Date(1703822848000)/",19800,10000,5179400,102218000000,150,false,0.76
"VIB",110634,"/Date(1703822798000)/",19800,200,5169400,102020000000,150,false,0.76
"VIB",110621,"/Date(1703822786000)/",19800,100,5169200,102016000000,150,false,0.76
"VIB",110550,"/Date(1703822756000)/",19750,300,5169100,102014000000,100,true,0.51
"VIB",110537,"/Date(1703822742000)/",19750,100,5168800,102008000000,100,true,0.51
"VIB",110521,"/Date(1703822727000)/",19800,200,5168700,102006000000,150,false,0.76
"VIB",110424,"/Date(1703822669000)/",19750,200,5168500,102002000000,100,true,0.51
"VIB",110420,"/Date(1703822666000)/",19800,200,5168300,101998000000,150,false,0.76
"VIB",110320,"/Date(1703822603000)/",19800,200,5168100,101994000000,150,false,0.76
"VIB",110222,"/Date(1703822546000)/",19800,300,5167900,101990000000,150,false,0.76
"VIB",110219,"/Date(1703822543000)/",19800,200,5167600,101984000000,150,false,0.76
"VIB",110157,"/Date(1703822521000)/",19800,2000,5167400,101980000000,150,false,0.76
"VIB",110157,"/Date(1703822521000)/",19750,1000,5165400,101940000000,100,true,0.51
"VIB",110119,"/Date(1703822482000)/",19800,200,5164400,101921000000,150,false,0.76
"VIB",110050,"/Date(1703822454000)/",19800,1000,5164200,101917000000,150,false,0.76
"VIB",110037,"/Date(1703822442000)/",19750,2000,5163200,101897000000,100,true,0.51
"VIB",110015,"/Date(1703822419000)/",19800,200,5161200,101857000000,150,false,0.76
"VIB",110005,"/Date(1703822410000)/",19750,500,5161000,101853000000,100,true,0.51
"VIB",105943,"/Date(1703822389000)/",19750,92500,5160500,101844000000,100,true,0.51
"VIB",105937,"/Date(1703822383000)/",19750,5000,5068000,100017000000,100,false,0.51
"VIB",105937,"/Date(1703822381000)/",19750,1000,5063000,99918000000,100,false,0.51
"VIB",105930,"/Date(1703822375000)/",19750,200,5062000,99898000000,100,false,0.51
"VIB",105918,"/Date(1703822362000)/",19750,85800,5061800,99894000000,100,false,0.51
"VIB",105911,"/Date(1703822357000)/",19750,1000,4976000,98200000000,100,false,0.51
"VIB",105905,"/Date(1703822349000)/",19750,500,4975000,98180000000,100,false,0.51
"VIB",105905,"/Date(1703822349000)/",19750,1000,4974500,98170000000,100,false,0.51
"VIB",105902,"/Date(1703822345000)/",19750,1000,4973500,98150000000,100,true,0.51
"VIB",105823,"/Date(1703822307000)/",19750,400,4972500,98131000000,100,true,0.51
"VIB",105814,"/Date(1703822297000)/",19750,60600,4972100,98123000000,100,false,0.51
"VIB",105811,"/Date(1703822295000)/",19750,200,4911500,96926000000,100,false,0.51
"VIB",105811,"/Date(1703822294000)/",19750,86400,4911300,96922000000,100,false,0.51
"VIB",105752,"/Date(1703822277000)/",19750,8000,4824900,95215000000,100,false,0.51
"VIB",105752,"/Date(1703822277000)/",19750,86400,4816900,95057000000,100,false,0.51
"VIB",105752,"/Date(1703822277000)/",19750,58400,4730500,93351000000,100,false,0.51
"VIB",105752,"/Date(1703822276000)/",19800,1000,4672100,92198000000,150,false,0.76
"VIB",105736,"/Date(1703822261000)/",19750,2000,4671100,92178000000,100,true,0.51
"VIB",105729,"/Date(1703822255000)/",19750,300,4669100,92138000000,100,true,0.51
"VIB",105720,"/Date(1703822245000)/",19750,200,4668800,92132000000,100,true,0.51
"VIB",105713,"/Date(1703822239000)/",19750,25500,4668600,92128000000,100,false,0.51
"VIB",105710,"/Date(1703822235000)/",19750,1000,4643100,91625000000,100,true,0.51
"VIB",105710,"/Date(1703822234000)/",19750,1000,4642100,91605000000,100,true,0.51
"VIB",105710,"/Date(1703822234000)/",19750,10000,4641100,91585000000,100,true,0.51
"VIB",105710,"/Date(1703822234000)/",19750,86400,4631100,91388000000,100,true,0.51
"VIB",105710,"/Date(1703822234000)/",19750,5000,4544700,89681000000,100,true,0.51
"VIB",105710,"/Date(1703822234000)/",19750,86400,4539700,89583000000,100,true,0.51
"VIB",105710,"/Date(1703822234000)/",19750,5000,4453300,87876000000,100,true,0.51
"VIB",105710,"/Date(1703822234000)/",19750,29700,4448300,87778000000,100,true,0.51
"VIB",105710,"/Date(1703822234000)/",19800,200,4418600,87191000000,150,false,0.76
"VIB",105606,"/Date(1703822171000)/",19800,200,4418400,87187000000,150,false,0.76
"VIB",105557,"/Date(1703822162000)/",19750,500,4418200,87183000000,100,true,0.51
"VIB",105554,"/Date(1703822157000)/",19750,56200,4417700,87173000000,100,false,0.51
"VIB",105550,"/Date(1703822153000)/",19750,2000,4361500,86063000000,100,true,0.51
"VIB",105550,"/Date(1703822153000)/",19750,200,4359500,86024000000,100,true,0.51
"VIB",105550,"/Date(1703822153000)/",19750,200,4359300,86020000000,100,true,0.51
"VIB",105550,"/Date(1703822153000)/",19750,60000,4359100,86016000000,100,true,0.51
"VIB",105550,"/Date(1703822153000)/",19750,2200,4299100,84831000000,100,true,0.51
"VIB",105550,"/Date(1703822153000)/",19750,86400,4296900,84787000000,100,true,0.51
"VIB",105550,"/Date(1703822153000)/",19750,5000,4210500,83081000000,100,true,0.51
"VIB",105550,"/Date(1703822153000)/",19750,17000,4205500,82982000000,100,true,0.51
"VIB",105550,"/Date(1703822153000)/",19750,70800,4188500,82646000000,100,true,0.51
"VIB",105515,"/Date(1703822121000)/",19750,200,4117700,81248000000,100,true,0.51
"VIB",105428,"/Date(1703822070000)/",19750,100,4117500,81244000000,100,true,0.51
"VIB",105428,"/Date(1703822070000)/",19750,15300,4117400,81242000000,100,true,0.51
"VIB",105421,"/Date(1703822066000)/",19750,26300,4102100,80940000000,100,false,0.51
"VIB",105421,"/Date(1703822066000)/",19750,22700,4075800,80421000000,100,false,0.51
"VIB",105421,"/Date(1703822065000)/",19750,7200,4053100,79972000000,100,false,0.51
"VIB",105421,"/Date(1703822065000)/",19750,100,4045900,79830000000,100,false,0.51
"VIB",105421,"/Date(1703822065000)/",19750,6400,4045800,79828000000,100,false,0.51
"VIB",105418,"/Date(1703822062000)/",19750,211000,4039400,79702000000,100,false,0.51
"VIB",105415,"/Date(1703822059000)/",19750,17800,3828400,75534000000,100,false,0.51
"VIB",105408,"/Date(1703822054000)/",19750,62000,3810600,75183000000,100,false,0.51
"VIB",105405,"/Date(1703822050000)/",19750,200,3748600,73958000000,100,false,0.51
"VIB",105349,"/Date(1703822033000)/",19750,100,3748400,73954000000,100,false,0.51
"VIB",105302,"/Date(1703821987000)/",19750,2000,3748300,73952000000,100,false,0.51
"VIB",105302,"/Date(1703821986000)/",19750,200,3746300,73913000000,100,false,0.51
"VIB",105302,"/Date(1703821985000)/",19700,400,3746100,73909000000,50,true,0.25
"VIB",105230,"/Date(1703821954000)/",19700,500,3745700,73901000000,50,true,0.25
"VIB",105211,"/Date(1703821934000)/",19750,200,3745200,73891000000,100,false,0.51
"VIB",105142,"/Date(1703821908000)/",19700,300,3745000,73887000000,50,true,0.25
"VIB",105126,"/Date(1703821889000)/",19750,100,3744700,73881000000,100,false,0.51
"VIB",105057,"/Date(1703821863000)/",19800,200,3744600,73879000000,150,false,0.76
"VIB",105048,"/Date(1703821851000)/",19700,7300,3744400,73876000000,50,true,0.25
"VIB",105048,"/Date(1703821851000)/",19700,1000,3737100,73732000000,50,true,0.25
"VIB",105048,"/Date(1703821851000)/",19700,3000,3736100,73712000000,50,true,0.25
"VIB",105048,"/Date(1703821851000)/",19700,700,3733100,73653000000,50,true,0.25
"VIB",105048,"/Date(1703821851000)/",19700,400,3732400,73639000000,50,true,0.25
"VIB",105048,"/Date(1703821851000)/",19700,1000,3732000,73631000000,50,true,0.25
"VIB",105048,"/Date(1703821851000)/",19700,50000,3731000,73612000000,50,true,0.25
"VIB",105048,"/Date(1703821851000)/",19700,5000,3681000,72627000000,50,true,0.25
"VIB",105048,"/Date(1703821851000)/",19700,300,3676000,72528000000,50,true,0.25
"VIB",105048,"/Date(1703821851000)/",19750,211000,3675700,72522000000,100,false,0.51
"VIB",105048,"/Date(1703821851000)/",19750,1000,3464700,68355000000,100,false,0.51
"VIB",105048,"/Date(1703821851000)/",19750,1000,3463700,68335000000,100,false,0.51
"VIB",105048,"/Date(1703821851000)/",19750,2000,3462700,68315000000,100,false,0.51
"VIB",105048,"/Date(1703821851000)/",19750,2000,3460700,68276000000,100,false,0.51
"VIB",105048,"/Date(1703821851000)/",19750,2000,3458700,68236000000,100,false,0.51
"VIB",105048,"/Date(1703821851000)/",19750,200,3456700,68197000000,100,false,0.51
"VIB",105048,"/Date(1703821851000)/",19750,2000,3456500,68193000000,100,false,0.51
"VIB",105048,"/Date(1703821851000)/",19750,500,3454500,68153000000,100,false,0.51
"VIB",105048,"/Date(1703821851000)/",19750,9600,3454000,68144000000,100,false,0.51
"VIB",105029,"/Date(1703821834000)/",19750,100,3444400,67954000000,100,true,0.51
"VIB",104944,"/Date(1703821789000)/",19750,20000,3444300,67952000000,100,true,0.51
"VIB",104944,"/Date(1703821789000)/",19750,1000,3424300,67557000000,100,true,0.51
"VIB",104944,"/Date(1703821789000)/",19750,1000,3423300,67537000000,100,true,0.51
"VIB",104944,"/Date(1703821789000)/",19750,100,3422300,67517000000,100,true,0.51
"VIB",104944,"/Date(1703821789000)/",19750,68200,3422200,67515000000,100,true,0.51
"VIB",104931,"/Date(1703821777000)/",19750,13700,3354000,66169000000,100,false,0.51
"VIB",104928,"/Date(1703821773000)/",19750,600,3340300,65898000000,100,false,0.51
"VIB",104925,"/Date(1703821768000)/",19750,100,3339700,65886000000,100,false,0.51
"VIB",104922,"/Date(1703821767000)/",19750,500,3339600,65884000000,100,false,0.51
"VIB",104919,"/Date(1703821764000)/",19750,9600,3339100,65874000000,100,false,0.51
"VIB",104916,"/Date(1703821761000)/",19750,3000,3329500,65685000000,100,false,0.51
"VIB",104906,"/Date(1703821751000)/",19750,62000,3326500,65625000000,100,false,0.51
"VIB",104903,"/Date(1703821746000)/",19750,3000,3264500,64401000000,100,false,0.51
"VIB",104856,"/Date(1703821739000)/",19750,62000,3261500,64342000000,100,false,0.51
"VIB",104856,"/Date(1703821739000)/",19750,200,3199500,63117000000,100,false,0.51
"VIB",104841,"/Date(1703821726000)/",19750,26300,3199300,63113000000,100,false,0.51
"VIB",104841,"/Date(1703821726000)/",19750,17000,3173000,62594000000,100,false,0.51
"VIB",104841,"/Date(1703821726000)/",19750,22700,3156000,62258000000,100,false,0.51
"VIB",104818,"/Date(1703821703000)/",19750,10000,3133300,61810000000,100,false,0.51
"VIB",104753,"/Date(1703821678000)/",19750,200,3123300,61612000000,100,false,0.51
"VIB",104740,"/Date(1703821664000)/",19700,300,3123100,61608000000,50,true,0.25
"VIB",104655,"/Date(1703821618000)/",19750,200,3122800,61602000000,100,false,0.51
"VIB",104652,"/Date(1703821616000)/",19750,500,3122600,61598000000,100,false,0.51
"VIB",104552,"/Date(1703821554000)/",19750,200,3122100,61589000000,100,false,0.51
"VIB",104448,"/Date(1703821493000)/",19800,200,3121900,61585000000,150,false,0.76
"VIB",104448,"/Date(1703821493000)/",19700,1400,3121700,61581000000,50,true,0.25
"VIB",104448,"/Date(1703821492000)/",19700,200,3120300,61553000000,50,true,0.25
"VIB",104448,"/Date(1703821492000)/",19700,1000,3120100,61549000000,50,true,0.25
"VIB",104448,"/Date(1703821491000)/",19700,1100,3119100,61529000000,50,true,0.25
"VIB",104445,"/Date(1703821490000)/",19700,50000,3118000,61508000000,50,false,0.25
"VIB",104441,"/Date(1703821487000)/",19700,40000,3068000,60523000000,50,false,0.25
"VIB",104435,"/Date(1703821478000)/",19650,100,3028000,59735000000,0,true,0
"VIB",104419,"/Date(1703821464000)/",19700,800,3027900,59733000000,50,true,0.25
"VIB",104419,"/Date(1703821464000)/",19700,5000,3027100,59717000000,50,true,0.25
"VIB",104419,"/Date(1703821464000)/",19700,5000,3022100,59619000000,50,true,0.25
"VIB",104419,"/Date(1703821464000)/",19700,5000,3017100,59520000000,50,true,0.25
"VIB",104419,"/Date(1703821464000)/",19700,300,3012100,59422000000,50,true,0.25
"VIB",104419,"/Date(1703821464000)/",19700,500,3011800,59416000000,50,true,0.25
"VIB",104419,"/Date(1703821464000)/",19700,500,3011300,59406000000,50,true,0.25
"VIB",104419,"/Date(1703821464000)/",19700,1000,3010800,59396000000,50,true,0.25
"VIB",104419,"/Date(1703821464000)/",19700,100,3009800,59376000000,50,true,0.25
"VIB",104419,"/Date(1703821464000)/",19700,155600,3009700,59374000000,50,true,0.25
"VIB",104419,"/Date(1703821464000)/",19750,10000,2854100,56309000000,100,true,0.51
"VIB",104419,"/Date(1703821464000)/",19750,22500,2844100,56111000000,100,true,0.51
"VIB",104416,"/Date(1703821459000)/",19750,200,2821600,55667000000,100,true,0.51
"VIB",104357,"/Date(1703821441000)/",19700,47900,2821400,55663000000,50,true,0.25
"VIB",104357,"/Date(1703821441000)/",19750,500,2773500,54719000000,100,true,0.51
"VIB",104357,"/Date(1703821441000)/",19750,200,2773000,54710000000,100,true,0.51
"VIB",104357,"/Date(1703821441000)/",19750,2700,2772800,54706000000,100,true,0.51
"VIB",104357,"/Date(1703821441000)/",19750,13700,2770100,54652000000,100,true,0.51
"VIB",104357,"/Date(1703821441000)/",19750,185000,2756400,54382000000,100,true,0.51
"VIB",104335,"/Date(1703821419000)/",19750,26000,2571400,50728000000,100,true,0.51
"VIB",104335,"/Date(1703821419000)/",19750,17800,2545400,50214000000,100,true,0.51
"VIB",104335,"/Date(1703821419000)/",19750,100,2527600,49863000000,100,true,0.51
"VIB",104335,"/Date(1703821419000)/",19750,3300,2527500,49861000000,100,true,0.51
"VIB",104335,"/Date(1703821419000)/",19750,5000,2524200,49796000000,100,true,0.51
"VIB",104335,"/Date(1703821419000)/",19750,26300,2519200,49697000000,100,true,0.51
"VIB",104335,"/Date(1703821419000)/",19750,62000,2492900,49178000000,100,true,0.51
"VIB",104335,"/Date(1703821419000)/",19750,100000,2430900,47953000000,100,true,0.51
"VIB",104335,"/Date(1703821419000)/",19750,9500,2330900,45978000000,100,true,0.51
"VIB",104303,"/Date(1703821387000)/",19750,40500,2321400,45790000000,100,false,0.51
"VIB",104303,"/Date(1703821387000)/",19750,100,2280900,44991000000,100,false,0.51
"VIB",104303,"/Date(1703821386000)/",19750,5000,2280800,44989000000,100,false,0.51
"VIB",104300,"/Date(1703821384000)/",19750,10000,2275800,44890000000,100,false,0.51
"VIB",104300,"/Date(1703821383000)/",19750,17000,2265800,44692000000,100,false,0.51
"VIB",104244,"/Date(1703821369000)/",19750,200,2248800,44357000000,100,false,0.51
"VIB",104244,"/Date(1703821366000)/",19750,5000,2248600,44353000000,100,false,0.51
"VIB",104234,"/Date(1703821357000)/",19750,10000,2243600,44254000000,100,false,0.51
"VIB",104228,"/Date(1703821353000)/",19750,5000,2233600,44056000000,100,false,0.51
"VIB",104228,"/Date(1703821351000)/",19750,100,2228600,43958000000,100,false,0.51
"VIB",104221,"/Date(1703821344000)/",19750,50000,2228500,43956000000,100,false,0.51
"VIB",104221,"/Date(1703821344000)/",19750,50000,2178500,42968000000,100,false,0.51
"VIB",104215,"/Date(1703821338000)/",19750,21700,2128500,41981000000,100,false,0.51
"VIB",104212,"/Date(1703821337000)/",19750,21700,2106800,41552000000,100,false,0.51
"VIB",104212,"/Date(1703821336000)/",19750,200,2085100,41124000000,100,false,0.51
"VIB",104209,"/Date(1703821334000)/",19750,2300,2084900,41120000000,100,false,0.51
"VIB",104143,"/Date(1703821307000)/",19750,200,2082600,41074000000,100,false,0.51
"VIB",104134,"/Date(1703821299000)/",19750,1000,2082400,41070000000,100,false,0.51
"VIB",104131,"/Date(1703821295000)/",19750,10000,2081400,41050000000,100,false,0.51
"VIB",104121,"/Date(1703821285000)/",19800,3400,2071400,40853000000,150,true,0.76
"VIB",104121,"/Date(1703821285000)/",19800,5000,2068000,40786000000,150,true,0.76
"VIB",104115,"/Date(1703821279000)/",19800,300,2063000,40687000000,150,true,0.76
"VIB",104115,"/Date(1703821279000)/",19800,200,2062700,40681000000,150,true,0.76
"VIB",104115,"/Date(1703821279000)/",19800,500,2062500,40677000000,150,true,0.76
"VIB",104115,"/Date(1703821279000)/",19800,100,2062000,40667000000,150,true,0.76
