"Stockcode","Package","TradingDate","Price","Vol","TotalVol","TotalVal","Change","IsBuy","PerChange"
"DIG",144411,"/Date(1702971901000)/",25850,857300,11754900,300401000000,400,false,1.57
"DIG",142905,"/Date(1702970992000)/",25750,100,10897600,278241000000,300,false,1.18
"DIG",142905,"/Date(1702970991000)/",25750,3000,10897500,278238000000,300,false,1.18
"DIG",142905,"/Date(1702970991000)/",25750,2000,10894500,278161000000,300,false,1.18
"DIG",142905,"/Date(1702970991000)/",25750,1000,10892500,278109000000,300,false,1.18
"DIG",142905,"/Date(1702970991000)/",25750,3900,10891500,278084000000,300,false,1.18
"DIG",142901,"/Date(1702970990000)/",25750,2000,10887600,277983000000,300,true,1.18
"DIG",142901,"/Date(1702970989000)/",25750,100,10885600,277932000000,300,true,1.18
"DIG",142901,"/Date(1702970989000)/",25750,6000,10885500,277929000000,300,true,1.18
"DIG",142901,"/Date(1702970988000)/",25750,1000,10879500,277775000000,300,true,1.18
"DIG",142858,"/Date(1702970986000)/",25750,13300,10878500,277749000000,300,true,1.18
"DIG",142858,"/Date(1702970986000)/",25750,500,10865200,277406000000,300,true,1.18
"DIG",142858,"/Date(1702970985000)/",25800,1000,10864700,277393000000,350,false,1.38
"DIG",142855,"/Date(1702970983000)/",25750,500,10863700,277368000000,300,false,1.18
"DIG",142855,"/Date(1702970982000)/",25750,100,10863200,277355000000,300,false,1.18
"DIG",142855,"/Date(1702970982000)/",25750,2500,10863100,277352000000,300,false,1.18
"DIG",142855,"/Date(1702970982000)/",25750,14000,10860600,277288000000,300,false,1.18
"DIG",142855,"/Date(1702970982000)/",25750,300,10846600,276927000000,300,false,1.18
"DIG",142855,"/Date(1702970982000)/",25750,20000,10846300,276920000000,300,false,1.18
"DIG",142855,"/Date(1702970982000)/",25750,1000,10826300,276405000000,300,false,1.18
"DIG",142855,"/Date(1702970982000)/",25750,300,10825300,276379000000,300,false,1.18
"DIG",142855,"/Date(1702970982000)/",25750,100,10825000,276371000000,300,false,1.18
"DIG",142855,"/Date(1702970982000)/",25750,100,10824900,276369000000,300,false,1.18
"DIG",142855,"/Date(1702970982000)/",25750,3000,10824800,276366000000,300,false,1.18
"DIG",142855,"/Date(1702970982000)/",25750,500,10821800,276289000000,300,false,1.18
"DIG",142855,"/Date(1702970982000)/",25750,200,10821300,276276000000,300,false,1.18
"DIG",142855,"/Date(1702970982000)/",25750,100,10821100,276271000000,300,false,1.18
"DIG",142855,"/Date(1702970982000)/",25750,300,10821000,276268000000,300,false,1.18
"DIG",142855,"/Date(1702970982000)/",25750,500,10820700,276260000000,300,false,1.18
"DIG",142855,"/Date(1702970982000)/",25750,15500,10820200,276247000000,300,false,1.18
"DIG",142855,"/Date(1702970982000)/",25750,200,10804700,275848000000,300,false,1.18
"DIG",142855,"/Date(1702970982000)/",25750,14000,10804500,275843000000,300,false,1.18
"DIG",142852,"/Date(1702970980000)/",25700,100,10790500,275483000000,250,true,0.98
"DIG",142852,"/Date(1702970980000)/",25700,800,10790400,275480000000,250,true,0.98
"DIG",142852,"/Date(1702970980000)/",25700,1000,10789600,275460000000,250,true,0.98
"DIG",142852,"/Date(1702970980000)/",25700,100,10788600,275434000000,250,true,0.98
"DIG",142852,"/Date(1702970980000)/",25700,400,10788500,275431000000,250,true,0.98
"DIG",142852,"/Date(1702970980000)/",25700,100,10788100,275421000000,250,true,0.98
"DIG",142852,"/Date(1702970980000)/",25750,20000,10788000,275418000000,300,false,1.18
"DIG",142852,"/Date(1702970978000)/",25700,1000,10768000,274903000000,250,true,0.98
"DIG",142849,"/Date(1702970978000)/",25750,15000,10767000,274878000000,300,false,1.18
"DIG",142849,"/Date(1702970977000)/",25750,200,10752000,274492000000,300,false,1.18
"DIG",142849,"/Date(1702970977000)/",25750,800,10751800,274486000000,300,false,1.18
"DIG",142849,"/Date(1702970977000)/",25750,500,10751000,274466000000,300,false,1.18
"DIG",142849,"/Date(1702970977000)/",25750,1500,10750500,274453000000,300,false,1.18
"DIG",142849,"/Date(1702970977000)/",25750,7200,10749000,274414000000,300,false,1.18
"DIG",142849,"/Date(1702970976000)/",25700,1000,10741800,274229000000,250,true,0.98
"DIG",142849,"/Date(1702970976000)/",25750,1500,10740800,274203000000,300,false,1.18
"DIG",142849,"/Date(1702970975000)/",25750,100,10739300,274165000000,300,false,1.18
"DIG",142845,"/Date(1702970974000)/",25750,100,10739200,274162000000,300,false,1.18
"DIG",142845,"/Date(1702970974000)/",25700,2000,10739100,274159000000,250,true,0.98
"DIG",142845,"/Date(1702970974000)/",25750,5000,10737100,274108000000,300,false,1.18
"DIG",142845,"/Date(1702970974000)/",25750,1000,10732100,273979000000,300,false,1.18
"DIG",142845,"/Date(1702970973000)/",25750,5100,10731100,273953000000,300,false,1.18
"DIG",142845,"/Date(1702970973000)/",25750,900,10726000,273822000000,300,false,1.18
"DIG",142845,"/Date(1702970973000)/",25750,16500,10725100,273799000000,300,false,1.18
"DIG",142845,"/Date(1702970973000)/",25750,7500,10708600,273374000000,300,false,1.18
"DIG",142845,"/Date(1702970973000)/",25750,100,10701100,273181000000,300,false,1.18
"DIG",142845,"/Date(1702970972000)/",25700,700,10701000,273178000000,250,true,0.98
"DIG",142842,"/Date(1702970971000)/",25750,2000,10700300,273160000000,300,false,1.18
"DIG",142842,"/Date(1702970971000)/",25750,400,10698300,273109000000,300,false,1.18
"DIG",142842,"/Date(1702970971000)/",25750,1600,10697900,273099000000,300,false,1.18
"DIG",142842,"/Date(1702970970000)/",25750,200,10696300,273057000000,300,false,1.18
"DIG",142842,"/Date(1702970970000)/",25700,200,10696100,273052000000,250,true,0.98
"DIG",142842,"/Date(1702970970000)/",25700,500,10695900,273047000000,250,true,0.98
"DIG",142842,"/Date(1702970970000)/",25700,500,10695400,273034000000,250,true,0.98
"DIG",142842,"/Date(1702970970000)/",25700,5000,10694900,273021000000,250,true,0.98
"DIG",142842,"/Date(1702970970000)/",25700,3000,10689900,272893000000,250,true,0.98
"DIG",142842,"/Date(1702970970000)/",25700,500,10686900,272816000000,250,true,0.98
"DIG",142842,"/Date(1702970970000)/",25700,100,10686400,272803000000,250,true,0.98
"DIG",142842,"/Date(1702970970000)/",25700,47600,10686300,272800000000,250,true,0.98
"DIG",142839,"/Date(1702970968000)/",25700,100,10638700,271577000000,250,true,0.98
"DIG",142839,"/Date(1702970967000)/",25750,300,10638600,271575000000,300,false,1.18
"DIG",142839,"/Date(1702970967000)/",25750,300,10638300,271567000000,300,false,1.18
"DIG",142839,"/Date(1702970966000)/",25750,100,10638000,271559000000,300,false,1.18
"DIG",142839,"/Date(1702970965000)/",25700,2300,10637900,271557000000,250,true,0.98
"DIG",142839,"/Date(1702970965000)/",25700,500,10635600,271497000000,250,true,0.98
"DIG",142839,"/Date(1702970965000)/",25700,200,10635100,271485000000,250,true,0.98
"DIG",142836,"/Date(1702970963000)/",25750,100,10634900,271479000000,300,false,1.18
"DIG",142836,"/Date(1702970963000)/",25750,100,10634800,271477000000,300,false,1.18
"DIG",142836,"/Date(1702970963000)/",25750,100,10634700,271474000000,300,false,1.18
"DIG",142836,"/Date(1702970963000)/",25750,100,10634600,271472000000,300,false,1.18
"DIG",142836,"/Date(1702970963000)/",25750,1600,10634500,271469000000,300,false,1.18
"DIG",142836,"/Date(1702970963000)/",25700,3200,10632900,271428000000,250,true,0.98
"DIG",142836,"/Date(1702970962000)/",25700,200,10629700,271346000000,250,true,0.98
"DIG",142832,"/Date(1702970960000)/",25700,100,10629500,271341000000,250,true,0.98
"DIG",142832,"/Date(1702970959000)/",25750,500,10629400,271338000000,300,false,1.18
"DIG",142832,"/Date(1702970959000)/",25750,900,10628900,271325000000,300,false,1.18
"DIG",142832,"/Date(1702970959000)/",25750,100,10628000,271302000000,300,false,1.18
"DIG",142832,"/Date(1702970959000)/",25700,100,10627900,271299000000,250,true,0.98
"DIG",142832,"/Date(1702970959000)/",25750,1000,10627800,271297000000,300,false,1.18
"DIG",142832,"/Date(1702970958000)/",25750,100,10626800,271271000000,300,false,1.18
"DIG",142829,"/Date(1702970958000)/",25750,500,10626700,271268000000,300,false,1.18
"DIG",142829,"/Date(1702970958000)/",25750,1000,10626200,271256000000,300,false,1.18
"DIG",142829,"/Date(1702970958000)/",25700,200,10625200,271230000000,250,true,0.98
"DIG",142829,"/Date(1702970958000)/",25700,100,10625000,271225000000,250,true,0.98
"DIG",142829,"/Date(1702970956000)/",25700,100,10624900,271222000000,250,true,0.98
"DIG",142829,"/Date(1702970956000)/",25700,200,10624800,271220000000,250,true,0.98
"DIG",142826,"/Date(1702970955000)/",25700,600,10624600,271214000000,250,true,0.98
"DIG",142826,"/Date(1702970955000)/",25700,400,10624000,271199000000,250,true,0.98
"DIG",142826,"/Date(1702970954000)/",25750,300,10623600,271189000000,300,false,1.18
"DIG",142826,"/Date(1702970953000)/",25700,10600,10623300,271181000000,250,true,0.98
"DIG",142826,"/Date(1702970953000)/",25700,1500,10612700,270909000000,250,true,0.98
"DIG",142826,"/Date(1702970953000)/",25700,2000,10611200,270870000000,250,true,0.98
"DIG",142826,"/Date(1702970953000)/",25700,1000,10609200,270819000000,250,true,0.98
"DIG",142826,"/Date(1702970953000)/",25700,5000,10608200,270793000000,250,true,0.98
"DIG",142826,"/Date(1702970953000)/",25700,100,10603200,270664000000,250,true,0.98
"DIG",142826,"/Date(1702970953000)/",25700,5000,10603100,270662000000,250,true,0.98
"DIG",142826,"/Date(1702970953000)/",25700,9800,10598100,270533000000,250,true,0.98
"DIG",142826,"/Date(1702970953000)/",25700,2000,10588300,270281000000,250,true,0.98
"DIG",142826,"/Date(1702970953000)/",25700,1000,10586300,270230000000,250,true,0.98
"DIG",142826,"/Date(1702970953000)/",25700,700,10585300,270204000000,250,true,0.98
"DIG",142826,"/Date(1702970953000)/",25700,500,10584600,270186000000,250,true,0.98
"DIG",142826,"/Date(1702970953000)/",25700,1000,10584100,270174000000,250,true,0.98
"DIG",142826,"/Date(1702970953000)/",25700,4000,10583100,270148000000,250,true,0.98
"DIG",142826,"/Date(1702970953000)/",25700,2000,10579100,270045000000,250,true,0.98
"DIG",142826,"/Date(1702970953000)/",25700,3800,10577100,269994000000,250,true,0.98
"DIG",142823,"/Date(1702970950000)/",25750,500,10573300,269896000000,300,false,1.18
"DIG",142823,"/Date(1702970949000)/",25750,1000,10572800,269883000000,300,false,1.18
"DIG",142820,"/Date(1702970948000)/",25700,100,10571800,269857000000,250,true,0.98
"DIG",142820,"/Date(1702970948000)/",25700,2000,10571700,269855000000,250,true,0.98
"DIG",142820,"/Date(1702970947000)/",25750,500,10569700,269803000000,300,false,1.18
"DIG",142820,"/Date(1702970947000)/",25750,100,10569200,269790000000,300,false,1.18
"DIG",142820,"/Date(1702970947000)/",25750,200,10569100,269788000000,300,false,1.18
"DIG",142820,"/Date(1702970947000)/",25750,500,10568900,269783000000,300,false,1.18
"DIG",142820,"/Date(1702970947000)/",25750,500,10568400,269770000000,300,false,1.18
"DIG",142820,"/Date(1702970947000)/",25750,100,10567900,269757000000,300,false,1.18
"DIG",142820,"/Date(1702970947000)/",25750,100,10567800,269754000000,300,false,1.18
"DIG",142820,"/Date(1702970947000)/",25750,1000,10567700,269752000000,300,false,1.18
"DIG",142820,"/Date(1702970947000)/",25750,200,10566700,269726000000,300,false,1.18
"DIG",142820,"/Date(1702970947000)/",25750,1000,10566500,269721000000,300,false,1.18
"DIG",142820,"/Date(1702970947000)/",25750,500,10565500,269695000000,300,false,1.18
"DIG",142820,"/Date(1702970947000)/",25750,27100,10565000,269682000000,300,false,1.18
"DIG",142820,"/Date(1702970947000)/",25750,1000,10537900,268985000000,300,false,1.18
"DIG",142820,"/Date(1702970947000)/",25750,100,10536900,268959000000,300,false,1.18
"DIG",142820,"/Date(1702970947000)/",25750,100,10536800,268956000000,300,false,1.18
"DIG",142820,"/Date(1702970947000)/",25750,2000,10536700,268954000000,300,false,1.18
"DIG",142820,"/Date(1702970947000)/",25750,200,10534700,268902000000,300,false,1.18
"DIG",142820,"/Date(1702970947000)/",25750,1000,10534500,268897000000,300,false,1.18
"DIG",142820,"/Date(1702970947000)/",25750,100,10533500,268871000000,300,false,1.18
"DIG",142820,"/Date(1702970947000)/",25750,5000,10533400,268869000000,300,false,1.18
"DIG",142820,"/Date(1702970947000)/",25750,100,10528400,268740000000,300,false,1.18
"DIG",142820,"/Date(1702970947000)/",25750,500,10528300,268737000000,300,false,1.18
"DIG",142820,"/Date(1702970947000)/",25750,100,10527800,268724000000,300,false,1.18
"DIG",142820,"/Date(1702970947000)/",25750,200,10527700,268722000000,300,false,1.18
"DIG",142820,"/Date(1702970947000)/",25750,400,10527500,268717000000,300,false,1.18
"DIG",142820,"/Date(1702970947000)/",25750,1000,10527100,268706000000,300,false,1.18
"DIG",142820,"/Date(1702970947000)/",25750,3000,10526100,268681000000,300,false,1.18
"DIG",142820,"/Date(1702970947000)/",25750,2500,10523100,268603000000,300,false,1.18
"DIG",142820,"/Date(1702970947000)/",25750,900,10520600,268539000000,300,false,1.18
"DIG",142820,"/Date(1702970945000)/",25750,1100,10519700,268516000000,300,false,1.18
"DIG",142816,"/Date(1702970943000)/",25700,100,10518600,268488000000,250,true,0.98
"DIG",142816,"/Date(1702970942000)/",25700,1000,10518500,268485000000,250,true,0.98
"DIG",142813,"/Date(1702970942000)/",25700,100,10517500,268459000000,250,true,0.98
"DIG",142813,"/Date(1702970940000)/",25700,100,10517400,268457000000,250,true,0.98
"DIG",142813,"/Date(1702970940000)/",25750,100,10517300,268454000000,300,false,1.18
"DIG",142813,"/Date(1702970940000)/",25700,100,10517200,268452000000,250,true,0.98
"DIG",142810,"/Date(1702970938000)/",25700,100,10517100,268449000000,250,true,0.98
"DIG",142810,"/Date(1702970936000)/",25700,1000,10517000,268446000000,250,true,0.98
"DIG",142807,"/Date(1702970935000)/",25700,1600,10516000,268421000000,250,true,0.98
"DIG",142807,"/Date(1702970935000)/",25700,400,10514400,268380000000,250,true,0.98
"DIG",142804,"/Date(1702970932000)/",25700,300,10514000,268369000000,250,false,0.98
"DIG",142804,"/Date(1702970931000)/",25700,200,10513700,268362000000,250,false,0.98
"DIG",142804,"/Date(1702970931000)/",25700,1500,10513500,268356000000,250,false,0.98
"DIG",142804,"/Date(1702970931000)/",25700,300,10512000,268318000000,250,false,0.98
"DIG",142804,"/Date(1702970931000)/",25700,100,10511700,268310000000,250,false,0.98
"DIG",142804,"/Date(1702970931000)/",25700,200,10511600,268308000000,250,false,0.98
"DIG",142800,"/Date(1702970929000)/",25700,1800,10511400,268303000000,250,false,0.98
"DIG",142800,"/Date(1702970929000)/",25700,100,10509600,268256000000,250,false,0.98
"DIG",142800,"/Date(1702970929000)/",25700,100,10509500,268254000000,250,false,0.98
"DIG",142800,"/Date(1702970929000)/",25700,1000,10509400,268251000000,250,false,0.98
"DIG",142800,"/Date(1702970929000)/",25700,100,10508400,268225000000,250,false,0.98
"DIG",142800,"/Date(1702970929000)/",25700,100,10508300,268223000000,250,false,0.98
"DIG",142800,"/Date(1702970929000)/",25700,100,10508200,268220000000,250,false,0.98
"DIG",142800,"/Date(1702970929000)/",25700,1700,10508100,268218000000,250,false,0.98
"DIG",142800,"/Date(1702970929000)/",25700,300,10506400,268174000000,250,false,0.98
"DIG",142800,"/Date(1702970928000)/",25700,100,10506100,268166000000,250,false,0.98
"DIG",142800,"/Date(1702970928000)/",25700,2000,10506000,268164000000,250,false,0.98
"DIG",142800,"/Date(1702970927000)/",25700,3000,10504000,268112000000,250,false,0.98
"DIG",142800,"/Date(1702970927000)/",25700,1000,10501000,268035000000,250,false,0.98
"DIG",142800,"/Date(1702970927000)/",25700,1900,10500000,268010000000,250,false,0.98
"DIG",142800,"/Date(1702970927000)/",25700,100,10498100,267961000000,250,false,0.98
"DIG",142800,"/Date(1702970927000)/",25700,500,10498000,267958000000,250,false,0.98
"DIG",142800,"/Date(1702970927000)/",25700,900,10497500,267945000000,250,false,0.98
"DIG",142800,"/Date(1702970927000)/",25700,1000,10496600,267922000000,250,false,0.98
"DIG",142800,"/Date(1702970927000)/",25700,400,10495600,267896000000,250,false,0.98
"DIG",142800,"/Date(1702970927000)/",25700,2500,10495200,267886000000,250,false,0.98
"DIG",142800,"/Date(1702970927000)/",25700,500,10492700,267822000000,250,false,0.98
"DIG",142800,"/Date(1702970927000)/",25700,100,10492200,267809000000,250,false,0.98
"DIG",142800,"/Date(1702970927000)/",25700,100,10492100,267806000000,250,false,0.98
"DIG",142800,"/Date(1702970927000)/",25700,100,10492000,267804000000,250,false,0.98
"DIG",142800,"/Date(1702970927000)/",25700,100,10491900,267801000000,250,false,0.98
"DIG",142757,"/Date(1702970926000)/",25700,200,10491800,267799000000,250,false,0.98
"DIG",142757,"/Date(1702970926000)/",25700,800,10491600,267794000000,250,false,0.98
"DIG",142757,"/Date(1702970926000)/",25700,100,10490800,267773000000,250,false,0.98
"DIG",142757,"/Date(1702970926000)/",25700,100,10490700,267771000000,250,false,0.98
"DIG",142757,"/Date(1702970926000)/",25700,100,10490600,267768000000,250,false,0.98
"DIG",142757,"/Date(1702970926000)/",25700,100,10490500,267765000000,250,false,0.98
"DIG",142757,"/Date(1702970926000)/",25700,100,10490400,267763000000,250,false,0.98
"DIG",142757,"/Date(1702970926000)/",25700,100,10490300,267760000000,250,false,0.98
"DIG",142757,"/Date(1702970926000)/",25700,100,10490200,267758000000,250,false,0.98
"DIG",142757,"/Date(1702970926000)/",25700,100,10490100,267755000000,250,false,0.98
"DIG",142757,"/Date(1702970926000)/",25700,200,10490000,267753000000,250,false,0.98
"DIG",142757,"/Date(1702970926000)/",25700,2000,10489800,267747000000,250,false,0.98
"DIG",142757,"/Date(1702970926000)/",25700,100,10487800,267696000000,250,false,0.98
"DIG",142757,"/Date(1702970926000)/",25700,100,10487700,267693000000,250,false,0.98
"DIG",142757,"/Date(1702970926000)/",25700,100,10487600,267691000000,250,false,0.98
"DIG",142757,"/Date(1702970926000)/",25700,100,10487500,267688000000,250,false,0.98
"DIG",142757,"/Date(1702970926000)/",25700,1000,10487400,267686000000,250,false,0.98
"DIG",142757,"/Date(1702970926000)/",25700,4800,10486400,267660000000,250,false,0.98
"DIG",142757,"/Date(1702970925000)/",25700,5000,10481600,267537000000,250,false,0.98
"DIG",142757,"/Date(1702970925000)/",25700,1000,10476600,267408000000,250,false,0.98
"DIG",142757,"/Date(1702970925000)/",25700,100,10475600,267382000000,250,false,0.98
"DIG",142757,"/Date(1702970924000)/",25700,20000,10475500,267380000000,250,false,0.98
"DIG",142757,"/Date(1702970924000)/",25650,2400,10455500,266866000000,200,true,0.79
"DIG",142757,"/Date(1702970924000)/",25650,300,10453100,266804000000,200,true,0.79
"DIG",142757,"/Date(1702970924000)/",25650,200,10452800,266797000000,200,true,0.79
"DIG",142757,"/Date(1702970924000)/",25650,500,10452600,266791000000,200,true,0.79
"DIG",142757,"/Date(1702970924000)/",25650,600,10452100,266779000000,200,true,0.79
"DIG",142757,"/Date(1702970923000)/",25700,9100,10451500,266763000000,250,false,0.98
"DIG",142757,"/Date(1702970923000)/",25700,2000,10442400,266529000000,250,false,0.98
"DIG",142757,"/Date(1702970923000)/",25700,3000,10440400,266478000000,250,false,0.98
"DIG",142757,"/Date(1702970923000)/",25700,1000,10437400,266401000000,250,false,0.98
"DIG",142757,"/Date(1702970923000)/",25700,2000,10436400,266375000000,250,false,0.98
"DIG",142757,"/Date(1702970923000)/",25700,2000,10434400,266324000000,250,false,0.98
"DIG",142757,"/Date(1702970923000)/",25700,4000,10432400,266272000000,250,false,0.98
"DIG",142757,"/Date(1702970923000)/",25700,500,10428400,266170000000,250,false,0.98
"DIG",142757,"/Date(1702970923000)/",25700,100,10427900,266157000000,250,false,0.98
"DIG",142757,"/Date(1702970923000)/",25700,500,10427800,266154000000,250,false,0.98
"DIG",142757,"/Date(1702970923000)/",25700,2000,10427300,266141000000,250,false,0.98
"DIG",142757,"/Date(1702970923000)/",25700,1000,10425300,266090000000,250,false,0.98
"DIG",142757,"/Date(1702970923000)/",25700,5000,10424300,266064000000,250,false,0.98
"DIG",142757,"/Date(1702970923000)/",25700,100,10419300,265936000000,250,false,0.98
"DIG",142757,"/Date(1702970923000)/",25700,3500,10419200,265933000000,250,false,0.98
"DIG",142757,"/Date(1702970923000)/",25700,1000,10415700,265843000000,250,false,0.98
"DIG",142757,"/Date(1702970923000)/",25700,2000,10414700,265818000000,250,false,0.98
"DIG",142757,"/Date(1702970923000)/",25700,200,10412700,265766000000,250,false,0.98
"DIG",142757,"/Date(1702970923000)/",25700,500,10412500,265761000000,250,false,0.98
"DIG",142757,"/Date(1702970923000)/",25700,500,10412000,265748000000,250,false,0.98
"DIG",142757,"/Date(1702970923000)/",25700,1000,10411500,265735000000,250,false,0.98
"DIG",142757,"/Date(1702970923000)/",25700,500,10410500,265710000000,250,false,0.98
"DIG",142757,"/Date(1702970923000)/",25700,2000,10410000,265697000000,250,false,0.98
"DIG",142757,"/Date(1702970923000)/",25700,100,10408000,265645000000,250,false,0.98
"DIG",142757,"/Date(1702970923000)/",25700,2200,10407900,265643000000,250,false,0.98
"DIG",142757,"/Date(1702970923000)/",25700,500,10405700,265586000000,250,false,0.98
"DIG",142757,"/Date(1702970923000)/",25700,5000,10405200,265573000000,250,false,0.98
"DIG",142757,"/Date(1702970923000)/",25700,100,10400200,265445000000,250,false,0.98
"DIG",142757,"/Date(1702970923000)/",25700,400,10400100,265442000000,250,false,0.98
"DIG",142757,"/Date(1702970923000)/",25700,200,10399700,265432000000,250,false,0.98
"DIG",142757,"/Date(1702970923000)/",25700,200,10399500,265427000000,250,false,0.98
"DIG",142757,"/Date(1702970923000)/",25700,200,10399300,265422000000,250,false,0.98
"DIG",142757,"/Date(1702970923000)/",25700,10000,10399100,265417000000,250,false,0.98
"DIG",142757,"/Date(1702970923000)/",25700,100,10389100,265160000000,250,false,0.98
"DIG",142757,"/Date(1702970923000)/",25700,1000,10389000,265157000000,250,false,0.98
"DIG",142757,"/Date(1702970923000)/",25700,200,10388000,265131000000,250,false,0.98
"DIG",142757,"/Date(1702970923000)/",25700,5000,10387800,265126000000,250,false,0.98
"DIG",142757,"/Date(1702970923000)/",25700,8300,10382800,264998000000,250,false,0.98
"DIG",142754,"/Date(1702970922000)/",25700,1700,10374500,264784000000,250,false,0.98
"DIG",142754,"/Date(1702970922000)/",25700,1300,10372800,264741000000,250,false,0.98
"DIG",142754,"/Date(1702970921000)/",25700,2000,10371500,264707000000,250,false,0.98
"DIG",142754,"/Date(1702970921000)/",25700,1700,10369500,264656000000,250,false,0.98
"DIG",142754,"/Date(1702970921000)/",25700,500,10367800,264612000000,250,false,0.98
"DIG",142754,"/Date(1702970921000)/",25700,100,10367300,264599000000,250,false,0.98
"DIG",142754,"/Date(1702970921000)/",25700,200,10367200,264597000000,250,false,0.98
"DIG",142754,"/Date(1702970921000)/",25700,500,10367000,264592000000,250,false,0.98
"DIG",142754,"/Date(1702970921000)/",25700,1500,10366500,264579000000,250,false,0.98
"DIG",142754,"/Date(1702970921000)/",25700,1500,10365000,264540000000,250,false,0.98
"DIG",142754,"/Date(1702970920000)/",25650,200,10363500,264502000000,200,true,0.79
"DIG",142754,"/Date(1702970920000)/",25700,300,10363300,264497000000,250,false,0.98
"DIG",142751,"/Date(1702970919000)/",25700,2200,10363000,264489000000,250,false,0.98
"DIG",142751,"/Date(1702970919000)/",25700,1000,10360800,264432000000,250,false,0.98
"DIG",142751,"/Date(1702970919000)/",25700,100,10359800,264407000000,250,false,0.98
"DIG",142751,"/Date(1702970919000)/",25700,1700,10359700,264404000000,250,false,0.98
"DIG",142751,"/Date(1702970919000)/",25700,100,10358000,264360000000,250,false,0.98
"DIG",142751,"/Date(1702970919000)/",25700,500,10357900,264358000000,250,false,0.98
"DIG",142751,"/Date(1702970918000)/",25700,12700,10357400,264345000000,250,false,0.98
"DIG",142751,"/Date(1702970918000)/",25700,1000,10344700,264019000000,250,false,0.98
"DIG",142751,"/Date(1702970918000)/",25700,1000,10343700,263993000000,250,false,0.98
"DIG",142751,"/Date(1702970918000)/",25700,1500,10342700,263967000000,250,false,0.98
"DIG",142751,"/Date(1702970918000)/",25700,12800,10341200,263929000000,250,false,0.98
"DIG",142751,"/Date(1702970918000)/",25700,200,10328400,263600000000,250,false,0.98
"DIG",142751,"/Date(1702970917000)/",25700,100,10328200,263594000000,250,false,0.98
"DIG",142748,"/Date(1702970916000)/",25700,5000,10328100,263592000000,250,false,0.98
"DIG",142748,"/Date(1702970915000)/",25700,27000,10323100,263463000000,250,false,0.98
"DIG",142748,"/Date(1702970914000)/",25650,5000,10296100,262770000000,200,true,0.79
"DIG",142748,"/Date(1702970914000)/",25650,200,10291100,262641000000,200,true,0.79
"DIG",142748,"/Date(1702970914000)/",25650,200,10290900,262636000000,200,true,0.79
"DIG",142748,"/Date(1702970914000)/",25650,500,10290700,262631000000,200,true,0.79
"DIG",142748,"/Date(1702970914000)/",25650,100,10290200,262618000000,200,true,0.79
"DIG",142744,"/Date(1702970913000)/",25700,20000,10290100,262616000000,250,false,0.98
"DIG",142744,"/Date(1702970912000)/",25700,400,10270100,262102000000,250,false,0.98
"DIG",142741,"/Date(1702970908000)/",25700,300,10269700,262091000000,250,false,0.98
"DIG",142741,"/Date(1702970907000)/",25700,2000,10269400,262084000000,250,false,0.98
"DIG",142738,"/Date(1702970905000)/",25700,2200,10267400,262032000000,250,false,0.98
"DIG",142738,"/Date(1702970905000)/",25700,2000,10265200,261976000000,250,false,0.98
"DIG",142735,"/Date(1702970903000)/",25700,1000,10263200,261924000000,250,false,0.98
"DIG",142735,"/Date(1702970903000)/",25700,2000,10262200,261899000000,250,false,0.98
"DIG",142735,"/Date(1702970901000)/",25700,400,10260200,261847000000,250,false,0.98
"DIG",142732,"/Date(1702970898000)/",25700,100,10259800,261837000000,250,false,0.98
"DIG",142732,"/Date(1702970898000)/",25700,7200,10259700,261834000000,250,false,0.98
"DIG",142728,"/Date(1702970896000)/",25700,9000,10252500,261649000000,250,false,0.98
"DIG",142725,"/Date(1702970893000)/",25700,500,10243500,261418000000,250,false,0.98
"DIG",142722,"/Date(1702970890000)/",25650,400,10243000,261405000000,200,true,0.79
"DIG",142722,"/Date(1702970889000)/",25700,2000,10242600,261395000000,250,false,0.98
"DIG",142722,"/Date(1702970888000)/",25700,800,10240600,261343000000,250,false,0.98
"DIG",142716,"/Date(1702970884000)/",25650,1600,10239800,261323000000,200,true,0.79
"DIG",142716,"/Date(1702970884000)/",25650,1400,10238200,261282000000,200,true,0.79
"DIG",142716,"/Date(1702970882000)/",25700,400,10236800,261246000000,250,false,0.98
"DIG",142716,"/Date(1702970882000)/",25650,3000,10236400,261236000000,200,true,0.79
"DIG",142716,"/Date(1702970882000)/",25700,500,10233400,261159000000,250,false,0.98
"DIG",142712,"/Date(1702970880000)/",25650,600,10232900,261146000000,200,true,0.79
"DIG",142712,"/Date(1702970880000)/",25650,400,10232300,261130000000,200,true,0.79
"DIG",142712,"/Date(1702970879000)/",25650,500,10231900,261120000000,200,true,0.79
"DIG",142712,"/Date(1702970879000)/",25700,500,10231400,261107000000,250,false,0.98
"DIG",142712,"/Date(1702970879000)/",25700,1000,10230900,261095000000,250,false,0.98
"DIG",142712,"/Date(1702970879000)/",25700,300,10229900,261069000000,250,false,0.98
"DIG",142712,"/Date(1702970879000)/",25650,25000,10229600,261061000000,200,true,0.79
"DIG",142709,"/Date(1702970875000)/",25650,2000,10204600,260420000000,200,true,0.79
"DIG",142703,"/Date(1702970871000)/",25650,700,10202600,260369000000,200,true,0.79
"DIG",142703,"/Date(1702970871000)/",25650,1000,10201900,260351000000,200,true,0.79
"DIG",142703,"/Date(1702970871000)/",25650,8000,10200900,260325000000,200,true,0.79
"DIG",142703,"/Date(1702970871000)/",25650,1000,10192900,260120000000,200,true,0.79
"DIG",142703,"/Date(1702970871000)/",25650,100,10191900,260094000000,200,true,0.79
"DIG",142703,"/Date(1702970871000)/",25650,25100,10191800,260092000000,200,true,0.79
"DIG",142703,"/Date(1702970871000)/",25650,3000,10166700,259448000000,200,true,0.79
"DIG",142703,"/Date(1702970871000)/",25650,7000,10163700,259371000000,200,true,0.79
"DIG",142703,"/Date(1702970871000)/",25650,2000,10156700,259191000000,200,true,0.79
"DIG",142703,"/Date(1702970871000)/",25650,2500,10154700,259140000000,200,true,0.79
"DIG",142703,"/Date(1702970871000)/",25650,16600,10152200,259076000000,200,true,0.79
"DIG",142703,"/Date(1702970871000)/",25650,18400,10135600,258650000000,200,true,0.79
"DIG",142703,"/Date(1702970871000)/",25650,16500,10117200,258178000000,200,true,0.79
"DIG",142703,"/Date(1702970871000)/",25650,1000,10100700,257755000000,200,true,0.79
"DIG",142703,"/Date(1702970871000)/",25650,100,10099700,257729000000,200,true,0.79
"DIG",142703,"/Date(1702970871000)/",25650,600,10099600,257727000000,200,true,0.79
"DIG",142703,"/Date(1702970871000)/",25650,100,10099000,257711000000,200,true,0.79
"DIG",142703,"/Date(1702970871000)/",25650,2000,10098900,257709000000,200,true,0.79
"DIG",142703,"/Date(1702970871000)/",25650,3000,10096900,257657000000,200,true,0.79
"DIG",142703,"/Date(1702970871000)/",25650,1000,10093900,257580000000,200,true,0.79
"DIG",142703,"/Date(1702970871000)/",25650,5000,10092900,257555000000,200,true,0.79
"DIG",142703,"/Date(1702970871000)/",25650,2000,10087900,257427000000,200,true,0.79
"DIG",142703,"/Date(1702970871000)/",25650,500,10085900,257375000000,200,true,0.79
"DIG",142703,"/Date(1702970871000)/",25650,500,10085400,257362000000,200,true,0.79
"DIG",142703,"/Date(1702970871000)/",25650,1000,10084900,257350000000,200,true,0.79
"DIG",142703,"/Date(1702970871000)/",25650,1000,10083900,257324000000,200,true,0.79
"DIG",142703,"/Date(1702970871000)/",25650,200,10082900,257298000000,200,true,0.79
"DIG",142703,"/Date(1702970871000)/",25650,400,10082700,257293000000,200,true,0.79
"DIG",142703,"/Date(1702970871000)/",25650,1800,10082300,257283000000,200,true,0.79
"DIG",142656,"/Date(1702970863000)/",25600,10000,10080500,257237000000,150,false,0.59
"DIG",142656,"/Date(1702970863000)/",25600,2800,10070500,256981000000,150,false,0.59
"DIG",142656,"/Date(1702970863000)/",25600,2000,10067700,256909000000,150,false,0.59
"DIG",142656,"/Date(1702970863000)/",25600,1000,10065700,256858000000,150,false,0.59
"DIG",142656,"/Date(1702970863000)/",25600,1700,10064700,256832000000,150,false,0.59
"DIG",142656,"/Date(1702970862000)/",25600,500,10063000,256789000000,150,false,0.59
"DIG",142653,"/Date(1702970862000)/",25600,200,10062500,256776000000,150,false,0.59
"DIG",142653,"/Date(1702970860000)/",25600,1000,10062300,256771000000,150,false,0.59
"DIG",142653,"/Date(1702970860000)/",25600,600,10061300,256745000000,150,false,0.59
"DIG",142653,"/Date(1702970860000)/",25600,300,10060700,256730000000,150,false,0.59
"DIG",142653,"/Date(1702970860000)/",25600,3100,10060400,256722000000,150,false,0.59
"DIG",142650,"/Date(1702970858000)/",25600,1000,10057300,256643000000,150,false,0.59
"DIG",142650,"/Date(1702970858000)/",25600,5000,10056300,256617000000,150,false,0.59
"DIG",142650,"/Date(1702970858000)/",25600,1000,10051300,256489000000,150,false,0.59
"DIG",142650,"/Date(1702970858000)/",25600,1000,10050300,256464000000,150,false,0.59
"DIG",142650,"/Date(1702970858000)/",25600,500,10049300,256438000000,150,false,0.59
"DIG",142650,"/Date(1702970858000)/",25600,800,10048800,256425000000,150,false,0.59
"DIG",142650,"/Date(1702970858000)/",25600,1000,10048000,256405000000,150,false,0.59
"DIG",142650,"/Date(1702970858000)/",25600,700,10047000,256379000000,150,false,0.59
"DIG",142650,"/Date(1702970858000)/",25600,100,10046300,256361000000,150,false,0.59
"DIG",142650,"/Date(1702970858000)/",25600,1000,10046200,256359000000,150,false,0.59
"DIG",142650,"/Date(1702970857000)/",25600,400,10045200,256333000000,150,false,0.59
"DIG",142650,"/Date(1702970857000)/",25600,100,10044800,256323000000,150,false,0.59
"DIG",142650,"/Date(1702970857000)/",25600,3000,10044700,256320000000,150,false,0.59
"DIG",142650,"/Date(1702970857000)/",25600,9500,10041700,256243000000,150,false,0.59
"DIG",142650,"/Date(1702970857000)/",25600,500,10032200,256000000000,150,false,0.59
"DIG",142650,"/Date(1702970857000)/",25600,2000,10031700,255987000000,150,false,0.59
"DIG",142650,"/Date(1702970857000)/",25600,1000,10029700,255936000000,150,false,0.59
"DIG",142647,"/Date(1702970854000)/",25600,2000,10028700,255911000000,150,false,0.59
"DIG",142647,"/Date(1702970854000)/",25600,5200,10026700,255859000000,150,false,0.59
"DIG",142647,"/Date(1702970854000)/",25600,2800,10021500,255726000000,150,false,0.59
"DIG",142644,"/Date(1702970852000)/",25600,2200,10018700,255655000000,150,false,0.59
"DIG",142644,"/Date(1702970852000)/",25600,5000,10016500,255598000000,150,false,0.59
"DIG",142644,"/Date(1702970852000)/",25600,100,10011500,255470000000,150,false,0.59
"DIG",142644,"/Date(1702970852000)/",25600,1000,10011400,255468000000,150,false,0.59
"DIG",142644,"/Date(1702970852000)/",25600,500,10010400,255442000000,150,false,0.59
"DIG",142644,"/Date(1702970852000)/",25600,5000,10009900,255429000000,150,false,0.59
"DIG",142644,"/Date(1702970852000)/",25600,1000,10004900,255301000000,150,false,0.59
"DIG",142644,"/Date(1702970852000)/",25600,1000,10003900,255276000000,150,false,0.59
"DIG",142644,"/Date(1702970852000)/",25600,2000,10002900,255250000000,150,false,0.59
"DIG",142644,"/Date(1702970852000)/",25600,5000,10000900,255199000000,150,false,0.59
"DIG",142644,"/Date(1702970852000)/",25600,500,9995900,255071000000,150,false,0.59
"DIG",142644,"/Date(1702970852000)/",25600,2000,9995400,255058000000,150,false,0.59
"DIG",142644,"/Date(1702970852000)/",25600,500,9993400,255007000000,150,false,0.59
"DIG",142644,"/Date(1702970852000)/",25600,1000,9992900,254994000000,150,false,0.59
"DIG",142644,"/Date(1702970852000)/",25600,2100,9991900,254969000000,150,false,0.59
"DIG",142644,"/Date(1702970852000)/",25600,20000,9989800,254915000000,150,false,0.59
"DIG",142644,"/Date(1702970852000)/",25600,1100,9969800,254403000000,150,false,0.59
"DIG",142644,"/Date(1702970852000)/",25600,100,9968700,254375000000,150,false,0.59
"DIG",142644,"/Date(1702970851000)/",25550,700,9968600,254372000000,100,true,0.39
"DIG",142644,"/Date(1702970851000)/",25550,200,9967900,254354000000,100,true,0.39
"DIG",142644,"/Date(1702970851000)/",25550,500,9967700,254349000000,100,true,0.39
"DIG",142644,"/Date(1702970851000)/",25600,5000,9967200,254336000000,150,false,0.59
"DIG",142640,"/Date(1702970849000)/",25600,6800,9962200,254208000000,150,false,0.59
"DIG",142640,"/Date(1702970849000)/",25600,100,9955400,254034000000,150,false,0.59
"DIG",142640,"/Date(1702970849000)/",25600,2000,9955300,254032000000,150,false,0.59
"DIG",142640,"/Date(1702970849000)/",25600,600,9953300,253980000000,150,false,0.59
"DIG",142640,"/Date(1702970849000)/",25600,500,9952700,253965000000,150,false,0.59
"DIG",142640,"/Date(1702970847000)/",25600,1500,9952200,253952000000,150,false,0.59
"DIG",142640,"/Date(1702970847000)/",25600,1000,9950700,253914000000,150,false,0.59
"DIG",142640,"/Date(1702970847000)/",25600,500,9949700,253888000000,150,false,0.59
"DIG",142637,"/Date(1702970846000)/",25600,200,9949200,253876000000,150,false,0.59
"DIG",142637,"/Date(1702970844000)/",25600,100,9949000,253870000000,150,false,0.59
"DIG",142634,"/Date(1702970843000)/",25550,300,9948900,253868000000,100,true,0.39
"DIG",142634,"/Date(1702970843000)/",25550,1000,9948600,253860000000,100,true,0.39
"DIG",142634,"/Date(1702970843000)/",25550,200,9947600,253835000000,100,true,0.39
"DIG",142634,"/Date(1702970840000)/",25600,400,9947400,253830000000,150,false,0.59
"DIG",142631,"/Date(1702970839000)/",25600,100,9947000,253819000000,150,false,0.59
"DIG",142631,"/Date(1702970838000)/",25550,400,9946900,253817000000,100,true,0.39
"DIG",142631,"/Date(1702970838000)/",25550,600,9946500,253806000000,100,true,0.39
"DIG",142628,"/Date(1702970836000)/",25600,700,9945900,253791000000,150,false,0.59
"DIG",142628,"/Date(1702970836000)/",25600,300,9945200,253773000000,150,false,0.59
"DIG",142625,"/Date(1702970833000)/",25600,2300,9944900,253766000000,150,false,0.59
"DIG",142625,"/Date(1702970833000)/",25600,600,9942600,253707000000,150,false,0.59
"DIG",142625,"/Date(1702970831000)/",25600,400,9942000,253691000000,150,false,0.59
"DIG",142625,"/Date(1702970831000)/",25600,1000,9941600,253681000000,150,false,0.59
"DIG",142625,"/Date(1702970831000)/",25600,100,9940600,253655000000,150,false,0.59
"DIG",142625,"/Date(1702970831000)/",25600,5500,9940500,253653000000,150,false,0.59
"DIG",142625,"/Date(1702970830000)/",25600,3600,9935000,253512000000,150,false,0.59
"DIG",142625,"/Date(1702970830000)/",25600,900,9931400,253420000000,150,false,0.59
"DIG",142625,"/Date(1702970830000)/",25600,100,9930500,253397000000,150,false,0.59
"DIG",142615,"/Date(1702970823000)/",25550,4700,9930400,253394000000,100,true,0.39
"DIG",142615,"/Date(1702970823000)/",25550,1000,9925700,253274000000,100,true,0.39
"DIG",142615,"/Date(1702970823000)/",25550,4300,9924700,253249000000,100,true,0.39
"DIG",142612,"/Date(1702970821000)/",25600,300,9920400,253139000000,150,false,0.59
"DIG",142612,"/Date(1702970819000)/",25550,1000,9920100,253131000000,100,false,0.39
"DIG",142612,"/Date(1702970819000)/",25550,2000,9919100,253106000000,100,false,0.39
"DIG",142612,"/Date(1702970819000)/",25550,4700,9917100,253055000000,100,false,0.39
"DIG",142612,"/Date(1702970818000)/",25550,100,9912400,252934000000,100,false,0.39
"DIG",142609,"/Date(1702970816000)/",25550,100,9912300,252932000000,100,false,0.39
"DIG",142609,"/Date(1702970815000)/",25550,100,9912200,252929000000,100,false,0.39
"DIG",142609,"/Date(1702970815000)/",25550,900,9912100,252927000000,100,false,0.39
"DIG",142609,"/Date(1702970815000)/",25550,500,9911200,252904000000,100,false,0.39
"DIG",142605,"/Date(1702970814000)/",25550,100,9910700,252891000000,100,false,0.39
"DIG",142605,"/Date(1702970813000)/",25550,1000,9910600,252888000000,100,false,0.39
"DIG",142605,"/Date(1702970812000)/",25550,200,9909600,252863000000,100,false,0.39
"DIG",142605,"/Date(1702970812000)/",25550,2300,9909400,252858000000,100,false,0.39
"DIG",142605,"/Date(1702970812000)/",25550,400,9907100,252799000000,100,false,0.39
"DIG",142605,"/Date(1702970812000)/",25550,2300,9906700,252789000000,100,false,0.39
"DIG",142605,"/Date(1702970811000)/",25550,500,9904400,252730000000,100,false,0.39
"DIG",142602,"/Date(1702970811000)/",25550,1200,9903900,252717000000,100,false,0.39
"DIG",142602,"/Date(1702970811000)/",25550,100,9902700,252687000000,100,false,0.39
"DIG",142602,"/Date(1702970811000)/",25550,2000,9902600,252684000000,100,false,0.39
"DIG",142602,"/Date(1702970811000)/",25550,500,9900600,252633000000,100,false,0.39
"DIG",142602,"/Date(1702970811000)/",25550,1200,9900100,252620000000,100,false,0.39
"DIG",142602,"/Date(1702970809000)/",25550,800,9898900,252590000000,100,false,0.39
"DIG",142602,"/Date(1702970809000)/",25550,2900,9898100,252569000000,100,false,0.39
"DIG",142602,"/Date(1702970809000)/",25550,300,9895200,252495000000,100,false,0.39
"DIG",142559,"/Date(1702970807000)/",25550,2500,9894900,252487000000,100,false,0.39
"DIG",142559,"/Date(1702970806000)/",25550,100,9892400,252423000000,100,false,0.39
"DIG",142559,"/Date(1702970805000)/",25550,100,9892300,252421000000,100,false,0.39
"DIG",142559,"/Date(1702970805000)/",25550,100,9892200,252418000000,100,false,0.39
"DIG",142556,"/Date(1702970804000)/",25550,500,9892100,252416000000,100,false,0.39
"DIG",142556,"/Date(1702970804000)/",25550,5000,9891600,252403000000,100,false,0.39
"DIG",142556,"/Date(1702970804000)/",25550,300,9886600,252275000000,100,false,0.39
"DIG",142556,"/Date(1702970804000)/",25550,100,9886300,252268000000,100,false,0.39
"DIG",142556,"/Date(1702970803000)/",25550,200,9886200,252265000000,100,false,0.39
"DIG",142556,"/Date(1702970803000)/",25550,2000,9886000,252260000000,100,false,0.39
"DIG",142556,"/Date(1702970803000)/",25550,2000,9884000,252209000000,100,false,0.39
"DIG",142556,"/Date(1702970803000)/",25550,500,9882000,252158000000,100,false,0.39
"DIG",142556,"/Date(1702970802000)/",25550,10000,9881500,252145000000,100,false,0.39
"DIG",142556,"/Date(1702970802000)/",25550,1900,9871500,251889000000,100,false,0.39
"DIG",142553,"/Date(1702970801000)/",25550,1200,9869600,251841000000,100,false,0.39
"DIG",142553,"/Date(1702970800000)/",25550,10000,9868400,251810000000,100,false,0.39
"DIG",142553,"/Date(1702970800000)/",25550,2400,9858400,251555000000,100,false,0.39
"DIG",142553,"/Date(1702970799000)/",25550,3000,9856000,251493000000,100,false,0.39
"DIG",142553,"/Date(1702970799000)/",25550,100,9853000,251417000000,100,false,0.39
"DIG",142553,"/Date(1702970798000)/",25550,100,9852900,251414000000,100,false,0.39
"DIG",142549,"/Date(1702970798000)/",25550,1000,9852800,251412000000,100,false,0.39
"DIG",142549,"/Date(1702970798000)/",25550,1000,9851800,251386000000,100,false,0.39
"DIG",142549,"/Date(1702970797000)/",25550,100,9850800,251361000000,100,false,0.39
"DIG",142549,"/Date(1702970797000)/",25550,1400,9850700,251358000000,100,false,0.39
"DIG",142549,"/Date(1702970797000)/",25550,5000,9849300,251322000000,100,false,0.39
"DIG",142549,"/Date(1702970796000)/",25550,700,9844300,251194000000,100,false,0.39
"DIG",142549,"/Date(1702970796000)/",25550,800,9843600,251177000000,100,false,0.39
"DIG",142549,"/Date(1702970795000)/",25550,1000,9842800,251156000000,100,false,0.39
"DIG",142546,"/Date(1702970794000)/",25550,1000,9841800,251131000000,100,false,0.39
"DIG",142546,"/Date(1702970793000)/",25550,1000,9840800,251105000000,100,false,0.39
"DIG",142546,"/Date(1702970793000)/",25550,1000,9839800,251080000000,100,false,0.39
"DIG",142546,"/Date(1702970792000)/",25550,3000,9838800,251054000000,100,false,0.39
"DIG",142543,"/Date(1702970792000)/",25550,300,9835800,250977000000,100,false,0.39
"DIG",142543,"/Date(1702970791000)/",25550,100,9835500,250970000000,100,false,0.39
"DIG",142543,"/Date(1702970791000)/",25550,5000,9835400,250967000000,100,false,0.39
"DIG",142543,"/Date(1702970791000)/",25550,800,9830400,250839000000,100,false,0.39
"DIG",142543,"/Date(1702970790000)/",25550,500,9829600,250819000000,100,false,0.39
"DIG",142543,"/Date(1702970789000)/",25550,1000,9829100,250806000000,100,false,0.39
"DIG",142543,"/Date(1702970789000)/",25550,10000,9828100,250781000000,100,false,0.39
"DIG",142540,"/Date(1702970788000)/",25550,12000,9818100,250525000000,100,false,0.39
"DIG",142540,"/Date(1702970787000)/",25550,300,9806100,250218000000,100,false,0.39
"DIG",142540,"/Date(1702970786000)/",25550,1100,9805800,250211000000,100,false,0.39
"DIG",142537,"/Date(1702970784000)/",25550,6600,9804700,250183000000,100,false,0.39
"DIG",142537,"/Date(1702970784000)/",25550,3400,9798100,250014000000,100,false,0.39
"DIG",142537,"/Date(1702970784000)/",25550,1200,9794700,249927000000,100,false,0.39
"DIG",142537,"/Date(1702970784000)/",25550,300,9793500,249897000000,100,false,0.39
"DIG",142537,"/Date(1702970784000)/",25550,100,9793200,249889000000,100,false,0.39
"DIG",142537,"/Date(1702970784000)/",25550,400,9793100,249886000000,100,false,0.39
"DIG",142537,"/Date(1702970783000)/",25550,100,9792700,249876000000,100,false,0.39
"DIG",142537,"/Date(1702970782000)/",25550,200,9792600,249874000000,100,false,0.39
"DIG",142533,"/Date(1702970781000)/",25550,300,9792400,249868000000,100,false,0.39
"DIG",142533,"/Date(1702970781000)/",25550,200,9792100,249861000000,100,false,0.39
"DIG",142530,"/Date(1702970779000)/",25550,800,9791900,249856000000,100,false,0.39
"DIG",142530,"/Date(1702970779000)/",25550,1500,9791100,249835000000,100,false,0.39
"DIG",142530,"/Date(1702970779000)/",25550,1000,9789600,249797000000,100,false,0.39
"DIG",142530,"/Date(1702970779000)/",25550,5000,9788600,249771000000,100,false,0.39
"DIG",142530,"/Date(1702970779000)/",25550,1000,9783600,249644000000,100,false,0.39
"DIG",142530,"/Date(1702970779000)/",25550,1000,9782600,249618000000,100,false,0.39
"DIG",142530,"/Date(1702970779000)/",25550,1000,9781600,249593000000,100,false,0.39
"DIG",142530,"/Date(1702970779000)/",25550,3700,9780600,249567000000,100,false,0.39
"DIG",142530,"/Date(1702970777000)/",25550,400,9776900,249472000000,100,false,0.39
"DIG",142530,"/Date(1702970776000)/",25550,4000,9776500,249462000000,100,false,0.39
"DIG",142530,"/Date(1702970776000)/",25550,300,9772500,249360000000,100,false,0.39
"DIG",142527,"/Date(1702970774000)/",25550,300,9772200,249352000000,100,false,0.39
"DIG",142524,"/Date(1702970772000)/",25550,3000,9771900,249345000000,100,false,0.39
"DIG",142524,"/Date(1702970770000)/",25550,200,9768900,249268000000,100,false,0.39
"DIG",142524,"/Date(1702970770000)/",25550,400,9768700,249263000000,100,false,0.39
"DIG",142521,"/Date(1702970769000)/",25550,100,9768300,249253000000,100,false,0.39
"DIG",142521,"/Date(1702970768000)/",25550,1600,9768200,249250000000,100,false,0.39
"DIG",142521,"/Date(1702970767000)/",25550,400,9766600,249209000000,100,false,0.39
"DIG",142518,"/Date(1702970766000)/",25550,500,9766200,249199000000,100,false,0.39
"DIG",142518,"/Date(1702970766000)/",25550,500,9765700,249186000000,100,false,0.39
"DIG",142518,"/Date(1702970765000)/",25550,500,9765200,249173000000,100,false,0.39
"DIG",142518,"/Date(1702970765000)/",25550,4300,9764700,249161000000,100,false,0.39
"DIG",142518,"/Date(1702970765000)/",25550,100,9760400,249051000000,100,false,0.39
"DIG",142511,"/Date(1702970757000)/",25550,500,9760300,249048000000,100,false,0.39
"DIG",142508,"/Date(1702970756000)/",25550,8000,9759800,249036000000,100,false,0.39
"DIG",142508,"/Date(1702970756000)/",25550,20000,9751800,248831000000,100,false,0.39
"DIG",142508,"/Date(1702970754000)/",25550,100,9731800,248320000000,100,false,0.39
"DIG",142508,"/Date(1702970754000)/",25550,1900,9731700,248318000000,100,false,0.39
"DIG",142505,"/Date(1702970752000)/",25550,100,9729800,248269000000,100,false,0.39
"DIG",142505,"/Date(1702970752000)/",25550,29900,9729700,248266000000,100,false,0.39
"DIG",142502,"/Date(1702970748000)/",25550,10000,9699800,247503000000,100,false,0.39
"DIG",142455,"/Date(1702970741000)/",25550,400,9689800,247247000000,100,false,0.39
"DIG",142452,"/Date(1702970739000)/",25500,500,9689400,247237000000,50,true,0.2
"DIG",142452,"/Date(1702970738000)/",25550,100,9688900,247224000000,100,false,0.39
"DIG",142452,"/Date(1702970738000)/",25500,100,9688800,247221000000,50,true,0.2
"DIG",142452,"/Date(1702970738000)/",25500,200,9688700,247219000000,50,true,0.2
"DIG",142452,"/Date(1702970738000)/",25500,1000,9688500,247214000000,50,true,0.2
"DIG",142452,"/Date(1702970737000)/",25550,300,9687500,247188000000,100,false,0.39
"DIG",142449,"/Date(1702970736000)/",25500,3000,9687200,247181000000,50,true,0.2
"DIG",142449,"/Date(1702970736000)/",25500,100,9684200,247104000000,50,true,0.2
"DIG",142446,"/Date(1702970732000)/",25500,1000,9684100,247102000000,50,true,0.2
"DIG",142446,"/Date(1702970732000)/",25500,5000,9683100,247076000000,50,true,0.2
"DIG",142436,"/Date(1702970723000)/",25500,3800,9678100,246949000000,50,true,0.2
"DIG",142436,"/Date(1702970723000)/",25500,300,9674300,246852000000,50,true,0.2
"DIG",142436,"/Date(1702970723000)/",25500,100,9674000,246844000000,50,true,0.2
"DIG",142436,"/Date(1702970723000)/",25500,800,9673900,246842000000,50,true,0.2
"DIG",142430,"/Date(1702970715000)/",25550,100,9673100,246821000000,100,false,0.39
"DIG",142426,"/Date(1702970714000)/",25500,200,9673000,246819000000,50,true,0.2
"DIG",142426,"/Date(1702970714000)/",25500,300,9672800,246813000000,50,true,0.2
"DIG",142426,"/Date(1702970714000)/",25500,200,9672500,246806000000,50,true,0.2
"DIG",142426,"/Date(1702970713000)/",25550,900,9672300,246801000000,100,false,0.39
"DIG",142426,"/Date(1702970713000)/",25550,900,9671400,246778000000,100,false,0.39
"DIG",142426,"/Date(1702970713000)/",25550,100,9670500,246755000000,100,false,0.39
"DIG",142426,"/Date(1702970713000)/",25550,1000,9670400,246752000000,100,false,0.39
"DIG",142426,"/Date(1702970713000)/",25550,100,9669400,246727000000,100,false,0.39
"DIG",142420,"/Date(1702970706000)/",25500,300,9669300,246724000000,50,true,0.2
"DIG",142420,"/Date(1702970706000)/",25500,200,9669000,246716000000,50,true,0.2
"DIG",142420,"/Date(1702970706000)/",25500,1000,9668800,246711000000,50,true,0.2
"DIG",142420,"/Date(1702970706000)/",25500,100,9667800,246686000000,50,true,0.2
"DIG",142420,"/Date(1702970706000)/",25500,5000,9667700,246683000000,50,true,0.2
"DIG",142420,"/Date(1702970706000)/",25500,200,9662700,246556000000,50,true,0.2
"DIG",142420,"/Date(1702970706000)/",25500,100,9662500,246551000000,50,true,0.2
"DIG",142420,"/Date(1702970706000)/",25500,5000,9662400,246548000000,50,true,0.2
"DIG",142420,"/Date(1702970706000)/",25500,500,9657400,246421000000,50,true,0.2
"DIG",142420,"/Date(1702970706000)/",25500,200,9656900,246408000000,50,true,0.2
"DIG",142420,"/Date(1702970706000)/",25500,3000,9656700,246403000000,50,true,0.2
"DIG",142420,"/Date(1702970706000)/",25500,1900,9653700,246326000000,50,true,0.2
"DIG",142420,"/Date(1702970706000)/",25500,200,9651800,246278000000,50,true,0.2
"DIG",142420,"/Date(1702970706000)/",25500,2000,9651600,246273000000,50,true,0.2
"DIG",142420,"/Date(1702970706000)/",25500,100,9649600,246222000000,50,true,0.2
"DIG",142420,"/Date(1702970706000)/",25500,100,9649500,246219000000,50,true,0.2
"DIG",142420,"/Date(1702970706000)/",25500,100,9649400,246217000000,50,true,0.2
"DIG",142410,"/Date(1702970697000)/",25550,100,9649300,246214000000,100,false,0.39
"DIG",142404,"/Date(1702970691000)/",25550,300,9649200,246212000000,100,false,0.39
"DIG",142404,"/Date(1702970691000)/",25550,200,9648900,246204000000,100,false,0.39
"DIG",142358,"/Date(1702970684000)/",25500,500,9648700,246199000000,50,true,0.2
"DIG",142351,"/Date(1702970678000)/",25500,2400,9648200,246186000000,50,true,0.2
"DIG",142351,"/Date(1702970678000)/",25500,1000,9645800,246125000000,50,true,0.2
"DIG",142351,"/Date(1702970678000)/",25500,400,9644800,246099000000,50,true,0.2
"DIG",142351,"/Date(1702970678000)/",25500,1000,9644400,246089000000,50,true,0.2
"DIG",142351,"/Date(1702970678000)/",25500,200,9643400,246064000000,50,true,0.2
"DIG",142351,"/Date(1702970678000)/",25550,2800,9643200,246058000000,100,false,0.39
"DIG",142351,"/Date(1702970677000)/",25500,2000,9640400,245987000000,50,true,0.2
"DIG",142345,"/Date(1702970673000)/",25500,500,9638400,245936000000,50,true,0.2
"DIG",142342,"/Date(1702970669000)/",25500,2000,9637900,245923000000,50,false,0.2
"DIG",142342,"/Date(1702970669000)/",25500,5000,9635900,245872000000,50,false,0.2
"DIG",142342,"/Date(1702970669000)/",25500,3000,9630900,245745000000,50,false,0.2
"DIG",142342,"/Date(1702970669000)/",25500,2000,9627900,245668000000,50,false,0.2
"DIG",142342,"/Date(1702970669000)/",25500,500,9625900,245617000000,50,false,0.2
"DIG",142342,"/Date(1702970669000)/",25500,2100,9625400,245604000000,50,false,0.2
"DIG",142342,"/Date(1702970669000)/",25500,100,9623300,245551000000,50,false,0.2
"DIG",142342,"/Date(1702970668000)/",25500,200,9623200,245548000000,50,false,0.2
"DIG",142342,"/Date(1702970668000)/",25500,100,9623000,245543000000,50,false,0.2
"DIG",142342,"/Date(1702970668000)/",25500,200,9622900,245541000000,50,false,0.2
"DIG",142342,"/Date(1702970667000)/",25500,3000,9622700,245536000000,50,false,0.2
"DIG",142338,"/Date(1702970665000)/",25500,200,9619700,245459000000,50,false,0.2
"DIG",142335,"/Date(1702970662000)/",25500,300,9619500,245454000000,50,false,0.2
"DIG",142332,"/Date(1702970657000)/",25500,200,9619200,245446000000,50,false,0.2
"DIG",142329,"/Date(1702970657000)/",25500,1300,9619000,245441000000,50,false,0.2
"DIG",142329,"/Date(1702970657000)/",25500,3000,9617700,245408000000,50,false,0.2
"DIG",142329,"/Date(1702970657000)/",25500,700,9614700,245332000000,50,false,0.2
"DIG",142326,"/Date(1702970654000)/",25500,300,9614000,245314000000,50,false,0.2
"DIG",142326,"/Date(1702970654000)/",25500,1000,9613700,245306000000,50,false,0.2
"DIG",142326,"/Date(1702970654000)/",25500,200,9612700,245281000000,50,false,0.2
"DIG",142326,"/Date(1702970654000)/",25500,1000,9612500,245276000000,50,false,0.2
"DIG",142326,"/Date(1702970654000)/",25500,5000,9611500,245250000000,50,false,0.2
"DIG",142326,"/Date(1702970654000)/",25500,500,9606500,245123000000,50,false,0.2
"DIG",142326,"/Date(1702970654000)/",25500,500,9606000,245110000000,50,false,0.2
"DIG",142326,"/Date(1702970654000)/",25500,1500,9605500,245097000000,50,false,0.2
"DIG",142326,"/Date(1702970652000)/",25500,100,9604000,245059000000,50,false,0.2
"DIG",142319,"/Date(1702970645000)/",25450,100,9603900,245056000000,0,false,0
"DIG",142319,"/Date(1702970645000)/",25450,100,9603800,245054000000,0,false,0
"DIG",142316,"/Date(1702970644000)/",25450,1000,9603700,245051000000,0,true,0
"DIG",142316,"/Date(1702970642000)/",25450,300,9602700,245026000000,0,true,0
"DIG",142316,"/Date(1702970642000)/",25450,1800,9602400,245018000000,0,true,0
"DIG",142313,"/Date(1702970641000)/",25450,200,9600600,244972000000,0,false,0
"DIG",142313,"/Date(1702970639000)/",25500,400,9600400,244967000000,50,false,0.2
"DIG",142313,"/Date(1702970639000)/",25500,500,9600000,244957000000,50,false,0.2
"DIG",142313,"/Date(1702970639000)/",25500,2100,9599500,244944000000,50,false,0.2
"DIG",142313,"/Date(1702970639000)/",25500,100,9597400,244891000000,50,false,0.2
"DIG",142313,"/Date(1702970639000)/",25500,4100,9597300,244888000000,50,false,0.2
"DIG",142313,"/Date(1702970639000)/",25500,1000,9593200,244784000000,50,false,0.2
"DIG",142313,"/Date(1702970639000)/",25500,2000,9592200,244758000000,50,false,0.2
"DIG",142313,"/Date(1702970639000)/",25500,1500,9590200,244707000000,50,false,0.2
"DIG",142313,"/Date(1702970639000)/",25500,1000,9588700,244669000000,50,false,0.2
"DIG",142313,"/Date(1702970639000)/",25500,4000,9587700,244643000000,50,false,0.2
"DIG",142313,"/Date(1702970639000)/",25500,500,9583700,244541000000,50,false,0.2
"DIG",142313,"/Date(1702970639000)/",25450,2800,9583200,244529000000,0,false,0
"DIG",142310,"/Date(1702970636000)/",25450,2000,9580400,244457000000,0,true,0
"DIG",142310,"/Date(1702970636000)/",25450,4900,9578400,244406000000,0,true,0
"DIG",142310,"/Date(1702970636000)/",25450,100,9573500,244282000000,0,true,0
"DIG",142310,"/Date(1702970636000)/",25450,100,9573400,244279000000,0,true,0
"DIG",142310,"/Date(1702970636000)/",25450,100,9573300,244277000000,0,true,0
"DIG",142306,"/Date(1702970633000)/",25450,900,9573200,244274000000,0,true,0
"DIG",142306,"/Date(1702970633000)/",25450,100,9572300,244251000000,0,true,0
"DIG",142257,"/Date(1702970625000)/",25450,100,9572200,244249000000,0,false,0
"DIG",142257,"/Date(1702970625000)/",25450,200,9572100,244246000000,0,false,0
"DIG",142257,"/Date(1702970623000)/",25450,1000,9571900,244241000000,0,false,0
"DIG",142257,"/Date(1702970623000)/",25450,200,9570900,244215000000,0,false,0
"DIG",142254,"/Date(1702970622000)/",25450,400,9570700,244210000000,0,false,0
"DIG",142254,"/Date(1702970621000)/",25450,100,9570300,244200000000,0,false,0
"DIG",142250,"/Date(1702970617000)/",25450,100,9570200,244198000000,0,false,0
"DIG",142247,"/Date(1702970614000)/",25450,100,9570100,244195000000,0,true,0
"DIG",142247,"/Date(1702970614000)/",25450,500,9570000,244193000000,0,true,0
"DIG",142247,"/Date(1702970614000)/",25450,400,9569500,244180000000,0,true,0
"DIG",142247,"/Date(1702970613000)/",25450,200,9569100,244170000000,0,true,0
"DIG",142244,"/Date(1702970610000)/",25450,400,9568900,244165000000,0,true,0
"DIG",142244,"/Date(1702970610000)/",25450,200,9568500,244154000000,0,true,0
"DIG",142244,"/Date(1702970610000)/",25450,1400,9568300,244149000000,0,true,0
"DIG",142244,"/Date(1702970610000)/",25450,3000,9566900,244114000000,0,true,0
"DIG",142231,"/Date(1702970599000)/",25450,3000,9563900,244037000000,0,false,0
"DIG",142231,"/Date(1702970598000)/",25450,1000,9560900,243961000000,0,false,0
"DIG",142231,"/Date(1702970598000)/",25450,300,9559900,243936000000,0,false,0
"DIG",142231,"/Date(1702970598000)/",25450,300,9559600,243928000000,0,false,0
"DIG",142231,"/Date(1702970598000)/",25450,2400,9559300,243920000000,0,false,0
"DIG",142231,"/Date(1702970598000)/",25450,100,9556900,243859000000,0,false,0
"DIG",142231,"/Date(1702970598000)/",25450,200,9556800,243857000000,0,false,0
"DIG",142228,"/Date(1702970596000)/",25450,5000,9556600,243852000000,0,false,0
"DIG",142228,"/Date(1702970594000)/",25450,200,9551600,243724000000,0,false,0
"DIG",142225,"/Date(1702970592000)/",25400,100,9551400,243719000000,-50,true,-0.2
"DIG",142225,"/Date(1702970592000)/",25450,12100,9551300,243717000000,0,false,0
"DIG",142225,"/Date(1702970592000)/",25450,300,9539200,243409000000,0,false,0
"DIG",142225,"/Date(1702970592000)/",25450,300,9538900,243401000000,0,false,0
"DIG",142225,"/Date(1702970592000)/",25450,3900,9538600,243393000000,0,false,0
"DIG",142222,"/Date(1702970589000)/",25450,100,9534700,243294000000,0,false,0
"DIG",142222,"/Date(1702970588000)/",25450,500,9534600,243292000000,0,false,0
"DIG",142222,"/Date(1702970587000)/",25400,500,9534100,243279000000,-50,true,-0.2
"DIG",142218,"/Date(1702970585000)/",25450,500,9533600,243266000000,0,false,0
"DIG",142218,"/Date(1702970585000)/",25450,2000,9533100,243254000000,0,false,0
"DIG",142218,"/Date(1702970585000)/",25450,500,9531100,243203000000,0,false,0
"DIG",142215,"/Date(1702970584000)/",25450,100,9530600,243190000000,0,false,0
"DIG",142215,"/Date(1702970581000)/",25450,1000,9530500,243187000000,0,false,0
"DIG",142209,"/Date(1702970577000)/",25450,1000,9529500,243162000000,0,false,0
"DIG",142209,"/Date(1702970575000)/",25450,500,9528500,243136000000,0,false,0
"DIG",142206,"/Date(1702970573000)/",25450,11100,9528000,243124000000,0,false,0
"DIG",142206,"/Date(1702970573000)/",25450,600,9516900,242841000000,0,false,0
"DIG",142206,"/Date(1702970573000)/",25450,300,9516300,242826000000,0,false,0
"DIG",142206,"/Date(1702970573000)/",25450,1000,9516000,242818000000,0,false,0
"DIG",142206,"/Date(1702970573000)/",25450,3000,9515000,242793000000,0,false,0
"DIG",142206,"/Date(1702970573000)/",25450,1000,9512000,242717000000,0,false,0
"DIG",142206,"/Date(1702970573000)/",25450,1000,9511000,242691000000,0,false,0
"DIG",142206,"/Date(1702970573000)/",25450,100,9510000,242666000000,0,false,0
"DIG",142206,"/Date(1702970573000)/",25450,200,9509900,242663000000,0,false,0
"DIG",142206,"/Date(1702970573000)/",25450,1500,9509700,242658000000,0,false,0
"DIG",142206,"/Date(1702970573000)/",25450,200,9508200,242620000000,0,false,0
"DIG",142159,"/Date(1702970565000)/",25450,5000,9508000,242615000000,0,false,0
"DIG",142159,"/Date(1702970564000)/",25450,400,9503000,242487000000,0,false,0
"DIG",142159,"/Date(1702970564000)/",25450,300,9502600,242477000000,0,false,0
"DIG",142149,"/Date(1702970557000)/",25450,1000,9502300,242470000000,0,false,0
"DIG",142133,"/Date(1702970541000)/",25400,100,9501300,242444000000,-50,true,-0.2
"DIG",142133,"/Date(1702970541000)/",25450,3000,9501200,242442000000,0,false,0
"DIG",142133,"/Date(1702970539000)/",25450,100,9498200,242365000000,0,false,0
"DIG",142133,"/Date(1702970539000)/",25450,400,9498100,242363000000,0,false,0
"DIG",142127,"/Date(1702970535000)/",25450,100,9497700,242353000000,0,false,0
"DIG",142127,"/Date(1702970535000)/",25400,200,9497600,242350000000,-50,true,-0.2
"DIG",142117,"/Date(1702970523000)/",25400,100,9497400,242345000000,-50,true,-0.2
"DIG",142117,"/Date(1702970523000)/",25400,300,9497300,242342000000,-50,true,-0.2
"DIG",142114,"/Date(1702970522000)/",25400,300,9497000,242335000000,-50,true,-0.2
"DIG",142114,"/Date(1702970522000)/",25400,200,9496700,242327000000,-50,true,-0.2
"DIG",142114,"/Date(1702970522000)/",25400,3000,9496500,242322000000,-50,true,-0.2
"DIG",142114,"/Date(1702970522000)/",25400,2000,9493500,242246000000,-50,true,-0.2
"DIG",142114,"/Date(1702970522000)/",25400,300,9491500,242195000000,-50,true,-0.2
"DIG",142114,"/Date(1702970522000)/",25400,300,9491200,242187000000,-50,true,-0.2
"DIG",142114,"/Date(1702970522000)/",25400,1900,9490900,242180000000,-50,true,-0.2
"DIG",142114,"/Date(1702970522000)/",25400,2500,9489000,242132000000,-50,true,-0.2
"DIG",142114,"/Date(1702970521000)/",25400,1500,9486500,242068000000,-50,true,-0.2
"DIG",142108,"/Date(1702970515000)/",25400,600,9485000,242030000000,-50,true,-0.2
"DIG",142108,"/Date(1702970515000)/",25400,600,9484400,242015000000,-50,true,-0.2
"DIG",142108,"/Date(1702970515000)/",25400,2000,9483800,242000000000,-50,true,-0.2
"DIG",142108,"/Date(1702970515000)/",25400,1000,9481800,241949000000,-50,true,-0.2
"DIG",142108,"/Date(1702970515000)/",25400,1000,9480800,241923000000,-50,true,-0.2
"DIG",142108,"/Date(1702970515000)/",25400,500,9479800,241898000000,-50,true,-0.2
"DIG",142108,"/Date(1702970515000)/",25400,1000,9479300,241885000000,-50,true,-0.2
"DIG",142108,"/Date(1702970515000)/",25400,1000,9478300,241860000000,-50,true,-0.2
"DIG",142108,"/Date(1702970515000)/",25400,200,9477300,241834000000,-50,true,-0.2
"DIG",142108,"/Date(1702970515000)/",25400,300,9477100,241829000000,-50,true,-0.2
"DIG",142108,"/Date(1702970515000)/",25400,2000,9476800,241822000000,-50,true,-0.2
"DIG",142108,"/Date(1702970515000)/",25400,400,9474800,241771000000,-50,true,-0.2
"DIG",142108,"/Date(1702970515000)/",25400,200,9474400,241761000000,-50,true,-0.2
"DIG",142108,"/Date(1702970515000)/",25400,5200,9474200,241756000000,-50,true,-0.2
"DIG",142108,"/Date(1702970515000)/",25400,100,9469000,241624000000,-50,true,-0.2
"DIG",142108,"/Date(1702970515000)/",25400,200,9468900,241621000000,-50,true,-0.2
"DIG",142108,"/Date(1702970514000)/",25400,500,9468700,241616000000,-50,true,-0.2
"DIG",142108,"/Date(1702970514000)/",25400,300,9468200,241603000000,-50,true,-0.2
"DIG",142108,"/Date(1702970513000)/",25400,10000,9467900,241596000000,-50,true,-0.2
"DIG",142108,"/Date(1702970513000)/",25400,500,9457900,241342000000,-50,true,-0.2
"DIG",142105,"/Date(1702970513000)/",25400,100,9457400,241329000000,-50,false,-0.2
"DIG",142105,"/Date(1702970513000)/",25400,1000,9457300,241326000000,-50,false,-0.2
"DIG",142105,"/Date(1702970512000)/",25400,5000,9456300,241301000000,-50,false,-0.2
"DIG",142105,"/Date(1702970512000)/",25400,300,9451300,241174000000,-50,false,-0.2
"DIG",142105,"/Date(1702970512000)/",25400,300,9451000,241166000000,-50,false,-0.2
"DIG",142105,"/Date(1702970510000)/",25400,10000,9450700,241159000000,-50,false,-0.2
"DIG",142105,"/Date(1702970510000)/",25400,2000,9440700,240905000000,-50,false,-0.2
"DIG",142101,"/Date(1702970509000)/",25400,1400,9438700,240854000000,-50,false,-0.2
"DIG",142101,"/Date(1702970508000)/",25400,1000,9437300,240818000000,-50,false,-0.2
"DIG",142101,"/Date(1702970507000)/",25400,400,9436300,240793000000,-50,false,-0.2
"DIG",142058,"/Date(1702970506000)/",25400,2000,9435900,240783000000,-50,false,-0.2
"DIG",142058,"/Date(1702970506000)/",25400,10900,9433900,240732000000,-50,false,-0.2
"DIG",142055,"/Date(1702970501000)/",25400,400,9423000,240455000000,-50,false,-0.2
"DIG",142052,"/Date(1702970499000)/",25400,200,9422600,240445000000,-50,false,-0.2
"DIG",142049,"/Date(1702970494000)/",25400,300,9422400,240440000000,-50,false,-0.2
"DIG",142046,"/Date(1702970492000)/",25350,100,9422100,240432000000,-100,true,-0.39
"DIG",142042,"/Date(1702970488000)/",25400,1000,9422000,240430000000,-50,false,-0.2
"DIG",142030,"/Date(1702970475000)/",25350,1800,9421000,240404000000,-100,true,-0.39
"DIG",142030,"/Date(1702970475000)/",25350,100,9419200,240359000000,-100,true,-0.39
"DIG",142030,"/Date(1702970475000)/",25350,100,9419100,240356000000,-100,true,-0.39
"DIG",142026,"/Date(1702970473000)/",25400,300,9419000,240354000000,-50,false,-0.2
"DIG",142026,"/Date(1702970472000)/",25400,1500,9418700,240346000000,-50,false,-0.2
"DIG",142026,"/Date(1702970472000)/",25400,100,9417200,240308000000,-50,false,-0.2
"DIG",142020,"/Date(1702970467000)/",25400,200,9417100,240305000000,-50,false,-0.2
"DIG",142017,"/Date(1702970465000)/",25350,100,9416900,240300000000,-100,true,-0.39
"DIG",142017,"/Date(1702970465000)/",25350,200,9416800,240298000000,-100,true,-0.39
"DIG",142007,"/Date(1702970455000)/",25350,100,9416600,240293000000,-100,true,-0.39
"DIG",142007,"/Date(1702970455000)/",25350,200,9416500,240290000000,-100,true,-0.39
"DIG",142007,"/Date(1702970455000)/",25350,100,9416300,240285000000,-100,true,-0.39
"DIG",142007,"/Date(1702970455000)/",25350,1000,9416200,240283000000,-100,true,-0.39
"DIG",142007,"/Date(1702970455000)/",25350,1000,9415200,240257000000,-100,true,-0.39
"DIG",142007,"/Date(1702970455000)/",25350,200,9414200,240232000000,-100,true,-0.39
"DIG",142007,"/Date(1702970455000)/",25350,2000,9414000,240227000000,-100,true,-0.39
"DIG",142007,"/Date(1702970455000)/",25350,500,9412000,240176000000,-100,true,-0.39
"DIG",142007,"/Date(1702970455000)/",25350,1900,9411500,240163000000,-100,true,-0.39
"DIG",142004,"/Date(1702970452000)/",25350,3000,9409600,240115000000,-100,true,-0.39
"DIG",142001,"/Date(1702970447000)/",25400,300,9406600,240039000000,-50,false,-0.2
"DIG",142001,"/Date(1702970447000)/",25400,500,9406300,240032000000,-50,false,-0.2
"DIG",141958,"/Date(1702970445000)/",25400,100,9405800,240019000000,-50,false,-0.2
"DIG",141958,"/Date(1702970445000)/",25350,100,9405700,240016000000,-100,true,-0.39
"DIG",141958,"/Date(1702970445000)/",25350,1000,9405600,240014000000,-100,true,-0.39
"DIG",141958,"/Date(1702970445000)/",25350,400,9404600,239989000000,-100,true,-0.39
"DIG",141958,"/Date(1702970443000)/",25350,200,9404200,239978000000,-100,true,-0.39
"DIG",141958,"/Date(1702970443000)/",25350,4300,9404000,239973000000,-100,true,-0.39
"DIG",141954,"/Date(1702970441000)/",25400,1000,9399700,239864000000,-50,false,-0.2
"DIG",141951,"/Date(1702970439000)/",25350,2000,9398700,239839000000,-100,true,-0.39
"DIG",141951,"/Date(1702970438000)/",25400,500,9396700,239788000000,-50,false,-0.2
"DIG",141951,"/Date(1702970438000)/",25350,700,9396200,239776000000,-100,true,-0.39
"DIG",141951,"/Date(1702970438000)/",25350,500,9395500,239758000000,-100,true,-0.39
"DIG",141951,"/Date(1702970438000)/",25350,100,9395000,239745000000,-100,true,-0.39
"DIG",141951,"/Date(1702970438000)/",25350,100,9394900,239743000000,-100,true,-0.39
"DIG",141951,"/Date(1702970438000)/",25350,300,9394800,239740000000,-100,true,-0.39
"DIG",141951,"/Date(1702970437000)/",25400,100,9394500,239732000000,-50,false,-0.2
"DIG",141951,"/Date(1702970436000)/",25350,300,9394400,239730000000,-100,true,-0.39
"DIG",141948,"/Date(1702970435000)/",25400,100,9394100,239722000000,-50,false,-0.2
"DIG",141948,"/Date(1702970435000)/",25400,5000,9394000,239720000000,-50,false,-0.2
"DIG",141948,"/Date(1702970435000)/",25400,300,9389000,239593000000,-50,false,-0.2
"DIG",141948,"/Date(1702970435000)/",25400,300,9388700,239585000000,-50,false,-0.2
"DIG",141948,"/Date(1702970434000)/",25350,300,9388400,239577000000,-100,true,-0.39
"DIG",141945,"/Date(1702970433000)/",25400,5000,9388100,239570000000,-50,false,-0.2
"DIG",141942,"/Date(1702970429000)/",25400,5000,9383100,239443000000,-50,false,-0.2
"DIG",141942,"/Date(1702970427000)/",25400,500,9378100,239316000000,-50,false,-0.2
"DIG",141939,"/Date(1702970425000)/",25400,2000,9377600,239303000000,-50,false,-0.2
"DIG",141935,"/Date(1702970421000)/",25350,100,9375600,239252000000,-100,true,-0.39
"DIG",141935,"/Date(1702970421000)/",25350,400,9375500,239250000000,-100,true,-0.39
"DIG",141932,"/Date(1702970420000)/",25350,500,9375100,239240000000,-100,true,-0.39
"DIG",141932,"/Date(1702970418000)/",25400,500,9374600,239227000000,-50,false,-0.2
"DIG",141929,"/Date(1702970417000)/",25400,1000,9374100,239214000000,-50,false,-0.2
"DIG",141929,"/Date(1702970416000)/",25400,2500,9373100,239189000000,-50,false,-0.2
"DIG",141929,"/Date(1702970414000)/",25400,10000,9370600,239125000000,-50,false,-0.2
"DIG",141926,"/Date(1702970412000)/",25400,100,9360600,238871000000,-50,true,-0.2
"DIG",141926,"/Date(1702970412000)/",25400,500,9360500,238869000000,-50,true,-0.2
"DIG",141926,"/Date(1702970412000)/",25400,500,9360000,238856000000,-50,true,-0.2
"DIG",141926,"/Date(1702970412000)/",25400,1000,9359500,238843000000,-50,true,-0.2
"DIG",141926,"/Date(1702970412000)/",25400,28000,9358500,238818000000,-50,true,-0.2
"DIG",141922,"/Date(1702970410000)/",25400,300,9330500,238107000000,-50,true,-0.2
"DIG",141922,"/Date(1702970408000)/",25450,1000,9330200,238099000000,0,false,0
"DIG",141919,"/Date(1702970406000)/",25400,1700,9329200,238074000000,-50,false,-0.2
"DIG",141919,"/Date(1702970405000)/",25400,600,9327500,238031000000,-50,false,-0.2
"DIG",141919,"/Date(1702970405000)/",25400,500,9326900,238015000000,-50,false,-0.2
"DIG",141916,"/Date(1702970404000)/",25400,200,9326400,238003000000,-50,false,-0.2
"DIG",141916,"/Date(1702970404000)/",25400,100,9326200,237998000000,-50,false,-0.2
"DIG",141916,"/Date(1702970403000)/",25400,600,9326100,237995000000,-50,false,-0.2
"DIG",141916,"/Date(1702970403000)/",25400,100,9325500,237980000000,-50,false,-0.2
"DIG",141916,"/Date(1702970402000)/",25400,200,9325400,237977000000,-50,false,-0.2
"DIG",141916,"/Date(1702970402000)/",25400,100,9325200,237972000000,-50,false,-0.2
"DIG",141916,"/Date(1702970401000)/",25400,200,9325100,237970000000,-50,false,-0.2
"DIG",141916,"/Date(1702970401000)/",25400,300,9324900,237965000000,-50,false,-0.2
"DIG",141916,"/Date(1702970401000)/",25400,1000,9324600,237957000000,-50,false,-0.2
"DIG",141916,"/Date(1702970401000)/",25400,100,9323600,237932000000,-50,false,-0.2
"DIG",141916,"/Date(1702970401000)/",25400,600,9323500,237929000000,-50,false,-0.2
"DIG",141913,"/Date(1702970401000)/",25400,1000,9322900,237914000000,-50,false,-0.2
"DIG",141907,"/Date(1702970392000)/",25400,1000,9321900,237888000000,-50,false,-0.2
"DIG",141900,"/Date(1702970387000)/",25350,100,9320900,237863000000,-100,false,-0.39
"DIG",141900,"/Date(1702970386000)/",25350,1000,9320800,237860000000,-100,false,-0.39
"DIG",141900,"/Date(1702970385000)/",25300,2400,9319800,237835000000,-150,true,-0.59
"DIG",141857,"/Date(1702970383000)/",25350,300,9317400,237774000000,-100,false,-0.39
"DIG",141854,"/Date(1702970381000)/",25300,6700,9317100,237767000000,-150,true,-0.59
"DIG",141854,"/Date(1702970381000)/",25300,4300,9310400,237597000000,-150,true,-0.59
"DIG",141854,"/Date(1702970381000)/",25350,700,9306100,237488000000,-100,false,-0.39
"DIG",141854,"/Date(1702970381000)/",25350,200,9305400,237471000000,-100,false,-0.39
"DIG",141854,"/Date(1702970381000)/",25350,100,9305200,237466000000,-100,false,-0.39
"DIG",141854,"/Date(1702970380000)/",25350,200,9305100,237463000000,-100,false,-0.39
"DIG",141854,"/Date(1702970380000)/",25350,100,9304900,237458000000,-100,false,-0.39
"DIG",141854,"/Date(1702970380000)/",25350,200,9304800,237456000000,-100,false,-0.39
"DIG",141851,"/Date(1702970378000)/",25350,300,9304600,237450000000,-100,false,-0.39
"DIG",141851,"/Date(1702970378000)/",25350,2700,9304300,237443000000,-100,false,-0.39
"DIG",141851,"/Date(1702970378000)/",25300,400,9301600,237374000000,-150,true,-0.59
"DIG",141851,"/Date(1702970375000)/",25350,6000,9301200,237364000000,-100,false,-0.39
"DIG",141847,"/Date(1702970375000)/",25300,1000,9295200,237212000000,-150,true,-0.59
"DIG",141844,"/Date(1702970370000)/",25250,500,9294200,237187000000,-200,true,-0.79
"DIG",141844,"/Date(1702970369000)/",25250,300,9293700,237174000000,-200,true,-0.79
"DIG",141844,"/Date(1702970369000)/",25250,500,9293400,237167000000,-200,true,-0.79
"DIG",141844,"/Date(1702970369000)/",25250,2000,9292900,237154000000,-200,true,-0.79
"DIG",141844,"/Date(1702970369000)/",25250,5200,9290900,237104000000,-200,true,-0.79
"DIG",141844,"/Date(1702970369000)/",25300,2000,9285700,236972000000,-150,false,-0.59
"DIG",141841,"/Date(1702970369000)/",25300,600,9283700,236922000000,-150,false,-0.59
"DIG",141841,"/Date(1702970369000)/",25300,100,9283100,236906000000,-150,false,-0.59
"DIG",141841,"/Date(1702970369000)/",25300,500,9283000,236904000000,-150,false,-0.59
"DIG",141841,"/Date(1702970369000)/",25300,1800,9282500,236891000000,-150,false,-0.59
"DIG",141841,"/Date(1702970367000)/",25250,4600,9280700,236846000000,-200,true,-0.79
"DIG",141841,"/Date(1702970367000)/",25250,2600,9276100,236730000000,-200,true,-0.79
"DIG",141841,"/Date(1702970367000)/",25250,700,9273500,236664000000,-200,true,-0.79
"DIG",141841,"/Date(1702970367000)/",25250,500,9272800,236646000000,-200,true,-0.79
"DIG",141841,"/Date(1702970367000)/",25250,1600,9272300,236634000000,-200,true,-0.79
"DIG",141841,"/Date(1702970367000)/",25300,100,9270700,236593000000,-150,false,-0.59
"DIG",141838,"/Date(1702970364000)/",25300,100,9270600,236591000000,-150,false,-0.59
"DIG",141838,"/Date(1702970363000)/",25250,400,9270500,236588000000,-200,true,-0.79
"DIG",141838,"/Date(1702970363000)/",25250,100,9270100,236578000000,-200,true,-0.79
"DIG",141838,"/Date(1702970363000)/",25250,400,9270000,236576000000,-200,true,-0.79
"DIG",141838,"/Date(1702970363000)/",25250,2000,9269600,236565000000,-200,true,-0.79
"DIG",141838,"/Date(1702970363000)/",25250,3000,9267600,236515000000,-200,true,-0.79
"DIG",141838,"/Date(1702970363000)/",25250,200,9264600,236439000000,-200,true,-0.79
"DIG",141838,"/Date(1702970363000)/",25250,1000,9264400,236434000000,-200,true,-0.79
"DIG",141838,"/Date(1702970363000)/",25250,200,9263400,236409000000,-200,true,-0.79
"DIG",141838,"/Date(1702970363000)/",25250,500,9263200,236404000000,-200,true,-0.79
"DIG",141838,"/Date(1702970363000)/",25250,1000,9262700,236391000000,-200,true,-0.79
"DIG",141838,"/Date(1702970363000)/",25250,1000,9261700,236366000000,-200,true,-0.79
"DIG",141838,"/Date(1702970363000)/",25300,100,9260700,236341000000,-150,false,-0.59
"DIG",141831,"/Date(1702970358000)/",25250,700,9260600,236338000000,-200,false,-0.79
"DIG",141831,"/Date(1702970357000)/",25250,100,9259900,236321000000,-200,false,-0.79
"DIG",141831,"/Date(1702970357000)/",25250,100,9259800,236318000000,-200,false,-0.79
"DIG",141828,"/Date(1702970356000)/",25250,200,9259700,236316000000,-200,false,-0.79
"DIG",141828,"/Date(1702970356000)/",25250,4800,9259500,236310000000,-200,false,-0.79
"DIG",141828,"/Date(1702970356000)/",25250,500,9254700,236189000000,-200,false,-0.79
"DIG",141828,"/Date(1702970355000)/",25250,500,9254200,236177000000,-200,false,-0.79
"DIG",141828,"/Date(1702970355000)/",25250,4700,9253700,236164000000,-200,false,-0.79
"DIG",141828,"/Date(1702970355000)/",25250,4000,9249000,236045000000,-200,false,-0.79
"DIG",141828,"/Date(1702970355000)/",25250,5000,9245000,235944000000,-200,false,-0.79
"DIG",141828,"/Date(1702970355000)/",25250,300,9240000,235818000000,-200,false,-0.79
"DIG",141828,"/Date(1702970354000)/",25250,1200,9239700,235811000000,-200,false,-0.79
"DIG",141828,"/Date(1702970354000)/",25250,5000,9238500,235780000000,-200,false,-0.79
"DIG",141828,"/Date(1702970354000)/",25250,1800,9233500,235654000000,-200,false,-0.79
"DIG",141828,"/Date(1702970354000)/",25250,100,9231700,235609000000,-200,false,-0.79
"DIG",141828,"/Date(1702970353000)/",25250,500,9231600,235606000000,-200,false,-0.79
"DIG",141825,"/Date(1702970353000)/",25250,100,9231100,235593000000,-200,false,-0.79
"DIG",141825,"/Date(1702970352000)/",25250,500,9231000,235591000000,-200,false,-0.79
"DIG",141825,"/Date(1702970352000)/",25250,200,9230500,235578000000,-200,false,-0.79
"DIG",141825,"/Date(1702970352000)/",25250,1300,9230300,235573000000,-200,false,-0.79
"DIG",141825,"/Date(1702970351000)/",25250,1000,9229000,235540000000,-200,false,-0.79
"DIG",141825,"/Date(1702970351000)/",25250,700,9228000,235515000000,-200,false,-0.79
"DIG",141825,"/Date(1702970351000)/",25250,300,9227300,235497000000,-200,false,-0.79
"DIG",141825,"/Date(1702970350000)/",25250,10000,9227000,235490000000,-200,false,-0.79
"DIG",141822,"/Date(1702970349000)/",25250,500,9217000,235237000000,-200,false,-0.79
"DIG",141822,"/Date(1702970348000)/",25250,500,9216500,235225000000,-200,false,-0.79
"DIG",141822,"/Date(1702970348000)/",25250,200,9216000,235212000000,-200,false,-0.79
"DIG",141822,"/Date(1702970348000)/",25250,3000,9215800,235207000000,-200,false,-0.79
"DIG",141822,"/Date(1702970347000)/",25250,100,9212800,235131000000,-200,false,-0.79
"DIG",141815,"/Date(1702970343000)/",25250,100,9212700,235129000000,-200,false,-0.79
"DIG",141815,"/Date(1702970341000)/",25250,1000,9212600,235126000000,-200,false,-0.79
"DIG",141812,"/Date(1702970339000)/",25200,400,9211600,235101000000,-250,true,-0.98
"DIG",141812,"/Date(1702970338000)/",25250,600,9211200,235091000000,-200,false,-0.79
"DIG",141812,"/Date(1702970338000)/",25250,4400,9210600,235076000000,-200,false,-0.79
"DIG",141812,"/Date(1702970338000)/",25200,100,9206200,234965000000,-250,true,-0.98
"DIG",141812,"/Date(1702970338000)/",25200,100,9206100,234962000000,-250,true,-0.98
"DIG",141812,"/Date(1702970338000)/",25200,500,9206000,234960000000,-250,true,-0.98
"DIG",141812,"/Date(1702970338000)/",25200,200,9205500,234947000000,-250,true,-0.98
"DIG",141812,"/Date(1702970338000)/",25200,600,9205300,234942000000,-250,true,-0.98
"DIG",141806,"/Date(1702970333000)/",25250,600,9204700,234927000000,-200,false,-0.79
"DIG",141806,"/Date(1702970333000)/",25250,2000,9204100,234912000000,-200,false,-0.79
"DIG",141806,"/Date(1702970332000)/",25250,1000,9202100,234861000000,-200,false,-0.79
"DIG",141806,"/Date(1702970331000)/",25200,200,9201100,234836000000,-250,false,-0.98
"DIG",141806,"/Date(1702970331000)/",25200,100,9200900,234831000000,-250,false,-0.98
"DIG",141806,"/Date(1702970331000)/",25200,100,9200800,234828000000,-250,false,-0.98
"DIG",141806,"/Date(1702970331000)/",25200,3000,9200700,234826000000,-250,false,-0.98
"DIG",141806,"/Date(1702970331000)/",25200,100,9197700,234750000000,-250,false,-0.98
"DIG",141806,"/Date(1702970331000)/",25200,100,9197600,234748000000,-250,false,-0.98
"DIG",141806,"/Date(1702970331000)/",25200,1700,9197500,234745000000,-250,false,-0.98
"DIG",141806,"/Date(1702970331000)/",25200,2000,9195800,234702000000,-250,false,-0.98
"DIG",141806,"/Date(1702970331000)/",25200,1000,9193800,234652000000,-250,false,-0.98
"DIG",141806,"/Date(1702970331000)/",25200,300,9192800,234627000000,-250,false,-0.98
"DIG",141803,"/Date(1702970330000)/",25200,2100,9192500,234619000000,-250,false,-0.98
"DIG",141803,"/Date(1702970330000)/",25200,2000,9190400,234566000000,-250,false,-0.98
"DIG",141803,"/Date(1702970330000)/",25200,600,9188400,234516000000,-250,false,-0.98
"DIG",141803,"/Date(1702970330000)/",25200,400,9187800,234501000000,-250,false,-0.98
"DIG",141803,"/Date(1702970330000)/",25200,600,9187400,234491000000,-250,false,-0.98
"DIG",141803,"/Date(1702970330000)/",25200,400,9186800,234476000000,-250,false,-0.98
"DIG",141803,"/Date(1702970329000)/",25200,500,9186400,234466000000,-250,false,-0.98
"DIG",141803,"/Date(1702970329000)/",25150,100,9185900,234453000000,-300,true,-1.18
"DIG",141803,"/Date(1702970329000)/",25150,100,9185800,234450000000,-300,true,-1.18
"DIG",141803,"/Date(1702970329000)/",25150,300,9185700,234448000000,-300,true,-1.18
"DIG",141803,"/Date(1702970329000)/",25200,200,9185400,234440000000,-250,false,-0.98
"DIG",141803,"/Date(1702970327000)/",25200,400,9185200,234435000000,-250,false,-0.98
"DIG",141803,"/Date(1702970327000)/",25200,5000,9184800,234425000000,-250,false,-0.98
"DIG",141803,"/Date(1702970327000)/",25200,1500,9179800,234299000000,-250,false,-0.98
"DIG",141803,"/Date(1702970327000)/",25200,2000,9178300,234261000000,-250,false,-0.98
"DIG",141803,"/Date(1702970327000)/",25200,600,9176300,234211000000,-250,false,-0.98
"DIG",141803,"/Date(1702970327000)/",25200,500,9175700,234196000000,-250,false,-0.98
"DIG",141759,"/Date(1702970327000)/",25200,1000,9175200,234183000000,-250,false,-0.98
"DIG",141759,"/Date(1702970327000)/",25150,400,9174200,234158000000,-300,true,-1.18
"DIG",141759,"/Date(1702970326000)/",25200,200,9173800,234148000000,-250,false,-0.98
"DIG",141759,"/Date(1702970326000)/",25200,5000,9173600,234143000000,-250,false,-0.98
"DIG",141759,"/Date(1702970324000)/",25200,500,9168600,234017000000,-250,false,-0.98
"DIG",141756,"/Date(1702970324000)/",25200,500,9168100,234004000000,-250,false,-0.98
"DIG",141756,"/Date(1702970323000)/",25200,1300,9167600,233992000000,-250,false,-0.98
"DIG",141756,"/Date(1702970323000)/",25200,1700,9166300,233959000000,-250,false,-0.98
"DIG",141750,"/Date(1702970318000)/",25150,300,9164600,233916000000,-300,true,-1.18
"DIG",141750,"/Date(1702970318000)/",25150,300,9164300,233909000000,-300,true,-1.18
"DIG",141750,"/Date(1702970318000)/",25150,400,9164000,233901000000,-300,true,-1.18
"DIG",141750,"/Date(1702970317000)/",25200,10000,9163600,233891000000,-250,false,-0.98
"DIG",141750,"/Date(1702970316000)/",25200,1000,9153600,233639000000,-250,false,-0.98
"DIG",141747,"/Date(1702970313000)/",25150,3000,9152600,233614000000,-300,true,-1.18
"DIG",141747,"/Date(1702970312000)/",25200,1000,9149600,233538000000,-250,false,-0.98
"DIG",141744,"/Date(1702970311000)/",25150,200,9148600,233513000000,-300,true,-1.18
"DIG",141744,"/Date(1702970311000)/",25200,1000,9148400,233508000000,-250,false,-0.98
"DIG",141737,"/Date(1702970305000)/",25200,300,9147400,233483000000,-250,false,-0.98
"DIG",141737,"/Date(1702970303000)/",25150,1500,9147100,233475000000,-300,true,-1.18
"DIG",141731,"/Date(1702970297000)/",25150,6000,9145600,233438000000,-300,true,-1.18
"DIG",141728,"/Date(1702970294000)/",25150,1000,9139600,233287000000,-300,true,-1.18
"DIG",141728,"/Date(1702970294000)/",25150,100,9138600,233262000000,-300,true,-1.18
"DIG",141728,"/Date(1702970294000)/",25150,2800,9138500,233259000000,-300,true,-1.18
"DIG",141728,"/Date(1702970294000)/",25100,500,9135700,233189000000,-350,true,-1.38
"DIG",141728,"/Date(1702970292000)/",25150,1200,9135200,233176000000,-300,true,-1.18
"DIG",141728,"/Date(1702970292000)/",25150,1200,9134000,233146000000,-300,true,-1.18
"DIG",141728,"/Date(1702970292000)/",25150,200,9132800,233116000000,-300,true,-1.18
"DIG",141728,"/Date(1702970292000)/",25150,7200,9132600,233111000000,-300,true,-1.18
"DIG",141728,"/Date(1702970292000)/",25150,200,9125400,232930000000,-300,true,-1.18
"DIG",141728,"/Date(1702970292000)/",25150,10000,9125200,232925000000,-300,true,-1.18
"DIG",141724,"/Date(1702970291000)/",25150,100,9115200,232673000000,-300,false,-1.18
"DIG",141724,"/Date(1702970291000)/",25150,1600,9115100,232671000000,-300,false,-1.18
"DIG",141724,"/Date(1702970289000)/",25150,800,9113500,232630000000,-300,false,-1.18
"DIG",141721,"/Date(1702970287000)/",25150,500,9112700,232610000000,-300,false,-1.18
"DIG",141721,"/Date(1702970286000)/",25150,2000,9112200,232598000000,-300,false,-1.18
"DIG",141721,"/Date(1702970286000)/",25150,100,9110200,232547000000,-300,false,-1.18
"DIG",141718,"/Date(1702970284000)/",25150,500,9110100,232545000000,-300,false,-1.18
"DIG",141718,"/Date(1702970283000)/",25100,500,9109600,232532000000,-350,true,-1.38
"DIG",141718,"/Date(1702970283000)/",25100,200,9109100,232520000000,-350,true,-1.38
"DIG",141718,"/Date(1702970283000)/",25100,700,9108900,232515000000,-350,true,-1.38
"DIG",141718,"/Date(1702970283000)/",25100,200,9108200,232497000000,-350,true,-1.38
"DIG",141718,"/Date(1702970283000)/",25100,1000,9108000,232492000000,-350,true,-1.38
"DIG",141718,"/Date(1702970283000)/",25100,100,9107000,232467000000,-350,true,-1.38
"DIG",141714,"/Date(1702970282000)/",25150,100,9106900,232465000000,-300,true,-1.18
"DIG",141714,"/Date(1702970282000)/",25150,100,9106800,232462000000,-300,true,-1.18
"DIG",141714,"/Date(1702970282000)/",25150,500,9106700,232460000000,-300,true,-1.18
"DIG",141714,"/Date(1702970282000)/",25150,500,9106200,232447000000,-300,true,-1.18
"DIG",141714,"/Date(1702970282000)/",25150,100,9105700,232434000000,-300,true,-1.18
"DIG",141714,"/Date(1702970282000)/",25150,200,9105600,232432000000,-300,true,-1.18
"DIG",141714,"/Date(1702970282000)/",25150,100,9105400,232427000000,-300,true,-1.18
"DIG",141714,"/Date(1702970282000)/",25150,4000,9105300,232424000000,-300,true,-1.18
"DIG",141714,"/Date(1702970282000)/",25150,300,9101300,232324000000,-300,true,-1.18
"DIG",141714,"/Date(1702970282000)/",25150,200,9101000,232316000000,-300,true,-1.18
"DIG",141714,"/Date(1702970282000)/",25150,1000,9100800,232311000000,-300,true,-1.18
"DIG",141714,"/Date(1702970282000)/",25150,500,9099800,232286000000,-300,true,-1.18
"DIG",141714,"/Date(1702970282000)/",25150,2000,9099300,232273000000,-300,true,-1.18
"DIG",141714,"/Date(1702970282000)/",25150,3000,9097300,232223000000,-300,true,-1.18
"DIG",141714,"/Date(1702970282000)/",25150,700,9094300,232148000000,-300,true,-1.18
"DIG",141714,"/Date(1702970282000)/",25150,1100,9093600,232130000000,-300,true,-1.18
"DIG",141714,"/Date(1702970280000)/",25150,1000,9092500,232102000000,-300,true,-1.18
"DIG",141714,"/Date(1702970280000)/",25150,2000,9091500,232077000000,-300,true,-1.18
"DIG",141714,"/Date(1702970280000)/",25150,500,9089500,232027000000,-300,true,-1.18
"DIG",141714,"/Date(1702970280000)/",25150,100,9089000,232014000000,-300,true,-1.18
"DIG",141714,"/Date(1702970280000)/",25150,500,9088900,232012000000,-300,true,-1.18
"DIG",141714,"/Date(1702970280000)/",25150,900,9088400,231999000000,-300,true,-1.18
"DIG",141714,"/Date(1702970278000)/",25150,1100,9087500,231977000000,-300,true,-1.18
"DIG",141714,"/Date(1702970278000)/",25150,600,9086400,231949000000,-300,true,-1.18
"DIG",141714,"/Date(1702970278000)/",25150,300,9085800,231934000000,-300,true,-1.18
"DIG",141714,"/Date(1702970278000)/",25150,1000,9085500,231926000000,-300,true,-1.18
"DIG",141711,"/Date(1702970277000)/",25150,1500,9084500,231901000000,-300,true,-1.18
"DIG",141711,"/Date(1702970274000)/",25150,2500,9083000,231863000000,-300,true,-1.18
"DIG",141711,"/Date(1702970274000)/",25150,100,9080500,231801000000,-300,true,-1.18
"DIG",141711,"/Date(1702970274000)/",25150,7400,9080400,231798000000,-300,true,-1.18
"DIG",141711,"/Date(1702970274000)/",25200,100,9073000,231612000000,-250,false,-0.98
"DIG",141711,"/Date(1702970274000)/",25200,500,9072900,231609000000,-250,false,-0.98
"DIG",141711,"/Date(1702970273000)/",25200,1000,9072400,231597000000,-250,false,-0.98
"DIG",141705,"/Date(1702970272000)/",25200,1000,9071400,231572000000,-250,false,-0.98
"DIG",141705,"/Date(1702970272000)/",25200,1000,9070400,231546000000,-250,false,-0.98
"DIG",141705,"/Date(1702970270000)/",25200,400,9069400,231521000000,-250,false,-0.98
"DIG",141702,"/Date(1702970269000)/",25200,1000,9069000,231511000000,-250,true,-0.98
"DIG",141702,"/Date(1702970267000)/",25150,2600,9068000,231486000000,-300,true,-1.18
"DIG",141702,"/Date(1702970267000)/",25150,900,9065400,231421000000,-300,true,-1.18
"DIG",141702,"/Date(1702970267000)/",25150,1300,9064500,231398000000,-300,true,-1.18
"DIG",141702,"/Date(1702970267000)/",25150,20000,9063200,231365000000,-300,true,-1.18
"DIG",141702,"/Date(1702970267000)/",25150,200,9043200,230862000000,-300,true,-1.18
"DIG",141702,"/Date(1702970267000)/",25150,500,9043000,230857000000,-300,true,-1.18
"DIG",141702,"/Date(1702970267000)/",25150,500,9042500,230845000000,-300,true,-1.18
"DIG",141702,"/Date(1702970267000)/",25150,100,9042000,230832000000,-300,true,-1.18
"DIG",141702,"/Date(1702970267000)/",25150,3000,9041900,230830000000,-300,true,-1.18
"DIG",141702,"/Date(1702970267000)/",25150,100,9038900,230754000000,-300,true,-1.18
"DIG",141702,"/Date(1702970267000)/",25150,100,9038800,230752000000,-300,true,-1.18
"DIG",141702,"/Date(1702970267000)/",25150,1000,9038700,230749000000,-300,true,-1.18
"DIG",141702,"/Date(1702970267000)/",25150,2000,9037700,230724000000,-300,true,-1.18
"DIG",141702,"/Date(1702970267000)/",25150,300,9035700,230674000000,-300,true,-1.18
"DIG",141702,"/Date(1702970267000)/",25150,8300,9035400,230666000000,-300,true,-1.18
"DIG",141702,"/Date(1702970267000)/",25200,300,9027100,230457000000,-250,true,-0.98
"DIG",141702,"/Date(1702970267000)/",25200,100,9026800,230450000000,-250,true,-0.98
"DIG",141702,"/Date(1702970267000)/",25200,500,9026700,230447000000,-250,true,-0.98
"DIG",141702,"/Date(1702970267000)/",25200,200,9026200,230435000000,-250,true,-0.98
"DIG",141702,"/Date(1702970267000)/",25200,8000,9026000,230430000000,-250,true,-0.98
"DIG",141658,"/Date(1702970266000)/",25200,1000,9018000,230228000000,-250,false,-0.98
"DIG",141658,"/Date(1702970265000)/",25200,1000,9017000,230203000000,-250,false,-0.98
"DIG",141658,"/Date(1702970265000)/",25200,100,9016000,230178000000,-250,false,-0.98
"DIG",141658,"/Date(1702970265000)/",25200,100,9015900,230175000000,-250,false,-0.98
"DIG",141658,"/Date(1702970264000)/",25200,3000,9015800,230173000000,-250,false,-0.98
"DIG",141658,"/Date(1702970264000)/",25200,1900,9012800,230097000000,-250,false,-0.98
"DIG",141658,"/Date(1702970264000)/",25150,100,9010900,230049000000,-300,true,-1.18
"DIG",141658,"/Date(1702970263000)/",25200,3100,9010800,230047000000,-250,false,-0.98
"DIG",141658,"/Date(1702970263000)/",25200,300,9007700,229968000000,-250,false,-0.98
"DIG",141658,"/Date(1702970263000)/",25200,400,9007400,229961000000,-250,false,-0.98
"DIG",141658,"/Date(1702970263000)/",25200,1000,9007000,229951000000,-250,false,-0.98
"DIG",141658,"/Date(1702970263000)/",25200,200,9006000,229926000000,-250,false,-0.98
"DIG",141655,"/Date(1702970263000)/",25150,1600,9005800,229921000000,-300,true,-1.18
"DIG",141655,"/Date(1702970263000)/",25150,700,9004200,229880000000,-300,true,-1.18
"DIG",141655,"/Date(1702970262000)/",25200,500,9003500,229863000000,-250,false,-0.98
"DIG",141655,"/Date(1702970262000)/",25200,500,9003000,229850000000,-250,false,-0.98
"DIG",141655,"/Date(1702970262000)/",25200,500,9002500,229838000000,-250,false,-0.98
"DIG",141655,"/Date(1702970262000)/",25150,7400,9002000,229825000000,-300,true,-1.18
"DIG",141655,"/Date(1702970262000)/",25150,3000,8994600,229639000000,-300,true,-1.18
"DIG",141655,"/Date(1702970262000)/",25150,100,8991600,229563000000,-300,true,-1.18
"DIG",141655,"/Date(1702970262000)/",25150,16000,8991500,229561000000,-300,true,-1.18
"DIG",141655,"/Date(1702970262000)/",25150,5000,8975500,229158000000,-300,true,-1.18
"DIG",141655,"/Date(1702970261000)/",25200,300,8970500,229033000000,-250,false,-0.98
"DIG",141655,"/Date(1702970260000)/",25150,100,8970200,229025000000,-300,true,-1.18
"DIG",141652,"/Date(1702970260000)/",25200,2200,8970100,229023000000,-250,false,-0.98
"DIG",141652,"/Date(1702970260000)/",25200,100,8967900,228967000000,-250,false,-0.98
"DIG",141652,"/Date(1702970260000)/",25200,100,8967800,228965000000,-250,false,-0.98
"DIG",141652,"/Date(1702970260000)/",25200,2600,8967700,228962000000,-250,false,-0.98
"DIG",141652,"/Date(1702970259000)/",25200,2400,8965100,228897000000,-250,false,-0.98
"DIG",141652,"/Date(1702970259000)/",25200,500,8962700,228836000000,-250,false,-0.98
"DIG",141652,"/Date(1702970259000)/",25200,2000,8962200,228824000000,-250,false,-0.98
"DIG",141652,"/Date(1702970259000)/",25200,3600,8960200,228773000000,-250,false,-0.98
"DIG",141652,"/Date(1702970259000)/",25200,300,8956600,228682000000,-250,false,-0.98
"DIG",141652,"/Date(1702970259000)/",25200,200,8956300,228675000000,-250,false,-0.98
"DIG",141652,"/Date(1702970259000)/",25200,800,8956100,228670000000,-250,false,-0.98
"DIG",141652,"/Date(1702970259000)/",25200,1000,8955300,228650000000,-250,false,-0.98
"DIG",141652,"/Date(1702970259000)/",25200,200,8954300,228624000000,-250,false,-0.98
"DIG",141652,"/Date(1702970259000)/",25200,900,8954100,228619000000,-250,false,-0.98
"DIG",141652,"/Date(1702970258000)/",25200,5000,8953200,228597000000,-250,false,-0.98
"DIG",141652,"/Date(1702970258000)/",25150,1000,8948200,228471000000,-300,true,-1.18
"DIG",141652,"/Date(1702970258000)/",25200,2400,8947200,228446000000,-250,false,-0.98
"DIG",141652,"/Date(1702970258000)/",25200,2000,8944800,228385000000,-250,false,-0.98
"DIG",141652,"/Date(1702970257000)/",25200,600,8942800,228335000000,-250,false,-0.98
"DIG",141649,"/Date(1702970256000)/",25200,2000,8942200,228320000000,-250,false,-0.98
"DIG",141649,"/Date(1702970256000)/",25150,2000,8940200,228269000000,-300,true,-1.18
"DIG",141649,"/Date(1702970256000)/",25200,2000,8938200,228219000000,-250,false,-0.98
"DIG",141649,"/Date(1702970256000)/",25200,100,8936200,228168000000,-250,false,-0.98
"DIG",141649,"/Date(1702970255000)/",25150,200,8936100,228166000000,-300,true,-1.18
"DIG",141646,"/Date(1702970252000)/",25150,100,8935900,228161000000,-300,true,-1.18
"DIG",141646,"/Date(1702970251000)/",25200,10000,8935800,228158000000,-250,false,-0.98
"DIG",141642,"/Date(1702970250000)/",25150,200,8925800,227906000000,-300,true,-1.18
"DIG",141642,"/Date(1702970249000)/",25150,1000,8925600,227901000000,-300,true,-1.18
"DIG",141642,"/Date(1702970249000)/",25150,1000,8924600,227876000000,-300,true,-1.18
"DIG",141642,"/Date(1702970248000)/",25200,1000,8923600,227851000000,-250,false,-0.98
"DIG",141639,"/Date(1702970247000)/",25200,1500,8922600,227826000000,-250,false,-0.98
"DIG",141639,"/Date(1702970246000)/",25200,100,8921100,227788000000,-250,false,-0.98
"DIG",141639,"/Date(1702970245000)/",25200,2000,8921000,227786000000,-250,false,-0.98
"DIG",141639,"/Date(1702970245000)/",25200,200,8919000,227735000000,-250,false,-0.98
"DIG",141636,"/Date(1702970243000)/",25150,5000,8918800,227730000000,-300,true,-1.18
"DIG",141636,"/Date(1702970242000)/",25200,1000,8913800,227604000000,-250,false,-0.98
"DIG",141636,"/Date(1702970242000)/",25150,100,8912800,227579000000,-300,true,-1.18
"DIG",141633,"/Date(1702970240000)/",25150,500,8912700,227577000000,-300,true,-1.18
"DIG",141633,"/Date(1702970239000)/",25200,2000,8912200,227564000000,-250,false,-0.98
"DIG",141633,"/Date(1702970239000)/",25200,2500,8910200,227514000000,-250,false,-0.98
"DIG",141633,"/Date(1702970239000)/",25200,2500,8907700,227451000000,-250,false,-0.98
"DIG",141633,"/Date(1702970238000)/",25200,500,8905200,227388000000,-250,false,-0.98
"DIG",141627,"/Date(1702970233000)/",25200,10000,8904700,227375000000,-250,false,-0.98
"DIG",141627,"/Date(1702970231000)/",25150,500,8894700,227123000000,-300,true,-1.18
"DIG",141627,"/Date(1702970231000)/",25200,300,8894200,227111000000,-250,false,-0.98
"DIG",141623,"/Date(1702970231000)/",25200,200,8893900,227103000000,-250,false,-0.98
"DIG",141623,"/Date(1702970230000)/",25150,1500,8893700,227098000000,-300,true,-1.18
"DIG",141620,"/Date(1702970227000)/",25150,700,8892200,227060000000,-300,true,-1.18
"DIG",141620,"/Date(1702970227000)/",25150,100,8891500,227043000000,-300,true,-1.18
"DIG",141620,"/Date(1702970227000)/",25150,100,8891400,227040000000,-300,true,-1.18
"DIG",141620,"/Date(1702970227000)/",25150,2000,8891300,227038000000,-300,true,-1.18
"DIG",141620,"/Date(1702970227000)/",25150,1000,8889300,226987000000,-300,true,-1.18
"DIG",141620,"/Date(1702970227000)/",25150,100,8888300,226962000000,-300,true,-1.18
"DIG",141620,"/Date(1702970227000)/",25150,100,8888200,226960000000,-300,true,-1.18
"DIG",141620,"/Date(1702970227000)/",25150,200,8888100,226957000000,-300,true,-1.18
"DIG",141620,"/Date(1702970227000)/",25150,1000,8887900,226952000000,-300,true,-1.18
"DIG",141620,"/Date(1702970227000)/",25150,500,8886900,226927000000,-300,true,-1.18
"DIG",141620,"/Date(1702970227000)/",25150,700,8886400,226914000000,-300,true,-1.18
"DIG",141620,"/Date(1702970227000)/",25150,500,8885700,226897000000,-300,true,-1.18
"DIG",141620,"/Date(1702970227000)/",25150,20000,8885200,226884000000,-300,true,-1.18
"DIG",141620,"/Date(1702970227000)/",25150,600,8865200,226381000000,-300,true,-1.18
"DIG",141620,"/Date(1702970227000)/",25150,2400,8864600,226366000000,-300,true,-1.18
"DIG",141617,"/Date(1702970224000)/",25200,600,8862200,226306000000,-250,false,-0.98
"DIG",141617,"/Date(1702970223000)/",25150,800,8861600,226291000000,-300,true,-1.18
"DIG",141617,"/Date(1702970223000)/",25200,100,8860800,226270000000,-250,false,-0.98
"DIG",141614,"/Date(1702970222000)/",25200,600,8860700,226268000000,-250,false,-0.98
"DIG",141611,"/Date(1702970217000)/",25200,100,8860100,226253000000,-250,false,-0.98
"DIG",141611,"/Date(1702970215000)/",25150,1800,8860000,226250000000,-300,true,-1.18
"DIG",141611,"/Date(1702970215000)/",25150,100,8858200,226205000000,-300,true,-1.18
"DIG",141611,"/Date(1702970215000)/",25150,100,8858100,226203000000,-300,true,-1.18
"DIG",141607,"/Date(1702970214000)/",25200,500,8858000,226200000000,-250,false,-0.98
"DIG",141604,"/Date(1702970212000)/",25200,500,8857500,226187000000,-250,true,-0.98
"DIG",141604,"/Date(1702970210000)/",25200,2000,8857000,226175000000,-250,true,-0.98
"DIG",141604,"/Date(1702970210000)/",25200,400,8855000,226124000000,-250,true,-0.98
"DIG",141604,"/Date(1702970209000)/",25200,100,8854600,226114000000,-250,true,-0.98
"DIG",141604,"/Date(1702970209000)/",25200,1000,8854500,226112000000,-250,true,-0.98
"DIG",141604,"/Date(1702970209000)/",25200,1000,8853500,226087000000,-250,true,-0.98
"DIG",141604,"/Date(1702970209000)/",25200,5000,8852500,226061000000,-250,true,-0.98
"DIG",141604,"/Date(1702970209000)/",25200,100,8847500,225935000000,-250,true,-0.98
"DIG",141604,"/Date(1702970209000)/",25200,4500,8847400,225933000000,-250,true,-0.98
"DIG",141601,"/Date(1702970208000)/",25200,5500,8842900,225819000000,-250,true,-0.98
"DIG",141601,"/Date(1702970208000)/",25200,100,8837400,225681000000,-250,true,-0.98
"DIG",141601,"/Date(1702970208000)/",25200,200,8837300,225678000000,-250,true,-0.98
"DIG",141601,"/Date(1702970208000)/",25200,100,8837100,225673000000,-250,true,-0.98
"DIG",141601,"/Date(1702970208000)/",25200,3000,8837000,225671000000,-250,true,-0.98
"DIG",141601,"/Date(1702970208000)/",25200,100,8834000,225595000000,-250,true,-0.98
"DIG",141601,"/Date(1702970208000)/",25200,600,8833900,225593000000,-250,true,-0.98
"DIG",141601,"/Date(1702970208000)/",25200,400,8833300,225578000000,-250,true,-0.98
"DIG",141601,"/Date(1702970207000)/",25200,1600,8832900,225567000000,-250,true,-0.98
"DIG",141601,"/Date(1702970207000)/",25200,100,8831300,225527000000,-250,true,-0.98
"DIG",141601,"/Date(1702970207000)/",25200,5000,8831200,225525000000,-250,true,-0.98
"DIG",141601,"/Date(1702970207000)/",25200,100,8826200,225399000000,-250,true,-0.98
"DIG",141601,"/Date(1702970207000)/",25200,500,8826100,225396000000,-250,true,-0.98
"DIG",141601,"/Date(1702970207000)/",25200,1800,8825600,225384000000,-250,true,-0.98
"DIG",141601,"/Date(1702970207000)/",25200,2900,8823800,225338000000,-250,true,-0.98
"DIG",141601,"/Date(1702970206000)/",25200,100,8820900,225265000000,-250,true,-0.98
"DIG",141601,"/Date(1702970206000)/",25200,1000,8820800,225263000000,-250,true,-0.98
"DIG",141601,"/Date(1702970206000)/",25200,100,8819800,225237000000,-250,true,-0.98
"DIG",141601,"/Date(1702970206000)/",25200,700,8819700,225235000000,-250,true,-0.98
"DIG",141601,"/Date(1702970206000)/",25200,2000,8819000,225217000000,-250,true,-0.98
"DIG",141601,"/Date(1702970206000)/",25200,700,8817000,225167000000,-250,true,-0.98
"DIG",141558,"/Date(1702970204000)/",25200,3300,8816300,225149000000,-250,true,-0.98
"DIG",141558,"/Date(1702970203000)/",25200,2000,8813000,225066000000,-250,true,-0.98
"DIG",141558,"/Date(1702970203000)/",25200,1300,8811000,225016000000,-250,true,-0.98
"DIG",141558,"/Date(1702970203000)/",25200,1000,8809700,224983000000,-250,true,-0.98
"DIG",141558,"/Date(1702970203000)/",25200,400,8808700,224958000000,-250,true,-0.98
"DIG",141558,"/Date(1702970203000)/",25200,600,8808300,224948000000,-250,true,-0.98
"DIG",141558,"/Date(1702970203000)/",25200,1000,8807700,224932000000,-250,true,-0.98
"DIG",141558,"/Date(1702970203000)/",25200,1400,8806700,224907000000,-250,true,-0.98
"DIG",141558,"/Date(1702970203000)/",25200,400,8805300,224872000000,-250,true,-0.98
"DIG",141555,"/Date(1702970200000)/",25200,3000,8804900,224862000000,-250,true,-0.98
"DIG",141555,"/Date(1702970200000)/",25200,200,8801900,224786000000,-250,true,-0.98
"DIG",141555,"/Date(1702970200000)/",25200,500,8801700,224781000000,-250,true,-0.98
"DIG",141555,"/Date(1702970200000)/",25200,300,8801200,224769000000,-250,true,-0.98
"DIG",141555,"/Date(1702970200000)/",25200,500,8800900,224761000000,-250,true,-0.98
"DIG",141555,"/Date(1702970200000)/",25200,5000,8800400,224748000000,-250,true,-0.98
"DIG",141555,"/Date(1702970200000)/",25200,100,8795400,224622000000,-250,true,-0.98
"DIG",141555,"/Date(1702970200000)/",25200,6000,8795300,224620000000,-250,true,-0.98
"DIG",141555,"/Date(1702970200000)/",25200,100,8789300,224469000000,-250,true,-0.98
"DIG",141555,"/Date(1702970200000)/",25200,300,8789200,224466000000,-250,true,-0.98
"DIG",141555,"/Date(1702970200000)/",25200,100,8788900,224459000000,-250,true,-0.98
"DIG",141555,"/Date(1702970200000)/",25200,1400,8788800,224456000000,-250,true,-0.98
"DIG",141555,"/Date(1702970200000)/",25200,5000,8787400,224421000000,-250,true,-0.98
"DIG",141555,"/Date(1702970200000)/",25200,100,8782400,224295000000,-250,true,-0.98
"DIG",141555,"/Date(1702970200000)/",25200,400,8782300,224292000000,-250,true,-0.98
"DIG",141555,"/Date(1702970200000)/",25200,100,8781900,224282000000,-250,true,-0.98
"DIG",141555,"/Date(1702970200000)/",25200,300,8781800,224280000000,-250,true,-0.98
"DIG",141555,"/Date(1702970200000)/",25200,300,8781500,224272000000,-250,true,-0.98
"DIG",141555,"/Date(1702970200000)/",25200,100,8781200,224265000000,-250,true,-0.98
