"Stockcode","Package","TradingDate","Price","Vol","TotalVol","TotalVal","Change","IsBuy","PerChange"
"DRH",144411,"/Date(1702971900000)/",4950,36600,1542700,7606000000,-50,false,-1
"DRH",142905,"/Date(1702970993000)/",4940,3000,1506100,7425000000,-60,false,-1.2
"DRH",142905,"/Date(1702970993000)/",4940,1000,1503100,7410000000,-60,false,-1.2
"DRH",142905,"/Date(1702970993000)/",4940,2000,1502100,7405000000,-60,false,-1.2
"DRH",142858,"/Date(1702970985000)/",4930,4800,1500100,7396000000,-70,true,-1.4
"DRH",142858,"/Date(1702970985000)/",4930,200,1495300,7372000000,-70,true,-1.4
"DRH",142842,"/Date(1702970969000)/",4930,1000,1495100,7371000000,-70,true,-1.4
"DRH",142842,"/Date(1702970969000)/",4920,900,1494100,7366000000,-80,false,-1.6
"DRH",142839,"/Date(1702970965000)/",4920,1000,1493200,7362000000,-80,false,-1.6
"DRH",142836,"/Date(1702970962000)/",4920,1000,1492200,7357000000,-80,false,-1.6
"DRH",142836,"/Date(1702970962000)/",4920,500,1491200,7352000000,-80,false,-1.6
"DRH",142836,"/Date(1702970962000)/",4920,100,1490700,7349000000,-80,false,-1.6
"DRH",142836,"/Date(1702970962000)/",4920,1100,1490600,7349000000,-80,false,-1.6
"DRH",142836,"/Date(1702970962000)/",4920,1500,1489500,7343000000,-80,false,-1.6
"DRH",142836,"/Date(1702970962000)/",4920,2000,1488000,7336000000,-80,false,-1.6
"DRH",142836,"/Date(1702970962000)/",4920,300,1486000,7326000000,-80,false,-1.6
"DRH",142836,"/Date(1702970962000)/",4920,1600,1485700,7325000000,-80,false,-1.6
"DRH",142832,"/Date(1702970958000)/",4930,500,1484100,7317000000,-70,false,-1.4
"DRH",142829,"/Date(1702970957000)/",4930,4500,1483600,7314000000,-70,false,-1.4
"DRH",142829,"/Date(1702970957000)/",4930,500,1479100,7292000000,-70,false,-1.4
"DRH",142826,"/Date(1702970954000)/",4930,100,1478600,7290000000,-70,false,-1.4
"DRH",142813,"/Date(1702970942000)/",4920,100,1478500,7289000000,-80,true,-1.6
"DRH",142813,"/Date(1702970941000)/",4930,3000,1478400,7289000000,-70,false,-1.4
"DRH",142725,"/Date(1702970894000)/",4920,2000,1475400,7274000000,-80,false,-1.6
"DRH",142725,"/Date(1702970894000)/",4920,1000,1473400,7264000000,-80,false,-1.6
"DRH",142725,"/Date(1702970894000)/",4920,200,1472400,7259000000,-80,false,-1.6
"DRH",142725,"/Date(1702970894000)/",4920,2000,1472200,7258000000,-80,false,-1.6
"DRH",142725,"/Date(1702970894000)/",4920,100,1470200,7248000000,-80,false,-1.6
"DRH",142725,"/Date(1702970894000)/",4920,3000,1470100,7248000000,-80,false,-1.6
"DRH",142712,"/Date(1702970879000)/",4920,200,1467100,7233000000,-80,false,-1.6
"DRH",142644,"/Date(1702970850000)/",4920,1000,1466900,7232000000,-80,false,-1.6
"DRH",142640,"/Date(1702970847000)/",4920,500,1465900,7227000000,-80,false,-1.6
"DRH",142556,"/Date(1702970803000)/",4920,1000,1465400,7225000000,-80,false,-1.6
"DRH",142553,"/Date(1702970800000)/",4920,100,1464400,7220000000,-80,false,-1.6
"DRH",142540,"/Date(1702970788000)/",4920,100,1464300,7219000000,-80,false,-1.6
"DRH",142449,"/Date(1702970735000)/",4910,900,1464200,7219000000,-90,false,-1.8
"DRH",142446,"/Date(1702970733000)/",4910,200,1463300,7214000000,-90,false,-1.8
"DRH",142442,"/Date(1702970729000)/",4910,100,1463100,7213000000,-90,true,-1.8
"DRH",142442,"/Date(1702970729000)/",4910,200,1463000,7213000000,-90,true,-1.8
"DRH",142442,"/Date(1702970729000)/",4910,500,1462800,7212000000,-90,true,-1.8
"DRH",142442,"/Date(1702970729000)/",4910,100,1462300,7209000000,-90,true,-1.8
"DRH",142404,"/Date(1702970690000)/",4910,9900,1462200,7209000000,-90,false,-1.8
"DRH",142358,"/Date(1702970684000)/",4900,5000,1452300,7160000000,-100,true,-2
"DRH",142348,"/Date(1702970675000)/",4900,8600,1447300,7136000000,-100,true,-2
"DRH",142345,"/Date(1702970672000)/",4900,1000,1438700,7094000000,-100,false,-2
"DRH",142335,"/Date(1702970664000)/",4900,100,1437700,7089000000,-100,false,-2
"DRH",142326,"/Date(1702970652000)/",4900,1000,1437600,7088000000,-100,false,-2
"DRH",142316,"/Date(1702970643000)/",4900,2000,1436600,7083000000,-100,false,-2
"DRH",142313,"/Date(1702970640000)/",4900,300,1434600,7074000000,-100,false,-2
"DRH",142313,"/Date(1702970638000)/",4900,100,1434300,7072000000,-100,false,-2
"DRH",142310,"/Date(1702970635000)/",4900,700,1434200,7072000000,-100,true,-2
"DRH",142310,"/Date(1702970635000)/",4900,1200,1433500,7068000000,-100,true,-2
"DRH",142303,"/Date(1702970630000)/",4900,20000,1432300,7062000000,-100,true,-2
"DRH",142300,"/Date(1702970628000)/",4910,100,1412300,6964000000,-90,false,-1.8
"DRH",142244,"/Date(1702970609000)/",4900,1700,1412200,6964000000,-100,false,-2
"DRH",142244,"/Date(1702970609000)/",4900,17100,1410500,6956000000,-100,false,-2
"DRH",142238,"/Date(1702970605000)/",4900,200,1393400,6872000000,-100,false,-2
"DRH",142234,"/Date(1702970602000)/",4900,300,1393200,6871000000,-100,false,-2
"DRH",142209,"/Date(1702970577000)/",4900,6400,1392900,6869000000,-100,false,-2
"DRH",142209,"/Date(1702970577000)/",4900,600,1386500,6838000000,-100,false,-2
"DRH",142140,"/Date(1702970548000)/",4890,200,1385900,6835000000,-110,false,-2.2
"DRH",142140,"/Date(1702970547000)/",4890,100,1385700,6834000000,-110,false,-2.2
"DRH",142117,"/Date(1702970524000)/",4890,100,1385600,6834000000,-110,false,-2.2
"DRH",142039,"/Date(1702970485000)/",4870,100,1385500,6833000000,-130,false,-2.6
"DRH",142033,"/Date(1702970478000)/",4870,200,1385400,6833000000,-130,false,-2.6
"DRH",142007,"/Date(1702970454000)/",4850,18700,1385200,6832000000,-150,true,-3
"DRH",142004,"/Date(1702970450000)/",4850,1000,1366500,6741000000,-150,false,-3
"DRH",141951,"/Date(1702970439000)/",4850,1000,1365500,6736000000,-150,false,-3
"DRH",141948,"/Date(1702970434000)/",4850,2000,1364500,6731000000,-150,false,-3
"DRH",141942,"/Date(1702970430000)/",4840,4200,1362500,6721000000,-160,false,-3.2
"DRH",141942,"/Date(1702970427000)/",4840,200,1358300,6701000000,-160,false,-3.2
"DRH",141942,"/Date(1702970427000)/",4840,400,1358100,6700000000,-160,false,-3.2
"DRH",141939,"/Date(1702970425000)/",4840,200,1357700,6698000000,-160,false,-3.2
"DRH",141939,"/Date(1702970425000)/",4840,4800,1357500,6697000000,-160,false,-3.2
"DRH",141939,"/Date(1702970424000)/",4840,3000,1352700,6674000000,-160,false,-3.2
"DRH",141932,"/Date(1702970418000)/",4830,3700,1349700,6660000000,-170,false,-3.4
"DRH",141929,"/Date(1702970416000)/",4830,300,1346000,6642000000,-170,false,-3.4
"DRH",141929,"/Date(1702970416000)/",4830,1100,1345700,6640000000,-170,false,-3.4
"DRH",141926,"/Date(1702970412000)/",4830,100,1344600,6635000000,-170,false,-3.4
"DRH",141919,"/Date(1702970404000)/",4820,200,1344500,6634000000,-180,false,-3.6
"DRH",141913,"/Date(1702970400000)/",4820,300,1344300,6633000000,-180,false,-3.6
"DRH",141910,"/Date(1702970397000)/",4820,100,1344000,6632000000,-180,false,-3.6
"DRH",141910,"/Date(1702970396000)/",4820,900,1343900,6632000000,-180,false,-3.6
"DRH",141910,"/Date(1702970396000)/",4820,1100,1343000,6627000000,-180,false,-3.6
"DRH",141910,"/Date(1702970396000)/",4820,300,1341900,6622000000,-180,false,-3.6
"DRH",141910,"/Date(1702970395000)/",4820,100,1341600,6620000000,-180,false,-3.6
"DRH",141910,"/Date(1702970395000)/",4820,500,1341500,6620000000,-180,false,-3.6
"DRH",141907,"/Date(1702970393000)/",4820,300,1341000,6618000000,-180,false,-3.6
"DRH",141903,"/Date(1702970391000)/",4820,300,1340700,6616000000,-180,false,-3.6
"DRH",141900,"/Date(1702970386000)/",4820,700,1340400,6615000000,-180,false,-3.6
"DRH",141857,"/Date(1702970383000)/",4820,1800,1339700,6611000000,-180,false,-3.6
"DRH",141857,"/Date(1702970383000)/",4820,1000,1337900,6603000000,-180,false,-3.6
"DRH",141851,"/Date(1702970377000)/",4820,400,1336900,6598000000,-180,false,-3.6
"DRH",141851,"/Date(1702970377000)/",4820,200,1336500,6596000000,-180,false,-3.6
"DRH",141844,"/Date(1702970370000)/",4820,1000,1336300,6595000000,-180,false,-3.6
"DRH",141841,"/Date(1702970369000)/",4810,700,1335300,6590000000,-190,true,-3.8
"DRH",141838,"/Date(1702970366000)/",4820,2000,1334600,6587000000,-180,false,-3.6
"DRH",141838,"/Date(1702970365000)/",4820,100,1332600,6577000000,-180,false,-3.6
"DRH",141835,"/Date(1702970362000)/",4820,1000,1332500,6577000000,-180,false,-3.6
"DRH",141828,"/Date(1702970353000)/",4820,5000,1331500,6572000000,-180,false,-3.6
"DRH",141819,"/Date(1702970344000)/",4810,2900,1326500,6548000000,-190,false,-3.8
"DRH",141812,"/Date(1702970338000)/",4810,1000,1323600,6534000000,-190,false,-3.8
"DRH",141809,"/Date(1702970337000)/",4810,100,1322600,6529000000,-190,false,-3.8
"DRH",141806,"/Date(1702970332000)/",4800,2700,1322500,6528000000,-200,true,-4
"DRH",141806,"/Date(1702970332000)/",4800,2000,1319800,6515000000,-200,true,-4
"DRH",141806,"/Date(1702970332000)/",4800,300,1317800,6506000000,-200,true,-4
"DRH",141806,"/Date(1702970332000)/",4800,300,1317500,6504000000,-200,true,-4
"DRH",141806,"/Date(1702970332000)/",4800,400,1317200,6503000000,-200,true,-4
"DRH",141806,"/Date(1702970332000)/",4800,1500,1316800,6501000000,-200,true,-4
"DRH",141806,"/Date(1702970332000)/",4800,500,1315300,6494000000,-200,true,-4
"DRH",141806,"/Date(1702970332000)/",4800,100,1314800,6491000000,-200,true,-4
"DRH",141806,"/Date(1702970332000)/",4800,2000,1314700,6491000000,-200,true,-4
"DRH",141806,"/Date(1702970332000)/",4800,500,1312700,6481000000,-200,true,-4
"DRH",141806,"/Date(1702970332000)/",4800,500,1312200,6479000000,-200,true,-4
"DRH",141806,"/Date(1702970332000)/",4800,500,1311700,6477000000,-200,true,-4
"DRH",141806,"/Date(1702970332000)/",4800,100,1311200,6474000000,-200,true,-4
"DRH",141806,"/Date(1702970332000)/",4800,2000,1311100,6474000000,-200,true,-4
"DRH",141806,"/Date(1702970332000)/",4800,100,1309100,6464000000,-200,true,-4
"DRH",141806,"/Date(1702970332000)/",4800,10000,1309000,6464000000,-200,true,-4
"DRH",141806,"/Date(1702970332000)/",4800,400,1299000,6416000000,-200,true,-4
"DRH",141806,"/Date(1702970332000)/",4800,1000,1298600,6414000000,-200,true,-4
"DRH",141806,"/Date(1702970332000)/",4800,100,1297600,6409000000,-200,true,-4
"DRH",141806,"/Date(1702970332000)/",4800,1000,1297500,6408000000,-200,true,-4
"DRH",141806,"/Date(1702970332000)/",4800,100,1296500,6404000000,-200,true,-4
"DRH",141806,"/Date(1702970332000)/",4800,2000,1296400,6403000000,-200,true,-4
"DRH",141806,"/Date(1702970332000)/",4800,1000,1294400,6394000000,-200,true,-4
"DRH",141806,"/Date(1702970332000)/",4800,100,1293400,6389000000,-200,true,-4
"DRH",141806,"/Date(1702970332000)/",4800,500,1293300,6388000000,-200,true,-4
"DRH",141806,"/Date(1702970332000)/",4800,1000,1292800,6386000000,-200,true,-4
"DRH",141806,"/Date(1702970332000)/",4800,100,1291800,6381000000,-200,true,-4
"DRH",141806,"/Date(1702970332000)/",4800,200,1291700,6381000000,-200,true,-4
"DRH",141806,"/Date(1702970332000)/",4800,1000,1291500,6380000000,-200,true,-4
"DRH",141806,"/Date(1702970332000)/",4800,200,1290500,6375000000,-200,true,-4
"DRH",141806,"/Date(1702970332000)/",4800,100,1290300,6374000000,-200,true,-4
"DRH",141806,"/Date(1702970332000)/",4800,10000,1290200,6373000000,-200,true,-4
"DRH",141806,"/Date(1702970332000)/",4800,100,1280200,6325000000,-200,true,-4
"DRH",141806,"/Date(1702970332000)/",4800,10000,1280100,6325000000,-200,true,-4
"DRH",141806,"/Date(1702970332000)/",4810,100,1270100,6277000000,-190,true,-3.8
"DRH",141806,"/Date(1702970332000)/",4810,2000,1270000,6276000000,-190,true,-3.8
"DRH",141806,"/Date(1702970332000)/",4810,7500,1268000,6267000000,-190,true,-3.8
"DRH",141806,"/Date(1702970332000)/",4810,1000,1260500,6231000000,-190,true,-3.8
"DRH",141806,"/Date(1702970332000)/",4810,2000,1259500,6226000000,-190,true,-3.8
"DRH",141806,"/Date(1702970332000)/",4810,500,1257500,6216000000,-190,true,-3.8
"DRH",141806,"/Date(1702970332000)/",4810,2000,1257000,6214000000,-190,true,-3.8
"DRH",141806,"/Date(1702970332000)/",4810,1000,1255000,6204000000,-190,true,-3.8
"DRH",141806,"/Date(1702970332000)/",4810,100,1254000,6199000000,-190,true,-3.8
"DRH",141806,"/Date(1702970332000)/",4810,300,1253900,6199000000,-190,true,-3.8
"DRH",141806,"/Date(1702970332000)/",4810,100,1253600,6198000000,-190,true,-3.8
"DRH",141806,"/Date(1702970332000)/",4810,1000,1253500,6197000000,-190,true,-3.8
"DRH",141806,"/Date(1702970331000)/",4820,500,1252500,6192000000,-180,false,-3.6
"DRH",141750,"/Date(1702970317000)/",4820,1000,1252000,6190000000,-180,false,-3.6
"DRH",141747,"/Date(1702970314000)/",4820,2500,1251000,6185000000,-180,false,-3.6
"DRH",141744,"/Date(1702970311000)/",4820,500,1248500,6173000000,-180,false,-3.6
"DRH",141740,"/Date(1702970308000)/",4820,100,1248000,6171000000,-180,false,-3.6
"DRH",141737,"/Date(1702970303000)/",4820,19600,1247900,6170000000,-180,true,-3.6
"DRH",141731,"/Date(1702970298000)/",4820,400,1228300,6076000000,-180,true,-3.6
"DRH",141731,"/Date(1702970298000)/",4820,100,1227900,6074000000,-180,true,-3.6
"DRH",141731,"/Date(1702970298000)/",4820,19500,1227800,6073000000,-180,true,-3.6
"DRH",141718,"/Date(1702970283000)/",4820,500,1208300,5979000000,-180,true,-3.6
"DRH",141718,"/Date(1702970283000)/",4820,500,1207800,5977000000,-180,true,-3.6
"DRH",141711,"/Date(1702970277000)/",4820,1000,1207300,5974000000,-180,true,-3.6
"DRH",141711,"/Date(1702970277000)/",4830,1000,1206300,5970000000,-170,false,-3.4
"DRH",141705,"/Date(1702970270000)/",4820,100,1205300,5965000000,-180,true,-3.6
"DRH",141652,"/Date(1702970259000)/",4830,3000,1205200,5964000000,-170,false,-3.4
"DRH",141639,"/Date(1702970247000)/",4830,500,1202200,5950000000,-170,true,-3.4
"DRH",141639,"/Date(1702970247000)/",4830,500,1201700,5947000000,-170,true,-3.4
"DRH",141639,"/Date(1702970247000)/",4830,100,1201200,5945000000,-170,true,-3.4
"DRH",141639,"/Date(1702970247000)/",4830,100,1201100,5944000000,-170,true,-3.4
"DRH",141639,"/Date(1702970247000)/",4830,1000,1201000,5944000000,-170,true,-3.4
"DRH",141639,"/Date(1702970247000)/",4830,1000,1200000,5939000000,-170,true,-3.4
"DRH",141611,"/Date(1702970218000)/",4840,5000,1199000,5934000000,-160,false,-3.2
"DRH",141604,"/Date(1702970211000)/",4840,10400,1194000,5910000000,-160,false,-3.2
"DRH",141601,"/Date(1702970208000)/",4840,100,1183600,5860000000,-160,false,-3.2
"DRH",141601,"/Date(1702970208000)/",4840,100,1183500,5859000000,-160,false,-3.2
"DRH",141542,"/Date(1702970187000)/",4840,5000,1183400,5859000000,-160,false,-3.2
"DRH",141535,"/Date(1702970182000)/",4840,300,1178400,5835000000,-160,true,-3.2
"DRH",141535,"/Date(1702970182000)/",4840,5000,1178100,5833000000,-160,true,-3.2
"DRH",141535,"/Date(1702970182000)/",4840,100,1173100,5809000000,-160,true,-3.2
"DRH",141535,"/Date(1702970182000)/",4850,500,1173000,5808000000,-150,true,-3
"DRH",141535,"/Date(1702970182000)/",4850,700,1172500,5806000000,-150,true,-3
"DRH",141529,"/Date(1702970176000)/",4850,1300,1171800,5803000000,-150,true,-3
"DRH",141529,"/Date(1702970176000)/",4850,2000,1170500,5796000000,-150,true,-3
"DRH",141529,"/Date(1702970176000)/",4850,1700,1168500,5787000000,-150,true,-3
"DRH",141523,"/Date(1702970169000)/",4850,2300,1166800,5778000000,-150,true,-3
"DRH",141513,"/Date(1702970160000)/",4850,200,1164500,5767000000,-150,true,-3
"DRH",141513,"/Date(1702970160000)/",4850,200,1164300,5766000000,-150,true,-3
"DRH",141513,"/Date(1702970160000)/",4850,500,1164100,5765000000,-150,true,-3
"DRH",141513,"/Date(1702970160000)/",4850,5000,1163600,5763000000,-150,true,-3
"DRH",141513,"/Date(1702970160000)/",4850,1000,1158600,5739000000,-150,true,-3
"DRH",141513,"/Date(1702970160000)/",4850,3000,1157600,5734000000,-150,true,-3
"DRH",141513,"/Date(1702970160000)/",4850,1000,1154600,5719000000,-150,true,-3
"DRH",141513,"/Date(1702970160000)/",4850,6800,1153600,5714000000,-150,true,-3
"DRH",141406,"/Date(1702970092000)/",4850,5100,1146800,5681000000,-150,true,-3
"DRH",141403,"/Date(1702970089000)/",4870,100,1141700,5657000000,-130,false,-2.6
"DRH",141353,"/Date(1702970080000)/",4850,4100,1141600,5656000000,-150,false,-3
"DRH",141347,"/Date(1702970073000)/",4850,400,1137500,5636000000,-150,true,-3
"DRH",141331,"/Date(1702970056000)/",4850,100,1137100,5634000000,-150,true,-3
"DRH",141328,"/Date(1702970055000)/",4850,100,1137000,5634000000,-150,false,-3
"DRH",141328,"/Date(1702970053000)/",4850,100,1136900,5633000000,-150,false,-3
"DRH",141328,"/Date(1702970053000)/",4850,1000,1136800,5633000000,-150,false,-3
"DRH",141328,"/Date(1702970053000)/",4850,300,1135800,5628000000,-150,false,-3
"DRH",141328,"/Date(1702970053000)/",4850,300,1135500,5627000000,-150,false,-3
"DRH",141324,"/Date(1702970051000)/",4850,3100,1135200,5625000000,-150,true,-3
"DRH",141321,"/Date(1702970046000)/",4850,1500,1132100,5610000000,-150,true,-3
"DRH",141308,"/Date(1702970033000)/",4850,1000,1130600,5603000000,-150,true,-3
"DRH",141305,"/Date(1702970033000)/",4850,4100,1129600,5598000000,-150,true,-3
"DRH",141305,"/Date(1702970033000)/",4850,100,1125500,5578000000,-150,true,-3
"DRH",141305,"/Date(1702970033000)/",4850,200,1125400,5578000000,-150,true,-3
"DRH",141305,"/Date(1702970033000)/",4850,100,1125200,5577000000,-150,true,-3
"DRH",141305,"/Date(1702970033000)/",4850,3000,1125100,5576000000,-150,true,-3
"DRH",141305,"/Date(1702970033000)/",4850,100,1122100,5562000000,-150,true,-3
"DRH",141305,"/Date(1702970033000)/",4850,400,1122000,5561000000,-150,true,-3
"DRH",141305,"/Date(1702970033000)/",4850,1000,1121600,5559000000,-150,true,-3
"DRH",141305,"/Date(1702970033000)/",4850,1200,1120600,5554000000,-150,true,-3
"DRH",141305,"/Date(1702970033000)/",4850,1000,1119400,5549000000,-150,true,-3
"DRH",141305,"/Date(1702970033000)/",4850,800,1118400,5544000000,-150,true,-3
"DRH",141305,"/Date(1702970033000)/",4860,100,1117600,5540000000,-140,true,-2.8
"DRH",141305,"/Date(1702970033000)/",4860,5000,1117500,5539000000,-140,true,-2.8
"DRH",141305,"/Date(1702970033000)/",4860,100,1112500,5515000000,-140,true,-2.8
"DRH",141305,"/Date(1702970033000)/",4860,5000,1112400,5515000000,-140,true,-2.8
"DRH",141305,"/Date(1702970033000)/",4860,1000,1107400,5490000000,-140,true,-2.8
"DRH",141305,"/Date(1702970033000)/",4860,3000,1106400,5485000000,-140,true,-2.8
"DRH",141305,"/Date(1702970033000)/",4860,100,1103400,5471000000,-140,true,-2.8
"DRH",141305,"/Date(1702970033000)/",4860,3700,1103300,5470000000,-140,true,-2.8
"DRH",141305,"/Date(1702970030000)/",4860,500,1099600,5452000000,-140,true,-2.8
"DRH",141259,"/Date(1702970026000)/",4870,1500,1099100,5450000000,-130,false,-2.6
"DRH",141259,"/Date(1702970025000)/",4870,8500,1097600,5443000000,-130,false,-2.6
"DRH",141259,"/Date(1702970025000)/",4870,1300,1089100,5401000000,-130,false,-2.6
"DRH",141259,"/Date(1702970025000)/",4870,100,1087800,5395000000,-130,false,-2.6
"DRH",141259,"/Date(1702970025000)/",4870,100,1087700,5394000000,-130,false,-2.6
"DRH",141237,"/Date(1702970003000)/",4870,100,1087600,5394000000,-130,true,-2.6
"DRH",141233,"/Date(1702970000000)/",4880,1000,1087500,5393000000,-120,false,-2.4
"DRH",141221,"/Date(1702969985000)/",4880,500,1086500,5389000000,-120,false,-2.4
"DRH",141152,"/Date(1702969957000)/",4880,200,1086000,5386000000,-120,false,-2.4
"DRH",141142,"/Date(1702969949000)/",4870,50000,1085800,5385000000,-130,true,-2.6
"DRH",141133,"/Date(1702969939000)/",4880,100,1035800,5142000000,-120,true,-2.4
"DRH",141133,"/Date(1702969939000)/",4880,2000,1035700,5141000000,-120,true,-2.4
"DRH",141133,"/Date(1702969939000)/",4880,2000,1033700,5131000000,-120,true,-2.4
"DRH",141133,"/Date(1702969939000)/",4880,500,1031700,5122000000,-120,true,-2.4
"DRH",141133,"/Date(1702969939000)/",4880,2000,1031200,5119000000,-120,true,-2.4
"DRH",141133,"/Date(1702969939000)/",4880,100,1029200,5109000000,-120,true,-2.4
"DRH",141133,"/Date(1702969939000)/",4880,2000,1029100,5109000000,-120,true,-2.4
"DRH",141133,"/Date(1702969939000)/",4880,5000,1027100,5099000000,-120,true,-2.4
"DRH",141133,"/Date(1702969939000)/",4880,100,1022100,5075000000,-120,true,-2.4
"DRH",141120,"/Date(1702969924000)/",4890,100,1022000,5074000000,-110,false,-2.2
"DRH",141111,"/Date(1702969916000)/",4890,1700,1021900,5074000000,-110,true,-2.2
"DRH",141111,"/Date(1702969915000)/",4890,300,1020200,5065000000,-110,true,-2.2
"DRH",141111,"/Date(1702969915000)/",4890,200,1019900,5064000000,-110,true,-2.2
"DRH",141111,"/Date(1702969915000)/",4890,4500,1019700,5063000000,-110,true,-2.2
"DRH",141058,"/Date(1702969902000)/",4890,400,1015200,5041000000,-110,true,-2.2
"DRH",141042,"/Date(1702969889000)/",4890,100,1014800,5039000000,-110,true,-2.2
"DRH",141016,"/Date(1702969862000)/",4900,100,1014700,5039000000,-100,false,-2
"DRH",141007,"/Date(1702969851000)/",4900,1000,1014600,5038000000,-100,true,-2
"DRH",141007,"/Date(1702969851000)/",4900,100,1013600,5033000000,-100,true,-2
"DRH",141007,"/Date(1702969851000)/",4900,500,1013500,5033000000,-100,true,-2
"DRH",141007,"/Date(1702969851000)/",4900,10000,1013000,5030000000,-100,true,-2
"DRH",141007,"/Date(1702969851000)/",4900,3000,1003000,4981000000,-100,true,-2
"DRH",141007,"/Date(1702969851000)/",4900,100,1000000,4967000000,-100,true,-2
"DRH",141007,"/Date(1702969851000)/",4900,100,999900,4966000000,-100,true,-2
"DRH",141007,"/Date(1702969851000)/",4900,3100,999800,4966000000,-100,true,-2
"DRH",140857,"/Date(1702969783000)/",4910,200,996700,4950000000,-90,false,-1.8
"DRH",140750,"/Date(1702969715000)/",4910,600,996500,4949000000,-90,true,-1.8
"DRH",140750,"/Date(1702969715000)/",4910,600,995900,4946000000,-90,true,-1.8
"DRH",140750,"/Date(1702969715000)/",4910,300,995300,4943000000,-90,true,-1.8
"DRH",140750,"/Date(1702969715000)/",4910,1000,995000,4942000000,-90,true,-1.8
"DRH",140750,"/Date(1702969715000)/",4910,300,994000,4937000000,-90,true,-1.8
"DRH",140746,"/Date(1702969711000)/",4920,700,993700,4936000000,-80,false,-1.6
"DRH",140737,"/Date(1702969702000)/",4920,200,993000,4932000000,-80,false,-1.6
"DRH",140734,"/Date(1702969699000)/",4920,100,992800,4931000000,-80,false,-1.6
"DRH",140718,"/Date(1702969683000)/",4920,100,992700,4931000000,-80,false,-1.6
"DRH",140652,"/Date(1702969656000)/",4920,1000,992600,4930000000,-80,false,-1.6
"DRH",140516,"/Date(1702969561000)/",4910,700,991600,4925000000,-90,true,-1.8
"DRH",140451,"/Date(1702969537000)/",4910,1000,990900,4922000000,-90,false,-1.8
"DRH",140448,"/Date(1702969533000)/",4900,1900,989900,4917000000,-100,true,-2
"DRH",140448,"/Date(1702969533000)/",4900,10000,988000,4908000000,-100,true,-2
"DRH",140448,"/Date(1702969533000)/",4900,800,978000,4859000000,-100,true,-2
"DRH",140448,"/Date(1702969533000)/",4900,2000,977200,4855000000,-100,true,-2
"DRH",140448,"/Date(1702969533000)/",4900,10000,975200,4845000000,-100,true,-2
"DRH",140448,"/Date(1702969533000)/",4900,5000,965200,4796000000,-100,true,-2
"DRH",140448,"/Date(1702969533000)/",4900,300,960200,4771000000,-100,true,-2
"DRH",140441,"/Date(1702969527000)/",4910,100,959900,4770000000,-90,false,-1.8
"DRH",140438,"/Date(1702969524000)/",4910,1000,959800,4769000000,-90,false,-1.8
"DRH",140435,"/Date(1702969521000)/",4910,1000,958800,4765000000,-90,false,-1.8
"DRH",140435,"/Date(1702969520000)/",4910,500,957800,4760000000,-90,false,-1.8
"DRH",140416,"/Date(1702969502000)/",4910,500,957300,4757000000,-90,false,-1.8
"DRH",140338,"/Date(1702969464000)/",4900,700,956800,4755000000,-100,true,-2
"DRH",140247,"/Date(1702969411000)/",4900,400,956100,4751000000,-100,false,-2
"DRH",140231,"/Date(1702969396000)/",4900,400,955700,4749000000,-100,false,-2
"DRH",140231,"/Date(1702969394000)/",4890,20000,955300,4747000000,-110,true,-2.2
"DRH",140212,"/Date(1702969377000)/",4900,100,935300,4650000000,-100,false,-2
"DRH",140202,"/Date(1702969367000)/",4910,1200,935200,4649000000,-90,false,-1.8
"DRH",140202,"/Date(1702969367000)/",4910,800,934000,4643000000,-90,false,-1.8
"DRH",140140,"/Date(1702969343000)/",4910,2400,933200,4639000000,-90,false,-1.8
"DRH",140137,"/Date(1702969340000)/",4910,800,930800,4627000000,-90,false,-1.8
"DRH",140121,"/Date(1702969320000)/",4910,1100,930000,4624000000,-90,false,-1.8
"DRH",140121,"/Date(1702969320000)/",4910,8900,928900,4618000000,-90,false,-1.8
"DRH",140052,"/Date(1702969297000)/",4910,5000,920000,4574000000,-90,false,-1.8
"DRH",140004,"/Date(1702969248000)/",4880,300,915000,4550000000,-120,false,-2.4
"DRH",135955,"/Date(1702969240000)/",4860,800,914700,4548000000,-140,true,-2.8
"DRH",135955,"/Date(1702969240000)/",4860,400,913900,4545000000,-140,true,-2.8
"DRH",135955,"/Date(1702969240000)/",4860,100,913500,4543000000,-140,true,-2.8
"DRH",135913,"/Date(1702969197000)/",4880,100,913400,4542000000,-120,false,-2.4
"DRH",135900,"/Date(1702969185000)/",4880,200,913300,4542000000,-120,true,-2.4
"DRH",135900,"/Date(1702969185000)/",4880,100,913100,4541000000,-120,true,-2.4
"DRH",135900,"/Date(1702969185000)/",4880,1000,913000,4540000000,-120,true,-2.4
"DRH",135900,"/Date(1702969185000)/",4880,500,912000,4535000000,-120,true,-2.4
"DRH",135835,"/Date(1702969158000)/",4880,100,911500,4533000000,-120,false,-2.4
"DRH",135825,"/Date(1702969149000)/",4880,300,911400,4532000000,-120,false,-2.4
"DRH",135822,"/Date(1702969147000)/",4880,500,911100,4531000000,-120,false,-2.4
"DRH",135800,"/Date(1702969126000)/",4880,400,910600,4528000000,-120,true,-2.4
"DRH",135800,"/Date(1702969124000)/",4880,2000,910200,4526000000,-120,true,-2.4
"DRH",135747,"/Date(1702969110000)/",4860,2600,908200,4517000000,-140,false,-2.8
"DRH",135744,"/Date(1702969108000)/",4860,1000,905600,4504000000,-140,true,-2.8
"DRH",135744,"/Date(1702969108000)/",4870,100,904600,4499000000,-130,true,-2.6
"DRH",135744,"/Date(1702969108000)/",4870,4000,904500,4499000000,-130,true,-2.6
"DRH",135744,"/Date(1702969108000)/",4870,1000,900500,4479000000,-130,true,-2.6
"DRH",135744,"/Date(1702969108000)/",4880,200,899500,4474000000,-120,true,-2.4
"DRH",135744,"/Date(1702969108000)/",4880,1000,899300,4473000000,-120,true,-2.4
"DRH",135744,"/Date(1702969108000)/",4880,100,898300,4469000000,-120,true,-2.4
"DRH",135741,"/Date(1702969105000)/",4890,100,898200,4468000000,-110,false,-2.2
"DRH",135737,"/Date(1702969101000)/",4890,100,898100,4468000000,-110,false,-2.2
"DRH",135731,"/Date(1702969094000)/",4890,200,898000,4467000000,-110,false,-2.2
"DRH",135731,"/Date(1702969094000)/",4890,2300,897800,4466000000,-110,false,-2.2
"DRH",135731,"/Date(1702969094000)/",4900,500,895500,4455000000,-100,false,-2
"DRH",135731,"/Date(1702969094000)/",4900,500,895000,4452000000,-100,false,-2
"DRH",135731,"/Date(1702969094000)/",4900,1300,894500,4450000000,-100,false,-2
"DRH",135728,"/Date(1702969091000)/",4900,1500,893200,4444000000,-100,true,-2
"DRH",135706,"/Date(1702969071000)/",4890,700,891700,4436000000,-110,true,-2.2
"DRH",135706,"/Date(1702969071000)/",4890,100,891000,4433000000,-110,true,-2.2
"DRH",135706,"/Date(1702969071000)/",4890,200,890900,4432000000,-110,true,-2.2
"DRH",135706,"/Date(1702969071000)/",4890,1000,890700,4431000000,-110,true,-2.2
"DRH",135614,"/Date(1702969017000)/",4900,400,889700,4426000000,-100,false,-2
"DRH",135555,"/Date(1702968998000)/",4900,100,889300,4424000000,-100,true,-2
"DRH",135555,"/Date(1702968998000)/",4900,100,889200,4424000000,-100,true,-2
"DRH",135555,"/Date(1702968998000)/",4900,400,889100,4424000000,-100,true,-2
"DRH",135555,"/Date(1702968998000)/",4900,4400,888700,4422000000,-100,true,-2
"DRH",135511,"/Date(1702968954000)/",4900,5600,884300,4400000000,-100,true,-2
"DRH",135511,"/Date(1702968954000)/",4900,100,878700,4373000000,-100,true,-2
"DRH",135511,"/Date(1702968954000)/",4900,3000,878600,4372000000,-100,true,-2
"DRH",135511,"/Date(1702968954000)/",4900,100,875600,4357000000,-100,true,-2
"DRH",135511,"/Date(1702968954000)/",4900,200,875500,4357000000,-100,true,-2
"DRH",135511,"/Date(1702968954000)/",4900,100,875300,4356000000,-100,true,-2
"DRH",135511,"/Date(1702968954000)/",4900,2000,875200,4355000000,-100,true,-2
"DRH",135511,"/Date(1702968954000)/",4900,1000,873200,4346000000,-100,true,-2
"DRH",135511,"/Date(1702968954000)/",4900,2000,872200,4341000000,-100,true,-2
"DRH",135511,"/Date(1702968954000)/",4900,200,870200,4331000000,-100,true,-2
"DRH",135511,"/Date(1702968954000)/",4900,200,870000,4330000000,-100,true,-2
"DRH",135511,"/Date(1702968954000)/",4900,500,869800,4329000000,-100,true,-2
"DRH",135511,"/Date(1702968954000)/",4900,3000,869300,4326000000,-100,true,-2
"DRH",135511,"/Date(1702968954000)/",4900,200,866300,4312000000,-100,true,-2
"DRH",135511,"/Date(1702968954000)/",4900,100,866100,4311000000,-100,true,-2
"DRH",135511,"/Date(1702968954000)/",4900,1000,866000,4310000000,-100,true,-2
"DRH",135511,"/Date(1702968954000)/",4900,300,865000,4305000000,-100,true,-2
"DRH",135511,"/Date(1702968954000)/",4900,100,864700,4304000000,-100,true,-2
"DRH",135511,"/Date(1702968954000)/",4900,100,864600,4303000000,-100,true,-2
"DRH",135511,"/Date(1702968954000)/",4900,200,864500,4303000000,-100,true,-2
"DRH",135511,"/Date(1702968954000)/",4900,200,864300,4302000000,-100,true,-2
"DRH",135511,"/Date(1702968954000)/",4900,100,864100,4301000000,-100,true,-2
"DRH",135511,"/Date(1702968954000)/",4900,200,864000,4301000000,-100,true,-2
"DRH",135511,"/Date(1702968954000)/",4900,2000,863800,4300000000,-100,true,-2
"DRH",135511,"/Date(1702968954000)/",4900,2000,861800,4290000000,-100,true,-2
"DRH",135511,"/Date(1702968954000)/",4900,100,859800,4280000000,-100,true,-2
"DRH",135511,"/Date(1702968954000)/",4900,200,859700,4279000000,-100,true,-2
"DRH",135511,"/Date(1702968954000)/",4910,1000,859500,4278000000,-90,true,-1.8
"DRH",135511,"/Date(1702968954000)/",4910,2000,858500,4274000000,-90,true,-1.8
"DRH",135511,"/Date(1702968954000)/",4910,300,856500,4264000000,-90,true,-1.8
"DRH",135511,"/Date(1702968954000)/",4910,500,856200,4262000000,-90,true,-1.8
"DRH",135511,"/Date(1702968954000)/",4910,100,855700,4260000000,-90,true,-1.8
"DRH",135511,"/Date(1702968954000)/",4910,200,855600,4259000000,-90,true,-1.8
"DRH",135511,"/Date(1702968954000)/",4910,100,855400,4258000000,-90,true,-1.8
"DRH",135511,"/Date(1702968954000)/",4910,1000,855300,4258000000,-90,true,-1.8
"DRH",135452,"/Date(1702968936000)/",4920,500,854300,4253000000,-80,true,-1.6
"DRH",135410,"/Date(1702968894000)/",4930,2000,853800,4250000000,-70,false,-1.4
"DRH",135316,"/Date(1702968840000)/",4920,3000,851800,4241000000,-80,true,-1.6
"DRH",135316,"/Date(1702968840000)/",4920,1000,848800,4226000000,-80,true,-1.6
"DRH",135306,"/Date(1702968830000)/",4930,2000,847800,4221000000,-70,false,-1.4
"DRH",135244,"/Date(1702968808000)/",4930,200,845800,4211000000,-70,false,-1.4
"DRH",135225,"/Date(1702968788000)/",4930,100,845600,4210000000,-70,false,-1.4
"DRH",135209,"/Date(1702968774000)/",4920,700,845500,4210000000,-80,true,-1.6
"DRH",135209,"/Date(1702968773000)/",4920,300,844800,4206000000,-80,true,-1.6
"DRH",135209,"/Date(1702968773000)/",4920,100,844500,4205000000,-80,true,-1.6
"DRH",135209,"/Date(1702968773000)/",4920,100,844400,4204000000,-80,true,-1.6
"DRH",135209,"/Date(1702968773000)/",4920,100,844300,4204000000,-80,true,-1.6
"DRH",135209,"/Date(1702968773000)/",4920,200,844200,4203000000,-80,true,-1.6
"DRH",135209,"/Date(1702968773000)/",4920,1000,844000,4202000000,-80,true,-1.6
"DRH",135209,"/Date(1702968773000)/",4920,700,843000,4197000000,-80,true,-1.6
"DRH",135209,"/Date(1702968773000)/",4920,400,842300,4194000000,-80,true,-1.6
"DRH",135209,"/Date(1702968773000)/",4920,4000,841900,4192000000,-80,true,-1.6
"DRH",135209,"/Date(1702968773000)/",4920,100,837900,4172000000,-80,true,-1.6
"DRH",135209,"/Date(1702968773000)/",4920,1000,837800,4172000000,-80,true,-1.6
"DRH",135209,"/Date(1702968773000)/",4920,200,836800,4167000000,-80,true,-1.6
"DRH",135209,"/Date(1702968773000)/",4920,100,836600,4166000000,-80,true,-1.6
"DRH",135153,"/Date(1702968757000)/",4930,1000,836500,4165000000,-70,false,-1.4
"DRH",135131,"/Date(1702968735000)/",4930,200,835500,4160000000,-70,false,-1.4
"DRH",135118,"/Date(1702968721000)/",4930,300,835300,4159000000,-70,true,-1.4
"DRH",135118,"/Date(1702968721000)/",4930,200,835000,4158000000,-70,true,-1.4
"DRH",135118,"/Date(1702968721000)/",4930,400,834800,4157000000,-70,true,-1.4
"DRH",135030,"/Date(1702968673000)/",4930,5000,834400,4155000000,-70,true,-1.4
"DRH",135030,"/Date(1702968673000)/",4930,6600,829400,4130000000,-70,true,-1.4
"DRH",135014,"/Date(1702968657000)/",4930,300,822800,4098000000,-70,false,-1.4
"DRH",134945,"/Date(1702968630000)/",4930,200,822500,4096000000,-70,false,-1.4
"DRH",134914,"/Date(1702968597000)/",4930,100,822300,4095000000,-70,false,-1.4
"DRH",134858,"/Date(1702968580000)/",4930,2000,822200,4095000000,-70,true,-1.4
"DRH",134858,"/Date(1702968580000)/",4930,1000,820200,4085000000,-70,true,-1.4
"DRH",134744,"/Date(1702968507000)/",4930,500,819200,4080000000,-70,true,-1.4
"DRH",134656,"/Date(1702968459000)/",4930,5000,818700,4078000000,-70,true,-1.4
"DRH",134549,"/Date(1702968394000)/",4930,2000,813700,4053000000,-70,true,-1.4
"DRH",134521,"/Date(1702968363000)/",4930,2500,811700,4043000000,-70,true,-1.4
"DRH",134521,"/Date(1702968363000)/",4930,500,809200,4031000000,-70,true,-1.4
"DRH",134521,"/Date(1702968363000)/",4930,2000,808700,4028000000,-70,true,-1.4
"DRH",134244,"/Date(1702968207000)/",4930,200,806700,4018000000,-70,true,-1.4
"DRH",134244,"/Date(1702968207000)/",4930,100,806500,4017000000,-70,true,-1.4
"DRH",134244,"/Date(1702968207000)/",4930,100,806400,4017000000,-70,true,-1.4
"DRH",134244,"/Date(1702968207000)/",4930,100,806300,4016000000,-70,true,-1.4
"DRH",134244,"/Date(1702968207000)/",4930,2500,806200,4016000000,-70,true,-1.4
"DRH",134231,"/Date(1702968193000)/",4930,2500,803700,4004000000,-70,true,-1.4
"DRH",134231,"/Date(1702968193000)/",4930,1000,801200,3991000000,-70,true,-1.4
"DRH",134231,"/Date(1702968193000)/",4930,100,800200,3986000000,-70,true,-1.4
"DRH",134231,"/Date(1702968193000)/",4930,500,800100,3986000000,-70,true,-1.4
"DRH",134231,"/Date(1702968193000)/",4930,700,799600,3983000000,-70,true,-1.4
"DRH",134231,"/Date(1702968193000)/",4930,200,798900,3980000000,-70,true,-1.4
"DRH",133713,"/Date(1702967876000)/",4930,1000,798700,3979000000,-70,true,-1.4
"DRH",133713,"/Date(1702967876000)/",4930,4000,797700,3974000000,-70,true,-1.4
"DRH",133622,"/Date(1702967823000)/",4940,1000,793700,3954000000,-60,false,-1.2
"DRH",133559,"/Date(1702967803000)/",4940,100,792700,3949000000,-60,false,-1.2
"DRH",133323,"/Date(1702967646000)/",4930,100,792600,3949000000,-70,true,-1.4
"DRH",133323,"/Date(1702967646000)/",4930,100,792500,3948000000,-70,true,-1.4
"DRH",133323,"/Date(1702967646000)/",4930,400,792400,3948000000,-70,true,-1.4
"DRH",133323,"/Date(1702967645000)/",4930,4300,792000,3946000000,-70,true,-1.4
"DRH",133323,"/Date(1702967645000)/",4930,2100,787700,3925000000,-70,true,-1.4
"DRH",133323,"/Date(1702967645000)/",4930,500,785600,3914000000,-70,true,-1.4
"DRH",133323,"/Date(1702967645000)/",4930,1000,785100,3912000000,-70,true,-1.4
"DRH",133323,"/Date(1702967645000)/",4930,2000,784100,3907000000,-70,true,-1.4
"DRH",133323,"/Date(1702967645000)/",4930,400,782100,3897000000,-70,true,-1.4
"DRH",133323,"/Date(1702967645000)/",4930,1000,781700,3895000000,-70,true,-1.4
"DRH",133323,"/Date(1702967645000)/",4930,400,780700,3890000000,-70,true,-1.4
"DRH",133323,"/Date(1702967645000)/",4930,200,780300,3888000000,-70,true,-1.4
"DRH",133323,"/Date(1702967645000)/",4930,100,780100,3887000000,-70,true,-1.4
"DRH",133323,"/Date(1702967645000)/",4930,1000,780000,3887000000,-70,true,-1.4
"DRH",133323,"/Date(1702967645000)/",4930,700,779000,3882000000,-70,true,-1.4
"DRH",133323,"/Date(1702967645000)/",4930,1300,778300,3878000000,-70,true,-1.4
"DRH",133310,"/Date(1702967632000)/",4940,1000,777000,3872000000,-60,true,-1.2
"DRH",133310,"/Date(1702967632000)/",4940,100,776000,3867000000,-60,true,-1.2
"DRH",133232,"/Date(1702967593000)/",4950,500,775900,3867000000,-50,false,-1
"DRH",133226,"/Date(1702967586000)/",4940,900,775400,3864000000,-60,true,-1.2
"DRH",133226,"/Date(1702967586000)/",4940,100,774500,3860000000,-60,true,-1.2
"DRH",133031,"/Date(1702967472000)/",4940,1000,774400,3859000000,-60,false,-1.2
"DRH",133031,"/Date(1702967472000)/",4940,300,773400,3854000000,-60,false,-1.2
"DRH",133031,"/Date(1702967472000)/",4940,100,773100,3853000000,-60,false,-1.2
"DRH",133031,"/Date(1702967472000)/",4940,2000,773000,3852000000,-60,false,-1.2
"DRH",133031,"/Date(1702967472000)/",4940,300,771000,3842000000,-60,false,-1.2
"DRH",133031,"/Date(1702967472000)/",4940,800,770700,3841000000,-60,false,-1.2
"DRH",133012,"/Date(1702967453000)/",4950,200,769900,3837000000,-50,false,-1
"DRH",132852,"/Date(1702967374000)/",4950,300,769700,3836000000,-50,false,-1
"DRH",132852,"/Date(1702967374000)/",4950,100,769400,3834000000,-50,false,-1
"DRH",132852,"/Date(1702967374000)/",4950,600,769300,3834000000,-50,false,-1
"DRH",132755,"/Date(1702967316000)/",4950,100,768700,3831000000,-50,false,-1
"DRH",132641,"/Date(1702967244000)/",4950,8000,768600,3830000000,-50,true,-1
"DRH",132641,"/Date(1702967244000)/",4950,200,760600,3791000000,-50,true,-1
"DRH",132641,"/Date(1702967244000)/",4950,1000,760400,3790000000,-50,true,-1
"DRH",132641,"/Date(1702967244000)/",4950,100,759400,3785000000,-50,true,-1
"DRH",132428,"/Date(1702967107000)/",4970,100,759300,3784000000,-30,false,-0.6
"DRH",132226,"/Date(1702966987000)/",4970,3000,759200,3784000000,-30,false,-0.6
"DRH",132204,"/Date(1702966965000)/",4950,300,756200,3769000000,-50,false,-1
"DRH",132204,"/Date(1702966964000)/",4950,200,755900,3768000000,-50,false,-1
"DRH",132201,"/Date(1702966961000)/",4950,2000,755700,3767000000,-50,false,-1
"DRH",132158,"/Date(1702966958000)/",4940,200,753700,3757000000,-60,true,-1.2
"DRH",132158,"/Date(1702966958000)/",4940,10000,753500,3756000000,-60,true,-1.2
"DRH",132158,"/Date(1702966958000)/",4940,5000,743500,3706000000,-60,true,-1.2
"DRH",132158,"/Date(1702966958000)/",4940,3000,738500,3682000000,-60,true,-1.2
"DRH",132158,"/Date(1702966958000)/",4940,1000,735500,3667000000,-60,true,-1.2
"DRH",132158,"/Date(1702966958000)/",4940,800,734500,3662000000,-60,true,-1.2
"DRH",132104,"/Date(1702966905000)/",4950,200,733700,3658000000,-50,false,-1
"DRH",132048,"/Date(1702966889000)/",4950,500,733500,3657000000,-50,false,-1
"DRH",132041,"/Date(1702966882000)/",4950,300,733000,3654000000,-50,true,-1
"DRH",132041,"/Date(1702966882000)/",4950,1000,732700,3653000000,-50,true,-1
"DRH",132041,"/Date(1702966882000)/",4950,500,731700,3648000000,-50,true,-1
"DRH",131934,"/Date(1702966816000)/",4970,5000,731200,3645000000,-30,false,-0.6
"DRH",131752,"/Date(1702966713000)/",4950,100,726200,3621000000,-50,false,-1
"DRH",131743,"/Date(1702966703000)/",4950,200,726100,3620000000,-50,false,-1
"DRH",131743,"/Date(1702966702000)/",4950,4000,725900,3619000000,-50,false,-1
"DRH",131727,"/Date(1702966688000)/",4950,100,721900,3599000000,-50,true,-1
"DRH",131727,"/Date(1702966688000)/",4950,1000,721800,3599000000,-50,true,-1
"DRH",131727,"/Date(1702966688000)/",4950,1000,720800,3594000000,-50,true,-1
"DRH",131727,"/Date(1702966688000)/",4950,100,719800,3589000000,-50,true,-1
"DRH",131652,"/Date(1702966653000)/",4970,900,719700,3588000000,-30,false,-0.6
"DRH",131445,"/Date(1702966523000)/",4940,200,718800,3584000000,-60,true,-1.2
"DRH",131445,"/Date(1702966523000)/",4940,3000,718600,3583000000,-60,true,-1.2
"DRH",131445,"/Date(1702966523000)/",4940,18700,715600,3568000000,-60,true,-1.2
"DRH",131445,"/Date(1702966523000)/",4950,100,696900,3476000000,-50,true,-1
"DRH",131431,"/Date(1702966511000)/",4940,1300,696800,3475000000,-60,true,-1.2
"DRH",131431,"/Date(1702966511000)/",4940,20000,695500,3469000000,-60,true,-1.2
"DRH",131431,"/Date(1702966511000)/",4940,20000,675500,3370000000,-60,true,-1.2
"DRH",131431,"/Date(1702966511000)/",4940,1000,655500,3271000000,-60,true,-1.2
"DRH",131431,"/Date(1702966511000)/",4940,200,654500,3266000000,-60,true,-1.2
"DRH",131431,"/Date(1702966511000)/",4940,1000,654300,3265000000,-60,true,-1.2
"DRH",131431,"/Date(1702966511000)/",4940,100,653300,3260000000,-60,true,-1.2
"DRH",131431,"/Date(1702966511000)/",4940,100,653200,3260000000,-60,true,-1.2
"DRH",131431,"/Date(1702966511000)/",4940,100,653100,3259000000,-60,true,-1.2
"DRH",131431,"/Date(1702966511000)/",4940,5000,653000,3259000000,-60,true,-1.2
"DRH",131431,"/Date(1702966511000)/",4940,500,648000,3234000000,-60,true,-1.2
"DRH",131431,"/Date(1702966511000)/",4940,100,647500,3232000000,-60,true,-1.2
"DRH",131431,"/Date(1702966511000)/",4940,100,647400,3231000000,-60,true,-1.2
"DRH",131431,"/Date(1702966511000)/",4950,500,647300,3231000000,-50,true,-1
"DRH",131431,"/Date(1702966511000)/",4960,20000,646800,3228000000,-40,false,-0.8
"DRH",131422,"/Date(1702966501000)/",4950,100,626800,3129000000,-50,true,-1
"DRH",131422,"/Date(1702966501000)/",4950,300,626700,3129000000,-50,true,-1
"DRH",131422,"/Date(1702966501000)/",4950,1000,626400,3127000000,-50,true,-1
"DRH",131422,"/Date(1702966501000)/",4950,1000,625400,3122000000,-50,true,-1
"DRH",131422,"/Date(1702966501000)/",4950,1000,624400,3117000000,-50,true,-1
"DRH",131422,"/Date(1702966501000)/",4950,100,623400,3112000000,-50,true,-1
"DRH",131422,"/Date(1702966501000)/",4950,7000,623300,3112000000,-50,true,-1
"DRH",131422,"/Date(1702966501000)/",4950,200,616300,3077000000,-50,true,-1
"DRH",131422,"/Date(1702966501000)/",4950,100,616100,3076000000,-50,true,-1
"DRH",131422,"/Date(1702966501000)/",4950,1000,616000,3076000000,-50,true,-1
"DRH",131422,"/Date(1702966501000)/",4950,200,615000,3071000000,-50,true,-1
"DRH",131259,"/Date(1702966419000)/",4950,800,614800,3070000000,-50,true,-1
"DRH",131259,"/Date(1702966419000)/",4950,5000,614000,3066000000,-50,true,-1
"DRH",131259,"/Date(1702966419000)/",4950,100,609000,3041000000,-50,true,-1
"DRH",131259,"/Date(1702966419000)/",4950,100,608900,3040000000,-50,true,-1
"DRH",130913,"/Date(1702966193000)/",4940,200,608800,3040000000,-60,true,-1.2
"DRH",130913,"/Date(1702966193000)/",4940,200,608600,3039000000,-60,true,-1.2
"DRH",130913,"/Date(1702966193000)/",4940,600,608400,3038000000,-60,true,-1.2
"DRH",130913,"/Date(1702966193000)/",4940,1000,607800,3035000000,-60,true,-1.2
"DRH",130913,"/Date(1702966193000)/",4940,600,606800,3030000000,-60,true,-1.2
"DRH",130903,"/Date(1702966184000)/",4950,200,606200,3027000000,-50,false,-1
"DRH",130806,"/Date(1702966126000)/",4950,500,606000,3026000000,-50,false,-1
"DRH",130520,"/Date(1702965960000)/",4940,1400,605500,3024000000,-60,true,-1.2
"DRH",130520,"/Date(1702965960000)/",4940,200,604100,3017000000,-60,true,-1.2
"DRH",130520,"/Date(1702965960000)/",4940,1000,603900,3016000000,-60,true,-1.2
"DRH",130520,"/Date(1702965960000)/",4940,100,602900,3011000000,-60,true,-1.2
"DRH",130520,"/Date(1702965960000)/",4940,200,602800,3010000000,-60,true,-1.2
"DRH",130520,"/Date(1702965960000)/",4940,100,602600,3009000000,-60,true,-1.2
"DRH",130517,"/Date(1702965955000)/",4950,100,602500,3009000000,-50,false,-1
"DRH",130448,"/Date(1702965928000)/",4950,200,602400,3008000000,-50,true,-1
"DRH",130448,"/Date(1702965928000)/",4950,2000,602200,3007000000,-50,true,-1
"DRH",130448,"/Date(1702965928000)/",4950,200,600200,2997000000,-50,true,-1
"DRH",130209,"/Date(1702965768000)/",4950,100,600000,2996000000,-50,true,-1
"DRH",130209,"/Date(1702965768000)/",4960,100,599900,2996000000,-40,true,-0.8
"DRH",130209,"/Date(1702965768000)/",4970,600,599800,2995000000,-30,true,-0.6
"DRH",130203,"/Date(1702965762000)/",4970,300,599200,2993000000,-30,false,-0.6
"DRH",130112,"/Date(1702965711000)/",4970,1000,598900,2991000000,-30,false,-0.6
"DRH",130112,"/Date(1702965711000)/",4970,100,597900,2986000000,-30,false,-0.6
"DRH",125958,"/Date(1702965637000)/",4950,700,597800,2986000000,-50,false,-1
"DRH",112816,"/Date(1702960126000)/",4950,100,597100,2982000000,-50,true,-1
"DRH",112816,"/Date(1702960126000)/",4950,2000,597000,2982000000,-50,true,-1
"DRH",112816,"/Date(1702960126000)/",4950,100,595000,2972000000,-50,true,-1
"DRH",112816,"/Date(1702960126000)/",4950,4000,594900,2971000000,-50,true,-1
"DRH",112816,"/Date(1702960126000)/",4950,800,590900,2951000000,-50,true,-1
"DRH",112816,"/Date(1702960126000)/",4960,900,590100,2947000000,-40,true,-0.8
"DRH",112706,"/Date(1702960053000)/",4960,100,589200,2943000000,-40,true,-0.8
"DRH",112544,"/Date(1702959973000)/",4950,100,589100,2942000000,-50,true,-1
"DRH",112544,"/Date(1702959973000)/",4950,100,589000,2942000000,-50,true,-1
"DRH",112119,"/Date(1702959708000)/",4950,100,588900,2941000000,-50,true,-1
"DRH",112119,"/Date(1702959708000)/",4950,1500,588800,2941000000,-50,true,-1
"DRH",112013,"/Date(1702959640000)/",4950,100,587300,2934000000,-50,true,-1
"DRH",112013,"/Date(1702959640000)/",4950,900,587200,2933000000,-50,true,-1
"DRH",112013,"/Date(1702959640000)/",4950,600,586300,2929000000,-50,true,-1
"DRH",112013,"/Date(1702959640000)/",4950,200,585700,2926000000,-50,true,-1
"DRH",112013,"/Date(1702959640000)/",4950,1200,585500,2925000000,-50,true,-1
"DRH",112013,"/Date(1702959640000)/",4960,100,584300,2919000000,-40,true,-0.8
"DRH",112013,"/Date(1702959640000)/",4960,900,584200,2918000000,-40,true,-0.8
"DRH",111805,"/Date(1702959513000)/",4960,1100,583300,2914000000,-40,false,-0.8
"DRH",111721,"/Date(1702959469000)/",4960,100,582200,2908000000,-40,false,-0.8
"DRH",111721,"/Date(1702959469000)/",4960,100,582100,2908000000,-40,false,-0.8
"DRH",111721,"/Date(1702959469000)/",4960,100,582000,2907000000,-40,false,-0.8
"DRH",111539,"/Date(1702959368000)/",4960,4900,581900,2907000000,-40,true,-0.8
"DRH",111539,"/Date(1702959368000)/",4960,100,577000,2883000000,-40,true,-0.8
"DRH",111539,"/Date(1702959368000)/",4970,1000,576900,2882000000,-30,false,-0.6
"DRH",111055,"/Date(1702959081000)/",4960,1900,575900,2877000000,-40,true,-0.8
"DRH",111042,"/Date(1702959069000)/",4950,1800,574000,2868000000,-50,true,-1
"DRH",111042,"/Date(1702959069000)/",4950,1000,572200,2859000000,-50,true,-1
"DRH",111042,"/Date(1702959069000)/",4950,200,571200,2854000000,-50,true,-1
"DRH",111039,"/Date(1702959067000)/",4960,100,571000,2853000000,-40,false,-0.8
"DRH",111011,"/Date(1702959038000)/",4960,3000,570900,2852000000,-40,true,-0.8
"DRH",111001,"/Date(1702959028000)/",4960,800,567900,2837000000,-40,true,-0.8
"DRH",111001,"/Date(1702959028000)/",4960,200,567100,2833000000,-40,true,-0.8
"DRH",111001,"/Date(1702959028000)/",4960,1000,566900,2832000000,-40,true,-0.8
"DRH",111001,"/Date(1702959028000)/",4960,8000,565900,2827000000,-40,true,-0.8
"DRH",110754,"/Date(1702958902000)/",4980,200,557900,2788000000,-20,false,-0.4
"DRH",110637,"/Date(1702958823000)/",4970,20000,557700,2787000000,-30,false,-0.6
"DRH",110439,"/Date(1702958707000)/",4970,100,537700,2687000000,-30,true,-0.6
"DRH",110355,"/Date(1702958660000)/",4970,1900,537600,2687000000,-30,false,-0.6
"DRH",110352,"/Date(1702958658000)/",4970,300,535700,2677000000,-30,false,-0.6
"DRH",110336,"/Date(1702958643000)/",4970,4600,535400,2676000000,-30,false,-0.6
"DRH",110333,"/Date(1702958639000)/",4970,300,530800,2653000000,-30,false,-0.6
"DRH",110333,"/Date(1702958639000)/",4970,1700,530500,2652000000,-30,false,-0.6
"DRH",110323,"/Date(1702958630000)/",4970,300,528800,2643000000,-30,false,-0.6
"DRH",110242,"/Date(1702958587000)/",4970,200,528500,2642000000,-30,false,-0.6
"DRH",110210,"/Date(1702958555000)/",4970,200,528300,2641000000,-30,false,-0.6
"DRH",105937,"/Date(1702958403000)/",4970,100,528100,2640000000,-30,false,-0.6
"DRH",105918,"/Date(1702958383000)/",4950,400,528000,2639000000,-50,false,-1
"DRH",105908,"/Date(1702958374000)/",4950,200,527600,2637000000,-50,false,-1
"DRH",105902,"/Date(1702958368000)/",4950,200,527400,2636000000,-50,false,-1
"DRH",105849,"/Date(1702958354000)/",4950,100,527200,2635000000,-50,false,-1
"DRH",105849,"/Date(1702958353000)/",4950,1000,527100,2635000000,-50,false,-1
"DRH",105849,"/Date(1702958353000)/",4950,8900,526100,2630000000,-50,false,-1
"DRH",105833,"/Date(1702958338000)/",4950,800,517200,2586000000,-50,false,-1
"DRH",105833,"/Date(1702958338000)/",4950,200,516400,2582000000,-50,false,-1
"DRH",105651,"/Date(1702958236000)/",4930,800,516200,2581000000,-70,true,-1.4
"DRH",105651,"/Date(1702958236000)/",4940,200,515400,2577000000,-60,false,-1.2
"DRH",105541,"/Date(1702958165000)/",4930,300,515200,2576000000,-70,true,-1.4
"DRH",105425,"/Date(1702958091000)/",4930,2100,514900,2574000000,-70,true,-1.4
"DRH",105425,"/Date(1702958090000)/",4930,5000,512800,2564000000,-70,true,-1.4
"DRH",105425,"/Date(1702958090000)/",4930,100,507800,2539000000,-70,true,-1.4
"DRH",105425,"/Date(1702958090000)/",4930,2900,507700,2539000000,-70,true,-1.4
"DRH",105412,"/Date(1702958077000)/",4930,2000,504800,2525000000,-70,false,-1.4
"DRH",105318,"/Date(1702958022000)/",4930,100,502800,2515000000,-70,true,-1.4
"DRH",105237,"/Date(1702957981000)/",4930,2000,502700,2514000000,-70,true,-1.4
"DRH",105224,"/Date(1702957969000)/",4950,200,500700,2504000000,-50,false,-1
"DRH",105130,"/Date(1702957915000)/",4950,2500,500500,2503000000,-50,true,-1
"DRH",105130,"/Date(1702957915000)/",4950,2000,498000,2491000000,-50,true,-1
"DRH",105130,"/Date(1702957915000)/",4950,300,496000,2481000000,-50,true,-1
"DRH",105130,"/Date(1702957915000)/",4950,200,495700,2480000000,-50,true,-1
"DRH",105130,"/Date(1702957915000)/",4950,100,495500,2479000000,-50,true,-1
"DRH",105130,"/Date(1702957915000)/",4950,100,495400,2478000000,-50,true,-1
"DRH",105130,"/Date(1702957915000)/",4950,100,495300,2478000000,-50,true,-1
"DRH",105130,"/Date(1702957915000)/",4950,3000,495200,2477000000,-50,true,-1
"DRH",105130,"/Date(1702957915000)/",4950,4000,492200,2462000000,-50,true,-1
"DRH",105130,"/Date(1702957915000)/",4950,2000,488200,2442000000,-50,true,-1
"DRH",105130,"/Date(1702957915000)/",4950,3000,486200,2433000000,-50,true,-1
"DRH",105130,"/Date(1702957915000)/",4950,200,483200,2418000000,-50,true,-1
"DRH",105111,"/Date(1702957895000)/",4960,100,483000,2417000000,-40,true,-0.8
"DRH",105111,"/Date(1702957895000)/",4960,100,482900,2416000000,-40,true,-0.8
"DRH",105111,"/Date(1702957895000)/",4960,10000,482800,2416000000,-40,true,-0.8
"DRH",105111,"/Date(1702957895000)/",4960,1500,472800,2366000000,-40,true,-0.8
"DRH",105055,"/Date(1702957880000)/",4970,100,471300,2359000000,-30,true,-0.6
"DRH",105055,"/Date(1702957880000)/",4970,1500,471200,2358000000,-30,true,-0.6
"DRH",105055,"/Date(1702957880000)/",4970,5900,469700,2351000000,-30,true,-0.6
"DRH",105048,"/Date(1702957874000)/",4980,200,463800,2321000000,-20,false,-0.4
"DRH",105042,"/Date(1702957867000)/",4970,100,463600,2320000000,-30,true,-0.6
"DRH",105042,"/Date(1702957867000)/",4970,200,463500,2320000000,-30,true,-0.6
"DRH",104900,"/Date(1702957765000)/",4980,100,463300,2319000000,-20,false,-0.4
"DRH",104757,"/Date(1702957701000)/",4980,100,463200,2318000000,-20,true,-0.4
"DRH",104750,"/Date(1702957694000)/",4990,100,463100,2318000000,-10,false,-0.2
"DRH",104433,"/Date(1702957497000)/",4990,2600,463000,2317000000,-10,false,-0.2
"DRH",104433,"/Date(1702957497000)/",4990,1000,460400,2304000000,-10,false,-0.2
"DRH",104433,"/Date(1702957497000)/",4990,1400,459400,2299000000,-10,false,-0.2
"DRH",104333,"/Date(1702957436000)/",4960,2900,458000,2293000000,-40,true,-0.8
"DRH",104333,"/Date(1702957436000)/",4960,9000,455100,2278000000,-40,true,-0.8
"DRH",104333,"/Date(1702957436000)/",4960,200,446100,2233000000,-40,true,-0.8
"DRH",104333,"/Date(1702957436000)/",4970,100,445900,2232000000,-30,true,-0.6
"DRH",104333,"/Date(1702957436000)/",4970,9000,445800,2232000000,-30,true,-0.6
"DRH",104333,"/Date(1702957436000)/",4970,2500,436800,2187000000,-30,true,-0.6
"DRH",104333,"/Date(1702957436000)/",4970,200,434300,2175000000,-30,true,-0.6
"DRH",104333,"/Date(1702957436000)/",4970,100,434100,2174000000,-30,true,-0.6
"DRH",104333,"/Date(1702957436000)/",4970,100,434000,2173000000,-30,true,-0.6
"DRH",104333,"/Date(1702957436000)/",4970,8600,433900,2173000000,-30,true,-0.6
"DRH",104333,"/Date(1702957436000)/",4980,100,425300,2130000000,-20,true,-0.4
"DRH",104333,"/Date(1702957436000)/",4980,200,425200,2130000000,-20,true,-0.4
"DRH",104333,"/Date(1702957436000)/",4980,6000,425000,2129000000,-20,true,-0.4
"DRH",104333,"/Date(1702957436000)/",4980,1000,419000,2099000000,-20,true,-0.4
"DRH",104144,"/Date(1702957327000)/",4990,300,418000,2094000000,-10,true,-0.2
"DRH",104144,"/Date(1702957327000)/",4990,400,417700,2092000000,-10,true,-0.2
"DRH",104144,"/Date(1702957327000)/",4990,200,417300,2090000000,-10,true,-0.2
"DRH",104144,"/Date(1702957327000)/",4990,200,417100,2089000000,-10,true,-0.2
"DRH",104144,"/Date(1702957327000)/",4990,500,416900,2088000000,-10,true,-0.2
"DRH",103818,"/Date(1702957122000)/",5000,100,416400,2086000000,0,false,0
"DRH",103545,"/Date(1702956969000)/",4980,1000,416300,2085000000,-20,true,-0.4
"DRH",103545,"/Date(1702956969000)/",4980,900,415300,2080000000,-20,true,-0.4
"DRH",103545,"/Date(1702956969000)/",4990,500,414400,2076000000,-10,true,-0.2
"DRH",103504,"/Date(1702956926000)/",4980,3100,413900,2073000000,-20,true,-0.4
"DRH",103504,"/Date(1702956926000)/",4980,10000,410800,2058000000,-20,true,-0.4
"DRH",103504,"/Date(1702956926000)/",4980,500,400800,2008000000,-20,true,-0.4
"DRH",103504,"/Date(1702956926000)/",4980,1000,400300,2006000000,-20,true,-0.4
"DRH",103504,"/Date(1702956926000)/",4980,5000,399300,2001000000,-20,true,-0.4
"DRH",103504,"/Date(1702956926000)/",4980,200,394300,1976000000,-20,true,-0.4
"DRH",103504,"/Date(1702956926000)/",4980,100,394100,1975000000,-20,true,-0.4
"DRH",103504,"/Date(1702956926000)/",4980,4300,394000,1974000000,-20,true,-0.4
"DRH",103457,"/Date(1702956922000)/",4980,200,389700,1953000000,-20,true,-0.4
"DRH",103354,"/Date(1702956857000)/",4990,800,389500,1952000000,-10,false,-0.2
"DRH",103331,"/Date(1702956835000)/",4990,200,388700,1948000000,-10,true,-0.2
"DRH",103331,"/Date(1702956835000)/",4990,4800,388500,1947000000,-10,true,-0.2
"DRH",103319,"/Date(1702956820000)/",4990,300,383700,1923000000,-10,true,-0.2
"DRH",103159,"/Date(1702956741000)/",5000,500,383400,1921000000,0,false,0
"DRH",103124,"/Date(1702956707000)/",5000,1000,382900,1919000000,0,false,0
"DRH",103008,"/Date(1702956630000)/",4990,900,381900,1914000000,-10,true,-0.2
"DRH",103008,"/Date(1702956630000)/",4990,900,381000,1909000000,-10,true,-0.2
"DRH",103008,"/Date(1702956630000)/",4990,1000,380100,1905000000,-10,true,-0.2
"DRH",103008,"/Date(1702956630000)/",4990,200,379100,1900000000,-10,true,-0.2
"DRH",102628,"/Date(1702956409000)/",4990,300,378900,1899000000,-10,true,-0.2
"DRH",102609,"/Date(1702956391000)/",4990,200,378600,1897000000,-10,false,-0.2
"DRH",102547,"/Date(1702956368000)/",4990,100,378400,1896000000,-10,false,-0.2
"DRH",102547,"/Date(1702956368000)/",4990,400,378300,1896000000,-10,false,-0.2
"DRH",102521,"/Date(1702956345000)/",4990,400,377900,1894000000,-10,false,-0.2
"DRH",102142,"/Date(1702956125000)/",4990,500,377500,1892000000,-10,false,-0.2
"DRH",102136,"/Date(1702956117000)/",4990,100,377000,1889000000,-10,false,-0.2
"DRH",102054,"/Date(1702956075000)/",4990,300,376900,1889000000,-10,false,-0.2
"DRH",102026,"/Date(1702956048000)/",4990,600,376600,1887000000,-10,false,-0.2
"DRH",102003,"/Date(1702956024000)/",4990,400,376000,1884000000,-10,true,-0.2
"DRH",101947,"/Date(1702956009000)/",4990,800,375600,1882000000,-10,false,-0.2
"DRH",101935,"/Date(1702955994000)/",5000,500,374800,1878000000,0,false,0
"DRH",101850,"/Date(1702955953000)/",4990,200,374300,1876000000,-10,false,-0.2
"DRH",101802,"/Date(1702955904000)/",4990,100,374100,1875000000,-10,true,-0.2
"DRH",101802,"/Date(1702955904000)/",4990,400,374000,1874000000,-10,true,-0.2
"DRH",101746,"/Date(1702955888000)/",4990,400,373600,1872000000,-10,true,-0.2
"DRH",101708,"/Date(1702955850000)/",4990,200,373200,1870000000,-10,true,-0.2
"DRH",101637,"/Date(1702955819000)/",4980,2000,373000,1869000000,-20,true,-0.4
"DRH",101611,"/Date(1702955791000)/",4980,12000,371000,1859000000,-20,true,-0.4
"DRH",101511,"/Date(1702955730000)/",5000,6000,359000,1800000000,0,false,0
"DRH",101442,"/Date(1702955705000)/",4980,1000,353000,1770000000,-20,false,-0.4
"DRH",101442,"/Date(1702955705000)/",4980,500,352000,1765000000,-20,false,-0.4
"DRH",101348,"/Date(1702955650000)/",4980,200,351500,1762000000,-20,false,-0.4
"DRH",101342,"/Date(1702955642000)/",4970,3000,351300,1761000000,-30,true,-0.6
"DRH",101310,"/Date(1702955610000)/",4980,4000,348300,1746000000,-20,false,-0.4
"DRH",101304,"/Date(1702955603000)/",4980,200,344300,1726000000,-20,false,-0.4
"DRH",101257,"/Date(1702955597000)/",4970,8400,344100,1725000000,-30,true,-0.6
"DRH",101254,"/Date(1702955594000)/",4980,100,335700,1684000000,-20,false,-0.4
"DRH",101248,"/Date(1702955589000)/",4980,10000,335600,1683000000,-20,false,-0.4
"DRH",101248,"/Date(1702955589000)/",4980,100,325600,1633000000,-20,false,-0.4
"DRH",101248,"/Date(1702955589000)/",4980,9600,325500,1633000000,-20,false,-0.4
"DRH",101235,"/Date(1702955576000)/",4990,3000,315900,1585000000,-10,false,-0.2
"DRH",101151,"/Date(1702955530000)/",4980,10400,312900,1570000000,-20,true,-0.4
"DRH",101151,"/Date(1702955530000)/",4990,1000,302500,1518000000,-10,true,-0.2
"DRH",101151,"/Date(1702955530000)/",4990,8100,301500,1513000000,-10,true,-0.2
"DRH",101151,"/Date(1702955530000)/",4990,20000,293400,1473000000,-10,true,-0.2
"DRH",101151,"/Date(1702955530000)/",4990,4500,273400,1373000000,-10,true,-0.2
"DRH",101141,"/Date(1702955522000)/",5000,500,268900,1351000000,0,false,0
"DRH",101141,"/Date(1702955521000)/",5000,2000,268400,1348000000,0,false,0
"DRH",101116,"/Date(1702955497000)/",5000,200,266400,1338000000,0,false,0
"DRH",101034,"/Date(1702955456000)/",4990,1000,266200,1337000000,-10,true,-0.2
"DRH",101015,"/Date(1702955437000)/",4990,500,265200,1332000000,-10,true,-0.2
"DRH",101009,"/Date(1702955429000)/",5000,400,264700,1330000000,0,false,0
"DRH",100950,"/Date(1702955412000)/",4990,4000,264300,1328000000,-10,true,-0.2
"DRH",100950,"/Date(1702955412000)/",4990,1000,260300,1308000000,-10,true,-0.2
"DRH",100928,"/Date(1702955388000)/",5000,1300,259300,1303000000,0,true,0
"DRH",100915,"/Date(1702955375000)/",5000,3700,258000,1296000000,0,true,0
"DRH",100915,"/Date(1702955375000)/",5000,300,254300,1278000000,0,true,0
"DRH",100915,"/Date(1702955375000)/",5000,1000,254000,1276000000,0,true,0
"DRH",100915,"/Date(1702955375000)/",5000,20000,253000,1271000000,0,true,0
"DRH",100915,"/Date(1702955375000)/",5000,4900,233000,1171000000,0,true,0
"DRH",100915,"/Date(1702955375000)/",5010,100,228100,1147000000,10,true,0.2
"DRH",100843,"/Date(1702955343000)/",5000,1100,228000,1146000000,0,true,0
"DRH",100843,"/Date(1702955343000)/",5000,900,226900,1141000000,0,true,0
"DRH",100837,"/Date(1702955336000)/",5000,2000,226000,1136000000,0,true,0
"DRH",100733,"/Date(1702955274000)/",5000,2000,224000,1126000000,0,true,0
"DRH",100705,"/Date(1702955243000)/",5010,1000,222000,1116000000,10,false,0.2
"DRH",100642,"/Date(1702955222000)/",5010,1000,221000,1111000000,10,true,0.2
"DRH",100558,"/Date(1702955177000)/",5010,200,220000,1106000000,10,true,0.2
"DRH",100545,"/Date(1702955166000)/",5010,8800,219800,1105000000,10,true,0.2
"DRH",100545,"/Date(1702955166000)/",5020,200,211000,1061000000,20,true,0.4
"DRH",100423,"/Date(1702955084000)/",5010,100,210800,1060000000,10,true,0.2
"DRH",100423,"/Date(1702955084000)/",5020,400,210700,1060000000,20,true,0.4
"DRH",100420,"/Date(1702955079000)/",5020,500,210300,1058000000,20,false,0.4
"DRH",100407,"/Date(1702955068000)/",5010,400,209800,1055000000,10,true,0.2
"DRH",100235,"/Date(1702954973000)/",5000,46000,209400,1053000000,0,true,0
"DRH",100235,"/Date(1702954973000)/",5000,1000,163400,823000000,0,true,0
"DRH",100235,"/Date(1702954973000)/",5000,6000,162400,818000000,0,true,0
"DRH",100235,"/Date(1702954973000)/",5000,1000,156400,788000000,0,true,0
"DRH",100235,"/Date(1702954973000)/",5000,100,155400,783000000,0,true,0
"DRH",100235,"/Date(1702954973000)/",5000,1000,155300,783000000,0,true,0
"DRH",100235,"/Date(1702954973000)/",5000,500,154300,778000000,0,true,0
"DRH",100235,"/Date(1702954973000)/",5000,200,153800,775000000,0,true,0
"DRH",100235,"/Date(1702954973000)/",5000,1000,153600,774000000,0,true,0
"DRH",100235,"/Date(1702954973000)/",5000,100,152600,769000000,0,true,0
"DRH",100235,"/Date(1702954973000)/",5000,1000,152500,769000000,0,true,0
"DRH",100235,"/Date(1702954973000)/",5010,1000,151500,764000000,10,false,0.2
"DRH",100235,"/Date(1702954973000)/",5010,100,150500,759000000,10,false,0.2
"DRH",100235,"/Date(1702954973000)/",5010,300,150400,758000000,10,false,0.2
"DRH",100235,"/Date(1702954973000)/",5010,400,150100,757000000,10,false,0.2
"DRH",100235,"/Date(1702954973000)/",5010,300,149700,755000000,10,false,0.2
"DRH",100222,"/Date(1702954962000)/",5020,1000,149400,753000000,20,true,0.4
"DRH",100222,"/Date(1702954962000)/",5020,2100,148400,748000000,20,true,0.4
"DRH",100222,"/Date(1702954962000)/",5020,5000,146300,738000000,20,true,0.4
"DRH",100222,"/Date(1702954962000)/",5020,2000,141300,712000000,20,true,0.4
"DRH",100222,"/Date(1702954962000)/",5020,300,139300,702000000,20,true,0.4
"DRH",100222,"/Date(1702954962000)/",5020,100,139000,701000000,20,true,0.4
"DRH",100222,"/Date(1702954962000)/",5020,300,138900,700000000,20,true,0.4
"DRH",100222,"/Date(1702954962000)/",5020,100,138600,699000000,20,true,0.4
"DRH",100222,"/Date(1702954962000)/",5030,300,138500,698000000,30,true,0.6
"DRH",100222,"/Date(1702954962000)/",5030,1000,138200,697000000,30,true,0.6
"DRH",100222,"/Date(1702954962000)/",5030,200,137200,692000000,30,true,0.6
"DRH",100222,"/Date(1702954962000)/",5030,2000,137000,691000000,30,true,0.6
"DRH",100222,"/Date(1702954962000)/",5030,5100,135000,681000000,30,true,0.6
"DRH",100212,"/Date(1702954952000)/",5030,900,129900,655000000,30,true,0.6
"DRH",100212,"/Date(1702954952000)/",5030,100,129000,651000000,30,true,0.6
"DRH",100125,"/Date(1702954904000)/",5030,200,128900,650000000,30,true,0.6
"DRH",100002,"/Date(1702954821000)/",5040,100,128700,649000000,40,false,0.8
"DRH",95814,"/Date(1702954713000)/",5040,100,128600,649000000,40,false,0.8
"DRH",95720,"/Date(1702954659000)/",5040,100,128500,648000000,40,true,0.8
"DRH",95720,"/Date(1702954659000)/",5040,800,128400,648000000,40,true,0.8
"DRH",95658,"/Date(1702954637000)/",5040,1000,127600,644000000,40,false,0.8
"DRH",95357,"/Date(1702954454000)/",5040,200,126600,638000000,40,false,0.8
"DRH",95338,"/Date(1702954438000)/",5040,400,126400,637000000,40,false,0.8
"DRH",95313,"/Date(1702954412000)/",5040,600,126000,635000000,40,true,0.8
"DRH",95144,"/Date(1702954321000)/",5050,3000,125400,632000000,50,false,1
"DRH",95047,"/Date(1702954264000)/",5050,1000,122400,617000000,50,false,1
"DRH",95021,"/Date(1702954239000)/",5050,100,121400,612000000,50,false,1
"DRH",95009,"/Date(1702954228000)/",5050,200,121300,612000000,50,false,1
"DRH",94759,"/Date(1702954097000)/",5030,700,121100,611000000,30,false,0.6
"DRH",94752,"/Date(1702954090000)/",5030,800,120400,607000000,30,false,0.6
"DRH",94736,"/Date(1702954074000)/",5030,1000,119600,603000000,30,true,0.6
"DRH",94736,"/Date(1702954074000)/",5030,100,118600,598000000,30,true,0.6
"DRH",94736,"/Date(1702954074000)/",5030,200,118500,598000000,30,true,0.6
"DRH",94736,"/Date(1702954074000)/",5030,100,118300,597000000,30,true,0.6
"DRH",94736,"/Date(1702954074000)/",5030,300,118200,596000000,30,true,0.6
"DRH",94736,"/Date(1702954074000)/",5030,200,117900,595000000,30,true,0.6
"DRH",94736,"/Date(1702954074000)/",5030,500,117700,594000000,30,true,0.6
"DRH",94727,"/Date(1702954066000)/",5050,5000,117200,591000000,50,false,1
"DRH",94714,"/Date(1702954054000)/",5050,2700,112200,566000000,50,false,1
"DRH",94714,"/Date(1702954054000)/",5040,5300,109500,552000000,40,false,0.8
"DRH",94649,"/Date(1702954027000)/",5040,2000,104200,525000000,40,true,0.8
"DRH",94649,"/Date(1702954027000)/",5040,1000,102200,515000000,40,true,0.8
"DRH",94649,"/Date(1702954027000)/",5040,2000,101200,510000000,40,true,0.8
"DRH",94649,"/Date(1702954027000)/",5040,3000,99200,500000000,40,true,0.8
"DRH",94649,"/Date(1702954027000)/",5040,6000,96200,485000000,40,true,0.8
"DRH",94649,"/Date(1702954027000)/",5040,300,90200,455000000,40,true,0.8
"DRH",94649,"/Date(1702954027000)/",5040,400,89900,453000000,40,true,0.8
"DRH",94642,"/Date(1702954021000)/",5040,100,89500,451000000,40,true,0.8
"DRH",94617,"/Date(1702953996000)/",5050,300,89400,451000000,50,false,1
"DRH",94448,"/Date(1702953906000)/",5050,600,89100,449000000,50,false,1
"DRH",94355,"/Date(1702953853000)/",5040,2000,88500,446000000,40,true,0.8
"DRH",94157,"/Date(1702953734000)/",5040,2000,86500,436000000,40,true,0.8
"DRH",94138,"/Date(1702953716000)/",5040,500,84500,426000000,40,true,0.8
"DRH",94035,"/Date(1702953651000)/",5040,1000,84000,424000000,40,true,0.8
"DRH",94000,"/Date(1702953616000)/",5050,900,83000,419000000,50,false,1
"DRH",93906,"/Date(1702953563000)/",5040,1000,82100,414000000,40,true,0.8
"DRH",93906,"/Date(1702953563000)/",5040,400,81100,409000000,40,true,0.8
"DRH",93803,"/Date(1702953499000)/",5050,500,80700,407000000,50,false,1
"DRH",93725,"/Date(1702953462000)/",5050,1000,80200,405000000,50,false,1
"DRH",93421,"/Date(1702953279000)/",5040,600,79200,399000000,40,false,0.8
"DRH",93346,"/Date(1702953242000)/",5040,300,78600,396000000,40,false,0.8
"DRH",93324,"/Date(1702953221000)/",5040,200,78300,395000000,40,false,0.8
"DRH",93204,"/Date(1702953141000)/",5040,2000,78100,394000000,40,false,0.8
"DRH",93204,"/Date(1702953141000)/",5040,2000,76100,384000000,40,false,0.8
"DRH",93204,"/Date(1702953141000)/",5040,4900,74100,374000000,40,false,0.8
"DRH",93146,"/Date(1702953123000)/",5040,100,69200,349000000,40,true,0.8
"DRH",92929,"/Date(1702952986000)/",5050,4000,69100,349000000,50,false,1
"DRH",92920,"/Date(1702952977000)/",5050,4000,65100,328000000,50,true,1
"DRH",92920,"/Date(1702952977000)/",5050,10000,61100,308000000,50,true,1
"DRH",92920,"/Date(1702952977000)/",5050,2000,51100,258000000,50,true,1
"DRH",92920,"/Date(1702952977000)/",5050,400,49100,248000000,50,true,1
"DRH",92920,"/Date(1702952977000)/",5060,1000,48700,246000000,60,true,1.2
"DRH",92920,"/Date(1702952977000)/",5060,1000,47700,240000000,60,true,1.2
"DRH",92920,"/Date(1702952977000)/",5060,1300,46700,235000000,60,true,1.2
"DRH",92826,"/Date(1702952924000)/",5060,500,45400,229000000,60,true,1.2
"DRH",92820,"/Date(1702952917000)/",5060,200,44900,226000000,60,true,1.2
"DRH",92622,"/Date(1702952799000)/",5060,500,44700,225000000,60,true,1.2
"DRH",92545,"/Date(1702952762000)/",5060,1000,44200,223000000,60,false,1.2
"DRH",92545,"/Date(1702952762000)/",5060,3000,43200,218000000,60,false,1.2
"DRH",92545,"/Date(1702952762000)/",5060,200,40200,203000000,60,false,1.2
"DRH",92532,"/Date(1702952747000)/",5060,100,40000,202000000,60,false,1.2
"DRH",92500,"/Date(1702952715000)/",5060,400,39900,201000000,60,false,1.2
"DRH",92357,"/Date(1702952652000)/",5050,1100,39500,199000000,50,true,1
"DRH",92332,"/Date(1702952626000)/",5050,100,38400,193000000,50,false,1
"DRH",92332,"/Date(1702952626000)/",5050,400,38300,193000000,50,false,1
"DRH",92325,"/Date(1702952622000)/",5050,400,37900,191000000,50,false,1
"DRH",92319,"/Date(1702952614000)/",5050,200,37500,189000000,50,true,1
"DRH",92316,"/Date(1702952613000)/",5050,500,37300,188000000,50,true,1
"DRH",92154,"/Date(1702952531000)/",5050,900,36800,185000000,50,false,1
"DRH",92154,"/Date(1702952531000)/",5050,400,35900,181000000,50,false,1
"DRH",92151,"/Date(1702952527000)/",5050,1600,35500,179000000,50,false,1
"DRH",92151,"/Date(1702952526000)/",5050,1000,33900,171000000,50,false,1
"DRH",92144,"/Date(1702952520000)/",5050,2000,32900,166000000,50,false,1
"DRH",92132,"/Date(1702952506000)/",5050,1000,30900,156000000,50,false,1
"DRH",92113,"/Date(1702952488000)/",5050,900,29900,151000000,50,false,1
"DRH",92113,"/Date(1702952488000)/",5050,100,29000,146000000,50,false,1
"DRH",92110,"/Date(1702952484000)/",5050,300,28900,145000000,50,false,1
"DRH",92110,"/Date(1702952484000)/",5050,300,28600,144000000,50,false,1
"DRH",92110,"/Date(1702952484000)/",5050,600,28300,142000000,50,false,1
"DRH",92103,"/Date(1702952480000)/",5050,400,27700,139000000,50,false,1
"DRH",92103,"/Date(1702952480000)/",5050,500,27300,137000000,50,false,1
"DRH",92103,"/Date(1702952480000)/",5050,600,26800,135000000,50,false,1
"DRH",92051,"/Date(1702952466000)/",5050,1200,26200,132000000,50,false,1
"DRH",92038,"/Date(1702952452000)/",5050,2200,25000,126000000,50,true,1
"DRH",92035,"/Date(1702952452000)/",5050,2800,22800,115000000,50,true,1
"DRH",92035,"/Date(1702952452000)/",5050,200,20000,101000000,50,true,1
"DRH",92029,"/Date(1702952444000)/",5060,700,19800,99000000,60,false,1.2
"DRH",91957,"/Date(1702952412000)/",5060,100,19100,96000000,60,false,1.2
"DRH",91935,"/Date(1702952390000)/",5070,1000,19000,95000000,70,false,1.4
"DRH",91932,"/Date(1702952388000)/",5070,800,18000,90000000,70,false,1.4
"DRH",91922,"/Date(1702952377000)/",5070,300,17200,86000000,70,false,1.4
"DRH",91903,"/Date(1702952358000)/",5070,300,16900,85000000,70,false,1.4
"DRH",91854,"/Date(1702952349000)/",5070,1400,16600,83000000,70,false,1.4
"DRH",91829,"/Date(1702952324000)/",5070,400,15200,76000000,70,false,1.4
"DRH",91829,"/Date(1702952324000)/",5070,1600,14800,74000000,70,false,1.4
"DRH",91826,"/Date(1702952321000)/",5050,500,13200,66000000,50,true,1
"DRH",91822,"/Date(1702952319000)/",5070,400,12700,64000000,70,false,1.4
"DRH",91807,"/Date(1702952301000)/",5050,100,12300,61000000,50,true,1
"DRH",91807,"/Date(1702952301000)/",5050,3000,12200,61000000,50,true,1
"DRH",91800,"/Date(1702952296000)/",5050,400,9200,46000000,50,false,1
"DRH",91754,"/Date(1702952289000)/",5050,400,8800,44000000,50,false,1
"DRH",91751,"/Date(1702952288000)/",5050,200,8400,42000000,50,false,1
"DRH",91716,"/Date(1702952252000)/",5050,5000,8200,41000000,50,true,1
"DRH",91517,"/Date(1702952131000)/",5020,200,3200,16000000,20,false,0.4
"DRH",91445,"/Date(1702952101000)/",5010,3000,3000,15000000,10,true,0.2
