"Stockcode","Package","TradingDate","Price","Vol","TotalVol","TotalVal","Change","IsBuy","PerChange"
"PIT",144418,"/Date(1702971901000)/",6100,3700,73900,451000000,-400,true,-6.15
"PIT",142836,"/Date(1702970964000)/",6100,2000,70200,429000000,-400,false,-6.15
"PIT",142559,"/Date(1702970806000)/",6100,100,68200,416000000,-400,false,-6.15
"PIT",142514,"/Date(1702970761000)/",6100,100,68100,416000000,-400,false,-6.15
"PIT",141907,"/Date(1702970392000)/",6100,100,68000,415000000,-400,false,-6.15
"PIT",141510,"/Date(1702970154000)/",6100,500,67900,415000000,-400,false,-6.15
"PIT",140328,"/Date(1702969453000)/",6100,1000,67400,412000000,-400,false,-6.15
"PIT",135407,"/Date(1702968891000)/",6100,200,66400,405000000,-400,false,-6.15
"PIT",135150,"/Date(1702968753000)/",6100,100,66200,404000000,-400,false,-6.15
"PIT",135102,"/Date(1702968706000)/",6100,100,66100,404000000,-400,false,-6.15
"PIT",135017,"/Date(1702968661000)/",6100,100,66000,403000000,-400,false,-6.15
"PIT",134945,"/Date(1702968628000)/",6100,200,65900,402000000,-400,false,-6.15
"PIT",134910,"/Date(1702968595000)/",6100,200,65700,401000000,-400,false,-6.15
"PIT",134829,"/Date(1702968553000)/",6100,100,65500,400000000,-400,false,-6.15
"PIT",134803,"/Date(1702968527000)/",6100,100,65400,399000000,-400,true,-6.15
"PIT",134803,"/Date(1702968527000)/",6150,100,65300,399000000,-350,true,-5.38
"PIT",134612,"/Date(1702968416000)/",6350,700,65200,398000000,-150,false,-2.31
"PIT",134511,"/Date(1702968355000)/",6350,1900,64500,394000000,-150,false,-2.31
"PIT",134420,"/Date(1702968301000)/",6350,100,62600,382000000,-150,false,-2.31
"PIT",134137,"/Date(1702968140000)/",6050,1500,62500,381000000,-450,false,-6.92
"PIT",134137,"/Date(1702968140000)/",6050,3100,61000,372000000,-450,false,-6.92
"PIT",134124,"/Date(1702968126000)/",6050,10000,57900,353000000,-450,false,-6.92
"PIT",134105,"/Date(1702968107000)/",6050,100,47900,293000000,-450,false,-6.92
"PIT",134049,"/Date(1702968092000)/",6050,100,47800,292000000,-450,false,-6.92
"PIT",133917,"/Date(1702968000000)/",6050,100,47700,291000000,-450,false,-6.92
"PIT",133854,"/Date(1702967976000)/",6050,600,47600,291000000,-450,false,-6.92
"PIT",133826,"/Date(1702967948000)/",6050,200,47000,287000000,-450,false,-6.92
"PIT",133728,"/Date(1702967889000)/",6050,100,46800,286000000,-450,false,-6.92
"PIT",133722,"/Date(1702967885000)/",6050,1000,46700,285000000,-450,false,-6.92
"PIT",133719,"/Date(1702967881000)/",6050,100,45700,279000000,-450,false,-6.92
"PIT",133716,"/Date(1702967879000)/",6050,300,45600,279000000,-450,false,-6.92
"PIT",133713,"/Date(1702967875000)/",6050,1000,45300,277000000,-450,false,-6.92
"PIT",133709,"/Date(1702967872000)/",6050,200,44300,271000000,-450,false,-6.92
"PIT",133524,"/Date(1702967767000)/",6050,3100,44100,270000000,-450,false,-6.92
"PIT",133524,"/Date(1702967767000)/",6050,3400,41000,251000000,-450,false,-6.92
"PIT",133505,"/Date(1702967746000)/",6050,10000,37600,230000000,-450,false,-6.92
"PIT",133342,"/Date(1702967662000)/",6050,100,27600,170000000,-450,false,-6.92
"PIT",133313,"/Date(1702967635000)/",6050,200,27500,169000000,-450,false,-6.92
"PIT",133310,"/Date(1702967632000)/",6050,5000,27300,168000000,-450,false,-6.92
"PIT",133242,"/Date(1702967602000)/",6050,500,22300,138000000,-450,false,-6.92
"PIT",133232,"/Date(1702967595000)/",6050,500,21800,135000000,-450,false,-6.92
"PIT",133222,"/Date(1702967586000)/",6050,100,21300,132000000,-450,false,-6.92
"PIT",133200,"/Date(1702967562000)/",6050,200,21200,131000000,-450,false,-6.92
"PIT",133151,"/Date(1702967551000)/",6050,2000,21000,130000000,-450,false,-6.92
"PIT",133047,"/Date(1702967487000)/",6050,5100,19000,118000000,-450,false,-6.92
"PIT",133028,"/Date(1702967470000)/",6050,300,13900,87000000,-450,false,-6.92
"PIT",133028,"/Date(1702967470000)/",6050,100,13600,85000000,-450,false,-6.92
"PIT",133028,"/Date(1702967470000)/",6050,100,13500,85000000,-450,false,-6.92
"PIT",133028,"/Date(1702967470000)/",6050,100,13400,84000000,-450,false,-6.92
"PIT",133028,"/Date(1702967470000)/",6050,100,13300,83000000,-450,false,-6.92
"PIT",133028,"/Date(1702967470000)/",6060,100,13200,83000000,-440,false,-6.77
"PIT",133028,"/Date(1702967470000)/",6100,1000,13100,82000000,-400,false,-6.15
"PIT",133028,"/Date(1702967470000)/",6300,100,12100,76000000,-200,false,-3.08
"PIT",132635,"/Date(1702967237000)/",6400,100,12000,75000000,-100,false,-1.54
"PIT",132142,"/Date(1702966941000)/",6400,100,11900,75000000,-100,false,-1.54
"PIT",131950,"/Date(1702966831000)/",6400,100,11800,74000000,-100,false,-1.54
"PIT",131934,"/Date(1702966814000)/",6400,100,11700,73000000,-100,false,-1.54
"PIT",131919,"/Date(1702966798000)/",6400,100,11600,73000000,-100,false,-1.54
"PIT",131903,"/Date(1702966784000)/",6400,200,11500,72000000,-100,false,-1.54
"PIT",131815,"/Date(1702966734000)/",6440,100,11300,71000000,-60,false,-0.92
"PIT",131539,"/Date(1702966580000)/",6440,100,11200,70000000,-60,false,-0.92
"PIT",131523,"/Date(1702966564000)/",6100,300,11100,70000000,-400,false,-6.15
"PIT",131523,"/Date(1702966564000)/",6100,100,10800,68000000,-400,false,-6.15
"PIT",131523,"/Date(1702966564000)/",6100,200,10700,67000000,-400,false,-6.15
"PIT",131523,"/Date(1702966564000)/",6100,500,10500,66000000,-400,false,-6.15
"PIT",131523,"/Date(1702966564000)/",6100,100,10000,63000000,-400,false,-6.15
"PIT",131523,"/Date(1702966564000)/",6100,500,9900,62000000,-400,false,-6.15
"PIT",131523,"/Date(1702966564000)/",6110,1000,9400,59000000,-390,false,-6
"PIT",131523,"/Date(1702966564000)/",6150,100,8400,53000000,-350,false,-5.38
"PIT",131523,"/Date(1702966564000)/",6150,100,8300,53000000,-350,false,-5.38
"PIT",131523,"/Date(1702966564000)/",6150,100,8200,52000000,-350,false,-5.38
"PIT",131507,"/Date(1702966546000)/",6200,100,8100,51000000,-300,false,-4.62
"PIT",131507,"/Date(1702966546000)/",6200,100,8000,51000000,-300,false,-4.62
"PIT",131507,"/Date(1702966546000)/",6200,100,7900,50000000,-300,false,-4.62
"PIT",112525,"/Date(1702959953000)/",6450,100,7800,49000000,-50,false,-0.77
"PIT",112446,"/Date(1702959915000)/",6200,900,7700,49000000,-300,true,-4.62
"PIT",112446,"/Date(1702959915000)/",6200,500,6800,43000000,-300,true,-4.62
"PIT",112446,"/Date(1702959915000)/",6200,100,6300,40000000,-300,true,-4.62
"PIT",112446,"/Date(1702959915000)/",6200,100,6200,40000000,-300,true,-4.62
"PIT",112446,"/Date(1702959915000)/",6250,100,6100,39000000,-250,true,-3.85
"PIT",112446,"/Date(1702959915000)/",6250,100,6000,38000000,-250,true,-3.85
"PIT",112446,"/Date(1702959915000)/",6300,200,5900,38000000,-200,true,-3.08
"PIT",112402,"/Date(1702959871000)/",6300,300,5700,36000000,-200,true,-3.08
"PIT",112402,"/Date(1702959871000)/",6300,100,5400,34000000,-200,true,-3.08
"PIT",112402,"/Date(1702959871000)/",6300,100,5300,34000000,-200,true,-3.08
"PIT",112402,"/Date(1702959871000)/",6350,100,5200,33000000,-150,false,-2.31
"PIT",112402,"/Date(1702959871000)/",6400,100,5100,33000000,-100,false,-1.54
"PIT",112402,"/Date(1702959871000)/",6400,100,5000,32000000,-100,false,-1.54
"PIT",112402,"/Date(1702959871000)/",6410,200,4900,31000000,-90,false,-1.38
"PIT",111312,"/Date(1702959218000)/",6450,100,4700,30000000,-50,false,-0.77
"PIT",111237,"/Date(1702959185000)/",6450,100,4600,29000000,-50,false,-0.77
"PIT",110932,"/Date(1702959000000)/",6450,100,4500,29000000,-50,false,-0.77
"PIT",94623,"/Date(1702954001000)/",6500,1600,4400,28000000,0,true,0
"PIT",94623,"/Date(1702954001000)/",6500,300,2800,18000000,0,true,0
"PIT",94552,"/Date(1702953968000)/",6500,200,2500,16000000,0,true,0
"PIT",94407,"/Date(1702953864000)/",6500,500,2300,14000000,0,false,0
"PIT",94232,"/Date(1702953771000)/",6500,1000,1800,11000000,0,true,0
"PIT",94054,"/Date(1702953673000)/",6500,100,800,5000000,0,false,0
"PIT",93847,"/Date(1702953543000)/",6500,100,700,4000000,0,false,0
"PIT",93847,"/Date(1702953543000)/",6500,400,600,3000000,0,false,0
"PIT",92048,"/Date(1702952463000)/",6500,200,200,1000000,0,false,0
