"Stockcode","Package","TradingDate","Price","Vol","TotalVol","TotalVal","Change","IsBuy","PerChange"
"VCB",144414,"/Date(1702971901000)/",81200,176100,1961300,158554000000,-300,false,-0.37
"VCB",142849,"/Date(1702970977000)/",80600,1800,1785200,144255000000,-900,true,-1.1
"VCB",142849,"/Date(1702970977000)/",80600,100,1783400,144110000000,-900,true,-1.1
"VCB",142849,"/Date(1702970977000)/",80700,100,1783300,144102000000,-800,true,-0.98
"VCB",142849,"/Date(1702970977000)/",80700,100,1783200,144094000000,-800,true,-0.98
"VCB",142849,"/Date(1702970977000)/",80800,100,1783100,144086000000,-700,true,-0.86
"VCB",142849,"/Date(1702970977000)/",80800,100,1783000,144078000000,-700,true,-0.86
"VCB",142842,"/Date(1702970970000)/",81200,100,1782900,144069000000,-300,false,-0.37
"VCB",142842,"/Date(1702970970000)/",81000,100,1782800,144061000000,-500,false,-0.61
"VCB",142842,"/Date(1702970970000)/",81000,100,1782700,144053000000,-500,false,-0.61
"VCB",142839,"/Date(1702970967000)/",81000,100,1782600,144045000000,-500,false,-0.61
"VCB",142832,"/Date(1702970961000)/",81000,1700,1782500,144037000000,-500,false,-0.61
"VCB",142832,"/Date(1702970961000)/",81000,500,1780800,143899000000,-500,false,-0.61
"VCB",142832,"/Date(1702970961000)/",80900,300,1780300,143859000000,-600,false,-0.74
"VCB",142829,"/Date(1702970958000)/",80900,2700,1780000,143835000000,-600,true,-0.74
"VCB",142823,"/Date(1702970950000)/",80900,300,1777300,143616000000,-600,true,-0.74
"VCB",142820,"/Date(1702970947000)/",80700,2000,1777000,143592000000,-800,false,-0.98
"VCB",142820,"/Date(1702970947000)/",80700,400,1775000,143430000000,-800,false,-0.98
"VCB",142820,"/Date(1702970947000)/",80800,100,1774600,143398000000,-700,false,-0.86
"VCB",142820,"/Date(1702970947000)/",80800,200,1774500,143390000000,-700,false,-0.86
"VCB",142820,"/Date(1702970947000)/",80800,400,1774300,143374000000,-700,false,-0.86
"VCB",142813,"/Date(1702970941000)/",80800,19600,1773900,143342000000,-700,true,-0.86
"VCB",142813,"/Date(1702970941000)/",81000,400,1754300,141758000000,-500,false,-0.61
"VCB",142813,"/Date(1702970941000)/",81000,100,1753900,141726000000,-500,false,-0.61
"VCB",142813,"/Date(1702970941000)/",81000,500,1753800,141717000000,-500,false,-0.61
"VCB",142810,"/Date(1702970936000)/",81000,200,1753300,141677000000,-500,false,-0.61
"VCB",142807,"/Date(1702970934000)/",81000,4100,1753100,141661000000,-500,false,-0.61
"VCB",142807,"/Date(1702970934000)/",80900,900,1749000,141329000000,-600,false,-0.74
"VCB",142804,"/Date(1702970932000)/",80900,600,1748100,141256000000,-600,false,-0.74
"VCB",142804,"/Date(1702970932000)/",80900,400,1747500,141207000000,-600,false,-0.74
"VCB",142804,"/Date(1702970932000)/",80900,100,1747100,141175000000,-600,false,-0.74
"VCB",142800,"/Date(1702970926000)/",80900,500,1747000,141167000000,-600,false,-0.74
"VCB",142751,"/Date(1702970919000)/",81000,400,1746500,141126000000,-500,false,-0.61
"VCB",142748,"/Date(1702970915000)/",81000,12800,1746100,141094000000,-500,false,-0.61
"VCB",142748,"/Date(1702970914000)/",81000,1000,1733300,140057000000,-500,false,-0.61
"VCB",142741,"/Date(1702970907000)/",81000,1000,1732300,139976000000,-500,false,-0.61
"VCB",142738,"/Date(1702970904000)/",80700,600,1731300,139895000000,-800,true,-0.98
"VCB",142738,"/Date(1702970904000)/",80700,600,1730700,139847000000,-800,true,-0.98
"VCB",142738,"/Date(1702970904000)/",80700,1000,1730100,139798000000,-800,true,-0.98
"VCB",142738,"/Date(1702970904000)/",80700,100,1729100,139718000000,-800,true,-0.98
"VCB",142738,"/Date(1702970904000)/",80800,100,1729000,139710000000,-700,true,-0.86
"VCB",142738,"/Date(1702970904000)/",80800,200,1728900,139702000000,-700,true,-0.86
"VCB",142738,"/Date(1702970904000)/",80800,100,1728700,139685000000,-700,true,-0.86
"VCB",142728,"/Date(1702970895000)/",81000,900,1728600,139677000000,-500,true,-0.61
"VCB",142728,"/Date(1702970895000)/",81200,1000,1727700,139604000000,-300,false,-0.37
"VCB",142722,"/Date(1702970890000)/",81200,900,1726700,139523000000,-300,false,-0.37
"VCB",142722,"/Date(1702970890000)/",81200,100,1725800,139450000000,-300,false,-0.37
"VCB",142722,"/Date(1702970888000)/",81200,100,1725700,139442000000,-300,false,-0.37
"VCB",142719,"/Date(1702970885000)/",81200,100,1725600,139434000000,-300,false,-0.37
"VCB",142719,"/Date(1702970885000)/",81200,100,1725500,139426000000,-300,false,-0.37
"VCB",142719,"/Date(1702970885000)/",81200,4200,1725400,139418000000,-300,false,-0.37
"VCB",142719,"/Date(1702970885000)/",81100,3000,1721200,139077000000,-400,false,-0.49
"VCB",142719,"/Date(1702970885000)/",81100,5000,1718200,138833000000,-400,false,-0.49
"VCB",142719,"/Date(1702970885000)/",81100,400,1713200,138428000000,-400,false,-0.49
"VCB",142706,"/Date(1702970872000)/",81100,600,1712800,138395000000,-400,false,-0.49
"VCB",142700,"/Date(1702970866000)/",81100,1000,1712200,138347000000,-400,false,-0.49
"VCB",142656,"/Date(1702970863000)/",80700,4700,1711200,138266000000,-800,true,-0.98
"VCB",142656,"/Date(1702970863000)/",80700,300,1706500,137886000000,-800,true,-0.98
"VCB",142656,"/Date(1702970862000)/",81200,1000,1706200,137862000000,-300,false,-0.37
"VCB",142647,"/Date(1702970854000)/",81200,4800,1705200,137781000000,-300,false,-0.37
"VCB",142647,"/Date(1702970854000)/",81200,1000,1700400,137391000000,-300,false,-0.37
"VCB",142647,"/Date(1702970854000)/",81200,800,1699400,137310000000,-300,false,-0.37
"VCB",142647,"/Date(1702970854000)/",81100,1000,1698600,137245000000,-400,false,-0.49
"VCB",142647,"/Date(1702970854000)/",81100,200,1697600,137164000000,-400,false,-0.49
"VCB",142647,"/Date(1702970854000)/",81100,4000,1697400,137148000000,-400,false,-0.49
"VCB",142647,"/Date(1702970854000)/",81000,1000,1693400,136823000000,-500,false,-0.61
"VCB",142647,"/Date(1702970854000)/",81000,1000,1692400,136742000000,-500,false,-0.61
"VCB",142644,"/Date(1702970851000)/",81000,500,1691400,136661000000,-500,false,-0.61
"VCB",142644,"/Date(1702970851000)/",81000,2000,1690900,136621000000,-500,false,-0.61
"VCB",142640,"/Date(1702970848000)/",81000,500,1688900,136459000000,-500,false,-0.61
"VCB",142640,"/Date(1702970848000)/",81000,500,1688400,136418000000,-500,false,-0.61
"VCB",142631,"/Date(1702970839000)/",81100,1000,1687900,136378000000,-400,false,-0.49
"VCB",142628,"/Date(1702970836000)/",81200,200,1686900,136297000000,-300,false,-0.37
"VCB",142628,"/Date(1702970836000)/",81200,200,1686700,136280000000,-300,false,-0.37
"VCB",142628,"/Date(1702970836000)/",81200,100,1686500,136264000000,-300,false,-0.37
"VCB",142628,"/Date(1702970836000)/",81100,500,1686400,136256000000,-400,false,-0.49
"VCB",142625,"/Date(1702970831000)/",81000,1000,1685900,136215000000,-500,false,-0.61
"VCB",142618,"/Date(1702970824000)/",81100,500,1684900,136134000000,-400,false,-0.49
"VCB",142618,"/Date(1702970824000)/",81100,5000,1684400,136094000000,-400,false,-0.49
"VCB",142618,"/Date(1702970824000)/",81100,100,1679400,135688000000,-400,false,-0.49
"VCB",142618,"/Date(1702970824000)/",81100,100,1679300,135680000000,-400,false,-0.49
"VCB",142618,"/Date(1702970824000)/",81100,100,1679200,135672000000,-400,false,-0.49
"VCB",142618,"/Date(1702970824000)/",81100,100,1679100,135664000000,-400,false,-0.49
"VCB",142618,"/Date(1702970824000)/",81100,100,1679000,135656000000,-400,false,-0.49
"VCB",142618,"/Date(1702970824000)/",81100,200,1678900,135648000000,-400,false,-0.49
"VCB",142618,"/Date(1702970824000)/",81000,2000,1678700,135632000000,-500,false,-0.61
"VCB",142618,"/Date(1702970824000)/",81000,4600,1676700,135470000000,-500,false,-0.61
"VCB",142615,"/Date(1702970822000)/",81000,400,1672100,135097000000,-500,false,-0.61
"VCB",142615,"/Date(1702970822000)/",81000,600,1671700,135065000000,-500,false,-0.61
"VCB",142609,"/Date(1702970816000)/",81000,100,1671100,135016000000,-500,false,-0.61
"VCB",142609,"/Date(1702970816000)/",81000,300,1671000,135008000000,-500,false,-0.61
"VCB",142609,"/Date(1702970816000)/",81000,500,1670700,134984000000,-500,false,-0.61
"VCB",142609,"/Date(1702970816000)/",81000,200,1670200,134943000000,-500,false,-0.61
"VCB",142602,"/Date(1702970809000)/",81000,500,1670000,134927000000,-500,false,-0.61
"VCB",142602,"/Date(1702970809000)/",81000,500,1669500,134886000000,-500,false,-0.61
"VCB",142559,"/Date(1702970806000)/",80900,1000,1669000,134846000000,-600,false,-0.74
"VCB",142559,"/Date(1702970805000)/",80900,100,1668000,134765000000,-600,false,-0.74
"VCB",142556,"/Date(1702970804000)/",80900,1000,1667900,134757000000,-600,false,-0.74
"VCB",142549,"/Date(1702970797000)/",80900,400,1666900,134676000000,-600,false,-0.74
"VCB",142549,"/Date(1702970795000)/",80900,100,1666500,134644000000,-600,false,-0.74
"VCB",142546,"/Date(1702970794000)/",80900,1100,1666400,134636000000,-600,false,-0.74
"VCB",142546,"/Date(1702970794000)/",80900,100,1665300,134547000000,-600,false,-0.74
"VCB",142546,"/Date(1702970794000)/",80900,100,1665200,134539000000,-600,false,-0.74
"VCB",142546,"/Date(1702970794000)/",80900,100,1665100,134530000000,-600,false,-0.74
"VCB",142546,"/Date(1702970794000)/",80800,1000,1665000,134522000000,-700,false,-0.86
"VCB",142546,"/Date(1702970794000)/",80800,5000,1664000,134442000000,-700,false,-0.86
"VCB",142546,"/Date(1702970794000)/",80800,5000,1659000,134038000000,-700,false,-0.86
"VCB",142546,"/Date(1702970794000)/",80800,100,1654000,133634000000,-700,false,-0.86
"VCB",142546,"/Date(1702970794000)/",80800,200,1653900,133625000000,-700,false,-0.86
"VCB",142543,"/Date(1702970790000)/",80800,600,1653700,133609000000,-700,false,-0.86
"VCB",142543,"/Date(1702970790000)/",80700,400,1653100,133561000000,-800,false,-0.98
"VCB",142543,"/Date(1702970790000)/",80700,400,1652700,133529000000,-800,false,-0.98
"VCB",142537,"/Date(1702970783000)/",80700,200,1652300,133496000000,-800,false,-0.98
"VCB",142533,"/Date(1702970780000)/",80500,8800,1652100,133480000000,-1000,true,-1.23
"VCB",142533,"/Date(1702970780000)/",80500,300,1643300,132772000000,-1000,true,-1.23
"VCB",142533,"/Date(1702970780000)/",80500,300,1643000,132748000000,-1000,true,-1.23
"VCB",142533,"/Date(1702970780000)/",80500,100,1642700,132723000000,-1000,true,-1.23
"VCB",142533,"/Date(1702970780000)/",80500,200,1642600,132715000000,-1000,true,-1.23
"VCB",142530,"/Date(1702970777000)/",80700,2000,1642400,132699000000,-800,false,-0.98
"VCB",142530,"/Date(1702970776000)/",80700,1000,1640400,132538000000,-800,false,-0.98
"VCB",142524,"/Date(1702970771000)/",80700,1000,1639400,132457000000,-800,false,-0.98
"VCB",142521,"/Date(1702970766000)/",80800,200,1638400,132376000000,-700,false,-0.86
"VCB",142521,"/Date(1702970766000)/",80800,7500,1638200,132360000000,-700,false,-0.86
"VCB",142521,"/Date(1702970766000)/",80700,5000,1630700,131754000000,-800,false,-0.98
"VCB",142518,"/Date(1702970765000)/",80600,2300,1625700,131351000000,-900,true,-1.1
"VCB",142518,"/Date(1702970765000)/",80600,100,1623400,131165000000,-900,true,-1.1
"VCB",142514,"/Date(1702970760000)/",80700,1000,1623300,131157000000,-800,false,-0.98
"VCB",142458,"/Date(1702970746000)/",80700,1000,1622300,131077000000,-800,false,-0.98
"VCB",142458,"/Date(1702970744000)/",80700,3000,1621300,130996000000,-800,false,-0.98
"VCB",142452,"/Date(1702970740000)/",80800,1000,1618300,130754000000,-700,false,-0.86
"VCB",142449,"/Date(1702970735000)/",80800,400,1617300,130673000000,-700,false,-0.86
"VCB",142446,"/Date(1702970734000)/",80800,1100,1616900,130641000000,-700,false,-0.86
"VCB",142446,"/Date(1702970734000)/",80700,3000,1615800,130552000000,-800,false,-0.98
"VCB",142446,"/Date(1702970734000)/",80700,300,1612800,130310000000,-800,false,-0.98
"VCB",142446,"/Date(1702970734000)/",80700,1000,1612500,130286000000,-800,false,-0.98
"VCB",142446,"/Date(1702970734000)/",80700,500,1611500,130205000000,-800,false,-0.98
"VCB",142446,"/Date(1702970734000)/",80700,4300,1611000,130165000000,-800,false,-0.98
"VCB",142446,"/Date(1702970734000)/",80600,700,1606700,129818000000,-900,false,-1.1
"VCB",142446,"/Date(1702970733000)/",80600,300,1606000,129761000000,-900,false,-1.1
"VCB",142446,"/Date(1702970733000)/",80600,700,1605700,129737000000,-900,false,-1.1
"VCB",142442,"/Date(1702970729000)/",80600,1000,1605000,129681000000,-900,false,-1.1
"VCB",142436,"/Date(1702970723000)/",80600,1000,1604000,129600000000,-900,false,-1.1
"VCB",142433,"/Date(1702970719000)/",80600,100,1603000,129519000000,-900,false,-1.1
"VCB",142433,"/Date(1702970718000)/",80600,1000,1602900,129511000000,-900,false,-1.1
"VCB",142430,"/Date(1702970716000)/",80600,1000,1601900,129431000000,-900,false,-1.1
"VCB",142426,"/Date(1702970715000)/",80600,100,1600900,129350000000,-900,false,-1.1
"VCB",142426,"/Date(1702970713000)/",80600,100,1600800,129342000000,-900,false,-1.1
"VCB",142417,"/Date(1702970704000)/",80700,5700,1600700,129334000000,-800,false,-0.98
"VCB",142417,"/Date(1702970704000)/",80700,5000,1595000,128874000000,-800,false,-0.98
"VCB",142417,"/Date(1702970704000)/",80700,400,1590000,128470000000,-800,false,-0.98
"VCB",142417,"/Date(1702970704000)/",80600,1400,1589600,128438000000,-900,false,-1.1
"VCB",142414,"/Date(1702970701000)/",80600,500,1588200,128325000000,-900,false,-1.1
"VCB",142414,"/Date(1702970701000)/",80600,100,1587700,128285000000,-900,false,-1.1
"VCB",142407,"/Date(1702970695000)/",80700,1000,1587600,128277000000,-800,false,-0.98
"VCB",142358,"/Date(1702970686000)/",80700,300,1586600,128196000000,-800,false,-0.98
"VCB",142358,"/Date(1702970686000)/",80700,1000,1586300,128172000000,-800,false,-0.98
"VCB",142358,"/Date(1702970686000)/",80700,1000,1585300,128091000000,-800,false,-0.98
"VCB",142358,"/Date(1702970684000)/",80600,100,1584300,128011000000,-900,true,-1.1
"VCB",142354,"/Date(1702970680000)/",80700,1000,1584200,128003000000,-800,false,-0.98
"VCB",142348,"/Date(1702970674000)/",80700,300,1583200,127922000000,-800,false,-0.98
"VCB",142348,"/Date(1702970674000)/",80700,100,1582900,127898000000,-800,false,-0.98
"VCB",142348,"/Date(1702970674000)/",80700,400,1582800,127890000000,-800,false,-0.98
"VCB",142348,"/Date(1702970674000)/",80700,400,1582400,127857000000,-800,false,-0.98
"VCB",142345,"/Date(1702970673000)/",80700,600,1582000,127825000000,-800,false,-0.98
"VCB",142345,"/Date(1702970673000)/",80700,400,1581400,127777000000,-800,false,-0.98
"VCB",142335,"/Date(1702970661000)/",80700,1000,1581000,127744000000,-800,false,-0.98
"VCB",142329,"/Date(1702970656000)/",80700,600,1580000,127664000000,-800,false,-0.98
"VCB",142329,"/Date(1702970656000)/",80600,100,1579400,127615000000,-900,false,-1.1
"VCB",142329,"/Date(1702970656000)/",80600,300,1579300,127607000000,-900,false,-1.1
"VCB",142322,"/Date(1702970650000)/",80600,1200,1579000,127583000000,-900,false,-1.1
"VCB",142322,"/Date(1702970650000)/",80600,100,1577800,127486000000,-900,false,-1.1
"VCB",142322,"/Date(1702970650000)/",80600,700,1577700,127478000000,-900,false,-1.1
"VCB",142316,"/Date(1702970644000)/",80600,300,1577000,127422000000,-900,false,-1.1
"VCB",142316,"/Date(1702970643000)/",80600,2000,1576700,127398000000,-900,false,-1.1
"VCB",142310,"/Date(1702970636000)/",80600,1900,1574700,127236000000,-900,false,-1.1
"VCB",142310,"/Date(1702970636000)/",80500,100,1572800,127083000000,-1000,false,-1.23
"VCB",142306,"/Date(1702970632000)/",80500,4900,1572700,127075000000,-1000,false,-1.23
"VCB",142306,"/Date(1702970632000)/",80500,100,1567800,126681000000,-1000,false,-1.23
"VCB",142306,"/Date(1702970632000)/",80500,3000,1567700,126673000000,-1000,false,-1.23
"VCB",142306,"/Date(1702970632000)/",80500,2000,1564700,126431000000,-1000,false,-1.23
"VCB",142303,"/Date(1702970630000)/",80500,1200,1562700,126270000000,-1000,false,-1.23
"VCB",142303,"/Date(1702970630000)/",80500,800,1561500,126174000000,-1000,false,-1.23
"VCB",142300,"/Date(1702970627000)/",80500,200,1560700,126109000000,-1000,false,-1.23
"VCB",142300,"/Date(1702970625000)/",80500,1000,1560500,126093000000,-1000,false,-1.23
"VCB",142257,"/Date(1702970623000)/",80500,1000,1559500,126013000000,-1000,false,-1.23
"VCB",142257,"/Date(1702970623000)/",80400,1000,1558500,125932000000,-1100,false,-1.35
"VCB",142250,"/Date(1702970616000)/",80500,2000,1557500,125852000000,-1000,false,-1.23
"VCB",142241,"/Date(1702970608000)/",80500,2000,1555500,125691000000,-1000,false,-1.23
"VCB",142231,"/Date(1702970599000)/",80100,300,1553500,125530000000,-1400,true,-1.72
"VCB",142231,"/Date(1702970599000)/",80100,200,1553200,125506000000,-1400,true,-1.72
"VCB",142231,"/Date(1702970599000)/",80100,500,1553000,125490000000,-1400,true,-1.72
"VCB",142231,"/Date(1702970599000)/",80200,100,1552500,125450000000,-1300,true,-1.6
"VCB",142231,"/Date(1702970599000)/",80200,2000,1552400,125442000000,-1300,true,-1.6
"VCB",142231,"/Date(1702970599000)/",80200,100,1550400,125281000000,-1300,true,-1.6
"VCB",142231,"/Date(1702970599000)/",80500,100,1550300,125273000000,-1000,true,-1.23
"VCB",142231,"/Date(1702970599000)/",80500,6200,1550200,125265000000,-1000,true,-1.23
"VCB",142231,"/Date(1702970598000)/",80600,100,1544000,124766000000,-900,false,-1.1
"VCB",142231,"/Date(1702970598000)/",80600,1000,1543900,124758000000,-900,false,-1.1
"VCB",142231,"/Date(1702970598000)/",80600,900,1542900,124677000000,-900,false,-1.1
"VCB",142228,"/Date(1702970595000)/",80600,1000,1542000,124605000000,-900,false,-1.1
"VCB",142222,"/Date(1702970589000)/",80600,1000,1541000,124524000000,-900,false,-1.1
"VCB",142222,"/Date(1702970587000)/",80600,2100,1540000,124444000000,-900,false,-1.1
"VCB",142212,"/Date(1702970577000)/",80500,100,1537900,124274000000,-1000,false,-1.23
"VCB",142212,"/Date(1702970577000)/",80500,100,1537800,124266000000,-1000,false,-1.23
"VCB",142212,"/Date(1702970577000)/",80500,3600,1537700,124258000000,-1000,false,-1.23
"VCB",142209,"/Date(1702970575000)/",80500,1400,1534100,123968000000,-1000,false,-1.23
"VCB",142209,"/Date(1702970575000)/",80500,600,1532700,123856000000,-1000,false,-1.23
"VCB",142206,"/Date(1702970574000)/",80500,900,1532100,123807000000,-1000,false,-1.23
"VCB",142206,"/Date(1702970574000)/",80500,100,1531200,123735000000,-1000,false,-1.23
"VCB",142206,"/Date(1702970574000)/",80400,1000,1531100,123727000000,-1100,false,-1.35
"VCB",142159,"/Date(1702970566000)/",80100,3000,1530100,123647000000,-1400,true,-1.72
"VCB",142159,"/Date(1702970566000)/",80100,900,1527100,123406000000,-1400,true,-1.72
"VCB",142159,"/Date(1702970566000)/",80200,2000,1526200,123334000000,-1300,true,-1.6
"VCB",142159,"/Date(1702970566000)/",80200,100,1524200,123174000000,-1300,true,-1.6
"VCB",142159,"/Date(1702970566000)/",80200,100,1524100,123166000000,-1300,true,-1.6
"VCB",142159,"/Date(1702970566000)/",80200,200,1524000,123158000000,-1300,true,-1.6
"VCB",142159,"/Date(1702970566000)/",80200,100,1523800,123142000000,-1300,true,-1.6
"VCB",142159,"/Date(1702970566000)/",80200,500,1523700,123134000000,-1300,true,-1.6
"VCB",142159,"/Date(1702970566000)/",80200,100,1523200,123094000000,-1300,true,-1.6
"VCB",142159,"/Date(1702970566000)/",80300,1000,1523100,123086000000,-1200,true,-1.47
"VCB",142159,"/Date(1702970565000)/",80400,1000,1522100,123005000000,-1100,false,-1.35
"VCB",142149,"/Date(1702970556000)/",80200,400,1521100,122925000000,-1300,true,-1.6
"VCB",142149,"/Date(1702970556000)/",80200,300,1520700,122893000000,-1300,true,-1.6
"VCB",142149,"/Date(1702970556000)/",80200,4300,1520400,122869000000,-1300,true,-1.6
"VCB",142146,"/Date(1702970554000)/",80400,2000,1516100,122524000000,-1100,false,-1.35
"VCB",142146,"/Date(1702970553000)/",80400,300,1514100,122363000000,-1100,false,-1.35
"VCB",142146,"/Date(1702970552000)/",80200,700,1513800,122339000000,-1300,true,-1.6
"VCB",142146,"/Date(1702970552000)/",80200,100,1513100,122283000000,-1300,true,-1.6
"VCB",142146,"/Date(1702970552000)/",80200,100,1513000,122275000000,-1300,true,-1.6
"VCB",142146,"/Date(1702970552000)/",80200,100,1512900,122267000000,-1300,true,-1.6
"VCB",142146,"/Date(1702970552000)/",80200,4000,1512800,122259000000,-1300,true,-1.6
"VCB",142143,"/Date(1702970550000)/",80400,700,1508800,121938000000,-1100,false,-1.35
"VCB",142143,"/Date(1702970550000)/",80400,300,1508100,121882000000,-1100,false,-1.35
"VCB",142143,"/Date(1702970548000)/",80400,2000,1507800,121858000000,-1100,false,-1.35
"VCB",142133,"/Date(1702970541000)/",80200,4300,1505800,121697000000,-1300,true,-1.6
"VCB",142133,"/Date(1702970541000)/",80300,200,1501500,121352000000,-1200,true,-1.47
"VCB",142133,"/Date(1702970541000)/",80300,200,1501300,121336000000,-1200,true,-1.47
"VCB",142133,"/Date(1702970541000)/",80300,200,1501100,121320000000,-1200,true,-1.47
"VCB",142133,"/Date(1702970541000)/",80300,100,1500900,121304000000,-1200,true,-1.47
"VCB",142130,"/Date(1702970535000)/",80500,400,1500800,121296000000,-1000,false,-1.23
"VCB",142130,"/Date(1702970535000)/",80500,500,1500400,121263000000,-1000,false,-1.23
"VCB",142121,"/Date(1702970527000)/",80500,1000,1499900,121223000000,-1000,false,-1.23
"VCB",142117,"/Date(1702970525000)/",80300,900,1498900,121143000000,-1200,true,-1.47
"VCB",142117,"/Date(1702970525000)/",80300,3700,1498000,121070000000,-1200,true,-1.47
"VCB",142117,"/Date(1702970525000)/",80300,400,1494300,120773000000,-1200,true,-1.47
"VCB",142117,"/Date(1702970523000)/",80300,600,1493900,120741000000,-1200,true,-1.47
"VCB",142117,"/Date(1702970523000)/",80300,100,1493300,120693000000,-1200,true,-1.47
"VCB",142117,"/Date(1702970523000)/",80300,200,1493200,120685000000,-1200,true,-1.47
"VCB",142114,"/Date(1702970521000)/",80500,1000,1493000,120669000000,-1000,false,-1.23
"VCB",142111,"/Date(1702970519000)/",80500,300,1492000,120588000000,-1000,false,-1.23
"VCB",142108,"/Date(1702970514000)/",80300,400,1491700,120564000000,-1200,true,-1.47
"VCB",142108,"/Date(1702970514000)/",80300,100,1491300,120532000000,-1200,true,-1.47
"VCB",142108,"/Date(1702970514000)/",80400,500,1491200,120524000000,-1100,false,-1.35
"VCB",142108,"/Date(1702970513000)/",80500,200,1490700,120484000000,-1000,false,-1.23
"VCB",142108,"/Date(1702970513000)/",80500,600,1490500,120468000000,-1000,false,-1.23
"VCB",142108,"/Date(1702970513000)/",80500,200,1489900,120420000000,-1000,false,-1.23
"VCB",142101,"/Date(1702970508000)/",80500,1000,1489700,120403000000,-1000,false,-1.23
"VCB",142058,"/Date(1702970506000)/",80500,100,1488700,120323000000,-1000,false,-1.23
"VCB",142058,"/Date(1702970505000)/",80500,100,1488600,120315000000,-1000,false,-1.23
"VCB",142058,"/Date(1702970505000)/",80500,800,1488500,120307000000,-1000,false,-1.23
"VCB",142055,"/Date(1702970503000)/",80500,100,1487700,120242000000,-1000,false,-1.23
"VCB",142055,"/Date(1702970501000)/",80500,500,1487600,120234000000,-1000,false,-1.23
"VCB",142055,"/Date(1702970501000)/",80400,400,1487100,120194000000,-1100,false,-1.35
"VCB",142055,"/Date(1702970501000)/",80400,100,1486700,120162000000,-1100,false,-1.35
"VCB",142049,"/Date(1702970496000)/",80400,5900,1486600,120154000000,-1100,false,-1.35
"VCB",142046,"/Date(1702970494000)/",80400,1000,1480700,119680000000,-1100,true,-1.35
"VCB",142046,"/Date(1702970491000)/",80400,100,1479700,119599000000,-1100,true,-1.35
"VCB",142046,"/Date(1702970491000)/",80400,900,1479600,119591000000,-1100,true,-1.35
"VCB",142036,"/Date(1702970482000)/",80500,1000,1478700,119519000000,-1000,false,-1.23
"VCB",142030,"/Date(1702970476000)/",80500,1000,1477700,119438000000,-1000,false,-1.23
"VCB",142030,"/Date(1702970475000)/",80400,900,1476700,119358000000,-1100,false,-1.35
"VCB",142023,"/Date(1702970470000)/",80400,100,1475800,119285000000,-1100,false,-1.35
"VCB",142020,"/Date(1702970467000)/",80400,100,1475700,119277000000,-1100,false,-1.35
"VCB",142020,"/Date(1702970466000)/",80400,400,1475600,119269000000,-1100,false,-1.35
"VCB",142017,"/Date(1702970465000)/",80400,1000,1475200,119237000000,-1100,false,-1.35
"VCB",142017,"/Date(1702970464000)/",80400,100,1474200,119157000000,-1100,false,-1.35
"VCB",142017,"/Date(1702970463000)/",80400,100,1474100,119149000000,-1100,false,-1.35
"VCB",142017,"/Date(1702970463000)/",80400,100,1474000,119141000000,-1100,false,-1.35
"VCB",142017,"/Date(1702970462000)/",80400,700,1473900,119133000000,-1100,false,-1.35
"VCB",142017,"/Date(1702970462000)/",80400,200,1473200,119076000000,-1100,false,-1.35
"VCB",142017,"/Date(1702970462000)/",80400,300,1473000,119060000000,-1100,false,-1.35
"VCB",142017,"/Date(1702970462000)/",80400,200,1472700,119036000000,-1100,false,-1.35
"VCB",142017,"/Date(1702970462000)/",80400,3800,1472500,119020000000,-1100,false,-1.35
"VCB",142010,"/Date(1702970456000)/",80500,1000,1468700,118715000000,-1000,false,-1.23
"VCB",142007,"/Date(1702970455000)/",80400,2000,1467700,118634000000,-1100,true,-1.35
"VCB",142007,"/Date(1702970453000)/",80400,200,1465700,118473000000,-1100,true,-1.35
"VCB",142004,"/Date(1702970451000)/",80500,600,1465500,118457000000,-1000,false,-1.23
"VCB",142004,"/Date(1702970451000)/",80500,100,1464900,118409000000,-1000,false,-1.23
"VCB",142004,"/Date(1702970451000)/",80500,300,1464800,118401000000,-1000,false,-1.23
"VCB",142004,"/Date(1702970450000)/",80400,100,1464500,118377000000,-1100,true,-1.35
"VCB",142004,"/Date(1702970450000)/",80400,500,1464400,118369000000,-1100,true,-1.35
"VCB",142004,"/Date(1702970450000)/",80400,2000,1463900,118328000000,-1100,true,-1.35
"VCB",142004,"/Date(1702970450000)/",80400,1400,1461900,118168000000,-1100,true,-1.35
"VCB",142001,"/Date(1702970447000)/",80400,1000,1460500,118055000000,-1100,false,-1.35
"VCB",141958,"/Date(1702970445000)/",80400,1000,1459500,117975000000,-1100,false,-1.35
"VCB",141958,"/Date(1702970445000)/",80400,900,1458500,117894000000,-1100,false,-1.35
"VCB",141951,"/Date(1702970437000)/",80400,700,1457600,117822000000,-1100,false,-1.35
"VCB",141951,"/Date(1702970437000)/",80400,300,1456900,117766000000,-1100,false,-1.35
"VCB",141942,"/Date(1702970428000)/",80400,1000,1456600,117742000000,-1100,false,-1.35
"VCB",141935,"/Date(1702970422000)/",80400,1100,1455600,117661000000,-1100,false,-1.35
"VCB",141929,"/Date(1702970415000)/",80400,900,1454500,117573000000,-1100,false,-1.35
"VCB",141929,"/Date(1702970415000)/",80400,1000,1453600,117500000000,-1100,false,-1.35
"VCB",141922,"/Date(1702970407000)/",80400,700,1452600,117420000000,-1100,false,-1.35
"VCB",141922,"/Date(1702970407000)/",80400,300,1451900,117364000000,-1100,false,-1.35
"VCB",141919,"/Date(1702970406000)/",80300,1000,1451600,117340000000,-1200,true,-1.47
"VCB",141916,"/Date(1702970402000)/",80300,2000,1450600,117259000000,-1200,true,-1.47
"VCB",141916,"/Date(1702970402000)/",80300,500,1448600,117099000000,-1200,true,-1.47
"VCB",141916,"/Date(1702970402000)/",80300,100,1448100,117058000000,-1200,true,-1.47
"VCB",141916,"/Date(1702970402000)/",80300,1400,1448000,117050000000,-1200,true,-1.47
"VCB",141916,"/Date(1702970402000)/",80300,400,1446600,116938000000,-1200,true,-1.47
"VCB",141916,"/Date(1702970402000)/",80300,100,1446200,116906000000,-1200,true,-1.47
"VCB",141913,"/Date(1702970400000)/",80300,1000,1446100,116898000000,-1200,false,-1.47
"VCB",141910,"/Date(1702970397000)/",80300,100,1445100,116818000000,-1200,false,-1.47
"VCB",141907,"/Date(1702970394000)/",80300,1000,1445000,116810000000,-1200,false,-1.47
"VCB",141900,"/Date(1702970387000)/",80300,1000,1444000,116729000000,-1200,false,-1.47
"VCB",141900,"/Date(1702970387000)/",80200,200,1443000,116649000000,-1300,true,-1.6
"VCB",141857,"/Date(1702970385000)/",80300,900,1442800,116633000000,-1200,false,-1.47
"VCB",141857,"/Date(1702970383000)/",80200,100,1441900,116561000000,-1300,true,-1.6
"VCB",141857,"/Date(1702970383000)/",80200,100,1441800,116553000000,-1300,true,-1.6
"VCB",141854,"/Date(1702970379000)/",80200,500,1441700,116545000000,-1300,true,-1.6
"VCB",141854,"/Date(1702970379000)/",80200,500,1441200,116505000000,-1300,true,-1.6
"VCB",141851,"/Date(1702970378000)/",80200,100,1440700,116464000000,-1300,true,-1.6
"VCB",141844,"/Date(1702970372000)/",80200,400,1440600,116456000000,-1300,false,-1.6
"VCB",141844,"/Date(1702970370000)/",80200,500,1440200,116424000000,-1300,false,-1.6
"VCB",141841,"/Date(1702970366000)/",80200,900,1439700,116384000000,-1300,false,-1.6
"VCB",141841,"/Date(1702970366000)/",80200,100,1438800,116312000000,-1300,false,-1.6
"VCB",141838,"/Date(1702970364000)/",80200,100,1438700,116304000000,-1300,false,-1.6
"VCB",141838,"/Date(1702970363000)/",80200,5000,1438600,116296000000,-1300,false,-1.6
"VCB",141838,"/Date(1702970363000)/",80200,3000,1433600,115895000000,-1300,false,-1.6
"VCB",141838,"/Date(1702970363000)/",80200,300,1430600,115654000000,-1300,false,-1.6
"VCB",141835,"/Date(1702970359000)/",80200,200,1430300,115630000000,-1300,false,-1.6
"VCB",141835,"/Date(1702970359000)/",80200,300,1430100,115614000000,-1300,false,-1.6
"VCB",141831,"/Date(1702970359000)/",80200,400,1429800,115590000000,-1300,false,-1.6
"VCB",141831,"/Date(1702970358000)/",80200,200,1429400,115558000000,-1300,false,-1.6
"VCB",141828,"/Date(1702970355000)/",80200,200,1429200,115542000000,-1300,false,-1.6
"VCB",141828,"/Date(1702970355000)/",80200,900,1429000,115526000000,-1300,false,-1.6
"VCB",141825,"/Date(1702970350000)/",80200,1000,1428100,115454000000,-1300,false,-1.6
"VCB",141822,"/Date(1702970349000)/",80200,100,1427100,115374000000,-1300,false,-1.6
"VCB",141819,"/Date(1702970344000)/",80200,100,1427000,115366000000,-1300,false,-1.6
"VCB",141815,"/Date(1702970341000)/",80200,1000,1426900,115358000000,-1300,false,-1.6
"VCB",141812,"/Date(1702970337000)/",80200,800,1425900,115277000000,-1300,false,-1.6
"VCB",141812,"/Date(1702970337000)/",80200,200,1425100,115213000000,-1300,false,-1.6
"VCB",141806,"/Date(1702970332000)/",80200,100,1424900,115197000000,-1300,false,-1.6
"VCB",141803,"/Date(1702970330000)/",80200,100,1424800,115189000000,-1300,false,-1.6
"VCB",141803,"/Date(1702970330000)/",80200,100,1424700,115181000000,-1300,false,-1.6
"VCB",141803,"/Date(1702970329000)/",80200,1000,1424600,115173000000,-1300,false,-1.6
"VCB",141759,"/Date(1702970326000)/",80200,100,1423600,115093000000,-1300,false,-1.6
"VCB",141759,"/Date(1702970325000)/",80200,900,1423500,115085000000,-1300,false,-1.6
"VCB",141750,"/Date(1702970317000)/",80200,400,1422600,115013000000,-1300,false,-1.6
"VCB",141750,"/Date(1702970317000)/",80200,100,1422200,114981000000,-1300,false,-1.6
"VCB",141750,"/Date(1702970317000)/",80200,600,1422100,114973000000,-1300,false,-1.6
"VCB",141750,"/Date(1702970317000)/",80200,300,1421500,114925000000,-1300,false,-1.6
"VCB",141740,"/Date(1702970307000)/",80200,100,1421200,114901000000,-1300,false,-1.6
"VCB",141734,"/Date(1702970301000)/",80100,5000,1421100,114892000000,-1400,true,-1.72
"VCB",141731,"/Date(1702970297000)/",80200,300,1416100,114492000000,-1300,false,-1.6
"VCB",141731,"/Date(1702970297000)/",80200,100,1415800,114468000000,-1300,false,-1.6
"VCB",141728,"/Date(1702970295000)/",80200,900,1415700,114460000000,-1300,false,-1.6
"VCB",141721,"/Date(1702970288000)/",80100,600,1414800,114388000000,-1400,true,-1.72
"VCB",141721,"/Date(1702970288000)/",80100,100,1414200,114340000000,-1400,true,-1.72
"VCB",141721,"/Date(1702970288000)/",80100,200,1414100,114332000000,-1400,true,-1.72
"VCB",141721,"/Date(1702970288000)/",80100,500,1413900,114316000000,-1400,true,-1.72
"VCB",141721,"/Date(1702970288000)/",80100,200,1413400,114276000000,-1400,true,-1.72
"VCB",141721,"/Date(1702970288000)/",80100,200,1413200,114260000000,-1400,true,-1.72
"VCB",141721,"/Date(1702970288000)/",80100,100,1413000,114244000000,-1400,true,-1.72
"VCB",141721,"/Date(1702970287000)/",80200,1000,1412900,114236000000,-1300,false,-1.6
"VCB",141718,"/Date(1702970285000)/",80100,100,1411900,114155000000,-1400,true,-1.72
"VCB",141718,"/Date(1702970285000)/",80100,100,1411800,114147000000,-1400,true,-1.72
"VCB",141718,"/Date(1702970285000)/",80100,300,1411700,114139000000,-1400,true,-1.72
"VCB",141718,"/Date(1702970285000)/",80100,100,1411400,114115000000,-1400,true,-1.72
"VCB",141718,"/Date(1702970285000)/",80100,300,1411300,114107000000,-1400,true,-1.72
"VCB",141718,"/Date(1702970285000)/",80100,100,1411000,114083000000,-1400,true,-1.72
"VCB",141718,"/Date(1702970285000)/",80100,1000,1410900,114075000000,-1400,true,-1.72
"VCB",141718,"/Date(1702970285000)/",80100,100,1409900,113995000000,-1400,true,-1.72
"VCB",141718,"/Date(1702970285000)/",80100,100,1409800,113987000000,-1400,true,-1.72
"VCB",141718,"/Date(1702970285000)/",80100,800,1409700,113979000000,-1400,true,-1.72
"VCB",141718,"/Date(1702970285000)/",80100,100,1408900,113915000000,-1400,true,-1.72
"VCB",141718,"/Date(1702970285000)/",80100,300,1408800,113907000000,-1400,true,-1.72
"VCB",141718,"/Date(1702970285000)/",80100,300,1408500,113883000000,-1400,true,-1.72
"VCB",141718,"/Date(1702970285000)/",80100,1000,1408200,113859000000,-1400,true,-1.72
"VCB",141718,"/Date(1702970285000)/",80100,100,1407200,113779000000,-1400,true,-1.72
"VCB",141718,"/Date(1702970285000)/",80100,300,1407100,113771000000,-1400,true,-1.72
"VCB",141718,"/Date(1702970285000)/",80100,100,1406800,113747000000,-1400,true,-1.72
"VCB",141718,"/Date(1702970285000)/",80100,200,1406700,113739000000,-1400,true,-1.72
"VCB",141718,"/Date(1702970285000)/",80100,100,1406500,113723000000,-1400,true,-1.72
"VCB",141718,"/Date(1702970285000)/",80100,200,1406400,113715000000,-1400,true,-1.72
"VCB",141718,"/Date(1702970285000)/",80100,2000,1406200,113699000000,-1400,true,-1.72
"VCB",141718,"/Date(1702970285000)/",80100,5000,1404200,113539000000,-1400,true,-1.72
"VCB",141718,"/Date(1702970285000)/",80100,300,1399200,113138000000,-1400,true,-1.72
"VCB",141714,"/Date(1702970278000)/",80100,100,1398900,113114000000,-1400,true,-1.72
"VCB",141711,"/Date(1702970277000)/",80200,300,1398800,113106000000,-1300,false,-1.6
"VCB",141711,"/Date(1702970277000)/",80200,500,1398500,113082000000,-1300,false,-1.6
"VCB",141711,"/Date(1702970274000)/",80200,400,1398000,113042000000,-1300,false,-1.6
"VCB",141705,"/Date(1702970270000)/",80200,500,1397600,113010000000,-1300,false,-1.6
"VCB",141702,"/Date(1702970269000)/",80200,100,1397100,112970000000,-1300,false,-1.6
"VCB",141658,"/Date(1702970265000)/",80200,200,1397000,112962000000,-1300,false,-1.6
"VCB",141658,"/Date(1702970265000)/",80200,300,1396800,112946000000,-1300,false,-1.6
"VCB",141658,"/Date(1702970265000)/",80200,600,1396500,112922000000,-1300,false,-1.6
"VCB",141658,"/Date(1702970264000)/",80200,200,1395900,112873000000,-1300,false,-1.6
"VCB",141649,"/Date(1702970254000)/",80100,100,1395700,112857000000,-1400,true,-1.72
"VCB",141642,"/Date(1702970249000)/",80200,500,1395600,112849000000,-1300,false,-1.6
"VCB",141642,"/Date(1702970247000)/",80200,200,1395100,112809000000,-1300,false,-1.6
"VCB",141639,"/Date(1702970245000)/",80200,100,1394900,112793000000,-1300,true,-1.6
"VCB",141639,"/Date(1702970245000)/",80200,300,1394800,112785000000,-1300,true,-1.6
"VCB",141639,"/Date(1702970245000)/",80200,100,1394500,112761000000,-1300,true,-1.6
"VCB",141636,"/Date(1702970244000)/",80200,500,1394400,112753000000,-1300,true,-1.6
"VCB",141636,"/Date(1702970244000)/",80200,400,1393900,112713000000,-1300,true,-1.6
"VCB",141636,"/Date(1702970244000)/",80200,100,1393500,112681000000,-1300,true,-1.6
"VCB",141636,"/Date(1702970244000)/",80200,4000,1393400,112673000000,-1300,true,-1.6
"VCB",141636,"/Date(1702970242000)/",80200,1000,1389400,112352000000,-1300,true,-1.6
"VCB",141636,"/Date(1702970242000)/",80200,100,1388400,112272000000,-1300,true,-1.6
"VCB",141636,"/Date(1702970242000)/",80200,400,1388300,112264000000,-1300,true,-1.6
"VCB",141636,"/Date(1702970242000)/",80200,100,1387900,112232000000,-1300,true,-1.6
"VCB",141636,"/Date(1702970242000)/",80200,400,1387800,112224000000,-1300,true,-1.6
"VCB",141636,"/Date(1702970242000)/",80200,100,1387400,112192000000,-1300,true,-1.6
"VCB",141636,"/Date(1702970242000)/",80200,100,1387300,112184000000,-1300,true,-1.6
"VCB",141636,"/Date(1702970242000)/",80200,500,1387200,112176000000,-1300,true,-1.6
"VCB",141636,"/Date(1702970242000)/",80200,200,1386700,112136000000,-1300,true,-1.6
"VCB",141636,"/Date(1702970242000)/",80200,100,1386500,112120000000,-1300,true,-1.6
"VCB",141636,"/Date(1702970242000)/",80200,200,1386400,112112000000,-1300,true,-1.6
"VCB",141636,"/Date(1702970242000)/",80200,100,1386200,112096000000,-1300,true,-1.6
"VCB",141636,"/Date(1702970242000)/",80200,100,1386100,112088000000,-1300,true,-1.6
"VCB",141636,"/Date(1702970242000)/",80200,100,1386000,112079000000,-1300,true,-1.6
"VCB",141636,"/Date(1702970242000)/",80200,100,1385900,112071000000,-1300,true,-1.6
"VCB",141636,"/Date(1702970242000)/",80200,100,1385800,112063000000,-1300,true,-1.6
"VCB",141636,"/Date(1702970242000)/",80200,300,1385700,112055000000,-1300,true,-1.6
"VCB",141636,"/Date(1702970242000)/",80200,1000,1385400,112031000000,-1300,true,-1.6
"VCB",141636,"/Date(1702970241000)/",80300,400,1384400,111951000000,-1200,false,-1.47
"VCB",141633,"/Date(1702970239000)/",80200,1000,1384000,111919000000,-1300,true,-1.6
"VCB",141633,"/Date(1702970239000)/",80200,100,1383000,111839000000,-1300,true,-1.6
"VCB",141633,"/Date(1702970239000)/",80200,900,1382900,111831000000,-1300,true,-1.6
"VCB",141630,"/Date(1702970234000)/",80300,700,1382000,111759000000,-1200,false,-1.47
"VCB",141630,"/Date(1702970234000)/",80300,200,1381300,111702000000,-1200,false,-1.47
"VCB",141620,"/Date(1702970228000)/",80200,1100,1381100,111686000000,-1300,true,-1.6
"VCB",141620,"/Date(1702970228000)/",80200,100,1380000,111598000000,-1300,true,-1.6
"VCB",141620,"/Date(1702970228000)/",80200,300,1379900,111590000000,-1300,true,-1.6
"VCB",141620,"/Date(1702970228000)/",80200,100,1379600,111566000000,-1300,true,-1.6
"VCB",141620,"/Date(1702970228000)/",80200,300,1379500,111558000000,-1300,true,-1.6
"VCB",141620,"/Date(1702970228000)/",80200,100,1379200,111534000000,-1300,true,-1.6
"VCB",141620,"/Date(1702970228000)/",80200,100,1379100,111526000000,-1300,true,-1.6
"VCB",141620,"/Date(1702970228000)/",80200,900,1379000,111518000000,-1300,true,-1.6
"VCB",141620,"/Date(1702970227000)/",80200,4000,1378100,111446000000,-1300,true,-1.6
"VCB",141614,"/Date(1702970222000)/",80200,100,1374100,111125000000,-1300,true,-1.6
"VCB",141614,"/Date(1702970222000)/",80200,400,1374000,111117000000,-1300,true,-1.6
"VCB",141604,"/Date(1702970209000)/",80300,300,1373600,111085000000,-1200,false,-1.47
"VCB",141604,"/Date(1702970209000)/",80300,500,1373300,111061000000,-1200,false,-1.47
"VCB",141604,"/Date(1702970209000)/",80300,5000,1372800,111021000000,-1200,false,-1.47
"VCB",141604,"/Date(1702970209000)/",80300,4200,1367800,110619000000,-1200,false,-1.47
"VCB",141558,"/Date(1702970205000)/",80200,100,1363600,110282000000,-1300,true,-1.6
"VCB",141558,"/Date(1702970205000)/",80200,100,1363500,110274000000,-1300,true,-1.6
"VCB",141558,"/Date(1702970205000)/",80200,300,1363400,110266000000,-1300,true,-1.6
"VCB",141558,"/Date(1702970205000)/",80200,500,1363100,110242000000,-1300,true,-1.6
"VCB",141558,"/Date(1702970205000)/",80200,500,1362600,110202000000,-1300,true,-1.6
"VCB",141558,"/Date(1702970205000)/",80200,200,1362100,110162000000,-1300,true,-1.6
"VCB",141558,"/Date(1702970205000)/",80200,4300,1361900,110146000000,-1300,true,-1.6
"VCB",141558,"/Date(1702970204000)/",80300,800,1357600,109801000000,-1200,false,-1.47
"VCB",141558,"/Date(1702970204000)/",80300,100,1356800,109736000000,-1200,false,-1.47
"VCB",141545,"/Date(1702970193000)/",80300,100,1356700,109728000000,-1200,false,-1.47
"VCB",141542,"/Date(1702970188000)/",80300,100,1356600,109720000000,-1200,false,-1.47
"VCB",141542,"/Date(1702970188000)/",80300,200,1356500,109712000000,-1200,false,-1.47
"VCB",141529,"/Date(1702970176000)/",80200,100,1356300,109696000000,-1300,true,-1.6
"VCB",141529,"/Date(1702970174000)/",80300,900,1356200,109688000000,-1200,false,-1.47
"VCB",141516,"/Date(1702970162000)/",80300,100,1355300,109616000000,-1200,false,-1.47
"VCB",141513,"/Date(1702970159000)/",80300,100,1355200,109608000000,-1200,false,-1.47
"VCB",141510,"/Date(1702970157000)/",80200,600,1355100,109600000000,-1300,true,-1.6
"VCB",141510,"/Date(1702970157000)/",80200,300,1354500,109552000000,-1300,true,-1.6
"VCB",141510,"/Date(1702970157000)/",80200,100,1354200,109528000000,-1300,true,-1.6
"VCB",141510,"/Date(1702970155000)/",80300,100,1354100,109520000000,-1200,false,-1.47
"VCB",141507,"/Date(1702970153000)/",80300,100,1354000,109512000000,-1200,false,-1.47
"VCB",141507,"/Date(1702970152000)/",80300,100,1353900,109504000000,-1200,false,-1.47
"VCB",141503,"/Date(1702970148000)/",80300,400,1353800,109496000000,-1200,false,-1.47
"VCB",141457,"/Date(1702970144000)/",80300,700,1353400,109464000000,-1200,false,-1.47
"VCB",141457,"/Date(1702970144000)/",80300,200,1352700,109407000000,-1200,false,-1.47
"VCB",141457,"/Date(1702970142000)/",80300,100,1352500,109391000000,-1200,false,-1.47
"VCB",141451,"/Date(1702970138000)/",80300,100,1352400,109383000000,-1200,true,-1.47
"VCB",141451,"/Date(1702970137000)/",80300,100,1352300,109375000000,-1200,true,-1.47
"VCB",141451,"/Date(1702970137000)/",80300,500,1352200,109367000000,-1200,true,-1.47
"VCB",141447,"/Date(1702970132000)/",80300,500,1351700,109327000000,-1200,false,-1.47
"VCB",141444,"/Date(1702970131000)/",80300,4500,1351200,109287000000,-1200,false,-1.47
"VCB",141444,"/Date(1702970130000)/",80300,100,1346700,108926000000,-1200,false,-1.47
"VCB",141444,"/Date(1702970129000)/",80300,1400,1346600,108917000000,-1200,false,-1.47
"VCB",141444,"/Date(1702970129000)/",80300,100,1345200,108805000000,-1200,false,-1.47
"VCB",141444,"/Date(1702970129000)/",80300,300,1345100,108797000000,-1200,false,-1.47
"VCB",141444,"/Date(1702970129000)/",80300,100,1344800,108773000000,-1200,false,-1.47
"VCB",141444,"/Date(1702970129000)/",80300,100,1344700,108765000000,-1200,false,-1.47
"VCB",141444,"/Date(1702970129000)/",80300,100,1344600,108757000000,-1200,false,-1.47
"VCB",141444,"/Date(1702970129000)/",80300,100,1344500,108749000000,-1200,false,-1.47
"VCB",141444,"/Date(1702970129000)/",80300,100,1344400,108741000000,-1200,false,-1.47
"VCB",141444,"/Date(1702970129000)/",80300,100,1344300,108733000000,-1200,false,-1.47
"VCB",141444,"/Date(1702970129000)/",80300,100,1344200,108725000000,-1200,false,-1.47
"VCB",141444,"/Date(1702970129000)/",80300,100,1344100,108717000000,-1200,false,-1.47
"VCB",141444,"/Date(1702970129000)/",80300,100,1344000,108709000000,-1200,false,-1.47
"VCB",141444,"/Date(1702970129000)/",80300,100,1343900,108701000000,-1200,false,-1.47
"VCB",141444,"/Date(1702970129000)/",80300,100,1343800,108693000000,-1200,false,-1.47
"VCB",141444,"/Date(1702970129000)/",80300,100,1343700,108685000000,-1200,false,-1.47
"VCB",141441,"/Date(1702970127000)/",80300,100,1343600,108677000000,-1200,true,-1.47
"VCB",141441,"/Date(1702970127000)/",80300,200,1343500,108669000000,-1200,true,-1.47
"VCB",141441,"/Date(1702970127000)/",80300,100,1343300,108652000000,-1200,true,-1.47
"VCB",141441,"/Date(1702970127000)/",80300,100,1343200,108644000000,-1200,true,-1.47
"VCB",141441,"/Date(1702970127000)/",80300,100,1343100,108636000000,-1200,true,-1.47
"VCB",141441,"/Date(1702970127000)/",80300,100,1343000,108628000000,-1200,true,-1.47
"VCB",141441,"/Date(1702970127000)/",80300,300,1342900,108620000000,-1200,true,-1.47
"VCB",141441,"/Date(1702970127000)/",80300,100,1342600,108596000000,-1200,true,-1.47
"VCB",141441,"/Date(1702970127000)/",80300,100,1342500,108588000000,-1200,true,-1.47
"VCB",141441,"/Date(1702970127000)/",80300,200,1342400,108580000000,-1200,true,-1.47
"VCB",141441,"/Date(1702970127000)/",80300,100,1342200,108564000000,-1200,true,-1.47
"VCB",141441,"/Date(1702970127000)/",80300,200,1342100,108556000000,-1200,true,-1.47
"VCB",141441,"/Date(1702970127000)/",80300,300,1341900,108540000000,-1200,true,-1.47
"VCB",141441,"/Date(1702970127000)/",80300,300,1341600,108516000000,-1200,true,-1.47
"VCB",141441,"/Date(1702970127000)/",80300,100,1341300,108492000000,-1200,true,-1.47
"VCB",141441,"/Date(1702970127000)/",80300,200,1341200,108484000000,-1200,true,-1.47
"VCB",141441,"/Date(1702970127000)/",80300,2400,1341000,108468000000,-1200,true,-1.47
"VCB",141435,"/Date(1702970121000)/",80300,1000,1338600,108275000000,-1200,true,-1.47
"VCB",141435,"/Date(1702970121000)/",80300,300,1337600,108195000000,-1200,true,-1.47
"VCB",141435,"/Date(1702970121000)/",80300,200,1337300,108171000000,-1200,true,-1.47
"VCB",141431,"/Date(1702970119000)/",80300,1100,1337100,108155000000,-1200,true,-1.47
"VCB",141428,"/Date(1702970114000)/",80400,700,1336000,108066000000,-1100,false,-1.35
"VCB",141428,"/Date(1702970114000)/",80400,200,1335300,108010000000,-1100,false,-1.35
"VCB",141419,"/Date(1702970106000)/",80400,400,1335100,107994000000,-1100,false,-1.35
"VCB",141419,"/Date(1702970105000)/",80400,300,1334700,107962000000,-1100,false,-1.35
"VCB",141419,"/Date(1702970104000)/",80400,100,1334400,107938000000,-1100,false,-1.35
"VCB",141415,"/Date(1702970101000)/",80400,100,1334300,107930000000,-1100,true,-1.35
"VCB",141415,"/Date(1702970101000)/",80400,100,1334200,107922000000,-1100,true,-1.35
"VCB",141415,"/Date(1702970101000)/",80400,200,1334100,107914000000,-1100,true,-1.35
"VCB",141415,"/Date(1702970101000)/",80400,100,1333900,107897000000,-1100,true,-1.35
"VCB",141415,"/Date(1702970101000)/",80400,500,1333800,107889000000,-1100,true,-1.35
"VCB",141415,"/Date(1702970101000)/",80400,400,1333300,107849000000,-1100,true,-1.35
"VCB",141415,"/Date(1702970101000)/",80400,100,1332900,107817000000,-1100,true,-1.35
"VCB",141415,"/Date(1702970101000)/",80400,100,1332800,107809000000,-1100,true,-1.35
"VCB",141415,"/Date(1702970101000)/",80400,400,1332700,107801000000,-1100,true,-1.35
"VCB",141415,"/Date(1702970101000)/",80400,200,1332300,107769000000,-1100,true,-1.35
"VCB",141415,"/Date(1702970101000)/",80400,100,1332100,107753000000,-1100,true,-1.35
"VCB",141415,"/Date(1702970101000)/",80400,100,1332000,107745000000,-1100,true,-1.35
"VCB",141415,"/Date(1702970101000)/",80400,300,1331900,107737000000,-1100,true,-1.35
"VCB",141415,"/Date(1702970101000)/",80400,100,1331600,107713000000,-1100,true,-1.35
"VCB",141415,"/Date(1702970101000)/",80400,100,1331500,107705000000,-1100,true,-1.35
"VCB",141415,"/Date(1702970101000)/",80400,100,1331400,107696000000,-1100,true,-1.35
"VCB",141415,"/Date(1702970101000)/",80400,100,1331300,107688000000,-1100,true,-1.35
"VCB",141415,"/Date(1702970101000)/",80400,200,1331200,107680000000,-1100,true,-1.35
"VCB",141415,"/Date(1702970101000)/",80400,100,1331000,107664000000,-1100,true,-1.35
"VCB",141415,"/Date(1702970101000)/",80400,100,1330900,107656000000,-1100,true,-1.35
"VCB",141415,"/Date(1702970101000)/",80400,1000,1330800,107648000000,-1100,true,-1.35
"VCB",141415,"/Date(1702970101000)/",80400,500,1329800,107568000000,-1100,true,-1.35
"VCB",141415,"/Date(1702970101000)/",80400,100,1329300,107528000000,-1100,true,-1.35
"VCB",141415,"/Date(1702970101000)/",80400,500,1329200,107520000000,-1100,true,-1.35
"VCB",141415,"/Date(1702970101000)/",80400,6500,1328700,107479000000,-1100,true,-1.35
"VCB",141415,"/Date(1702970101000)/",80400,1000,1322200,106957000000,-1100,true,-1.35
"VCB",141415,"/Date(1702970101000)/",80400,300,1321200,106876000000,-1100,true,-1.35
"VCB",141415,"/Date(1702970101000)/",80400,100,1320900,106852000000,-1100,true,-1.35
"VCB",141415,"/Date(1702970101000)/",80400,300,1320800,106844000000,-1100,true,-1.35
"VCB",141415,"/Date(1702970101000)/",80400,100,1320500,106820000000,-1100,true,-1.35
"VCB",141415,"/Date(1702970101000)/",80400,100,1320400,106812000000,-1100,true,-1.35
"VCB",141415,"/Date(1702970101000)/",80400,500,1320300,106804000000,-1100,true,-1.35
"VCB",141415,"/Date(1702970101000)/",80400,100,1319800,106764000000,-1100,true,-1.35
"VCB",141415,"/Date(1702970101000)/",80400,100,1319700,106756000000,-1100,true,-1.35
"VCB",141415,"/Date(1702970101000)/",80400,1000,1319600,106748000000,-1100,true,-1.35
"VCB",141415,"/Date(1702970101000)/",80400,100,1318600,106667000000,-1100,true,-1.35
"VCB",141415,"/Date(1702970101000)/",80400,2000,1318500,106659000000,-1100,true,-1.35
"VCB",141415,"/Date(1702970101000)/",80400,100,1316500,106499000000,-1100,true,-1.35
"VCB",141415,"/Date(1702970101000)/",80400,100,1316400,106490000000,-1100,true,-1.35
"VCB",141415,"/Date(1702970101000)/",80400,1500,1316300,106482000000,-1100,true,-1.35
"VCB",141415,"/Date(1702970101000)/",80400,100,1314800,106362000000,-1100,true,-1.35
"VCB",141415,"/Date(1702970101000)/",80400,500,1314700,106354000000,-1100,true,-1.35
"VCB",141415,"/Date(1702970101000)/",80400,1000,1314200,106314000000,-1100,true,-1.35
"VCB",141415,"/Date(1702970101000)/",80400,400,1313200,106233000000,-1100,true,-1.35
"VCB",141415,"/Date(1702970101000)/",80400,100,1312800,106201000000,-1100,true,-1.35
"VCB",141415,"/Date(1702970101000)/",80400,10000,1312700,106193000000,-1100,true,-1.35
"VCB",141415,"/Date(1702970101000)/",80400,100,1302700,105389000000,-1100,true,-1.35
"VCB",141415,"/Date(1702970101000)/",80400,100,1302600,105381000000,-1100,true,-1.35
"VCB",141415,"/Date(1702970101000)/",80400,2000,1302500,105373000000,-1100,true,-1.35
"VCB",141415,"/Date(1702970101000)/",80400,200,1300500,105212000000,-1100,true,-1.35
"VCB",141415,"/Date(1702970101000)/",80400,100,1300300,105196000000,-1100,true,-1.35
"VCB",141415,"/Date(1702970101000)/",80400,100,1300200,105188000000,-1100,true,-1.35
"VCB",141415,"/Date(1702970101000)/",80400,1000,1300100,105180000000,-1100,true,-1.35
"VCB",141415,"/Date(1702970101000)/",80400,100,1299100,105100000000,-1100,true,-1.35
"VCB",141415,"/Date(1702970101000)/",80400,100,1299000,105092000000,-1100,true,-1.35
"VCB",141415,"/Date(1702970101000)/",80400,700,1298900,105083000000,-1100,true,-1.35
"VCB",141415,"/Date(1702970101000)/",80400,7900,1298200,105027000000,-1100,true,-1.35
"VCB",141415,"/Date(1702970101000)/",80400,100,1290300,104392000000,-1100,true,-1.35
"VCB",141409,"/Date(1702970096000)/",80400,300,1290200,104384000000,-1100,true,-1.35
"VCB",141344,"/Date(1702970071000)/",80400,3000,1289900,104360000000,-1100,true,-1.35
"VCB",141340,"/Date(1702970067000)/",80400,700,1286900,104119000000,-1100,true,-1.35
"VCB",141340,"/Date(1702970067000)/",80400,100,1286200,104062000000,-1100,true,-1.35
"VCB",141340,"/Date(1702970067000)/",80400,300,1286100,104054000000,-1100,true,-1.35
"VCB",141340,"/Date(1702970067000)/",80400,100,1285800,104030000000,-1100,true,-1.35
"VCB",141340,"/Date(1702970067000)/",80400,300,1285700,104022000000,-1100,true,-1.35
"VCB",141340,"/Date(1702970067000)/",80400,100,1285400,103998000000,-1100,true,-1.35
"VCB",141340,"/Date(1702970067000)/",80400,100,1285300,103990000000,-1100,true,-1.35
"VCB",141340,"/Date(1702970067000)/",80400,700,1285200,103982000000,-1100,true,-1.35
"VCB",141337,"/Date(1702970063000)/",80500,400,1284500,103926000000,-1000,false,-1.23
"VCB",141331,"/Date(1702970057000)/",80500,200,1284100,103894000000,-1000,false,-1.23
"VCB",141328,"/Date(1702970054000)/",80500,300,1283900,103877000000,-1000,false,-1.23
"VCB",141328,"/Date(1702970054000)/",80400,400,1283600,103853000000,-1100,true,-1.35
"VCB",141321,"/Date(1702970046000)/",80400,500,1283200,103821000000,-1100,true,-1.35
"VCB",141312,"/Date(1702970038000)/",80500,2000,1282700,103781000000,-1000,false,-1.23
"VCB",141312,"/Date(1702970038000)/",80500,100,1280700,103620000000,-1000,false,-1.23
"VCB",141308,"/Date(1702970034000)/",80500,100,1280600,103612000000,-1000,false,-1.23
"VCB",141246,"/Date(1702970012000)/",80400,300,1280500,103604000000,-1100,true,-1.35
"VCB",141233,"/Date(1702969999000)/",80500,600,1280200,103580000000,-1000,false,-1.23
"VCB",141233,"/Date(1702969999000)/",80500,200,1279600,103531000000,-1000,false,-1.23
"VCB",141224,"/Date(1702969990000)/",80500,100,1279400,103515000000,-1000,false,-1.23
"VCB",141205,"/Date(1702969969000)/",80400,100,1279300,103507000000,-1100,true,-1.35
"VCB",141205,"/Date(1702969969000)/",80400,100,1279200,103499000000,-1100,true,-1.35
"VCB",141205,"/Date(1702969969000)/",80400,100,1279100,103491000000,-1100,true,-1.35
"VCB",141158,"/Date(1702969964000)/",80500,100,1279000,103483000000,-1000,true,-1.23
"VCB",141158,"/Date(1702969964000)/",80500,100,1278900,103475000000,-1000,true,-1.23
"VCB",141158,"/Date(1702969964000)/",80500,300,1278800,103467000000,-1000,true,-1.23
"VCB",141158,"/Date(1702969964000)/",80500,100,1278500,103443000000,-1000,true,-1.23
"VCB",141158,"/Date(1702969964000)/",80500,100,1278400,103435000000,-1000,true,-1.23
"VCB",141158,"/Date(1702969964000)/",80500,400,1278300,103427000000,-1000,true,-1.23
"VCB",141158,"/Date(1702969964000)/",80500,100,1277900,103395000000,-1000,true,-1.23
"VCB",141158,"/Date(1702969964000)/",80500,400,1277800,103387000000,-1000,true,-1.23
"VCB",141158,"/Date(1702969964000)/",80500,500,1277400,103354000000,-1000,true,-1.23
"VCB",141158,"/Date(1702969964000)/",80500,100,1276900,103314000000,-1000,true,-1.23
"VCB",141158,"/Date(1702969964000)/",80500,100,1276800,103306000000,-1000,true,-1.23
"VCB",141158,"/Date(1702969964000)/",80500,300,1276700,103298000000,-1000,true,-1.23
"VCB",141158,"/Date(1702969964000)/",80500,1000,1276400,103274000000,-1000,true,-1.23
"VCB",141158,"/Date(1702969964000)/",80500,100,1275400,103193000000,-1000,true,-1.23
"VCB",141158,"/Date(1702969964000)/",80500,1000,1275300,103185000000,-1000,true,-1.23
"VCB",141158,"/Date(1702969964000)/",80500,300,1274300,103105000000,-1000,true,-1.23
"VCB",141158,"/Date(1702969964000)/",80500,400,1274000,103081000000,-1000,true,-1.23
"VCB",141158,"/Date(1702969964000)/",80500,100,1273600,103048000000,-1000,true,-1.23
"VCB",141158,"/Date(1702969964000)/",80500,1000,1273500,103040000000,-1000,true,-1.23
"VCB",141158,"/Date(1702969964000)/",80500,400,1272500,102960000000,-1000,true,-1.23
"VCB",141158,"/Date(1702969964000)/",80500,100,1272100,102928000000,-1000,true,-1.23
"VCB",141158,"/Date(1702969964000)/",80500,500,1272000,102920000000,-1000,true,-1.23
"VCB",141158,"/Date(1702969964000)/",80500,100,1271500,102879000000,-1000,true,-1.23
"VCB",141158,"/Date(1702969964000)/",80500,400,1271400,102871000000,-1000,true,-1.23
"VCB",141158,"/Date(1702969964000)/",80500,100,1271000,102839000000,-1000,true,-1.23
"VCB",141158,"/Date(1702969964000)/",80500,300,1270900,102831000000,-1000,true,-1.23
"VCB",141158,"/Date(1702969964000)/",80500,400,1270600,102807000000,-1000,true,-1.23
"VCB",141158,"/Date(1702969964000)/",80500,100,1270200,102775000000,-1000,true,-1.23
"VCB",141158,"/Date(1702969964000)/",80500,100,1270100,102767000000,-1000,true,-1.23
"VCB",141158,"/Date(1702969964000)/",80500,100,1270000,102759000000,-1000,true,-1.23
"VCB",141158,"/Date(1702969964000)/",80500,100,1269900,102751000000,-1000,true,-1.23
"VCB",141158,"/Date(1702969964000)/",80500,500,1269800,102743000000,-1000,true,-1.23
"VCB",141152,"/Date(1702969956000)/",80500,300,1269300,102702000000,-1000,true,-1.23
"VCB",141152,"/Date(1702969956000)/",80500,400,1269000,102678000000,-1000,true,-1.23
"VCB",141152,"/Date(1702969956000)/",80500,300,1268600,102646000000,-1000,true,-1.23
"VCB",141142,"/Date(1702969947000)/",80500,200,1268300,102622000000,-1000,true,-1.23
"VCB",141142,"/Date(1702969947000)/",80500,500,1268100,102606000000,-1000,true,-1.23
"VCB",141142,"/Date(1702969947000)/",80500,200,1267600,102565000000,-1000,true,-1.23
"VCB",141142,"/Date(1702969947000)/",80500,1000,1267400,102549000000,-1000,true,-1.23
"VCB",141142,"/Date(1702969947000)/",80500,1000,1266400,102469000000,-1000,true,-1.23
"VCB",141142,"/Date(1702969947000)/",80500,100,1265400,102388000000,-1000,true,-1.23
"VCB",141142,"/Date(1702969947000)/",80500,500,1265300,102380000000,-1000,true,-1.23
"VCB",141142,"/Date(1702969947000)/",80500,600,1264800,102340000000,-1000,true,-1.23
"VCB",141142,"/Date(1702969947000)/",80500,200,1264200,102292000000,-1000,true,-1.23
"VCB",141142,"/Date(1702969947000)/",80500,200,1264000,102276000000,-1000,true,-1.23
"VCB",141142,"/Date(1702969947000)/",80500,100,1263800,102260000000,-1000,true,-1.23
"VCB",141142,"/Date(1702969947000)/",80500,400,1263700,102251000000,-1000,true,-1.23
"VCB",141130,"/Date(1702969936000)/",80600,400,1263300,102219000000,-900,false,-1.1
"VCB",141126,"/Date(1702969933000)/",80600,100,1262900,102187000000,-900,false,-1.1
"VCB",141126,"/Date(1702969931000)/",80500,600,1262800,102179000000,-1000,true,-1.23
"VCB",141126,"/Date(1702969931000)/",80500,300,1262200,102131000000,-1000,true,-1.23
"VCB",141126,"/Date(1702969931000)/",80500,1100,1261900,102107000000,-1000,true,-1.23
"VCB",141123,"/Date(1702969928000)/",80500,300,1260800,102018000000,-1000,true,-1.23
"VCB",141111,"/Date(1702969917000)/",80500,600,1260500,101994000000,-1000,true,-1.23
"VCB",141111,"/Date(1702969917000)/",80500,100,1259900,101946000000,-1000,true,-1.23
"VCB",141111,"/Date(1702969917000)/",80500,500,1259800,101937000000,-1000,true,-1.23
"VCB",141111,"/Date(1702969917000)/",80500,100,1259300,101897000000,-1000,true,-1.23
"VCB",141111,"/Date(1702969917000)/",80500,400,1259200,101889000000,-1000,true,-1.23
"VCB",141111,"/Date(1702969917000)/",80500,100,1258800,101857000000,-1000,true,-1.23
"VCB",141111,"/Date(1702969917000)/",80500,300,1258700,101849000000,-1000,true,-1.23
"VCB",141111,"/Date(1702969917000)/",80500,100,1258400,101825000000,-1000,true,-1.23
"VCB",141111,"/Date(1702969917000)/",80500,500,1258300,101817000000,-1000,true,-1.23
"VCB",141111,"/Date(1702969917000)/",80500,100,1257800,101776000000,-1000,true,-1.23
"VCB",141111,"/Date(1702969917000)/",80500,1000,1257700,101768000000,-1000,true,-1.23
"VCB",141111,"/Date(1702969917000)/",80500,100,1256700,101688000000,-1000,true,-1.23
"VCB",141111,"/Date(1702969917000)/",80500,100,1256600,101680000000,-1000,true,-1.23
"VCB",141111,"/Date(1702969917000)/",80500,400,1256500,101672000000,-1000,true,-1.23
"VCB",141111,"/Date(1702969917000)/",80500,100,1256100,101640000000,-1000,true,-1.23
"VCB",141111,"/Date(1702969917000)/",80500,100,1256000,101632000000,-1000,true,-1.23
"VCB",141111,"/Date(1702969917000)/",80500,300,1255900,101624000000,-1000,true,-1.23
"VCB",141111,"/Date(1702969917000)/",80500,100,1255600,101599000000,-1000,true,-1.23
"VCB",141104,"/Date(1702969910000)/",80500,100,1255500,101591000000,-1000,true,-1.23
"VCB",141104,"/Date(1702969910000)/",80500,200,1255400,101583000000,-1000,true,-1.23
"VCB",141104,"/Date(1702969910000)/",80500,800,1255200,101567000000,-1000,true,-1.23
"VCB",141104,"/Date(1702969910000)/",80500,900,1254400,101503000000,-1000,true,-1.23
"VCB",141051,"/Date(1702969896000)/",80600,500,1253500,101430000000,-900,false,-1.1
"VCB",141048,"/Date(1702969894000)/",80500,100,1253000,101390000000,-1000,true,-1.23
"VCB",141048,"/Date(1702969894000)/",80500,100,1252900,101382000000,-1000,true,-1.23
"VCB",141048,"/Date(1702969893000)/",80500,100,1252800,101374000000,-1000,true,-1.23
"VCB",141042,"/Date(1702969888000)/",80500,100,1252700,101366000000,-1000,true,-1.23
"VCB",141042,"/Date(1702969888000)/",80500,100,1252600,101358000000,-1000,true,-1.23
"VCB",141042,"/Date(1702969888000)/",80500,200,1252500,101350000000,-1000,true,-1.23
"VCB",141036,"/Date(1702969881000)/",80500,200,1252300,101334000000,-1000,true,-1.23
"VCB",141036,"/Date(1702969881000)/",80500,100,1252100,101318000000,-1000,true,-1.23
"VCB",141036,"/Date(1702969881000)/",80500,200,1252000,101310000000,-1000,true,-1.23
"VCB",141036,"/Date(1702969881000)/",80500,400,1251800,101293000000,-1000,true,-1.23
"VCB",141036,"/Date(1702969881000)/",80500,100,1251400,101261000000,-1000,true,-1.23
"VCB",141020,"/Date(1702969866000)/",80500,300,1251300,101253000000,-1000,true,-1.23
"VCB",141020,"/Date(1702969866000)/",80500,200,1251000,101229000000,-1000,true,-1.23
"VCB",141020,"/Date(1702969866000)/",80600,200,1250800,101213000000,-900,false,-1.1
"VCB",141000,"/Date(1702969846000)/",80500,100,1250600,101197000000,-1000,true,-1.23
"VCB",141000,"/Date(1702969846000)/",80500,200,1250500,101189000000,-1000,true,-1.23
"VCB",140941,"/Date(1702969825000)/",80500,1000,1250300,101173000000,-1000,true,-1.23
"VCB",140938,"/Date(1702969824000)/",80600,200,1249300,101092000000,-900,false,-1.1
"VCB",140935,"/Date(1702969822000)/",80500,800,1249100,101076000000,-1000,true,-1.23
"VCB",140935,"/Date(1702969822000)/",80500,1000,1248300,101012000000,-1000,true,-1.23
"VCB",140935,"/Date(1702969822000)/",80500,200,1247300,100931000000,-1000,true,-1.23
"VCB",140929,"/Date(1702969813000)/",80600,700,1247100,100915000000,-900,false,-1.1
"VCB",140919,"/Date(1702969803000)/",80500,300,1246400,100859000000,-1000,true,-1.23
"VCB",140903,"/Date(1702969790000)/",80600,200,1246100,100834000000,-900,false,-1.1
"VCB",140900,"/Date(1702969787000)/",80600,100,1245900,100818000000,-900,false,-1.1
"VCB",140857,"/Date(1702969783000)/",80600,100,1245800,100810000000,-900,false,-1.1
"VCB",140857,"/Date(1702969783000)/",80600,600,1245700,100802000000,-900,false,-1.1
"VCB",140838,"/Date(1702969763000)/",80500,400,1245100,100754000000,-1000,true,-1.23
"VCB",140834,"/Date(1702969760000)/",80600,200,1244700,100722000000,-900,false,-1.1
"VCB",140828,"/Date(1702969753000)/",80600,700,1244500,100706000000,-900,false,-1.1
"VCB",140812,"/Date(1702969736000)/",80600,100,1243800,100649000000,-900,false,-1.1
"VCB",140806,"/Date(1702969732000)/",80600,300,1243700,100641000000,-900,false,-1.1
"VCB",140806,"/Date(1702969729000)/",80600,200,1243400,100617000000,-900,false,-1.1
"VCB",140802,"/Date(1702969727000)/",80600,100,1243200,100601000000,-900,false,-1.1
"VCB",140759,"/Date(1702969725000)/",80600,400,1243100,100593000000,-900,false,-1.1
"VCB",140759,"/Date(1702969723000)/",80600,700,1242700,100560000000,-900,false,-1.1
"VCB",140753,"/Date(1702969718000)/",80500,100,1242000,100504000000,-1000,true,-1.23
"VCB",140753,"/Date(1702969718000)/",80500,100,1241900,100496000000,-1000,true,-1.23
"VCB",140753,"/Date(1702969718000)/",80500,100,1241800,100488000000,-1000,true,-1.23
"VCB",140727,"/Date(1702969693000)/",80600,700,1241700,100480000000,-900,false,-1.1
"VCB",140711,"/Date(1702969677000)/",80500,100,1241000,100423000000,-1000,true,-1.23
"VCB",140711,"/Date(1702969677000)/",80500,100,1240900,100415000000,-1000,true,-1.23
"VCB",140711,"/Date(1702969677000)/",80500,200,1240800,100407000000,-1000,true,-1.23
"VCB",140708,"/Date(1702969675000)/",80600,100,1240600,100391000000,-900,false,-1.1
"VCB",140658,"/Date(1702969663000)/",80600,700,1240500,100383000000,-900,false,-1.1
"VCB",140652,"/Date(1702969656000)/",80600,200,1239800,100327000000,-900,false,-1.1
"VCB",140649,"/Date(1702969654000)/",80600,100,1239600,100311000000,-900,false,-1.1
"VCB",140649,"/Date(1702969654000)/",80600,100,1239500,100303000000,-900,false,-1.1
"VCB",140636,"/Date(1702969641000)/",80600,200,1239400,100295000000,-900,false,-1.1
"VCB",140630,"/Date(1702969635000)/",80500,300,1239200,100278000000,-1000,true,-1.23
"VCB",140630,"/Date(1702969634000)/",80600,100,1238900,100254000000,-900,false,-1.1
"VCB",140627,"/Date(1702969633000)/",80600,700,1238800,100246000000,-900,false,-1.1
"VCB",140620,"/Date(1702969625000)/",80600,100,1238100,100190000000,-900,true,-1.1
"VCB",140620,"/Date(1702969625000)/",80600,100,1238000,100182000000,-900,true,-1.1
"VCB",140620,"/Date(1702969625000)/",80600,100,1237900,100174000000,-900,true,-1.1
"VCB",140620,"/Date(1702969625000)/",80600,100,1237800,100166000000,-900,true,-1.1
"VCB",140620,"/Date(1702969625000)/",80600,300,1237700,100158000000,-900,true,-1.1
"VCB",140614,"/Date(1702969618000)/",80600,100,1237400,100133000000,-900,true,-1.1
"VCB",140614,"/Date(1702969618000)/",80600,100,1237300,100125000000,-900,true,-1.1
"VCB",140614,"/Date(1702969618000)/",80600,100,1237200,100117000000,-900,true,-1.1
"VCB",140614,"/Date(1702969618000)/",80600,200,1237100,100109000000,-900,true,-1.1
"VCB",140614,"/Date(1702969618000)/",80600,100,1236900,100093000000,-900,true,-1.1
"VCB",140614,"/Date(1702969618000)/",80600,600,1236800,100085000000,-900,true,-1.1
"VCB",140614,"/Date(1702969618000)/",80600,100,1236200,100037000000,-900,true,-1.1
"VCB",140614,"/Date(1702969618000)/",80600,100,1236100,100029000000,-900,true,-1.1
"VCB",140614,"/Date(1702969618000)/",80600,200,1236000,100021000000,-900,true,-1.1
"VCB",140614,"/Date(1702969618000)/",80600,200,1235800,100004000000,-900,true,-1.1
"VCB",140614,"/Date(1702969618000)/",80600,400,1235600,99988000000,-900,true,-1.1
"VCB",140614,"/Date(1702969618000)/",80600,800,1235200,99956000000,-900,true,-1.1
"VCB",140611,"/Date(1702969617000)/",80700,300,1234400,99892000000,-800,false,-0.98
"VCB",140558,"/Date(1702969603000)/",80600,200,1234100,99867000000,-900,true,-1.1
"VCB",140558,"/Date(1702969603000)/",80600,800,1233900,99851000000,-900,true,-1.1
"VCB",140558,"/Date(1702969603000)/",80700,700,1233100,99787000000,-800,false,-0.98
"VCB",140548,"/Date(1702969592000)/",80600,200,1232400,99730000000,-900,true,-1.1
"VCB",140548,"/Date(1702969592000)/",80600,200,1232200,99714000000,-900,true,-1.1
"VCB",140539,"/Date(1702969582000)/",80700,100,1232000,99698000000,-800,false,-0.98
"VCB",140536,"/Date(1702969580000)/",80700,200,1231900,99690000000,-800,false,-0.98
"VCB",140529,"/Date(1702969574000)/",80700,100,1231700,99674000000,-800,false,-0.98
"VCB",140529,"/Date(1702969574000)/",80700,100,1231600,99666000000,-800,false,-0.98
"VCB",140529,"/Date(1702969574000)/",80700,200,1231500,99658000000,-800,false,-0.98
"VCB",140526,"/Date(1702969572000)/",80700,700,1231300,99642000000,-800,false,-0.98
"VCB",140526,"/Date(1702969571000)/",80700,100,1230600,99585000000,-800,false,-0.98
"VCB",140520,"/Date(1702969564000)/",80700,500,1230500,99577000000,-800,false,-0.98
"VCB",140510,"/Date(1702969556000)/",80700,400,1230000,99537000000,-800,false,-0.98
"VCB",140504,"/Date(1702969548000)/",80700,100,1229600,99504000000,-800,false,-0.98
"VCB",140457,"/Date(1702969543000)/",80600,300,1229500,99496000000,-900,true,-1.1
"VCB",140457,"/Date(1702969542000)/",80700,700,1229200,99472000000,-800,false,-0.98
"VCB",140454,"/Date(1702969540000)/",80700,200,1228500,99416000000,-800,false,-0.98
"VCB",140441,"/Date(1702969527000)/",80700,100,1228300,99399000000,-800,false,-0.98
"VCB",140435,"/Date(1702969519000)/",80700,100,1228200,99391000000,-800,false,-0.98
"VCB",140429,"/Date(1702969514000)/",80700,400,1228100,99383000000,-800,false,-0.98
"VCB",140429,"/Date(1702969512000)/",80700,300,1227700,99351000000,-800,false,-0.98
"VCB",140429,"/Date(1702969512000)/",80700,100,1227400,99327000000,-800,false,-0.98
"VCB",140429,"/Date(1702969512000)/",80700,300,1227300,99319000000,-800,false,-0.98
"VCB",140416,"/Date(1702969500000)/",80600,100,1227000,99295000000,-900,true,-1.1
"VCB",140416,"/Date(1702969500000)/",80600,100,1226900,99286000000,-900,true,-1.1
"VCB",140416,"/Date(1702969500000)/",80600,100,1226800,99278000000,-900,true,-1.1
"VCB",140416,"/Date(1702969500000)/",80600,100,1226700,99270000000,-900,true,-1.1
"VCB",140413,"/Date(1702969498000)/",80700,100,1226600,99262000000,-800,false,-0.98
"VCB",140406,"/Date(1702969491000)/",80700,100,1226500,99254000000,-800,false,-0.98
"VCB",140357,"/Date(1702969482000)/",80700,700,1226400,99246000000,-800,false,-0.98
"VCB",140334,"/Date(1702969459000)/",80600,100,1225700,99190000000,-900,true,-1.1
"VCB",140334,"/Date(1702969459000)/",80600,100,1225600,99182000000,-900,true,-1.1
"VCB",140334,"/Date(1702969459000)/",80600,100,1225500,99174000000,-900,true,-1.1
"VCB",140328,"/Date(1702969452000)/",80700,700,1225400,99166000000,-800,false,-0.98
"VCB",140328,"/Date(1702969451000)/",80700,1100,1224700,99109000000,-800,false,-0.98
"VCB",140328,"/Date(1702969451000)/",80700,3600,1223600,99020000000,-800,false,-0.98
"VCB",140328,"/Date(1702969451000)/",80700,300,1220000,98730000000,-800,false,-0.98
"VCB",140322,"/Date(1702969448000)/",80600,300,1219700,98706000000,-900,true,-1.1
"VCB",140322,"/Date(1702969448000)/",80600,200,1219400,98681000000,-900,true,-1.1
"VCB",140322,"/Date(1702969448000)/",80600,100,1219200,98665000000,-900,true,-1.1
"VCB",140322,"/Date(1702969448000)/",80600,100,1219100,98657000000,-900,true,-1.1
"VCB",140306,"/Date(1702969430000)/",80700,400,1219000,98649000000,-800,false,-0.98
"VCB",140256,"/Date(1702969422000)/",80700,700,1218600,98617000000,-800,false,-0.98
"VCB",140247,"/Date(1702969413000)/",80600,400,1217900,98560000000,-900,false,-1.1
"VCB",140240,"/Date(1702969405000)/",80600,500,1217500,98528000000,-900,true,-1.1
"VCB",140240,"/Date(1702969405000)/",80600,100,1217000,98488000000,-900,true,-1.1
"VCB",140228,"/Date(1702969392000)/",80600,700,1216900,98480000000,-900,false,-1.1
"VCB",140224,"/Date(1702969388000)/",80600,200,1216200,98423000000,-900,false,-1.1
"VCB",140224,"/Date(1702969388000)/",80600,800,1216000,98407000000,-900,false,-1.1
"VCB",140224,"/Date(1702969388000)/",80600,200,1215200,98343000000,-900,false,-1.1
"VCB",140224,"/Date(1702969388000)/",80600,200,1215000,98327000000,-900,false,-1.1
"VCB",140221,"/Date(1702969386000)/",80600,100,1214800,98310000000,-900,false,-1.1
"VCB",140218,"/Date(1702969383000)/",80600,100,1214700,98302000000,-900,false,-1.1
"VCB",140205,"/Date(1702969370000)/",80500,300,1214600,98294000000,-1000,true,-1.23
"VCB",140159,"/Date(1702969364000)/",80600,500,1214300,98270000000,-900,false,-1.1
"VCB",140159,"/Date(1702969363000)/",80600,100,1213800,98230000000,-900,false,-1.1
"VCB",140159,"/Date(1702969362000)/",80600,700,1213700,98222000000,-900,false,-1.1
"VCB",140156,"/Date(1702969360000)/",80600,500,1213000,98165000000,-900,false,-1.1
"VCB",140152,"/Date(1702969356000)/",80600,100,1212500,98125000000,-900,false,-1.1
"VCB",140146,"/Date(1702969350000)/",80600,100,1212400,98117000000,-900,false,-1.1
"VCB",140140,"/Date(1702969345000)/",80600,400,1212300,98109000000,-900,false,-1.1
"VCB",140137,"/Date(1702969341000)/",80600,1000,1211900,98077000000,-900,false,-1.1
"VCB",140127,"/Date(1702969333000)/",80600,100,1210900,97996000000,-900,false,-1.1
"VCB",140127,"/Date(1702969332000)/",80600,700,1210800,97988000000,-900,false,-1.1
"VCB",140127,"/Date(1702969331000)/",80600,100,1210100,97932000000,-900,false,-1.1
"VCB",140127,"/Date(1702969330000)/",80500,100,1210000,97924000000,-1000,true,-1.23
"VCB",140127,"/Date(1702969330000)/",80500,100,1209900,97916000000,-1000,true,-1.23
"VCB",140127,"/Date(1702969330000)/",80500,100,1209800,97908000000,-1000,true,-1.23
"VCB",140124,"/Date(1702969329000)/",80600,500,1209700,97899000000,-900,false,-1.1
"VCB",140121,"/Date(1702969326000)/",80600,200,1209200,97859000000,-900,false,-1.1
"VCB",140121,"/Date(1702969326000)/",80600,500,1209000,97843000000,-900,false,-1.1
"VCB",140121,"/Date(1702969326000)/",80600,100,1208500,97803000000,-900,false,-1.1
"VCB",140121,"/Date(1702969326000)/",80600,4000,1208400,97795000000,-900,false,-1.1
"VCB",140121,"/Date(1702969321000)/",80600,1000,1204400,97472000000,-900,false,-1.1
"VCB",140121,"/Date(1702969318000)/",80600,1000,1203400,97392000000,-900,false,-1.1
"VCB",140121,"/Date(1702969318000)/",80600,2000,1202400,97311000000,-900,false,-1.1
"VCB",140121,"/Date(1702969318000)/",80600,400,1200400,97150000000,-900,false,-1.1
"VCB",140121,"/Date(1702969318000)/",80600,100,1200000,97118000000,-900,false,-1.1
"VCB",140121,"/Date(1702969318000)/",80600,1000,1199900,97110000000,-900,false,-1.1
"VCB",140121,"/Date(1702969318000)/",80600,1500,1198900,97029000000,-900,false,-1.1
"VCB",140111,"/Date(1702969315000)/",80600,100,1197400,96908000000,-900,false,-1.1
"VCB",140105,"/Date(1702969311000)/",80600,100,1197300,96900000000,-900,false,-1.1
"VCB",140102,"/Date(1702969308000)/",80600,100,1197200,96892000000,-900,false,-1.1
"VCB",140102,"/Date(1702969307000)/",80600,200,1197100,96884000000,-900,false,-1.1
"VCB",140058,"/Date(1702969303000)/",80600,400,1196900,96868000000,-900,false,-1.1
"VCB",140058,"/Date(1702969302000)/",80600,600,1196500,96836000000,-900,false,-1.1
"VCB",140058,"/Date(1702969302000)/",80600,100,1195900,96787000000,-900,false,-1.1
"VCB",140055,"/Date(1702969300000)/",80500,100,1195800,96779000000,-1000,true,-1.23
"VCB",140055,"/Date(1702969300000)/",80500,100,1195700,96771000000,-1000,true,-1.23
"VCB",140052,"/Date(1702969297000)/",80600,100,1195600,96763000000,-900,false,-1.1
"VCB",140049,"/Date(1702969294000)/",80600,100,1195500,96755000000,-900,false,-1.1
"VCB",140042,"/Date(1702969289000)/",80600,1000,1195400,96747000000,-900,false,-1.1
"VCB",140042,"/Date(1702969288000)/",80600,100,1194400,96666000000,-900,false,-1.1
"VCB",140042,"/Date(1702969287000)/",80500,400,1194300,96658000000,-1000,true,-1.23
"VCB",140042,"/Date(1702969286000)/",80600,100,1193900,96626000000,-900,false,-1.1
"VCB",140026,"/Date(1702969272000)/",80600,600,1193800,96618000000,-900,false,-1.1
"VCB",140026,"/Date(1702969272000)/",80600,100,1193200,96570000000,-900,false,-1.1
"VCB",140026,"/Date(1702969270000)/",80600,100,1193100,96562000000,-900,false,-1.1
"VCB",140017,"/Date(1702969261000)/",80600,400,1193000,96554000000,-900,false,-1.1
"VCB",140017,"/Date(1702969260000)/",80600,1000,1192600,96521000000,-900,false,-1.1
"VCB",140014,"/Date(1702969260000)/",80600,100,1191600,96441000000,-900,false,-1.1
"VCB",140010,"/Date(1702969255000)/",80600,300,1191500,96433000000,-900,false,-1.1
"VCB",140010,"/Date(1702969255000)/",80600,400,1191200,96408000000,-900,false,-1.1
"VCB",140010,"/Date(1702969254000)/",80600,100,1190800,96376000000,-900,false,-1.1
"VCB",140004,"/Date(1702969249000)/",80600,100,1190700,96368000000,-900,false,-1.1
"VCB",140001,"/Date(1702969245000)/",80500,300,1190600,96360000000,-1000,true,-1.23
"VCB",140001,"/Date(1702969244000)/",80500,300,1190300,96336000000,-1000,true,-1.23
"VCB",140001,"/Date(1702969244000)/",80500,300,1190000,96312000000,-1000,true,-1.23
"VCB",135958,"/Date(1702969243000)/",80600,100,1189700,96288000000,-900,false,-1.1
"VCB",135958,"/Date(1702969241000)/",80600,700,1189600,96280000000,-900,false,-1.1
"VCB",135955,"/Date(1702969240000)/",80600,100,1188900,96223000000,-900,false,-1.1
"VCB",135939,"/Date(1702969224000)/",80600,500,1188800,96215000000,-900,false,-1.1
"VCB",135939,"/Date(1702969224000)/",80600,1000,1188300,96175000000,-900,false,-1.1
"VCB",135939,"/Date(1702969224000)/",80600,500,1187300,96094000000,-900,false,-1.1
"VCB",135935,"/Date(1702969219000)/",80600,400,1186800,96054000000,-900,false,-1.1
"VCB",135926,"/Date(1702969211000)/",80600,700,1186400,96022000000,-900,false,-1.1
"VCB",135916,"/Date(1702969201000)/",80500,100,1185700,95965000000,-1000,true,-1.23
"VCB",135916,"/Date(1702969201000)/",80500,200,1185600,95957000000,-1000,true,-1.23
"VCB",135916,"/Date(1702969200000)/",80500,100,1185400,95941000000,-1000,true,-1.23
"VCB",135916,"/Date(1702969200000)/",80500,100,1185300,95933000000,-1000,true,-1.23
"VCB",135913,"/Date(1702969196000)/",80600,100,1185200,95925000000,-900,false,-1.1
"VCB",135910,"/Date(1702969196000)/",80500,100,1185100,95917000000,-1000,true,-1.23
"VCB",135910,"/Date(1702969196000)/",80500,300,1185000,95909000000,-1000,true,-1.23
"VCB",135857,"/Date(1702969182000)/",80600,300,1184700,95885000000,-900,false,-1.1
"VCB",135857,"/Date(1702969181000)/",80600,700,1184400,95861000000,-900,false,-1.1
"VCB",135854,"/Date(1702969177000)/",80600,100,1183700,95804000000,-900,false,-1.1
"VCB",135851,"/Date(1702969176000)/",80600,100,1183600,95796000000,-900,false,-1.1
"VCB",135851,"/Date(1702969176000)/",80600,400,1183500,95788000000,-900,false,-1.1
"VCB",135848,"/Date(1702969173000)/",80600,100,1183100,95756000000,-900,false,-1.1
"VCB",135835,"/Date(1702969160000)/",80500,400,1183000,95748000000,-1000,true,-1.23
"VCB",135835,"/Date(1702969159000)/",80600,500,1182600,95715000000,-900,false,-1.1
"VCB",135832,"/Date(1702969156000)/",80600,100,1182100,95675000000,-900,false,-1.1
"VCB",135832,"/Date(1702969155000)/",80500,100,1182000,95667000000,-1000,true,-1.23
"VCB",135825,"/Date(1702969151000)/",80600,700,1181900,95659000000,-900,false,-1.1
"VCB",135822,"/Date(1702969145000)/",80600,300,1181200,95603000000,-900,false,-1.1
"VCB",135822,"/Date(1702969145000)/",80600,1700,1180900,95578000000,-900,false,-1.1
"VCB",135819,"/Date(1702969145000)/",80600,300,1179200,95441000000,-900,false,-1.1
"VCB",135819,"/Date(1702969145000)/",80600,1000,1178900,95417000000,-900,false,-1.1
"VCB",135819,"/Date(1702969145000)/",80600,700,1177900,95337000000,-900,false,-1.1
"VCB",135816,"/Date(1702969139000)/",80600,200,1177200,95280000000,-900,false,-1.1
"VCB",135816,"/Date(1702969139000)/",80600,100,1177000,95264000000,-900,false,-1.1
"VCB",135809,"/Date(1702969134000)/",80600,400,1176900,95256000000,-900,false,-1.1
"VCB",135757,"/Date(1702969121000)/",80600,700,1176500,95224000000,-900,false,-1.1
"VCB",135753,"/Date(1702969117000)/",80500,300,1175800,95167000000,-1000,true,-1.23
"VCB",135747,"/Date(1702969111000)/",80600,200,1175500,95143000000,-900,false,-1.1
"VCB",135747,"/Date(1702969110000)/",80500,100,1175300,95127000000,-1000,true,-1.23
"VCB",135744,"/Date(1702969109000)/",80600,100,1175200,95119000000,-900,false,-1.1
"VCB",135741,"/Date(1702969104000)/",80600,100,1175100,95111000000,-900,false,-1.1
"VCB",135737,"/Date(1702969101000)/",80600,300,1175000,95103000000,-900,false,-1.1
"VCB",135734,"/Date(1702969099000)/",80600,100,1174700,95079000000,-900,false,-1.1
"VCB",135728,"/Date(1702969092000)/",80600,400,1174600,95071000000,-900,false,-1.1
"VCB",135728,"/Date(1702969091000)/",80600,600,1174200,95038000000,-900,false,-1.1
"VCB",135728,"/Date(1702969091000)/",80600,100,1173600,94990000000,-900,false,-1.1
"VCB",135725,"/Date(1702969090000)/",80500,200,1173500,94982000000,-1000,true,-1.23
"VCB",135725,"/Date(1702969090000)/",80500,500,1173300,94966000000,-1000,true,-1.23
"VCB",135725,"/Date(1702969090000)/",80500,400,1172800,94926000000,-1000,true,-1.23
"VCB",135725,"/Date(1702969090000)/",80500,800,1172400,94894000000,-1000,true,-1.23
"VCB",135725,"/Date(1702969090000)/",80500,100,1171600,94829000000,-1000,true,-1.23
"VCB",135725,"/Date(1702969090000)/",80500,100,1171500,94821000000,-1000,true,-1.23
"VCB",135725,"/Date(1702969090000)/",80500,100,1171400,94813000000,-1000,true,-1.23
"VCB",135715,"/Date(1702969080000)/",80500,400,1171300,94805000000,-1000,true,-1.23
"VCB",135715,"/Date(1702969080000)/",80500,100,1170900,94773000000,-1000,true,-1.23
"VCB",135715,"/Date(1702969080000)/",80500,1000,1170800,94765000000,-1000,true,-1.23
"VCB",135715,"/Date(1702969080000)/",80500,500,1169800,94684000000,-1000,true,-1.23
"VCB",135712,"/Date(1702969075000)/",80500,400,1169300,94644000000,-1000,true,-1.23
"VCB",135706,"/Date(1702969069000)/",80500,1100,1168900,94612000000,-1000,true,-1.23
"VCB",135706,"/Date(1702969069000)/",80500,3900,1167800,94523000000,-1000,true,-1.23
"VCB",135659,"/Date(1702969064000)/",80500,100,1163900,94209000000,-1000,true,-1.23
"VCB",135656,"/Date(1702969061000)/",80600,700,1163800,94201000000,-900,false,-1.1
"VCB",135650,"/Date(1702969053000)/",80600,100,1163100,94145000000,-900,false,-1.1
"VCB",135646,"/Date(1702969052000)/",80600,100,1163000,94137000000,-900,false,-1.1
"VCB",135646,"/Date(1702969051000)/",80600,100,1162900,94129000000,-900,false,-1.1
"VCB",135646,"/Date(1702969051000)/",80600,300,1162800,94121000000,-900,false,-1.1
"VCB",135646,"/Date(1702969051000)/",80600,600,1162500,94096000000,-900,false,-1.1
"VCB",135646,"/Date(1702969050000)/",80600,400,1161900,94048000000,-900,false,-1.1
"VCB",135646,"/Date(1702969049000)/",80600,100,1161500,94016000000,-900,false,-1.1
"VCB",135640,"/Date(1702969045000)/",80600,200,1161400,94008000000,-900,false,-1.1
"VCB",135637,"/Date(1702969042000)/",80500,100,1161200,93992000000,-1000,true,-1.23
"VCB",135634,"/Date(1702969038000)/",80500,900,1161100,93984000000,-1000,true,-1.23
"VCB",135634,"/Date(1702969038000)/",80500,100,1160200,93911000000,-1000,true,-1.23
"VCB",135634,"/Date(1702969038000)/",80500,100,1160100,93903000000,-1000,true,-1.23
"VCB",135634,"/Date(1702969038000)/",80500,100,1160000,93895000000,-1000,true,-1.23
"VCB",135634,"/Date(1702969038000)/",80500,1500,1159900,93887000000,-1000,true,-1.23
"VCB",135634,"/Date(1702969038000)/",80500,500,1158400,93766000000,-1000,true,-1.23
"VCB",135634,"/Date(1702969038000)/",80500,100,1157900,93726000000,-1000,true,-1.23
"VCB",135634,"/Date(1702969038000)/",80500,1000,1157800,93718000000,-1000,true,-1.23
"VCB",135634,"/Date(1702969038000)/",80500,1200,1156800,93637000000,-1000,true,-1.23
"VCB",135634,"/Date(1702969038000)/",80500,100,1155600,93541000000,-1000,true,-1.23
"VCB",135634,"/Date(1702969038000)/",80500,500,1155500,93533000000,-1000,true,-1.23
"VCB",135634,"/Date(1702969038000)/",80500,500,1155000,93493000000,-1000,true,-1.23
"VCB",135634,"/Date(1702969038000)/",80500,2000,1154500,93452000000,-1000,true,-1.23
"VCB",135634,"/Date(1702969038000)/",80500,500,1152500,93291000000,-1000,true,-1.23
"VCB",135634,"/Date(1702969038000)/",80500,500,1152000,93251000000,-1000,true,-1.23
"VCB",135634,"/Date(1702969038000)/",80500,500,1151500,93211000000,-1000,true,-1.23
"VCB",135634,"/Date(1702969038000)/",80500,4900,1151000,93171000000,-1000,true,-1.23
"VCB",135630,"/Date(1702969035000)/",80600,1700,1146100,92776000000,-900,false,-1.1
"VCB",135630,"/Date(1702969035000)/",80600,300,1144400,92639000000,-900,false,-1.1
"VCB",135627,"/Date(1702969031000)/",80600,700,1144100,92615000000,-900,false,-1.1
"VCB",135627,"/Date(1702969030000)/",80500,300,1143400,92558000000,-1000,true,-1.23
"VCB",135621,"/Date(1702969024000)/",80500,300,1143100,92534000000,-1000,true,-1.23
"VCB",135618,"/Date(1702969020000)/",80600,1000,1142800,92510000000,-900,false,-1.1
"VCB",135614,"/Date(1702969019000)/",80500,200,1141800,92430000000,-1000,true,-1.23
"VCB",135602,"/Date(1702969007000)/",80600,500,1141600,92413000000,-900,false,-1.1
"VCB",135558,"/Date(1702969002000)/",80600,400,1141100,92373000000,-900,false,-1.1
"VCB",135555,"/Date(1702969001000)/",80600,100,1140700,92341000000,-900,false,-1.1
"VCB",135555,"/Date(1702969001000)/",80600,600,1140600,92333000000,-900,false,-1.1
"VCB",135543,"/Date(1702968985000)/",80500,300,1140000,92285000000,-1000,true,-1.23
"VCB",135539,"/Date(1702968984000)/",80600,100,1139700,92260000000,-900,false,-1.1
"VCB",135536,"/Date(1702968980000)/",80500,100,1139600,92252000000,-1000,true,-1.23
"VCB",135530,"/Date(1702968974000)/",80500,100,1139500,92244000000,-1000,true,-1.23
"VCB",135527,"/Date(1702968971000)/",80600,700,1139400,92236000000,-900,false,-1.1
"VCB",135524,"/Date(1702968969000)/",80600,100,1138700,92180000000,-900,false,-1.1
"VCB",135520,"/Date(1702968965000)/",80600,500,1138600,92172000000,-900,false,-1.1
"VCB",135517,"/Date(1702968962000)/",80600,200,1138100,92131000000,-900,false,-1.1
"VCB",135504,"/Date(1702968948000)/",80600,100,1137900,92115000000,-900,false,-1.1
"VCB",135501,"/Date(1702968946000)/",80600,100,1137800,92107000000,-900,false,-1.1
"VCB",135501,"/Date(1702968944000)/",80500,400,1137700,92099000000,-1000,true,-1.23
"VCB",135458,"/Date(1702968941000)/",80600,600,1137300,92067000000,-900,false,-1.1
"VCB",135458,"/Date(1702968941000)/",80600,100,1136700,92019000000,-900,false,-1.1
"VCB",135445,"/Date(1702968929000)/",80500,100,1136600,92011000000,-1000,true,-1.23
"VCB",135439,"/Date(1702968923000)/",80600,500,1136500,92003000000,-900,false,-1.1
"VCB",135426,"/Date(1702968911000)/",80600,700,1136000,91962000000,-900,false,-1.1
"VCB",135426,"/Date(1702968910000)/",80600,100,1135300,91906000000,-900,false,-1.1
"VCB",135420,"/Date(1702968903000)/",80500,300,1135200,91898000000,-1000,true,-1.23
"VCB",135413,"/Date(1702968897000)/",80600,100,1134900,91874000000,-900,false,-1.1
"VCB",135401,"/Date(1702968884000)/",80500,100,1134800,91866000000,-1000,true,-1.23
"VCB",135357,"/Date(1702968881000)/",80600,500,1134700,91857000000,-900,false,-1.1
"VCB",135357,"/Date(1702968881000)/",80600,700,1134200,91817000000,-900,false,-1.1
"VCB",135354,"/Date(1702968878000)/",80600,200,1133500,91761000000,-900,false,-1.1
"VCB",135354,"/Date(1702968878000)/",80600,100,1133300,91745000000,-900,false,-1.1
"VCB",135338,"/Date(1702968862000)/",80600,300,1133200,91737000000,-900,true,-1.1
"VCB",135338,"/Date(1702968861000)/",80600,200,1132900,91712000000,-900,true,-1.1
"VCB",135338,"/Date(1702968861000)/",80600,100,1132700,91696000000,-900,true,-1.1
"VCB",135338,"/Date(1702968861000)/",80600,500,1132600,91688000000,-900,true,-1.1
"VCB",135338,"/Date(1702968861000)/",80600,100,1132100,91648000000,-900,true,-1.1
"VCB",135338,"/Date(1702968861000)/",80600,100,1132000,91640000000,-900,true,-1.1
"VCB",135329,"/Date(1702968853000)/",80700,100,1131900,91632000000,-800,false,-0.98
"VCB",135326,"/Date(1702968850000)/",80700,700,1131800,91624000000,-800,false,-0.98
"VCB",135326,"/Date(1702968848000)/",80600,900,1131100,91567000000,-900,true,-1.1
"VCB",135326,"/Date(1702968848000)/",80600,400,1130200,91495000000,-900,true,-1.1
"VCB",135326,"/Date(1702968848000)/",80600,1000,1129800,91462000000,-900,true,-1.1
"VCB",135326,"/Date(1702968848000)/",80600,500,1128800,91382000000,-900,true,-1.1
"VCB",135326,"/Date(1702968848000)/",80600,200,1128300,91342000000,-900,true,-1.1
"VCB",135313,"/Date(1702968838000)/",80600,200,1128100,91325000000,-900,true,-1.1
"VCB",135257,"/Date(1702968820000)/",80700,200,1127900,91309000000,-800,false,-0.98
"VCB",135257,"/Date(1702968820000)/",80700,100,1127700,91293000000,-800,false,-0.98
"VCB",135257,"/Date(1702968820000)/",80700,400,1127600,91285000000,-800,false,-0.98
"VCB",135254,"/Date(1702968818000)/",80600,400,1127200,91253000000,-900,true,-1.1
"VCB",135231,"/Date(1702968796000)/",80600,100,1126800,91221000000,-900,true,-1.1
"VCB",135231,"/Date(1702968796000)/",80600,1000,1126700,91213000000,-900,true,-1.1
"VCB",135231,"/Date(1702968796000)/",80600,500,1125700,91132000000,-900,true,-1.1
"VCB",135231,"/Date(1702968796000)/",80600,100,1125200,91092000000,-900,true,-1.1
"VCB",135231,"/Date(1702968796000)/",80600,100,1125100,91084000000,-900,true,-1.1
"VCB",135231,"/Date(1702968796000)/",80600,100,1125000,91076000000,-900,true,-1.1
"VCB",135231,"/Date(1702968796000)/",80600,100,1124900,91067000000,-900,true,-1.1
"VCB",135231,"/Date(1702968796000)/",80600,2000,1124800,91059000000,-900,true,-1.1
"VCB",135231,"/Date(1702968796000)/",80600,5000,1122800,90898000000,-900,true,-1.1
"VCB",135228,"/Date(1702968793000)/",80600,100,1117800,90495000000,-900,true,-1.1
"VCB",135228,"/Date(1702968793000)/",80700,100,1117700,90487000000,-800,false,-0.98
"VCB",135228,"/Date(1702968793000)/",80700,100,1117600,90479000000,-800,false,-0.98
"VCB",135225,"/Date(1702968790000)/",80700,400,1117500,90471000000,-800,false,-0.98
"VCB",135225,"/Date(1702968790000)/",80700,200,1117100,90439000000,-800,false,-0.98
"VCB",135225,"/Date(1702968790000)/",80700,100,1116900,90423000000,-800,false,-0.98
"VCB",135212,"/Date(1702968777000)/",80600,300,1116800,90415000000,-900,true,-1.1
"VCB",135206,"/Date(1702968769000)/",80700,100,1116500,90390000000,-800,false,-0.98
"VCB",135200,"/Date(1702968762000)/",80600,100,1116400,90382000000,-900,true,-1.1
"VCB",135200,"/Date(1702968762000)/",80700,100,1116300,90374000000,-800,false,-0.98
"VCB",135156,"/Date(1702968760000)/",80700,700,1116200,90366000000,-800,false,-0.98
"VCB",135144,"/Date(1702968748000)/",80600,100,1115500,90310000000,-900,true,-1.1
"VCB",135137,"/Date(1702968741000)/",80700,100,1115400,90302000000,-800,false,-0.98
"VCB",135137,"/Date(1702968740000)/",80700,100,1115300,90294000000,-800,false,-0.98
"VCB",135131,"/Date(1702968734000)/",80600,300,1115200,90285000000,-900,true,-1.1
"VCB",135128,"/Date(1702968730000)/",80700,100,1114900,90261000000,-800,false,-0.98
"VCB",135128,"/Date(1702968730000)/",80700,700,1114800,90253000000,-800,false,-0.98
"VCB",135124,"/Date(1702968728000)/",80700,100,1114100,90197000000,-800,false,-0.98
"VCB",135118,"/Date(1702968721000)/",80700,100,1114000,90189000000,-800,false,-0.98
"VCB",135108,"/Date(1702968712000)/",80700,500,1113900,90181000000,-800,false,-0.98
"VCB",135105,"/Date(1702968710000)/",80700,100,1113400,90140000000,-800,false,-0.98
"VCB",135059,"/Date(1702968703000)/",80600,200,1113300,90132000000,-900,true,-1.1
"VCB",135056,"/Date(1702968700000)/",80600,100,1113100,90116000000,-900,true,-1.1
"VCB",135056,"/Date(1702968700000)/",80600,300,1113000,90108000000,-900,true,-1.1
"VCB",135056,"/Date(1702968700000)/",80600,400,1112700,90084000000,-900,true,-1.1
"VCB",135056,"/Date(1702968699000)/",80600,100,1112300,90052000000,-900,true,-1.1
"VCB",135056,"/Date(1702968699000)/",80600,100,1112200,90043000000,-900,true,-1.1
"VCB",135049,"/Date(1702968694000)/",80600,100,1112100,90035000000,-900,false,-1.1
"VCB",135049,"/Date(1702968692000)/",80600,200,1112000,90027000000,-900,false,-1.1
"VCB",135046,"/Date(1702968689000)/",80600,100,1111800,90011000000,-900,false,-1.1
"VCB",135027,"/Date(1702968670000)/",80700,400,1111700,90003000000,-800,false,-0.98
"VCB",135027,"/Date(1702968670000)/",80700,100,1111300,89971000000,-800,false,-0.98
"VCB",135027,"/Date(1702968670000)/",80700,100,1111200,89963000000,-800,false,-0.98
"VCB",135027,"/Date(1702968670000)/",80700,100,1111100,89955000000,-800,false,-0.98
"VCB",135024,"/Date(1702968667000)/",80500,200,1111000,89947000000,-1000,true,-1.23
"VCB",135021,"/Date(1702968664000)/",80700,100,1110800,89931000000,-800,false,-0.98
"VCB",135014,"/Date(1702968658000)/",80500,100,1110700,89923000000,-1000,true,-1.23
"VCB",135008,"/Date(1702968651000)/",80500,200,1110600,89914000000,-1000,true,-1.23
"VCB",135008,"/Date(1702968651000)/",80600,100,1110400,89898000000,-900,true,-1.1
"VCB",135005,"/Date(1702968648000)/",80600,900,1110300,89890000000,-900,true,-1.1
"VCB",135005,"/Date(1702968648000)/",80600,100,1109400,89818000000,-900,true,-1.1
"VCB",134958,"/Date(1702968643000)/",80600,900,1109300,89810000000,-900,true,-1.1
"VCB",134958,"/Date(1702968643000)/",80600,100,1108400,89737000000,-900,true,-1.1
"VCB",134958,"/Date(1702968640000)/",80700,300,1108300,89729000000,-800,false,-0.98
"VCB",134955,"/Date(1702968640000)/",80700,400,1108000,89705000000,-800,false,-0.98
"VCB",134955,"/Date(1702968639000)/",80700,100,1107600,89673000000,-800,false,-0.98
"VCB",134930,"/Date(1702968613000)/",80500,100,1107500,89665000000,-1000,true,-1.23
"VCB",134930,"/Date(1702968613000)/",80700,200,1107400,89657000000,-800,false,-0.98
"VCB",134926,"/Date(1702968610000)/",80700,300,1107200,89640000000,-800,false,-0.98
"VCB",134926,"/Date(1702968610000)/",80700,100,1106900,89616000000,-800,false,-0.98
"VCB",134926,"/Date(1702968610000)/",80700,300,1106800,89608000000,-800,false,-0.98
"VCB",134923,"/Date(1702968607000)/",80500,400,1106500,89584000000,-1000,true,-1.23
"VCB",134923,"/Date(1702968606000)/",80500,1900,1106100,89552000000,-1000,true,-1.23
"VCB",134923,"/Date(1702968606000)/",80500,100,1104200,89399000000,-1000,true,-1.23
"VCB",134901,"/Date(1702968585000)/",80700,500,1104100,89391000000,-800,false,-0.98
"VCB",134901,"/Date(1702968585000)/",80700,100,1103600,89350000000,-800,false,-0.98
"VCB",134858,"/Date(1702968580000)/",80700,400,1103500,89342000000,-800,false,-0.98
"VCB",134858,"/Date(1702968580000)/",80700,300,1103100,89310000000,-800,false,-0.98
"VCB",134845,"/Date(1702968567000)/",80500,100,1102800,89286000000,-1000,true,-1.23
"VCB",134838,"/Date(1702968563000)/",80500,100,1102700,89278000000,-1000,true,-1.23
"VCB",134838,"/Date(1702968563000)/",80500,100,1102600,89270000000,-1000,true,-1.23
"VCB",134838,"/Date(1702968563000)/",80600,100,1102500,89262000000,-900,true,-1.1
"VCB",134832,"/Date(1702968555000)/",80600,900,1102400,89254000000,-900,true,-1.1
"VCB",134832,"/Date(1702968555000)/",80600,100,1101500,89181000000,-900,true,-1.1
"VCB",134826,"/Date(1702968550000)/",80700,700,1101400,89173000000,-800,false,-0.98
"VCB",134826,"/Date(1702968548000)/",80700,100,1100700,89116000000,-800,false,-0.98
"VCB",134800,"/Date(1702968522000)/",80500,100,1100600,89108000000,-1000,true,-1.23
"VCB",134800,"/Date(1702968522000)/",80500,100,1100500,89100000000,-1000,true,-1.23
"VCB",134757,"/Date(1702968521000)/",80500,100,1100400,89092000000,-1000,true,-1.23
"VCB",134757,"/Date(1702968521000)/",80500,200,1100300,89084000000,-1000,true,-1.23
"VCB",134757,"/Date(1702968519000)/",80700,700,1100100,89068000000,-800,false,-0.98
"VCB",134741,"/Date(1702968505000)/",80600,100,1099400,89012000000,-900,false,-1.1
"VCB",134738,"/Date(1702968501000)/",80600,300,1099300,89004000000,-900,false,-1.1
"VCB",134738,"/Date(1702968501000)/",80600,200,1099000,88979000000,-900,false,-1.1
"VCB",134725,"/Date(1702968489000)/",80600,300,1098800,88963000000,-900,false,-1.1
"VCB",134725,"/Date(1702968489000)/",80600,200,1098500,88939000000,-900,false,-1.1
"VCB",134725,"/Date(1702968489000)/",80600,200,1098300,88923000000,-900,false,-1.1
"VCB",134719,"/Date(1702968481000)/",80600,100,1098100,88907000000,-900,false,-1.1
"VCB",134719,"/Date(1702968480000)/",80500,100,1098000,88899000000,-1000,true,-1.23
"VCB",134719,"/Date(1702968480000)/",80500,200,1097900,88891000000,-1000,true,-1.23
"VCB",134719,"/Date(1702968480000)/",80500,100,1097700,88875000000,-1000,true,-1.23
"VCB",134715,"/Date(1702968478000)/",80600,800,1097600,88867000000,-900,false,-1.1
"VCB",134715,"/Date(1702968477000)/",80500,100,1096800,88802000000,-1000,true,-1.23
"VCB",134706,"/Date(1702968471000)/",80600,100,1096700,88794000000,-900,false,-1.1
"VCB",134706,"/Date(1702968469000)/",80600,500,1096600,88786000000,-900,false,-1.1
"VCB",134706,"/Date(1702968469000)/",80600,300,1096100,88746000000,-900,false,-1.1
"VCB",134706,"/Date(1702968469000)/",80600,100,1095800,88722000000,-900,false,-1.1
"VCB",134706,"/Date(1702968469000)/",80600,100,1095700,88713000000,-900,false,-1.1
"VCB",134706,"/Date(1702968469000)/",80600,100,1095600,88705000000,-900,false,-1.1
"VCB",134706,"/Date(1702968469000)/",80600,400,1095500,88697000000,-900,false,-1.1
"VCB",134706,"/Date(1702968468000)/",80600,500,1095100,88665000000,-900,false,-1.1
"VCB",134706,"/Date(1702968468000)/",80600,500,1094600,88625000000,-900,false,-1.1
"VCB",134706,"/Date(1702968468000)/",80600,500,1094100,88585000000,-900,false,-1.1
"VCB",134656,"/Date(1702968459000)/",80600,700,1093600,88544000000,-900,false,-1.1
"VCB",134640,"/Date(1702968443000)/",80500,100,1092900,88488000000,-1000,true,-1.23
"VCB",134640,"/Date(1702968443000)/",80500,500,1092800,88480000000,-1000,true,-1.23
"VCB",134634,"/Date(1702968438000)/",80600,100,1092300,88440000000,-900,false,-1.1
"VCB",134634,"/Date(1702968437000)/",80600,100,1092200,88431000000,-900,false,-1.1
"VCB",134631,"/Date(1702968435000)/",80500,300,1092100,88423000000,-1000,true,-1.23
"VCB",134628,"/Date(1702968432000)/",80500,100,1091800,88399000000,-1000,true,-1.23
"VCB",134628,"/Date(1702968429000)/",80600,200,1091700,88391000000,-900,false,-1.1
"VCB",134628,"/Date(1702968429000)/",80600,500,1091500,88375000000,-900,false,-1.1
"VCB",134602,"/Date(1702968405000)/",80500,100,1091000,88335000000,-1000,true,-1.23
"VCB",134556,"/Date(1702968399000)/",80600,700,1090900,88327000000,-900,false,-1.1
"VCB",134546,"/Date(1702968391000)/",80500,400,1090200,88270000000,-1000,true,-1.23
"VCB",134543,"/Date(1702968387000)/",80500,200,1089800,88238000000,-1000,true,-1.23
"VCB",134530,"/Date(1702968375000)/",80500,1000,1089600,88222000000,-1000,false,-1.23
"VCB",134530,"/Date(1702968375000)/",80500,1000,1088600,88141000000,-1000,false,-1.23
"VCB",134530,"/Date(1702968375000)/",80500,1400,1087600,88061000000,-1000,false,-1.23
"VCB",134530,"/Date(1702968375000)/",80500,500,1086200,87948000000,-1000,false,-1.23
"VCB",134530,"/Date(1702968374000)/",80500,100,1085700,87908000000,-1000,false,-1.23
"VCB",134530,"/Date(1702968374000)/",80500,200,1085600,87900000000,-1000,false,-1.23
"VCB",134530,"/Date(1702968374000)/",80500,500,1085400,87884000000,-1000,false,-1.23
"VCB",134527,"/Date(1702968369000)/",80500,700,1084900,87844000000,-1000,false,-1.23
"VCB",134524,"/Date(1702968368000)/",80500,100,1084200,87787000000,-1000,false,-1.23
"VCB",134514,"/Date(1702968356000)/",80500,100,1084100,87779000000,-1000,false,-1.23
"VCB",134508,"/Date(1702968349000)/",80400,200,1084000,87771000000,-1100,true,-1.35
"VCB",134508,"/Date(1702968349000)/",80400,100,1083800,87755000000,-1100,true,-1.35
"VCB",134458,"/Date(1702968341000)/",80400,100,1083700,87747000000,-1100,true,-1.35
"VCB",134455,"/Date(1702968339000)/",80500,400,1083600,87739000000,-1000,false,-1.23
"VCB",134455,"/Date(1702968339000)/",80500,300,1083200,87707000000,-1000,false,-1.23
"VCB",134446,"/Date(1702968329000)/",80400,100,1082900,87683000000,-1100,true,-1.35
"VCB",134446,"/Date(1702968329000)/",80400,100,1082800,87675000000,-1100,true,-1.35
"VCB",134442,"/Date(1702968326000)/",80500,200,1082700,87667000000,-1000,false,-1.23
"VCB",134436,"/Date(1702968319000)/",80500,100,1082500,87651000000,-1000,false,-1.23
"VCB",134426,"/Date(1702968309000)/",80500,700,1082400,87642000000,-1000,false,-1.23
"VCB",134423,"/Date(1702968308000)/",80400,200,1081700,87586000000,-1100,true,-1.35
"VCB",134423,"/Date(1702968308000)/",80400,100,1081500,87570000000,-1100,true,-1.35
"VCB",134417,"/Date(1702968299000)/",80500,100,1081400,87562000000,-1000,false,-1.23
"VCB",134414,"/Date(1702968296000)/",80400,100,1081300,87554000000,-1100,true,-1.35
"VCB",134407,"/Date(1702968290000)/",80500,500,1081200,87546000000,-1000,false,-1.23
"VCB",134358,"/Date(1702968279000)/",80500,100,1080700,87506000000,-1000,false,-1.23
"VCB",134358,"/Date(1702968279000)/",80500,500,1080600,87498000000,-1000,false,-1.23
"VCB",134358,"/Date(1702968279000)/",80500,100,1080100,87457000000,-1000,false,-1.23
"VCB",134354,"/Date(1702968277000)/",80400,300,1080000,87449000000,-1100,true,-1.35
"VCB",134351,"/Date(1702968274000)/",80500,100,1079700,87425000000,-1000,false,-1.23
"VCB",134351,"/Date(1702968274000)/",80500,100,1079600,87417000000,-1000,false,-1.23
"VCB",134351,"/Date(1702968274000)/",80500,100,1079500,87409000000,-1000,false,-1.23
"VCB",134345,"/Date(1702968268000)/",80500,1000,1079400,87401000000,-1000,false,-1.23
"VCB",134345,"/Date(1702968267000)/",80400,400,1078400,87321000000,-1100,true,-1.35
"VCB",134329,"/Date(1702968251000)/",80400,200,1078000,87288000000,-1100,true,-1.35
"VCB",134325,"/Date(1702968249000)/",80500,700,1077800,87272000000,-1000,false,-1.23
"VCB",134325,"/Date(1702968248000)/",80500,100,1077100,87216000000,-1000,false,-1.23
"VCB",134300,"/Date(1702968222000)/",80400,300,1077000,87208000000,-1100,true,-1.35
"VCB",134300,"/Date(1702968222000)/",80500,100,1076700,87184000000,-1000,false,-1.23
"VCB",134300,"/Date(1702968222000)/",80500,100,1076600,87176000000,-1000,false,-1.23
"VCB",134257,"/Date(1702968219000)/",80500,100,1076500,87168000000,-1000,false,-1.23
"VCB",134257,"/Date(1702968219000)/",80500,1000,1076400,87160000000,-1000,false,-1.23
"VCB",134257,"/Date(1702968219000)/",80500,700,1075400,87079000000,-1000,false,-1.23
"VCB",134250,"/Date(1702968214000)/",80500,100,1074700,87023000000,-1000,false,-1.23
"VCB",134247,"/Date(1702968210000)/",80400,1300,1074600,87015000000,-1100,true,-1.35
"VCB",134247,"/Date(1702968210000)/",80400,100,1073300,86910000000,-1100,true,-1.35
"VCB",134247,"/Date(1702968210000)/",80400,100,1073200,86902000000,-1100,true,-1.35
"VCB",134247,"/Date(1702968210000)/",80400,200,1073100,86894000000,-1100,true,-1.35
"VCB",134247,"/Date(1702968210000)/",80400,300,1072900,86878000000,-1100,true,-1.35
"VCB",134247,"/Date(1702968210000)/",80400,700,1072600,86854000000,-1100,true,-1.35
"VCB",134247,"/Date(1702968210000)/",80400,300,1071900,86798000000,-1100,true,-1.35
"VCB",134247,"/Date(1702968209000)/",80500,2200,1071600,86774000000,-1000,false,-1.23
"VCB",134247,"/Date(1702968209000)/",80500,7700,1069400,86596000000,-1000,false,-1.23
"VCB",134247,"/Date(1702968209000)/",80500,100,1061700,85977000000,-1000,false,-1.23
"VCB",134244,"/Date(1702968206000)/",80400,100,1061600,85969000000,-1100,true,-1.35
"VCB",134244,"/Date(1702968206000)/",80400,2000,1061500,85960000000,-1100,true,-1.35
"VCB",134241,"/Date(1702968205000)/",80400,1500,1059500,85800000000,-1100,true,-1.35
"VCB",134241,"/Date(1702968205000)/",80500,400,1058000,85679000000,-1000,false,-1.23
"VCB",134241,"/Date(1702968205000)/",80500,100,1057600,85647000000,-1000,false,-1.23
"VCB",134241,"/Date(1702968203000)/",80500,900,1057500,85639000000,-1000,false,-1.23
"VCB",134241,"/Date(1702968203000)/",80500,100,1056600,85566000000,-1000,false,-1.23
"VCB",134235,"/Date(1702968198000)/",80400,2000,1056500,85558000000,-1100,true,-1.35
"VCB",134231,"/Date(1702968194000)/",80400,1000,1054500,85398000000,-1100,true,-1.35
"VCB",134228,"/Date(1702968190000)/",80400,500,1053500,85317000000,-1100,true,-1.35
"VCB",134228,"/Date(1702968189000)/",80500,100,1053000,85277000000,-1000,false,-1.23
"VCB",134225,"/Date(1702968188000)/",80500,400,1052900,85269000000,-1000,false,-1.23
"VCB",134225,"/Date(1702968188000)/",80500,100,1052500,85237000000,-1000,false,-1.23
"VCB",134225,"/Date(1702968188000)/",80500,200,1052400,85229000000,-1000,false,-1.23
