"Stockcode","Package","TradingDate","Price","Vol","TotalVol","TotalVal","Change","IsBuy","PerChange"
"VIX",144418,"/Date(1702971901000)/",16800,1747000,16399400,270933000000,400,false,2.44
"VIX",142908,"/Date(1702970997000)/",16700,5000,14652400,241583000000,300,false,1.83
"VIX",142908,"/Date(1702970996000)/",16700,20000,14647400,241500000000,300,false,1.83
"VIX",142908,"/Date(1702970995000)/",16700,1000,14627400,241166000000,300,false,1.83
"VIX",142908,"/Date(1702970994000)/",16700,3000,14626400,241149000000,300,false,1.83
"VIX",142905,"/Date(1702970993000)/",16700,100,14623400,241099000000,300,false,1.83
"VIX",142905,"/Date(1702970993000)/",16700,3700,14623300,241097000000,300,false,1.83
"VIX",142905,"/Date(1702970993000)/",16700,500,14619600,241036000000,300,false,1.83
"VIX",142905,"/Date(1702970993000)/",16700,800,14619100,241027000000,300,false,1.83
"VIX",142905,"/Date(1702970992000)/",16700,4200,14618300,241014000000,300,false,1.83
"VIX",142905,"/Date(1702970992000)/",16700,800,14614100,240944000000,300,false,1.83
"VIX",142901,"/Date(1702970990000)/",16700,9200,14613300,240930000000,300,false,1.83
"VIX",142901,"/Date(1702970990000)/",16700,500,14604100,240777000000,300,false,1.83
"VIX",142901,"/Date(1702970990000)/",16700,100,14603600,240768000000,300,false,1.83
"VIX",142901,"/Date(1702970990000)/",16700,500,14603500,240767000000,300,false,1.83
"VIX",142901,"/Date(1702970990000)/",16700,1000,14603000,240758000000,300,false,1.83
"VIX",142901,"/Date(1702970990000)/",16700,500,14602000,240742000000,300,false,1.83
"VIX",142901,"/Date(1702970990000)/",16700,1000,14601500,240733000000,300,false,1.83
"VIX",142901,"/Date(1702970990000)/",16700,500,14600500,240717000000,300,false,1.83
"VIX",142901,"/Date(1702970990000)/",16700,700,14600000,240708000000,300,false,1.83
"VIX",142901,"/Date(1702970990000)/",16700,1300,14599300,240697000000,300,false,1.83
"VIX",142901,"/Date(1702970990000)/",16700,500,14598000,240675000000,300,false,1.83
"VIX",142901,"/Date(1702970990000)/",16700,100,14597500,240667000000,300,false,1.83
"VIX",142901,"/Date(1702970990000)/",16700,200,14597400,240665000000,300,false,1.83
"VIX",142901,"/Date(1702970990000)/",16700,2900,14597200,240662000000,300,false,1.83
"VIX",142901,"/Date(1702970988000)/",16700,400,14594300,240613000000,300,false,1.83
"VIX",142901,"/Date(1702970988000)/",16700,7000,14593900,240606000000,300,false,1.83
"VIX",142901,"/Date(1702970988000)/",16700,1000,14586900,240490000000,300,false,1.83
"VIX",142901,"/Date(1702970988000)/",16650,2600,14585900,240473000000,250,true,1.52
"VIX",142901,"/Date(1702970988000)/",16650,400,14583300,240430000000,250,true,1.52
"VIX",142901,"/Date(1702970988000)/",16650,1000,14582900,240423000000,250,true,1.52
"VIX",142858,"/Date(1702970986000)/",16700,3000,14581900,240406000000,300,false,1.83
"VIX",142858,"/Date(1702970985000)/",16700,300,14578900,240356000000,300,false,1.83
"VIX",142858,"/Date(1702970984000)/",16700,5000,14578600,240351000000,300,false,1.83
"VIX",142855,"/Date(1702970984000)/",16700,400,14573600,240268000000,300,false,1.83
"VIX",142855,"/Date(1702970984000)/",16700,200,14573200,240261000000,300,false,1.83
"VIX",142855,"/Date(1702970984000)/",16700,5000,14573000,240258000000,300,false,1.83
"VIX",142855,"/Date(1702970984000)/",16700,400,14568000,240174000000,300,false,1.83
"VIX",142855,"/Date(1702970984000)/",16700,600,14567600,240167000000,300,false,1.83
"VIX",142855,"/Date(1702970984000)/",16700,1400,14567000,240157000000,300,false,1.83
"VIX",142855,"/Date(1702970983000)/",16700,800,14565600,240134000000,300,false,1.83
"VIX",142855,"/Date(1702970983000)/",16700,1000,14564800,240121000000,300,false,1.83
"VIX",142855,"/Date(1702970982000)/",16700,1000,14563800,240104000000,300,false,1.83
"VIX",142852,"/Date(1702970981000)/",16700,800,14562800,240087000000,300,false,1.83
"VIX",142852,"/Date(1702970981000)/",16700,100,14562000,240074000000,300,false,1.83
"VIX",142852,"/Date(1702970981000)/",16700,100,14561900,240072000000,300,false,1.83
"VIX",142852,"/Date(1702970981000)/",16700,900,14561800,240071000000,300,false,1.83
"VIX",142852,"/Date(1702970981000)/",16700,100,14560900,240056000000,300,false,1.83
"VIX",142852,"/Date(1702970978000)/",16700,800,14560800,240054000000,300,false,1.83
"VIX",142849,"/Date(1702970977000)/",16700,100,14560000,240040000000,300,false,1.83
"VIX",142849,"/Date(1702970977000)/",16700,100,14559900,240039000000,300,false,1.83
"VIX",142849,"/Date(1702970977000)/",16700,500,14559800,240037000000,300,false,1.83
"VIX",142849,"/Date(1702970977000)/",16700,1000,14559300,240029000000,300,false,1.83
"VIX",142849,"/Date(1702970977000)/",16700,100,14558300,240012000000,300,false,1.83
"VIX",142849,"/Date(1702970976000)/",16650,8600,14558200,240010000000,250,true,1.52
"VIX",142849,"/Date(1702970976000)/",16650,4000,14549600,239867000000,250,true,1.52
"VIX",142849,"/Date(1702970976000)/",16650,1800,14545600,239801000000,250,true,1.52
"VIX",142849,"/Date(1702970976000)/",16650,100,14543800,239771000000,250,true,1.52
"VIX",142849,"/Date(1702970976000)/",16650,500,14543700,239769000000,250,true,1.52
"VIX",142849,"/Date(1702970976000)/",16650,3000,14543200,239761000000,250,true,1.52
"VIX",142849,"/Date(1702970976000)/",16650,100,14540200,239711000000,250,true,1.52
"VIX",142849,"/Date(1702970976000)/",16650,1000,14540100,239709000000,250,true,1.52
"VIX",142849,"/Date(1702970976000)/",16650,2000,14539100,239692000000,250,true,1.52
"VIX",142849,"/Date(1702970976000)/",16650,500,14537100,239659000000,250,true,1.52
"VIX",142849,"/Date(1702970976000)/",16650,200,14536600,239651000000,250,true,1.52
"VIX",142849,"/Date(1702970976000)/",16650,100,14536400,239647000000,250,true,1.52
"VIX",142849,"/Date(1702970976000)/",16650,8100,14536300,239646000000,250,true,1.52
"VIX",142845,"/Date(1702970973000)/",16700,200,14528200,239511000000,300,false,1.83
"VIX",142845,"/Date(1702970973000)/",16700,100,14528000,239508000000,300,false,1.83
"VIX",142845,"/Date(1702970973000)/",16700,300,14527900,239506000000,300,false,1.83
"VIX",142845,"/Date(1702970973000)/",16700,2000,14527600,239501000000,300,false,1.83
"VIX",142845,"/Date(1702970973000)/",16700,100,14525600,239467000000,300,false,1.83
"VIX",142845,"/Date(1702970973000)/",16700,400,14525500,239466000000,300,false,1.83
"VIX",142845,"/Date(1702970973000)/",16700,2900,14525100,239459000000,300,false,1.83
"VIX",142845,"/Date(1702970972000)/",16650,1000,14522200,239411000000,250,true,1.52
"VIX",142845,"/Date(1702970972000)/",16700,2100,14521200,239394000000,300,false,1.83
"VIX",142845,"/Date(1702970972000)/",16700,2000,14519100,239359000000,300,false,1.83
"VIX",142845,"/Date(1702970972000)/",16700,900,14517100,239326000000,300,false,1.83
"VIX",142845,"/Date(1702970972000)/",16700,100,14516200,239311000000,300,false,1.83
"VIX",142845,"/Date(1702970972000)/",16700,200,14516100,239309000000,300,false,1.83
"VIX",142845,"/Date(1702970972000)/",16700,700,14515900,239306000000,300,false,1.83
"VIX",142845,"/Date(1702970972000)/",16650,200,14515200,239294000000,250,true,1.52
"VIX",142845,"/Date(1702970971000)/",16700,100,14515000,239291000000,300,false,1.83
"VIX",142842,"/Date(1702970971000)/",16650,100,14514900,239289000000,250,true,1.52
"VIX",142842,"/Date(1702970970000)/",16700,200,14514800,239287000000,300,false,1.83
"VIX",142842,"/Date(1702970970000)/",16700,700,14514600,239284000000,300,false,1.83
"VIX",142842,"/Date(1702970969000)/",16700,200,14513900,239272000000,300,false,1.83
"VIX",142842,"/Date(1702970969000)/",16700,300,14513700,239269000000,300,false,1.83
"VIX",142842,"/Date(1702970969000)/",16700,100,14513400,239264000000,300,false,1.83
"VIX",142842,"/Date(1702970969000)/",16700,100,14513300,239262000000,300,false,1.83
"VIX",142842,"/Date(1702970969000)/",16700,100,14513200,239260000000,300,false,1.83
"VIX",142842,"/Date(1702970969000)/",16700,200,14513100,239259000000,300,false,1.83
"VIX",142842,"/Date(1702970969000)/",16700,100,14512900,239255000000,300,false,1.83
"VIX",142842,"/Date(1702970969000)/",16700,1500,14512800,239254000000,300,false,1.83
"VIX",142842,"/Date(1702970969000)/",16700,500,14511300,239229000000,300,false,1.83
"VIX",142842,"/Date(1702970969000)/",16700,1000,14510800,239220000000,300,false,1.83
"VIX",142842,"/Date(1702970969000)/",16700,200,14509800,239204000000,300,false,1.83
"VIX",142842,"/Date(1702970969000)/",16700,100,14509600,239200000000,300,false,1.83
"VIX",142842,"/Date(1702970969000)/",16700,100,14509500,239199000000,300,false,1.83
"VIX",142842,"/Date(1702970969000)/",16700,1500,14509400,239197000000,300,false,1.83
"VIX",142842,"/Date(1702970969000)/",16700,100,14507900,239172000000,300,false,1.83
"VIX",142842,"/Date(1702970969000)/",16650,100,14507800,239170000000,250,true,1.52
"VIX",142839,"/Date(1702970968000)/",16700,1000,14507700,239169000000,300,false,1.83
"VIX",142839,"/Date(1702970966000)/",16650,500,14506700,239152000000,250,true,1.52
"VIX",142839,"/Date(1702970966000)/",16650,500,14506200,239144000000,250,true,1.52
"VIX",142839,"/Date(1702970966000)/",16650,1000,14505700,239135000000,250,true,1.52
"VIX",142839,"/Date(1702970965000)/",16700,600,14504700,239119000000,300,false,1.83
"VIX",142836,"/Date(1702970964000)/",16700,200,14504100,239109000000,300,false,1.83
"VIX",142832,"/Date(1702970960000)/",16650,9000,14503900,239105000000,250,true,1.52
"VIX",142832,"/Date(1702970960000)/",16650,500,14494900,238955000000,250,true,1.52
"VIX",142832,"/Date(1702970960000)/",16650,400,14494400,238947000000,250,true,1.52
"VIX",142832,"/Date(1702970960000)/",16650,2000,14494000,238940000000,250,true,1.52
"VIX",142832,"/Date(1702970960000)/",16650,2000,14492000,238907000000,250,true,1.52
"VIX",142832,"/Date(1702970960000)/",16650,5500,14490000,238874000000,250,true,1.52
"VIX",142832,"/Date(1702970959000)/",16700,3000,14484500,238782000000,300,false,1.83
"VIX",142829,"/Date(1702970958000)/",16700,1000,14481500,238732000000,300,false,1.83
"VIX",142829,"/Date(1702970958000)/",16650,1400,14480500,238715000000,250,true,1.52
"VIX",142829,"/Date(1702970958000)/",16650,1000,14479100,238692000000,250,true,1.52
"VIX",142829,"/Date(1702970958000)/",16650,7600,14478100,238676000000,250,true,1.52
"VIX",142829,"/Date(1702970957000)/",16700,100,14470500,238549000000,300,false,1.83
"VIX",142829,"/Date(1702970957000)/",16700,500,14470400,238547000000,300,false,1.83
"VIX",142826,"/Date(1702970953000)/",16700,3000,14469900,238539000000,300,false,1.83
"VIX",142826,"/Date(1702970952000)/",16650,400,14466900,238489000000,250,false,1.52
"VIX",142823,"/Date(1702970952000)/",16650,100,14466500,238482000000,250,false,1.52
"VIX",142823,"/Date(1702970952000)/",16650,800,14466400,238481000000,250,false,1.52
"VIX",142823,"/Date(1702970951000)/",16650,700,14465600,238467000000,250,false,1.52
"VIX",142823,"/Date(1702970949000)/",16700,300,14464900,238456000000,300,false,1.83
"VIX",142823,"/Date(1702970949000)/",16700,500,14464600,238451000000,300,false,1.83
"VIX",142823,"/Date(1702970949000)/",16650,14500,14464100,238442000000,250,false,1.52
"VIX",142820,"/Date(1702970948000)/",16650,200,14449600,238201000000,250,false,1.52
"VIX",142820,"/Date(1702970947000)/",16650,2000,14449400,238197000000,250,false,1.52
"VIX",142820,"/Date(1702970946000)/",16650,900,14447400,238164000000,250,false,1.52
"VIX",142820,"/Date(1702970946000)/",16650,500,14446500,238149000000,250,false,1.52
"VIX",142820,"/Date(1702970946000)/",16650,1700,14446000,238141000000,250,false,1.52
"VIX",142820,"/Date(1702970946000)/",16650,1000,14444300,238113000000,250,false,1.52
"VIX",142820,"/Date(1702970946000)/",16650,2000,14443300,238096000000,250,false,1.52
"VIX",142820,"/Date(1702970946000)/",16650,2000,14441300,238063000000,250,false,1.52
"VIX",142820,"/Date(1702970946000)/",16650,500,14439300,238029000000,250,false,1.52
"VIX",142820,"/Date(1702970946000)/",16650,2000,14438800,238021000000,250,false,1.52
"VIX",142820,"/Date(1702970946000)/",16650,200,14436800,237988000000,250,false,1.52
"VIX",142820,"/Date(1702970946000)/",16650,10000,14436600,237984000000,250,false,1.52
"VIX",142820,"/Date(1702970946000)/",16650,12500,14426600,237818000000,250,false,1.52
"VIX",142816,"/Date(1702970945000)/",16700,300,14414100,237610000000,300,false,1.83
"VIX",142816,"/Date(1702970944000)/",16700,1000,14413800,237605000000,300,false,1.83
"VIX",142816,"/Date(1702970944000)/",16700,6000,14412800,237588000000,300,false,1.83
"VIX",142816,"/Date(1702970943000)/",16650,20000,14406800,237488000000,250,true,1.52
"VIX",142816,"/Date(1702970943000)/",16700,900,14386800,237155000000,300,false,1.83
"VIX",142816,"/Date(1702970943000)/",16700,100,14385900,237140000000,300,false,1.83
"VIX",142816,"/Date(1702970943000)/",16650,100,14385800,237138000000,250,true,1.52
"VIX",142816,"/Date(1702970942000)/",16700,300,14385700,237136000000,300,false,1.83
"VIX",142813,"/Date(1702970942000)/",16650,5000,14385400,237131000000,250,true,1.52
"VIX",142813,"/Date(1702970940000)/",16700,600,14380400,237048000000,300,false,1.83
"VIX",142813,"/Date(1702970940000)/",16700,100,14379800,237038000000,300,false,1.83
"VIX",142813,"/Date(1702970940000)/",16700,300,14379700,237036000000,300,false,1.83
"VIX",142813,"/Date(1702970940000)/",16700,2000,14379400,237031000000,300,false,1.83
"VIX",142813,"/Date(1702970940000)/",16700,100,14377400,236998000000,300,false,1.83
"VIX",142813,"/Date(1702970940000)/",16700,100,14377300,236996000000,300,false,1.83
"VIX",142813,"/Date(1702970940000)/",16700,300,14377200,236995000000,300,false,1.83
"VIX",142813,"/Date(1702970940000)/",16700,500,14376900,236990000000,300,false,1.83
"VIX",142813,"/Date(1702970940000)/",16700,1500,14376400,236981000000,300,false,1.83
"VIX",142813,"/Date(1702970940000)/",16700,1000,14374900,236956000000,300,false,1.83
"VIX",142813,"/Date(1702970940000)/",16700,3500,14373900,236940000000,300,false,1.83
"VIX",142813,"/Date(1702970940000)/",16650,1000,14370400,236881000000,250,true,1.52
"VIX",142810,"/Date(1702970938000)/",16700,1500,14369400,236864000000,300,false,1.83
"VIX",142810,"/Date(1702970938000)/",16700,200,14367900,236839000000,300,false,1.83
"VIX",142810,"/Date(1702970938000)/",16700,300,14367700,236836000000,300,false,1.83
"VIX",142810,"/Date(1702970937000)/",16700,500,14367400,236831000000,300,false,1.83
"VIX",142810,"/Date(1702970937000)/",16700,1200,14366900,236823000000,300,false,1.83
"VIX",142810,"/Date(1702970937000)/",16700,200,14365700,236803000000,300,false,1.83
"VIX",142810,"/Date(1702970937000)/",16700,100,14365500,236799000000,300,false,1.83
"VIX",142810,"/Date(1702970937000)/",16700,500,14365400,236798000000,300,false,1.83
"VIX",142810,"/Date(1702970937000)/",16700,100,14364900,236789000000,300,false,1.83
"VIX",142810,"/Date(1702970937000)/",16700,300,14364800,236788000000,300,false,1.83
"VIX",142810,"/Date(1702970937000)/",16700,100,14364500,236783000000,300,false,1.83
"VIX",142810,"/Date(1702970937000)/",16700,1000,14364400,236781000000,300,false,1.83
"VIX",142810,"/Date(1702970937000)/",16700,300,14363400,236764000000,300,false,1.83
"VIX",142810,"/Date(1702970937000)/",16700,200,14363100,236759000000,300,false,1.83
"VIX",142810,"/Date(1702970937000)/",16700,300,14362900,236756000000,300,false,1.83
"VIX",142810,"/Date(1702970937000)/",16700,200,14362600,236751000000,300,false,1.83
"VIX",142810,"/Date(1702970937000)/",16700,100,14362400,236748000000,300,false,1.83
"VIX",142810,"/Date(1702970937000)/",16700,4000,14362300,236746000000,300,false,1.83
"VIX",142810,"/Date(1702970937000)/",16700,100,14358300,236679000000,300,false,1.83
"VIX",142810,"/Date(1702970937000)/",16700,800,14358200,236677000000,300,false,1.83
"VIX",142810,"/Date(1702970937000)/",16700,2500,14357400,236664000000,300,false,1.83
"VIX",142807,"/Date(1702970935000)/",16700,200,14354900,236622000000,300,false,1.83
"VIX",142807,"/Date(1702970933000)/",16700,3300,14354700,236619000000,300,false,1.83
"VIX",142807,"/Date(1702970933000)/",16700,2000,14351400,236564000000,300,false,1.83
"VIX",142807,"/Date(1702970933000)/",16700,1600,14349400,236530000000,300,false,1.83
"VIX",142807,"/Date(1702970933000)/",16700,300,14347800,236504000000,300,false,1.83
"VIX",142804,"/Date(1702970932000)/",16650,11400,14347500,236499000000,250,true,1.52
"VIX",142804,"/Date(1702970932000)/",16650,10000,14336100,236309000000,250,true,1.52
"VIX",142804,"/Date(1702970932000)/",16650,300,14326100,236142000000,250,true,1.52
"VIX",142804,"/Date(1702970932000)/",16650,900,14325800,236137000000,250,true,1.52
"VIX",142804,"/Date(1702970932000)/",16650,500,14324900,236122000000,250,true,1.52
"VIX",142804,"/Date(1702970932000)/",16650,500,14324400,236114000000,250,true,1.52
"VIX",142804,"/Date(1702970932000)/",16650,400,14323900,236106000000,250,true,1.52
"VIX",142804,"/Date(1702970932000)/",16650,3600,14323500,236099000000,250,true,1.52
"VIX",142804,"/Date(1702970932000)/",16650,100,14319900,236039000000,250,true,1.52
"VIX",142804,"/Date(1702970932000)/",16650,100,14319800,236038000000,250,true,1.52
"VIX",142804,"/Date(1702970932000)/",16650,5000,14319700,236036000000,250,true,1.52
"VIX",142804,"/Date(1702970932000)/",16650,1000,14314700,235953000000,250,true,1.52
"VIX",142804,"/Date(1702970932000)/",16650,900,14313700,235936000000,250,true,1.52
"VIX",142804,"/Date(1702970932000)/",16650,5000,14312800,235921000000,250,true,1.52
"VIX",142804,"/Date(1702970932000)/",16650,100,14307800,235838000000,250,true,1.52
"VIX",142804,"/Date(1702970932000)/",16650,11200,14307700,235836000000,250,true,1.52
"VIX",142804,"/Date(1702970932000)/",16650,20000,14296500,235650000000,250,true,1.52
"VIX",142804,"/Date(1702970932000)/",16650,1000,14276500,235317000000,250,true,1.52
"VIX",142804,"/Date(1702970932000)/",16650,100,14275500,235300000000,250,true,1.52
"VIX",142804,"/Date(1702970932000)/",16650,1000,14275400,235298000000,250,true,1.52
"VIX",142804,"/Date(1702970932000)/",16650,3300,14274400,235282000000,250,true,1.52
"VIX",142804,"/Date(1702970932000)/",16650,400,14271100,235227000000,250,true,1.52
"VIX",142804,"/Date(1702970932000)/",16650,10000,14270700,235220000000,250,true,1.52
"VIX",142804,"/Date(1702970932000)/",16650,2000,14260700,235054000000,250,true,1.52
"VIX",142804,"/Date(1702970932000)/",16650,500,14258700,235020000000,250,true,1.52
"VIX",142804,"/Date(1702970932000)/",16650,12700,14258200,235012000000,250,true,1.52
"VIX",142804,"/Date(1702970931000)/",16650,1000,14245500,234800000000,250,true,1.52
"VIX",142804,"/Date(1702970930000)/",16700,300,14244500,234784000000,300,false,1.83
"VIX",142804,"/Date(1702970929000)/",16650,5000,14244200,234779000000,250,true,1.52
"VIX",142800,"/Date(1702970928000)/",16700,7800,14239200,234696000000,300,false,1.83
"VIX",142800,"/Date(1702970928000)/",16700,100,14231400,234565000000,300,false,1.83
"VIX",142800,"/Date(1702970928000)/",16700,100,14231300,234564000000,300,false,1.83
"VIX",142800,"/Date(1702970928000)/",16700,1000,14231200,234562000000,300,false,1.83
"VIX",142800,"/Date(1702970928000)/",16700,100,14230200,234545000000,300,false,1.83
"VIX",142800,"/Date(1702970928000)/",16700,5000,14230100,234544000000,300,false,1.83
"VIX",142800,"/Date(1702970928000)/",16700,200,14225100,234460000000,300,false,1.83
"VIX",142800,"/Date(1702970928000)/",16700,200,14224900,234457000000,300,false,1.83
"VIX",142800,"/Date(1702970928000)/",16700,100,14224700,234453000000,300,false,1.83
"VIX",142800,"/Date(1702970928000)/",16700,100,14224600,234452000000,300,false,1.83
"VIX",142800,"/Date(1702970928000)/",16700,500,14224500,234450000000,300,false,1.83
"VIX",142800,"/Date(1702970928000)/",16700,1000,14224000,234442000000,300,false,1.83
"VIX",142800,"/Date(1702970928000)/",16700,3800,14223000,234425000000,300,false,1.83
"VIX",142757,"/Date(1702970926000)/",16700,5000,14219200,234362000000,300,false,1.83
"VIX",142757,"/Date(1702970923000)/",16700,1200,14214200,234278000000,300,false,1.83
"VIX",142757,"/Date(1702970923000)/",16700,100,14213000,234258000000,300,false,1.83
"VIX",142757,"/Date(1702970923000)/",16700,100,14212900,234256000000,300,false,1.83
"VIX",142757,"/Date(1702970923000)/",16700,200,14212800,234255000000,300,false,1.83
"VIX",142757,"/Date(1702970923000)/",16700,100,14212600,234251000000,300,false,1.83
"VIX",142757,"/Date(1702970923000)/",16700,100,14212500,234250000000,300,false,1.83
"VIX",142757,"/Date(1702970923000)/",16700,200,14212400,234248000000,300,false,1.83
"VIX",142754,"/Date(1702970922000)/",16650,2400,14212200,234245000000,250,true,1.52
"VIX",142754,"/Date(1702970922000)/",16650,5600,14209800,234205000000,250,true,1.52
"VIX",142754,"/Date(1702970920000)/",16700,400,14204200,234111000000,300,false,1.83
"VIX",142754,"/Date(1702970920000)/",16700,500,14203800,234105000000,300,false,1.83
"VIX",142754,"/Date(1702970920000)/",16700,100,14203300,234096000000,300,false,1.83
"VIX",142754,"/Date(1702970920000)/",16700,300,14203200,234095000000,300,false,1.83
"VIX",142751,"/Date(1702970919000)/",16700,700,14202900,234090000000,300,false,1.83
"VIX",142751,"/Date(1702970919000)/",16700,100,14202200,234078000000,300,false,1.83
"VIX",142751,"/Date(1702970918000)/",16700,2000,14202100,234076000000,300,false,1.83
"VIX",142751,"/Date(1702970918000)/",16700,200,14200100,234043000000,300,false,1.83
"VIX",142751,"/Date(1702970918000)/",16700,1000,14199900,234040000000,300,false,1.83
"VIX",142751,"/Date(1702970917000)/",16700,500,14198900,234023000000,300,false,1.83
"VIX",142748,"/Date(1702970916000)/",16700,300,14198400,234015000000,300,false,1.83
"VIX",142748,"/Date(1702970915000)/",16700,2000,14198100,234010000000,300,false,1.83
"VIX",142748,"/Date(1702970915000)/",16700,1700,14196100,233976000000,300,false,1.83
"VIX",142748,"/Date(1702970914000)/",16700,500,14194400,233948000000,300,false,1.83
"VIX",142748,"/Date(1702970914000)/",16700,100,14193900,233939000000,300,false,1.83
"VIX",142744,"/Date(1702970912000)/",16700,500,14193800,233938000000,300,false,1.83
"VIX",142741,"/Date(1702970910000)/",16700,900,14193300,233929000000,300,false,1.83
"VIX",142738,"/Date(1702970906000)/",16650,2000,14192400,233914000000,250,false,1.52
"VIX",142738,"/Date(1702970905000)/",16650,200,14190400,233881000000,250,false,1.52
"VIX",142738,"/Date(1702970904000)/",16700,200,14190200,233878000000,300,false,1.83
"VIX",142738,"/Date(1702970904000)/",16700,600,14190000,233874000000,300,false,1.83
"VIX",142738,"/Date(1702970904000)/",16650,200,14189400,233864000000,250,false,1.52
"VIX",142738,"/Date(1702970904000)/",16650,1800,14189200,233861000000,250,false,1.52
"VIX",142738,"/Date(1702970904000)/",16650,1000,14187400,233831000000,250,false,1.52
"VIX",142738,"/Date(1702970904000)/",16650,1000,14186400,233814000000,250,false,1.52
"VIX",142738,"/Date(1702970904000)/",16650,100,14185400,233798000000,250,false,1.52
"VIX",142738,"/Date(1702970904000)/",16650,100,14185300,233796000000,250,false,1.52
"VIX",142735,"/Date(1702970904000)/",16650,1800,14185200,233794000000,250,false,1.52
"VIX",142735,"/Date(1702970904000)/",16650,2000,14183400,233765000000,250,false,1.52
"VIX",142735,"/Date(1702970904000)/",16650,1000,14181400,233731000000,250,false,1.52
"VIX",142735,"/Date(1702970904000)/",16650,200,14180400,233715000000,250,false,1.52
"VIX",142735,"/Date(1702970904000)/",16650,500,14180200,233711000000,250,false,1.52
"VIX",142735,"/Date(1702970904000)/",16650,1000,14179700,233703000000,250,false,1.52
"VIX",142735,"/Date(1702970904000)/",16650,200,14178700,233686000000,250,false,1.52
"VIX",142735,"/Date(1702970904000)/",16650,200,14178500,233683000000,250,false,1.52
"VIX",142735,"/Date(1702970904000)/",16650,500,14178300,233680000000,250,false,1.52
"VIX",142735,"/Date(1702970904000)/",16650,100,14177800,233671000000,250,false,1.52
"VIX",142735,"/Date(1702970903000)/",16650,200,14177700,233670000000,250,false,1.52
"VIX",142735,"/Date(1702970903000)/",16650,1000,14177500,233666000000,250,false,1.52
"VIX",142735,"/Date(1702970903000)/",16650,7000,14176500,233650000000,250,false,1.52
"VIX",142735,"/Date(1702970903000)/",16650,1500,14169500,233533000000,250,false,1.52
"VIX",142735,"/Date(1702970903000)/",16650,1000,14168000,233508000000,250,false,1.52
"VIX",142735,"/Date(1702970903000)/",16650,500,14167000,233491000000,250,false,1.52
"VIX",142735,"/Date(1702970903000)/",16650,25000,14166500,233483000000,250,false,1.52
"VIX",142735,"/Date(1702970903000)/",16650,100,14141500,233067000000,250,false,1.52
"VIX",142735,"/Date(1702970903000)/",16650,1000,14141400,233065000000,250,false,1.52
"VIX",142735,"/Date(1702970903000)/",16650,500,14140400,233049000000,250,false,1.52
"VIX",142735,"/Date(1702970903000)/",16650,2000,14139900,233040000000,250,false,1.52
"VIX",142735,"/Date(1702970903000)/",16650,1000,14137900,233007000000,250,false,1.52
"VIX",142735,"/Date(1702970903000)/",16650,3000,14136900,232990000000,250,false,1.52
"VIX",142735,"/Date(1702970903000)/",16650,100,14133900,232940000000,250,false,1.52
"VIX",142735,"/Date(1702970903000)/",16650,100,14133800,232939000000,250,false,1.52
"VIX",142735,"/Date(1702970903000)/",16650,100,14133700,232937000000,250,false,1.52
"VIX",142735,"/Date(1702970903000)/",16650,1300,14133600,232935000000,250,false,1.52
"VIX",142735,"/Date(1702970903000)/",16650,500,14132300,232914000000,250,false,1.52
"VIX",142735,"/Date(1702970903000)/",16650,700,14131800,232905000000,250,false,1.52
"VIX",142735,"/Date(1702970903000)/",16650,500,14131100,232894000000,250,false,1.52
"VIX",142735,"/Date(1702970903000)/",16650,3700,14130600,232885000000,250,false,1.52
"VIX",142735,"/Date(1702970903000)/",16650,500,14126900,232824000000,250,false,1.52
"VIX",142735,"/Date(1702970902000)/",16650,2000,14126400,232815000000,250,false,1.52
"VIX",142735,"/Date(1702970902000)/",16650,100,14124400,232782000000,250,false,1.52
"VIX",142735,"/Date(1702970902000)/",16650,10000,14124300,232780000000,250,false,1.52
"VIX",142735,"/Date(1702970902000)/",16650,200,14114300,232614000000,250,false,1.52
"VIX",142735,"/Date(1702970902000)/",16650,3500,14114100,232611000000,250,false,1.52
"VIX",142735,"/Date(1702970902000)/",16650,4500,14110600,232552000000,250,false,1.52
"VIX",142732,"/Date(1702970900000)/",16650,1000,14106100,232477000000,250,false,1.52
"VIX",142732,"/Date(1702970900000)/",16600,3000,14105100,232461000000,200,true,1.22
"VIX",142732,"/Date(1702970899000)/",16650,1800,14102100,232411000000,250,false,1.52
"VIX",142732,"/Date(1702970899000)/",16650,5000,14100300,232381000000,250,false,1.52
"VIX",142732,"/Date(1702970898000)/",16650,100,14095300,232298000000,250,false,1.52
"VIX",142732,"/Date(1702970898000)/",16600,1500,14095200,232296000000,200,true,1.22
"VIX",142732,"/Date(1702970898000)/",16650,3700,14093700,232271000000,250,false,1.52
"VIX",142728,"/Date(1702970897000)/",16600,900,14090000,232210000000,200,true,1.22
"VIX",142728,"/Date(1702970896000)/",16650,1000,14089100,232195000000,250,false,1.52
"VIX",142728,"/Date(1702970896000)/",16650,1000,14088100,232178000000,250,false,1.52
"VIX",142728,"/Date(1702970896000)/",16650,100,14087100,232161000000,250,false,1.52
"VIX",142728,"/Date(1702970896000)/",16650,1000,14087000,232160000000,250,false,1.52
"VIX",142728,"/Date(1702970895000)/",16650,800,14086000,232143000000,250,false,1.52
"VIX",142728,"/Date(1702970895000)/",16650,500,14085200,232130000000,250,false,1.52
"VIX",142728,"/Date(1702970895000)/",16650,100,14084700,232121000000,250,false,1.52
"VIX",142728,"/Date(1702970895000)/",16650,2200,14084600,232120000000,250,false,1.52
"VIX",142728,"/Date(1702970895000)/",16650,6400,14082400,232083000000,250,false,1.52
"VIX",142725,"/Date(1702970894000)/",16650,2100,14076000,231977000000,250,false,1.52
"VIX",142725,"/Date(1702970894000)/",16650,7900,14073900,231942000000,250,false,1.52
"VIX",142725,"/Date(1702970892000)/",16650,2000,14066000,231810000000,250,false,1.52
"VIX",142725,"/Date(1702970892000)/",16650,1500,14064000,231777000000,250,false,1.52
"VIX",142725,"/Date(1702970892000)/",16650,100,14062500,231752000000,250,false,1.52
"VIX",142725,"/Date(1702970891000)/",16650,200,14062400,231750000000,250,false,1.52
"VIX",142722,"/Date(1702970891000)/",16650,5000,14062200,231747000000,250,false,1.52
"VIX",142722,"/Date(1702970890000)/",16650,1000,14057200,231664000000,250,false,1.52
"VIX",142722,"/Date(1702970890000)/",16650,1000,14056200,231647000000,250,false,1.52
"VIX",142722,"/Date(1702970889000)/",16650,1000,14055200,231630000000,250,false,1.52
"VIX",142722,"/Date(1702970888000)/",16650,100,14054200,231614000000,250,false,1.52
"VIX",142722,"/Date(1702970888000)/",16650,200,14054100,231612000000,250,false,1.52
"VIX",142722,"/Date(1702970888000)/",16650,1000,14053900,231609000000,250,false,1.52
"VIX",142722,"/Date(1702970888000)/",16650,500,14052900,231592000000,250,false,1.52
"VIX",142722,"/Date(1702970888000)/",16650,100,14052400,231584000000,250,false,1.52
"VIX",142722,"/Date(1702970888000)/",16650,200,14052300,231582000000,250,false,1.52
"VIX",142722,"/Date(1702970888000)/",16650,800,14052100,231579000000,250,false,1.52
"VIX",142722,"/Date(1702970888000)/",16650,100,14051300,231565000000,250,false,1.52
"VIX",142722,"/Date(1702970888000)/",16650,1000,14051200,231564000000,250,false,1.52
"VIX",142722,"/Date(1702970888000)/",16650,200,14050200,231547000000,250,false,1.52
"VIX",142722,"/Date(1702970888000)/",16650,100,14050000,231544000000,250,false,1.52
"VIX",142722,"/Date(1702970888000)/",16650,200,14049900,231542000000,250,false,1.52
"VIX",142722,"/Date(1702970888000)/",16650,400,14049700,231539000000,250,false,1.52
"VIX",142719,"/Date(1702970887000)/",16650,200,14049300,231532000000,250,false,1.52
"VIX",142719,"/Date(1702970886000)/",16650,4400,14049100,231529000000,250,false,1.52
"VIX",142719,"/Date(1702970886000)/",16650,500,14044700,231455000000,250,false,1.52
"VIX",142719,"/Date(1702970886000)/",16650,100,14044200,231447000000,250,false,1.52
"VIX",142719,"/Date(1702970886000)/",16650,300,14044100,231445000000,250,false,1.52
"VIX",142719,"/Date(1702970886000)/",16650,2000,14043800,231440000000,250,false,1.52
"VIX",142719,"/Date(1702970886000)/",16650,100,14041800,231407000000,250,false,1.52
"VIX",142719,"/Date(1702970886000)/",16650,2000,14041700,231405000000,250,false,1.52
"VIX",142719,"/Date(1702970886000)/",16650,600,14039700,231372000000,250,false,1.52
"VIX",142719,"/Date(1702970886000)/",16600,500,14039100,231362000000,200,true,1.22
"VIX",142719,"/Date(1702970885000)/",16650,400,14038600,231354000000,250,false,1.52
"VIX",142719,"/Date(1702970885000)/",16650,100,14038200,231347000000,250,false,1.52
"VIX",142719,"/Date(1702970885000)/",16650,200,14038100,231346000000,250,false,1.52
"VIX",142719,"/Date(1702970885000)/",16650,300,14037900,231342000000,250,false,1.52
"VIX",142719,"/Date(1702970885000)/",16650,5000,14037600,231337000000,250,false,1.52
"VIX",142719,"/Date(1702970885000)/",16650,500,14032600,231254000000,250,false,1.52
"VIX",142719,"/Date(1702970885000)/",16650,200,14032100,231246000000,250,false,1.52
"VIX",142719,"/Date(1702970885000)/",16650,100,14031900,231242000000,250,false,1.52
"VIX",142719,"/Date(1702970885000)/",16650,3000,14031800,231241000000,250,false,1.52
"VIX",142719,"/Date(1702970885000)/",16650,300,14028800,231191000000,250,false,1.52
"VIX",142719,"/Date(1702970885000)/",16650,100,14028500,231186000000,250,false,1.52
"VIX",142719,"/Date(1702970885000)/",16650,500,14028400,231184000000,250,false,1.52
"VIX",142719,"/Date(1702970885000)/",16650,200,14027900,231176000000,250,false,1.52
"VIX",142719,"/Date(1702970885000)/",16650,1000,14027700,231172000000,250,false,1.52
"VIX",142719,"/Date(1702970885000)/",16650,1500,14026700,231156000000,250,false,1.52
"VIX",142719,"/Date(1702970885000)/",16650,2000,14025200,231131000000,250,false,1.52
"VIX",142719,"/Date(1702970885000)/",16650,100,14023200,231097000000,250,false,1.52
"VIX",142719,"/Date(1702970885000)/",16650,10000,14023100,231096000000,250,false,1.52
"VIX",142719,"/Date(1702970885000)/",16650,1000,14013100,230929000000,250,false,1.52
"VIX",142719,"/Date(1702970885000)/",16650,3000,14012100,230913000000,250,false,1.52
"VIX",142719,"/Date(1702970885000)/",16650,100,14009100,230863000000,250,false,1.52
"VIX",142719,"/Date(1702970885000)/",16650,400,14009000,230861000000,250,false,1.52
"VIX",142719,"/Date(1702970885000)/",16600,200,14008600,230854000000,200,true,1.22
"VIX",142719,"/Date(1702970884000)/",16650,600,14008400,230851000000,250,false,1.52
"VIX",142716,"/Date(1702970884000)/",16650,600,14007800,230841000000,250,false,1.52
"VIX",142716,"/Date(1702970884000)/",16650,20000,14007200,230831000000,250,false,1.52
"VIX",142716,"/Date(1702970884000)/",16650,100,13987200,230498000000,250,false,1.52
"VIX",142716,"/Date(1702970884000)/",16650,1200,13987100,230496000000,250,false,1.52
"VIX",142716,"/Date(1702970884000)/",16650,1000,13985900,230476000000,250,false,1.52
"VIX",142716,"/Date(1702970884000)/",16650,100,13984900,230460000000,250,false,1.52
"VIX",142716,"/Date(1702970884000)/",16650,1000,13984800,230458000000,250,false,1.52
"VIX",142716,"/Date(1702970884000)/",16650,3000,13983800,230441000000,250,false,1.52
"VIX",142716,"/Date(1702970884000)/",16650,100,13980800,230392000000,250,false,1.52
"VIX",142716,"/Date(1702970884000)/",16650,100,13980700,230390000000,250,false,1.52
"VIX",142716,"/Date(1702970884000)/",16650,100,13980600,230388000000,250,false,1.52
"VIX",142716,"/Date(1702970884000)/",16650,200,13980500,230387000000,250,false,1.52
"VIX",142716,"/Date(1702970884000)/",16650,2000,13980300,230383000000,250,false,1.52
"VIX",142716,"/Date(1702970884000)/",16650,1000,13978300,230350000000,250,false,1.52
"VIX",142716,"/Date(1702970884000)/",16650,100,13977300,230333000000,250,false,1.52
"VIX",142716,"/Date(1702970884000)/",16650,200,13977200,230332000000,250,false,1.52
"VIX",142716,"/Date(1702970884000)/",16650,500,13977000,230328000000,250,false,1.52
"VIX",142716,"/Date(1702970884000)/",16650,18100,13976500,230320000000,250,false,1.52
"VIX",142716,"/Date(1702970883000)/",16650,500,13958400,230019000000,250,false,1.52
"VIX",142716,"/Date(1702970883000)/",16650,1400,13957900,230010000000,250,false,1.52
"VIX",142716,"/Date(1702970883000)/",16650,100,13956500,229987000000,250,false,1.52
"VIX",142716,"/Date(1702970883000)/",16650,100,13956400,229985000000,250,false,1.52
"VIX",142716,"/Date(1702970883000)/",16650,100,13956300,229984000000,250,false,1.52
"VIX",142716,"/Date(1702970883000)/",16650,600,13956200,229982000000,250,false,1.52
"VIX",142716,"/Date(1702970883000)/",16650,1000,13955600,229972000000,250,false,1.52
"VIX",142712,"/Date(1702970881000)/",16600,100,13954600,229955000000,200,false,1.22
"VIX",142712,"/Date(1702970881000)/",16650,500,13954500,229954000000,250,false,1.52
"VIX",142712,"/Date(1702970881000)/",16650,100,13954000,229945000000,250,false,1.52
"VIX",142712,"/Date(1702970881000)/",16650,200,13953900,229944000000,250,false,1.52
"VIX",142712,"/Date(1702970881000)/",16650,1000,13953700,229940000000,250,false,1.52
"VIX",142712,"/Date(1702970879000)/",16600,2000,13952700,229924000000,200,false,1.22
"VIX",142712,"/Date(1702970879000)/",16600,100,13950700,229890000000,200,false,1.22
"VIX",142712,"/Date(1702970879000)/",16600,400,13950600,229889000000,200,false,1.22
"VIX",142712,"/Date(1702970879000)/",16600,500,13950200,229882000000,200,false,1.22
"VIX",142712,"/Date(1702970879000)/",16600,5000,13949700,229874000000,200,false,1.22
"VIX",142712,"/Date(1702970879000)/",16600,300,13944700,229791000000,200,false,1.22
"VIX",142712,"/Date(1702970879000)/",16600,2000,13944400,229786000000,200,false,1.22
"VIX",142712,"/Date(1702970879000)/",16600,100,13942400,229753000000,200,false,1.22
"VIX",142712,"/Date(1702970879000)/",16600,300,13942300,229751000000,200,false,1.22
"VIX",142712,"/Date(1702970879000)/",16600,1000,13942000,229746000000,200,false,1.22
"VIX",142712,"/Date(1702970879000)/",16600,1000,13941000,229729000000,200,false,1.22
"VIX",142712,"/Date(1702970879000)/",16600,800,13940000,229713000000,200,false,1.22
"VIX",142712,"/Date(1702970879000)/",16600,500,13939200,229700000000,200,false,1.22
"VIX",142712,"/Date(1702970879000)/",16600,1000,13938700,229691000000,200,false,1.22
"VIX",142712,"/Date(1702970879000)/",16600,1000,13937700,229675000000,200,false,1.22
"VIX",142712,"/Date(1702970879000)/",16600,100,13936700,229658000000,200,false,1.22
"VIX",142712,"/Date(1702970879000)/",16600,500,13936600,229656000000,200,false,1.22
"VIX",142712,"/Date(1702970879000)/",16600,500,13936100,229648000000,200,false,1.22
"VIX",142712,"/Date(1702970879000)/",16600,1000,13935600,229640000000,200,false,1.22
"VIX",142712,"/Date(1702970879000)/",16600,500,13934600,229623000000,200,false,1.22
"VIX",142712,"/Date(1702970879000)/",16600,4000,13934100,229615000000,200,false,1.22
"VIX",142712,"/Date(1702970879000)/",16600,1000,13930100,229549000000,200,false,1.22
"VIX",142712,"/Date(1702970879000)/",16600,9400,13929100,229532000000,200,false,1.22
"VIX",142712,"/Date(1702970879000)/",16600,500,13919700,229376000000,200,false,1.22
"VIX",142712,"/Date(1702970879000)/",16600,5100,13919200,229368000000,200,false,1.22
"VIX",142712,"/Date(1702970879000)/",16600,5000,13914100,229283000000,200,false,1.22
"VIX",142712,"/Date(1702970879000)/",16600,200,13909100,229200000000,200,false,1.22
"VIX",142712,"/Date(1702970879000)/",16600,1000,13908900,229197000000,200,false,1.22
"VIX",142712,"/Date(1702970878000)/",16600,1000,13907900,229180000000,200,false,1.22
"VIX",142712,"/Date(1702970878000)/",16600,1000,13906900,229163000000,200,false,1.22
"VIX",142712,"/Date(1702970878000)/",16600,2000,13905900,229147000000,200,false,1.22
"VIX",142712,"/Date(1702970878000)/",16600,500,13903900,229114000000,200,false,1.22
"VIX",142712,"/Date(1702970878000)/",16600,3000,13903400,229105000000,200,false,1.22
"VIX",142709,"/Date(1702970878000)/",16600,500,13900400,229055000000,200,false,1.22
"VIX",142709,"/Date(1702970878000)/",16600,1500,13899900,229047000000,200,false,1.22
"VIX",142709,"/Date(1702970877000)/",16600,19300,13898400,229022000000,200,false,1.22
"VIX",142709,"/Date(1702970877000)/",16600,400,13879100,228702000000,200,false,1.22
"VIX",142709,"/Date(1702970877000)/",16600,300,13878700,228695000000,200,false,1.22
"VIX",142709,"/Date(1702970877000)/",16600,300,13878400,228690000000,200,false,1.22
"VIX",142709,"/Date(1702970877000)/",16600,600,13878100,228685000000,200,false,1.22
"VIX",142709,"/Date(1702970877000)/",16600,100,13877500,228675000000,200,false,1.22
"VIX",142709,"/Date(1702970877000)/",16600,1700,13877400,228674000000,200,false,1.22
"VIX",142709,"/Date(1702970877000)/",16600,300,13875700,228645000000,200,false,1.22
"VIX",142709,"/Date(1702970877000)/",16600,500,13875400,228640000000,200,false,1.22
"VIX",142709,"/Date(1702970877000)/",16600,5000,13874900,228632000000,200,false,1.22
"VIX",142709,"/Date(1702970877000)/",16600,300,13869900,228549000000,200,false,1.22
"VIX",142709,"/Date(1702970877000)/",16600,500,13869600,228544000000,200,false,1.22
"VIX",142709,"/Date(1702970877000)/",16600,1000,13869100,228536000000,200,false,1.22
"VIX",142709,"/Date(1702970877000)/",16600,5000,13868100,228519000000,200,false,1.22
"VIX",142709,"/Date(1702970877000)/",16600,1000,13863100,228436000000,200,false,1.22
"VIX",142709,"/Date(1702970877000)/",16600,200,13862100,228420000000,200,false,1.22
"VIX",142709,"/Date(1702970877000)/",16600,300,13861900,228416000000,200,false,1.22
"VIX",142709,"/Date(1702970877000)/",16600,1000,13861600,228411000000,200,false,1.22
"VIX",142709,"/Date(1702970877000)/",16600,1000,13860600,228395000000,200,false,1.22
"VIX",142709,"/Date(1702970877000)/",16600,500,13859600,228378000000,200,false,1.22
"VIX",142709,"/Date(1702970877000)/",16600,1000,13859100,228370000000,200,false,1.22
"VIX",142709,"/Date(1702970877000)/",16600,300,13858100,228353000000,200,false,1.22
"VIX",142709,"/Date(1702970877000)/",16600,400,13857800,228348000000,200,false,1.22
"VIX",142709,"/Date(1702970876000)/",16600,1600,13857400,228342000000,200,false,1.22
"VIX",142709,"/Date(1702970876000)/",16600,500,13855800,228315000000,200,false,1.22
"VIX",142709,"/Date(1702970876000)/",16600,100,13855300,228307000000,200,false,1.22
"VIX",142709,"/Date(1702970876000)/",16600,2000,13855200,228305000000,200,false,1.22
"VIX",142709,"/Date(1702970876000)/",16600,800,13853200,228272000000,200,false,1.22
"VIX",142709,"/Date(1702970876000)/",16600,500,13852400,228259000000,200,false,1.22
"VIX",142709,"/Date(1702970876000)/",16600,500,13851900,228250000000,200,false,1.22
"VIX",142709,"/Date(1702970876000)/",16600,1000,13851400,228242000000,200,false,1.22
"VIX",142709,"/Date(1702970876000)/",16600,100,13850400,228225000000,200,false,1.22
"VIX",142709,"/Date(1702970876000)/",16600,1400,13850300,228224000000,200,false,1.22
"VIX",142709,"/Date(1702970876000)/",16600,1000,13848900,228201000000,200,false,1.22
"VIX",142709,"/Date(1702970876000)/",16600,500,13847900,228184000000,200,false,1.22
"VIX",142709,"/Date(1702970876000)/",16600,5000,13847400,228176000000,200,false,1.22
"VIX",142709,"/Date(1702970875000)/",16600,6500,13842400,228093000000,200,false,1.22
"VIX",142709,"/Date(1702970875000)/",16600,1000,13835900,227985000000,200,false,1.22
"VIX",142709,"/Date(1702970875000)/",16600,500,13834900,227968000000,200,false,1.22
"VIX",142709,"/Date(1702970875000)/",16600,500,13834400,227960000000,200,false,1.22
"VIX",142709,"/Date(1702970875000)/",16600,1000,13833900,227952000000,200,false,1.22
"VIX",142709,"/Date(1702970875000)/",16600,200,13832900,227935000000,200,false,1.22
"VIX",142709,"/Date(1702970875000)/",16600,700,13832700,227932000000,200,false,1.22
"VIX",142709,"/Date(1702970875000)/",16600,100,13832000,227920000000,200,false,1.22
"VIX",142709,"/Date(1702970875000)/",16600,26500,13831900,227918000000,200,false,1.22
"VIX",142709,"/Date(1702970875000)/",16600,3500,13805400,227478000000,200,false,1.22
"VIX",142709,"/Date(1702970875000)/",16600,1000,13801900,227420000000,200,false,1.22
"VIX",142709,"/Date(1702970875000)/",16600,1000,13800900,227404000000,200,false,1.22
"VIX",142709,"/Date(1702970875000)/",16600,500,13799900,227387000000,200,false,1.22
"VIX",142706,"/Date(1702970875000)/",16600,700,13799400,227379000000,200,false,1.22
"VIX",142706,"/Date(1702970874000)/",16600,1000,13798700,227367000000,200,false,1.22
"VIX",142706,"/Date(1702970874000)/",16600,400,13797700,227351000000,200,false,1.22
"VIX",142706,"/Date(1702970874000)/",16600,2400,13797300,227344000000,200,false,1.22
"VIX",142706,"/Date(1702970874000)/",16600,600,13794900,227304000000,200,false,1.22
"VIX",142706,"/Date(1702970874000)/",16600,400,13794300,227294000000,200,false,1.22
"VIX",142706,"/Date(1702970874000)/",16600,100,13793900,227288000000,200,false,1.22
"VIX",142706,"/Date(1702970872000)/",16600,4900,13793800,227286000000,200,false,1.22
"VIX",142706,"/Date(1702970872000)/",16600,300,13788900,227205000000,200,false,1.22
"VIX",142706,"/Date(1702970872000)/",16600,1000,13788600,227200000000,200,false,1.22
"VIX",142706,"/Date(1702970872000)/",16600,400,13787600,227183000000,200,false,1.22
"VIX",142706,"/Date(1702970872000)/",16600,2000,13787200,227176000000,200,false,1.22
"VIX",142706,"/Date(1702970872000)/",16600,4000,13785200,227143000000,200,false,1.22
"VIX",142706,"/Date(1702970872000)/",16600,200,13781200,227077000000,200,false,1.22
"VIX",142706,"/Date(1702970872000)/",16600,200,13781000,227073000000,200,false,1.22
"VIX",142706,"/Date(1702970872000)/",16600,3000,13780800,227070000000,200,false,1.22
"VIX",142706,"/Date(1702970872000)/",16600,300,13777800,227020000000,200,false,1.22
"VIX",142706,"/Date(1702970872000)/",16600,600,13777500,227015000000,200,false,1.22
"VIX",142706,"/Date(1702970872000)/",16600,300,13776900,227005000000,200,false,1.22
"VIX",142706,"/Date(1702970872000)/",16600,10000,13776600,227000000000,200,false,1.22
"VIX",142706,"/Date(1702970872000)/",16600,100,13766600,226834000000,200,false,1.22
"VIX",142706,"/Date(1702970872000)/",16600,200,13766500,226833000000,200,false,1.22
"VIX",142706,"/Date(1702970872000)/",16600,500,13766300,226829000000,200,false,1.22
"VIX",142706,"/Date(1702970872000)/",16600,500,13765800,226821000000,200,false,1.22
"VIX",142706,"/Date(1702970872000)/",16600,1800,13765300,226813000000,200,false,1.22
"VIX",142706,"/Date(1702970872000)/",16600,500,13763500,226783000000,200,false,1.22
"VIX",142706,"/Date(1702970872000)/",16600,300,13763000,226775000000,200,false,1.22
"VIX",142706,"/Date(1702970872000)/",16600,2000,13762700,226770000000,200,false,1.22
"VIX",142706,"/Date(1702970872000)/",16600,5000,13760700,226736000000,200,false,1.22
"VIX",142706,"/Date(1702970872000)/",16600,1000,13755700,226653000000,200,false,1.22
"VIX",142706,"/Date(1702970872000)/",16600,500,13754700,226637000000,200,false,1.22
"VIX",142706,"/Date(1702970872000)/",16600,3000,13754200,226629000000,200,false,1.22
"VIX",142706,"/Date(1702970872000)/",16600,1000,13751200,226579000000,200,false,1.22
"VIX",142706,"/Date(1702970872000)/",16600,1000,13750200,226562000000,200,false,1.22
"VIX",142706,"/Date(1702970872000)/",16600,3000,13749200,226546000000,200,false,1.22
"VIX",142706,"/Date(1702970872000)/",16600,2000,13746200,226496000000,200,false,1.22
"VIX",142706,"/Date(1702970872000)/",16600,500,13744200,226463000000,200,false,1.22
"VIX",142706,"/Date(1702970872000)/",16600,2000,13743700,226454000000,200,false,1.22
"VIX",142706,"/Date(1702970872000)/",16600,2000,13741700,226421000000,200,false,1.22
"VIX",142706,"/Date(1702970872000)/",16600,1000,13739700,226388000000,200,false,1.22
"VIX",142706,"/Date(1702970872000)/",16600,4200,13738700,226371000000,200,false,1.22
"VIX",142706,"/Date(1702970872000)/",16600,700,13734500,226302000000,200,false,1.22
"VIX",142706,"/Date(1702970872000)/",16600,300,13733800,226290000000,200,false,1.22
"VIX",142706,"/Date(1702970872000)/",16600,2000,13733500,226285000000,200,false,1.22
"VIX",142706,"/Date(1702970872000)/",16600,700,13731500,226252000000,200,false,1.22
"VIX",142706,"/Date(1702970872000)/",16600,3000,13730800,226240000000,200,false,1.22
"VIX",142706,"/Date(1702970872000)/",16600,2000,13727800,226190000000,200,false,1.22
"VIX",142703,"/Date(1702970872000)/",16600,4000,13725800,226157000000,200,false,1.22
"VIX",142703,"/Date(1702970871000)/",16600,700,13721800,226091000000,200,false,1.22
"VIX",142703,"/Date(1702970871000)/",16600,19600,13721100,226079000000,200,false,1.22
"VIX",142703,"/Date(1702970871000)/",16600,10400,13701500,225754000000,200,false,1.22
"VIX",142703,"/Date(1702970870000)/",16550,100,13691100,225581000000,150,true,0.91
"VIX",142703,"/Date(1702970870000)/",16600,300,13691000,225579000000,200,false,1.22
"VIX",142703,"/Date(1702970870000)/",16550,100,13690700,225574000000,150,true,0.91
"VIX",142703,"/Date(1702970870000)/",16600,1000,13690600,225573000000,200,false,1.22
"VIX",142703,"/Date(1702970869000)/",16600,8300,13689600,225556000000,200,false,1.22
"VIX",142703,"/Date(1702970869000)/",16600,200,13681300,225418000000,200,false,1.22
"VIX",142703,"/Date(1702970869000)/",16600,500,13681100,225415000000,200,false,1.22
"VIX",142703,"/Date(1702970869000)/",16600,1000,13680600,225407000000,200,false,1.22
"VIX",142703,"/Date(1702970869000)/",16600,3000,13679600,225390000000,200,false,1.22
"VIX",142703,"/Date(1702970869000)/",16600,1000,13676600,225340000000,200,false,1.22
"VIX",142703,"/Date(1702970869000)/",16600,2000,13675600,225324000000,200,false,1.22
"VIX",142703,"/Date(1702970869000)/",16600,200,13673600,225291000000,200,false,1.22
"VIX",142703,"/Date(1702970869000)/",16600,500,13673400,225287000000,200,false,1.22
"VIX",142703,"/Date(1702970869000)/",16600,200,13672900,225279000000,200,false,1.22
"VIX",142703,"/Date(1702970869000)/",16600,200,13672700,225276000000,200,false,1.22
"VIX",142703,"/Date(1702970869000)/",16600,10000,13672500,225272000000,200,false,1.22
"VIX",142703,"/Date(1702970869000)/",16600,600,13662500,225106000000,200,false,1.22
"VIX",142703,"/Date(1702970869000)/",16600,100,13661900,225096000000,200,false,1.22
"VIX",142703,"/Date(1702970869000)/",16600,100,13661800,225095000000,200,false,1.22
"VIX",142703,"/Date(1702970869000)/",16600,1900,13661700,225093000000,200,false,1.22
"VIX",142703,"/Date(1702970869000)/",16600,1000,13659800,225062000000,200,false,1.22
"VIX",142703,"/Date(1702970869000)/",16600,500,13658800,225045000000,200,false,1.22
"VIX",142703,"/Date(1702970869000)/",16600,500,13658300,225037000000,200,false,1.22
"VIX",142703,"/Date(1702970869000)/",16600,300,13657800,225028000000,200,false,1.22
"VIX",142703,"/Date(1702970869000)/",16600,1000,13657500,225023000000,200,false,1.22
"VIX",142703,"/Date(1702970869000)/",16600,100,13656500,225007000000,200,false,1.22
"VIX",142703,"/Date(1702970869000)/",16600,2000,13656400,225005000000,200,false,1.22
"VIX",142703,"/Date(1702970869000)/",16600,500,13654400,224972000000,200,false,1.22
"VIX",142703,"/Date(1702970869000)/",16600,1000,13653900,224964000000,200,false,1.22
"VIX",142703,"/Date(1702970869000)/",16600,300,13652900,224947000000,200,false,1.22
"VIX",142703,"/Date(1702970869000)/",16600,300,13652600,224942000000,200,false,1.22
"VIX",142703,"/Date(1702970869000)/",16600,1000,13652300,224937000000,200,false,1.22
"VIX",142703,"/Date(1702970869000)/",16600,200,13651300,224920000000,200,false,1.22
"VIX",142703,"/Date(1702970869000)/",16600,5000,13651100,224917000000,200,false,1.22
"VIX",142703,"/Date(1702970869000)/",16600,1300,13646100,224834000000,200,false,1.22
"VIX",142703,"/Date(1702970869000)/",16600,100,13644800,224813000000,200,false,1.22
"VIX",142703,"/Date(1702970869000)/",16600,500,13644700,224811000000,200,false,1.22
"VIX",142703,"/Date(1702970869000)/",16600,2000,13644200,224803000000,200,false,1.22
"VIX",142703,"/Date(1702970869000)/",16600,300,13642200,224769000000,200,false,1.22
"VIX",142703,"/Date(1702970869000)/",16600,4000,13641900,224764000000,200,false,1.22
"VIX",142703,"/Date(1702970869000)/",16600,6400,13637900,224698000000,200,false,1.22
"VIX",142703,"/Date(1702970869000)/",16600,200,13631500,224592000000,200,false,1.22
"VIX",142703,"/Date(1702970869000)/",16600,3000,13631300,224588000000,200,false,1.22
"VIX",142703,"/Date(1702970869000)/",16600,2000,13628300,224539000000,200,false,1.22
"VIX",142703,"/Date(1702970869000)/",16600,500,13626300,224505000000,200,false,1.22
"VIX",142703,"/Date(1702970869000)/",16600,1000,13625800,224497000000,200,false,1.22
"VIX",142703,"/Date(1702970869000)/",16600,1000,13624800,224481000000,200,false,1.22
"VIX",142703,"/Date(1702970869000)/",16600,200,13623800,224464000000,200,false,1.22
"VIX",142703,"/Date(1702970869000)/",16600,900,13623600,224461000000,200,false,1.22
"VIX",142703,"/Date(1702970869000)/",16600,500,13622700,224446000000,200,false,1.22
"VIX",142703,"/Date(1702970869000)/",16600,5000,13622200,224437000000,200,false,1.22
"VIX",142703,"/Date(1702970869000)/",16600,100,13617200,224354000000,200,false,1.22
"VIX",142703,"/Date(1702970869000)/",16600,5000,13617100,224353000000,200,false,1.22
"VIX",142703,"/Date(1702970869000)/",16600,20000,13612100,224270000000,200,false,1.22
"VIX",142703,"/Date(1702970869000)/",16600,1000,13592100,223938000000,200,false,1.22
"VIX",142703,"/Date(1702970869000)/",16600,1500,13591100,223921000000,200,false,1.22
"VIX",142703,"/Date(1702970869000)/",16550,100,13589600,223896000000,150,true,0.91
"VIX",142700,"/Date(1702970868000)/",16550,3000,13589500,223895000000,150,true,0.91
"VIX",142700,"/Date(1702970868000)/",16600,1000,13586500,223845000000,200,false,1.22
"VIX",142700,"/Date(1702970868000)/",16600,12200,13585500,223828000000,200,false,1.22
"VIX",142700,"/Date(1702970868000)/",16600,500,13573300,223626000000,200,false,1.22
"VIX",142700,"/Date(1702970868000)/",16600,200,13572800,223617000000,200,false,1.22
"VIX",142700,"/Date(1702970868000)/",16600,1000,13572600,223614000000,200,false,1.22
"VIX",142700,"/Date(1702970868000)/",16600,500,13571600,223598000000,200,false,1.22
"VIX",142700,"/Date(1702970868000)/",16600,100,13571100,223589000000,200,false,1.22
"VIX",142700,"/Date(1702970868000)/",16600,1000,13571000,223588000000,200,false,1.22
"VIX",142700,"/Date(1702970868000)/",16600,700,13570000,223571000000,200,false,1.22
"VIX",142700,"/Date(1702970868000)/",16600,100,13569300,223559000000,200,false,1.22
"VIX",142700,"/Date(1702970868000)/",16600,100,13569200,223558000000,200,false,1.22
"VIX",142700,"/Date(1702970868000)/",16600,100,13569100,223556000000,200,false,1.22
"VIX",142700,"/Date(1702970868000)/",16600,800,13569000,223554000000,200,false,1.22
"VIX",142700,"/Date(1702970868000)/",16600,100,13568200,223541000000,200,false,1.22
"VIX",142700,"/Date(1702970868000)/",16600,1000,13568100,223539000000,200,false,1.22
"VIX",142700,"/Date(1702970868000)/",16600,1000,13567100,223523000000,200,false,1.22
"VIX",142700,"/Date(1702970868000)/",16600,1000,13566100,223506000000,200,false,1.22
"VIX",142700,"/Date(1702970868000)/",16600,1000,13565100,223490000000,200,false,1.22
"VIX",142700,"/Date(1702970868000)/",16600,200,13564100,223473000000,200,false,1.22
"VIX",142700,"/Date(1702970868000)/",16600,4000,13563900,223470000000,200,false,1.22
"VIX",142700,"/Date(1702970868000)/",16600,300,13559900,223403000000,200,false,1.22
"VIX",142700,"/Date(1702970868000)/",16600,1700,13559600,223398000000,200,false,1.22
"VIX",142700,"/Date(1702970868000)/",16600,200,13557900,223370000000,200,false,1.22
"VIX",142700,"/Date(1702970868000)/",16600,100,13557700,223367000000,200,false,1.22
"VIX",142700,"/Date(1702970868000)/",16600,5000,13557600,223365000000,200,false,1.22
"VIX",142700,"/Date(1702970868000)/",16600,20000,13552600,223282000000,200,false,1.22
"VIX",142700,"/Date(1702970868000)/",16600,5000,13532600,222950000000,200,false,1.22
"VIX",142700,"/Date(1702970868000)/",16600,1100,13527600,222867000000,200,false,1.22
"VIX",142700,"/Date(1702970868000)/",16600,1000,13526500,222849000000,200,false,1.22
"VIX",142700,"/Date(1702970867000)/",16600,1300,13525500,222832000000,200,false,1.22
"VIX",142700,"/Date(1702970867000)/",16600,6000,13524200,222811000000,200,false,1.22
"VIX",142700,"/Date(1702970867000)/",16600,200,13518200,222711000000,200,false,1.22
"VIX",142700,"/Date(1702970867000)/",16600,2000,13518000,222708000000,200,false,1.22
"VIX",142700,"/Date(1702970866000)/",16600,1000,13516000,222675000000,200,false,1.22
"VIX",142656,"/Date(1702970865000)/",16600,2000,13515000,222658000000,200,false,1.22
"VIX",142656,"/Date(1702970865000)/",16600,1000,13513000,222625000000,200,false,1.22
"VIX",142656,"/Date(1702970864000)/",16600,5000,13512000,222608000000,200,false,1.22
"VIX",142656,"/Date(1702970864000)/",16600,400,13507000,222525000000,200,false,1.22
"VIX",142656,"/Date(1702970864000)/",16600,2000,13506600,222519000000,200,false,1.22
"VIX",142656,"/Date(1702970863000)/",16600,400,13504600,222485000000,200,false,1.22
"VIX",142656,"/Date(1702970863000)/",16600,1000,13504200,222479000000,200,false,1.22
"VIX",142656,"/Date(1702970863000)/",16600,400,13503200,222462000000,200,false,1.22
"VIX",142656,"/Date(1702970863000)/",16600,100,13502800,222455000000,200,false,1.22
"VIX",142656,"/Date(1702970863000)/",16600,1500,13502700,222454000000,200,false,1.22
"VIX",142656,"/Date(1702970863000)/",16600,1000,13501200,222429000000,200,false,1.22
"VIX",142656,"/Date(1702970863000)/",16600,600,13500200,222412000000,200,false,1.22
"VIX",142656,"/Date(1702970863000)/",16600,3000,13499600,222402000000,200,false,1.22
"VIX",142656,"/Date(1702970863000)/",16600,400,13496600,222353000000,200,false,1.22
"VIX",142656,"/Date(1702970863000)/",16600,100,13496200,222346000000,200,false,1.22
"VIX",142656,"/Date(1702970863000)/",16600,500,13496100,222344000000,200,false,1.22
"VIX",142656,"/Date(1702970862000)/",16600,500,13495600,222336000000,200,false,1.22
"VIX",142656,"/Date(1702970862000)/",16600,100,13495100,222328000000,200,false,1.22
"VIX",142656,"/Date(1702970862000)/",16600,100,13495000,222326000000,200,false,1.22
"VIX",142656,"/Date(1702970862000)/",16600,1000,13494900,222324000000,200,false,1.22
"VIX",142656,"/Date(1702970862000)/",16600,8300,13493900,222308000000,200,false,1.22
"VIX",142653,"/Date(1702970861000)/",16600,1000,13485600,222170000000,200,false,1.22
"VIX",142653,"/Date(1702970861000)/",16550,200,13484600,222153000000,150,true,0.91
"VIX",142653,"/Date(1702970861000)/",16550,5000,13484400,222150000000,150,true,0.91
"VIX",142653,"/Date(1702970861000)/",16550,1000,13479400,222067000000,150,true,0.91
"VIX",142653,"/Date(1702970861000)/",16550,300,13478400,222051000000,150,true,0.91
"VIX",142653,"/Date(1702970861000)/",16550,1000,13478100,222046000000,150,true,0.91
"VIX",142653,"/Date(1702970861000)/",16550,2500,13477100,222029000000,150,true,0.91
"VIX",142653,"/Date(1702970861000)/",16600,700,13474600,221988000000,200,false,1.22
"VIX",142653,"/Date(1702970861000)/",16600,2000,13473900,221976000000,200,false,1.22
"VIX",142653,"/Date(1702970861000)/",16600,200,13471900,221943000000,200,false,1.22
"VIX",142653,"/Date(1702970861000)/",16600,100,13471700,221940000000,200,false,1.22
"VIX",142653,"/Date(1702970860000)/",16600,100,13471600,221938000000,200,false,1.22
"VIX",142653,"/Date(1702970860000)/",16600,1000,13471500,221936000000,200,false,1.22
"VIX",142653,"/Date(1702970860000)/",16600,100,13470500,221920000000,200,false,1.22
"VIX",142653,"/Date(1702970860000)/",16600,100,13470400,221918000000,200,false,1.22
"VIX",142653,"/Date(1702970860000)/",16600,5000,13470300,221916000000,200,false,1.22
"VIX",142653,"/Date(1702970860000)/",16600,800,13465300,221833000000,200,false,1.22
"VIX",142653,"/Date(1702970860000)/",16600,3000,13464500,221820000000,200,false,1.22
"VIX",142653,"/Date(1702970860000)/",16600,1000,13461500,221770000000,200,false,1.22
"VIX",142653,"/Date(1702970860000)/",16600,800,13460500,221754000000,200,false,1.22
"VIX",142653,"/Date(1702970860000)/",16600,1000,13459700,221741000000,200,false,1.22
"VIX",142653,"/Date(1702970860000)/",16600,1000,13458700,221724000000,200,false,1.22
"VIX",142653,"/Date(1702970860000)/",16600,1000,13457700,221707000000,200,false,1.22
"VIX",142653,"/Date(1702970860000)/",16600,1500,13456700,221691000000,200,false,1.22
"VIX",142653,"/Date(1702970860000)/",16600,500,13455200,221666000000,200,false,1.22
"VIX",142653,"/Date(1702970860000)/",16600,7500,13454700,221658000000,200,false,1.22
"VIX",142653,"/Date(1702970860000)/",16600,200,13447200,221533000000,200,false,1.22
"VIX",142653,"/Date(1702970860000)/",16600,600,13447000,221530000000,200,false,1.22
"VIX",142653,"/Date(1702970860000)/",16600,100,13446400,221520000000,200,false,1.22
"VIX",142653,"/Date(1702970860000)/",16600,2000,13446300,221518000000,200,false,1.22
"VIX",142653,"/Date(1702970860000)/",16600,100,13444300,221485000000,200,false,1.22
"VIX",142653,"/Date(1702970860000)/",16600,1000,13444200,221483000000,200,false,1.22
"VIX",142653,"/Date(1702970860000)/",16600,5000,13443200,221467000000,200,false,1.22
"VIX",142653,"/Date(1702970860000)/",16600,500,13438200,221384000000,200,false,1.22
"VIX",142653,"/Date(1702970860000)/",16600,100,13437700,221375000000,200,false,1.22
"VIX",142653,"/Date(1702970860000)/",16600,1000,13437600,221374000000,200,false,1.22
"VIX",142653,"/Date(1702970860000)/",16600,100,13436600,221357000000,200,false,1.22
"VIX",142653,"/Date(1702970860000)/",16600,10000,13436500,221355000000,200,false,1.22
"VIX",142653,"/Date(1702970860000)/",16600,100,13426500,221189000000,200,false,1.22
"VIX",142653,"/Date(1702970860000)/",16600,4800,13426400,221188000000,200,false,1.22
"VIX",142647,"/Date(1702970855000)/",16600,2000,13421600,221108000000,200,false,1.22
"VIX",142647,"/Date(1702970855000)/",16600,2000,13419600,221075000000,200,false,1.22
"VIX",142647,"/Date(1702970855000)/",16600,10000,13417600,221042000000,200,false,1.22
"VIX",142647,"/Date(1702970855000)/",16600,1000,13407600,220876000000,200,false,1.22
"VIX",142647,"/Date(1702970855000)/",16600,2000,13406600,220859000000,200,false,1.22
"VIX",142647,"/Date(1702970855000)/",16600,100,13404600,220826000000,200,false,1.22
"VIX",142647,"/Date(1702970855000)/",16600,100,13404500,220824000000,200,false,1.22
"VIX",142647,"/Date(1702970855000)/",16600,4600,13404400,220823000000,200,false,1.22
"VIX",142647,"/Date(1702970855000)/",16600,10000,13399800,220746000000,200,false,1.22
"VIX",142647,"/Date(1702970855000)/",16600,200,13389800,220580000000,200,false,1.22
"VIX",142647,"/Date(1702970855000)/",16600,1000,13389600,220577000000,200,false,1.22
"VIX",142647,"/Date(1702970855000)/",16600,300,13388600,220560000000,200,false,1.22
"VIX",142647,"/Date(1702970855000)/",16600,200,13388300,220555000000,200,false,1.22
"VIX",142647,"/Date(1702970855000)/",16600,2000,13388100,220552000000,200,false,1.22
"VIX",142647,"/Date(1702970855000)/",16600,10000,13386100,220519000000,200,false,1.22
"VIX",142647,"/Date(1702970855000)/",16600,200,13376100,220353000000,200,false,1.22
"VIX",142647,"/Date(1702970855000)/",16600,1000,13375900,220349000000,200,false,1.22
"VIX",142647,"/Date(1702970855000)/",16600,1000,13374900,220333000000,200,false,1.22
"VIX",142647,"/Date(1702970855000)/",16600,400,13373900,220316000000,200,false,1.22
"VIX",142647,"/Date(1702970855000)/",16600,500,13373500,220310000000,200,false,1.22
"VIX",142647,"/Date(1702970855000)/",16600,500,13373000,220301000000,200,false,1.22
"VIX",142647,"/Date(1702970855000)/",16600,1000,13372500,220293000000,200,false,1.22
"VIX",142647,"/Date(1702970855000)/",16600,100,13371500,220276000000,200,false,1.22
"VIX",142647,"/Date(1702970855000)/",16600,500,13371400,220275000000,200,false,1.22
"VIX",142647,"/Date(1702970855000)/",16600,200,13370900,220266000000,200,false,1.22
"VIX",142647,"/Date(1702970855000)/",16600,2200,13370700,220263000000,200,false,1.22
"VIX",142647,"/Date(1702970854000)/",16600,300,13368500,220227000000,200,false,1.22
"VIX",142647,"/Date(1702970854000)/",16550,1500,13368200,220222000000,150,true,0.91
"VIX",142647,"/Date(1702970853000)/",16600,400,13366700,220197000000,200,false,1.22
"VIX",142644,"/Date(1702970852000)/",16600,100,13366300,220190000000,200,false,1.22
"VIX",142644,"/Date(1702970852000)/",16600,500,13366200,220189000000,200,false,1.22
"VIX",142644,"/Date(1702970851000)/",16600,500,13365700,220180000000,200,false,1.22
"VIX",142640,"/Date(1702970848000)/",16600,700,13365200,220172000000,200,false,1.22
"VIX",142640,"/Date(1702970847000)/",16600,300,13364500,220160000000,200,false,1.22
"VIX",142640,"/Date(1702970847000)/",16600,2000,13364200,220155000000,200,false,1.22
"VIX",142640,"/Date(1702970847000)/",16600,100,13362200,220122000000,200,false,1.22
"VIX",142640,"/Date(1702970847000)/",16600,200,13362100,220120000000,200,false,1.22
"VIX",142640,"/Date(1702970846000)/",16600,1500,13361900,220117000000,200,false,1.22
"VIX",142637,"/Date(1702970843000)/",16600,1000,13360400,220092000000,200,false,1.22
"VIX",142634,"/Date(1702970842000)/",16600,1100,13359400,220076000000,200,false,1.22
"VIX",142634,"/Date(1702970842000)/",16550,1000,13358300,220057000000,150,true,0.91
"VIX",142634,"/Date(1702970841000)/",16600,2000,13357300,220041000000,200,false,1.22
"VIX",142634,"/Date(1702970841000)/",16600,2000,13355300,220008000000,200,false,1.22
"VIX",142634,"/Date(1702970840000)/",16600,4000,13353300,219974000000,200,false,1.22
"VIX",142634,"/Date(1702970840000)/",16550,100,13349300,219908000000,150,true,0.91
"VIX",142631,"/Date(1702970837000)/",16600,30000,13349200,219906000000,200,false,1.22
"VIX",142628,"/Date(1702970834000)/",16600,1000,13319200,219408000000,200,false,1.22
"VIX",142625,"/Date(1702970831000)/",16550,7400,13318200,219392000000,150,true,0.91
"VIX",142625,"/Date(1702970831000)/",16550,800,13310800,219269000000,150,true,0.91
"VIX",142625,"/Date(1702970831000)/",16550,3500,13310000,219256000000,150,true,0.91
"VIX",142625,"/Date(1702970831000)/",16550,8300,13306500,219198000000,150,true,0.91
"VIX",142625,"/Date(1702970831000)/",16600,100,13298200,219061000000,200,false,1.22
"VIX",142621,"/Date(1702970830000)/",16600,500,13298100,219059000000,200,false,1.22
"VIX",142621,"/Date(1702970830000)/",16600,1500,13297600,219051000000,200,false,1.22
"VIX",142618,"/Date(1702970824000)/",16600,2800,13296100,219026000000,200,false,1.22
"VIX",142615,"/Date(1702970822000)/",16550,1700,13293300,218979000000,150,true,0.91
"VIX",142615,"/Date(1702970822000)/",16550,300,13291600,218951000000,150,true,0.91
"VIX",142615,"/Date(1702970822000)/",16550,3100,13291300,218946000000,150,true,0.91
"VIX",142615,"/Date(1702970822000)/",16550,2000,13288200,218895000000,150,true,0.91
"VIX",142615,"/Date(1702970822000)/",16550,100,13286200,218862000000,150,true,0.91
"VIX",142615,"/Date(1702970822000)/",16550,200,13286100,218860000000,150,true,0.91
"VIX",142615,"/Date(1702970822000)/",16550,2500,13285900,218857000000,150,true,0.91
"VIX",142615,"/Date(1702970822000)/",16550,100,13283400,218816000000,150,true,0.91
"VIX",142609,"/Date(1702970817000)/",16600,2200,13283300,218814000000,200,false,1.22
"VIX",142609,"/Date(1702970817000)/",16600,1800,13281100,218777000000,200,false,1.22
"VIX",142609,"/Date(1702970815000)/",16600,100,13279300,218748000000,200,false,1.22
"VIX",142559,"/Date(1702970807000)/",16600,5000,13279200,218746000000,200,false,1.22
"VIX",142559,"/Date(1702970807000)/",16600,300,13274200,218663000000,200,false,1.22
"VIX",142559,"/Date(1702970806000)/",16600,600,13273900,218658000000,200,false,1.22
"VIX",142556,"/Date(1702970804000)/",16600,200,13273300,218648000000,200,false,1.22
"VIX",142556,"/Date(1702970802000)/",16600,800,13273100,218645000000,200,false,1.22
"VIX",142553,"/Date(1702970801000)/",16600,300,13272300,218631000000,200,false,1.22
"VIX",142549,"/Date(1702970795000)/",16550,2000,13272000,218626000000,150,true,0.91
"VIX",142546,"/Date(1702970793000)/",16600,100,13270000,218593000000,200,false,1.22
"VIX",142543,"/Date(1702970791000)/",16550,900,13269900,218592000000,150,true,0.91
"VIX",142543,"/Date(1702970791000)/",16550,1000,13269000,218577000000,150,true,0.91
"VIX",142543,"/Date(1702970791000)/",16550,100,13268000,218560000000,150,true,0.91
"VIX",142540,"/Date(1702970787000)/",16600,5000,13267900,218558000000,200,false,1.22
"VIX",142540,"/Date(1702970786000)/",16550,100,13262900,218475000000,150,true,0.91
"VIX",142540,"/Date(1702970785000)/",16550,1500,13262800,218474000000,150,true,0.91
"VIX",142537,"/Date(1702970783000)/",16550,1000,13261300,218449000000,150,true,0.91
"VIX",142533,"/Date(1702970780000)/",16600,3800,13260300,218432000000,200,false,1.22
"VIX",142533,"/Date(1702970780000)/",16600,1200,13256500,218369000000,200,false,1.22
"VIX",142533,"/Date(1702970780000)/",16550,1000,13255300,218349000000,150,true,0.91
"VIX",142527,"/Date(1702970773000)/",16550,5000,13254300,218333000000,150,true,0.91
"VIX",142521,"/Date(1702970769000)/",16550,1000,13249300,218250000000,150,false,0.91
"VIX",142521,"/Date(1702970768000)/",16550,5000,13248300,218234000000,150,false,0.91
"VIX",142521,"/Date(1702970768000)/",16550,200,13243300,218151000000,150,false,0.91
"VIX",142521,"/Date(1702970768000)/",16550,7100,13243100,218148000000,150,false,0.91
"VIX",142521,"/Date(1702970768000)/",16550,500,13236000,218030000000,150,false,0.91
"VIX",142521,"/Date(1702970768000)/",16550,2400,13235500,218022000000,150,false,0.91
"VIX",142521,"/Date(1702970768000)/",16550,100,13233100,217982000000,150,false,0.91
"VIX",142521,"/Date(1702970768000)/",16550,500,13233000,217980000000,150,false,0.91
"VIX",142521,"/Date(1702970768000)/",16550,400,13232500,217972000000,150,false,0.91
"VIX",142521,"/Date(1702970768000)/",16550,300,13232100,217965000000,150,false,0.91
"VIX",142521,"/Date(1702970768000)/",16550,1700,13231800,217961000000,150,false,0.91
"VIX",142521,"/Date(1702970768000)/",16550,100,13230100,217932000000,150,false,0.91
"VIX",142521,"/Date(1702970768000)/",16550,1400,13230000,217931000000,150,false,0.91
"VIX",142521,"/Date(1702970768000)/",16550,6100,13228600,217908000000,150,false,0.91
"VIX",142521,"/Date(1702970768000)/",16550,1000,13222500,217807000000,150,false,0.91
"VIX",142521,"/Date(1702970767000)/",16550,1900,13221500,217790000000,150,false,0.91
"VIX",142521,"/Date(1702970767000)/",16550,1000,13219600,217759000000,150,false,0.91
"VIX",142521,"/Date(1702970767000)/",16550,500,13218600,217742000000,150,false,0.91
"VIX",142521,"/Date(1702970767000)/",16550,400,13218100,217734000000,150,false,0.91
"VIX",142521,"/Date(1702970767000)/",16550,4500,13217700,217727000000,150,false,0.91
"VIX",142521,"/Date(1702970767000)/",16550,500,13213200,217653000000,150,false,0.91
"VIX",142521,"/Date(1702970767000)/",16550,300,13212700,217644000000,150,false,0.91
"VIX",142521,"/Date(1702970767000)/",16550,100,13212400,217639000000,150,false,0.91
"VIX",142521,"/Date(1702970767000)/",16550,2000,13212300,217638000000,150,false,0.91
"VIX",142521,"/Date(1702970767000)/",16550,100,13210300,217605000000,150,false,0.91
"VIX",142521,"/Date(1702970767000)/",16550,800,13210200,217603000000,150,false,0.91
"VIX",142521,"/Date(1702970767000)/",16550,500,13209400,217590000000,150,false,0.91
"VIX",142521,"/Date(1702970767000)/",16550,11600,13208900,217582000000,150,false,0.91
"VIX",142521,"/Date(1702970767000)/",16550,2000,13197300,217390000000,150,false,0.91
"VIX",142521,"/Date(1702970767000)/",16550,100,13195300,217356000000,150,false,0.91
"VIX",142521,"/Date(1702970767000)/",16550,3700,13195200,217355000000,150,false,0.91
"VIX",142521,"/Date(1702970767000)/",16550,1000,13191500,217294000000,150,false,0.91
"VIX",142521,"/Date(1702970767000)/",16550,1000,13190500,217277000000,150,false,0.91
"VIX",142521,"/Date(1702970766000)/",16550,500,13189500,217260000000,150,false,0.91
"VIX",142521,"/Date(1702970766000)/",16550,2700,13189000,217252000000,150,false,0.91
"VIX",142521,"/Date(1702970766000)/",16550,100,13186300,217207000000,150,false,0.91
"VIX",142521,"/Date(1702970766000)/",16550,6700,13186200,217206000000,150,false,0.91
"VIX",142518,"/Date(1702970766000)/",16550,1000,13179500,217095000000,150,false,0.91
"VIX",142518,"/Date(1702970765000)/",16550,2300,13178500,217078000000,150,false,0.91
"VIX",142518,"/Date(1702970765000)/",16550,200,13176200,217040000000,150,false,0.91
"VIX",142518,"/Date(1702970765000)/",16550,400,13176000,217037000000,150,false,0.91
"VIX",142518,"/Date(1702970765000)/",16550,1500,13175600,217030000000,150,false,0.91
"VIX",142518,"/Date(1702970765000)/",16550,100,13174100,217006000000,150,false,0.91
"VIX",142518,"/Date(1702970765000)/",16550,2000,13174000,217004000000,150,false,0.91
"VIX",142518,"/Date(1702970765000)/",16550,5000,13172000,216971000000,150,false,0.91
"VIX",142518,"/Date(1702970765000)/",16550,400,13167000,216888000000,150,false,0.91
"VIX",142518,"/Date(1702970765000)/",16550,4600,13166600,216881000000,150,false,0.91
"VIX",142518,"/Date(1702970765000)/",16550,100,13162000,216805000000,150,false,0.91
"VIX",142518,"/Date(1702970765000)/",16550,500,13161900,216804000000,150,false,0.91
"VIX",142518,"/Date(1702970765000)/",16550,2100,13161400,216795000000,150,false,0.91
"VIX",142518,"/Date(1702970765000)/",16550,3200,13159300,216761000000,150,false,0.91
"VIX",142518,"/Date(1702970764000)/",16550,500,13156100,216708000000,150,false,0.91
"VIX",142518,"/Date(1702970763000)/",16550,6300,13155600,216699000000,150,false,0.91
"VIX",142518,"/Date(1702970763000)/",16550,3700,13149300,216595000000,150,false,0.91
"VIX",142518,"/Date(1702970763000)/",16550,2800,13145600,216534000000,150,false,0.91
"VIX",142518,"/Date(1702970763000)/",16550,1000,13142800,216488000000,150,false,0.91
"VIX",142514,"/Date(1702970762000)/",16550,5000,13141800,216471000000,150,false,0.91
"VIX",142514,"/Date(1702970762000)/",16550,500,13136800,216388000000,150,false,0.91
"VIX",142514,"/Date(1702970762000)/",16550,500,13136300,216380000000,150,false,0.91
"VIX",142514,"/Date(1702970762000)/",16550,200,13135800,216372000000,150,false,0.91
"VIX",142514,"/Date(1702970761000)/",16550,1300,13135600,216368000000,150,false,0.91
"VIX",142514,"/Date(1702970761000)/",16550,100,13134300,216347000000,150,false,0.91
"VIX",142514,"/Date(1702970761000)/",16550,1000,13134200,216345000000,150,false,0.91
"VIX",142514,"/Date(1702970761000)/",16550,1200,13133200,216329000000,150,false,0.91
"VIX",142514,"/Date(1702970760000)/",16550,1800,13132000,216309000000,150,false,0.91
"VIX",142514,"/Date(1702970760000)/",16550,3200,13130200,216279000000,150,false,0.91
"VIX",142514,"/Date(1702970760000)/",16550,1000,13127000,216226000000,150,false,0.91
"VIX",142511,"/Date(1702970759000)/",16550,800,13126000,216210000000,150,false,0.91
"VIX",142511,"/Date(1702970759000)/",16550,11800,13125200,216196000000,150,false,0.91
"VIX",142511,"/Date(1702970759000)/",16550,1000,13113400,216001000000,150,false,0.91
"VIX",142511,"/Date(1702970759000)/",16550,300,13112400,215984000000,150,false,0.91
"VIX",142511,"/Date(1702970759000)/",16550,1000,13112100,215979000000,150,false,0.91
"VIX",142511,"/Date(1702970759000)/",16550,100,13111100,215963000000,150,false,0.91
"VIX",142511,"/Date(1702970758000)/",16550,1000,13111000,215961000000,150,false,0.91
"VIX",142511,"/Date(1702970758000)/",16550,400,13110000,215945000000,150,false,0.91
"VIX",142511,"/Date(1702970758000)/",16550,100,13109600,215938000000,150,false,0.91
"VIX",142511,"/Date(1702970758000)/",16550,500,13109500,215936000000,150,false,0.91
"VIX",142511,"/Date(1702970758000)/",16550,100,13109000,215928000000,150,false,0.91
"VIX",142511,"/Date(1702970758000)/",16550,900,13108900,215927000000,150,false,0.91
"VIX",142511,"/Date(1702970758000)/",16550,300,13108000,215912000000,150,false,0.91
"VIX",142511,"/Date(1702970757000)/",16550,100,13107700,215907000000,150,false,0.91
"VIX",142511,"/Date(1702970757000)/",16550,600,13107600,215905000000,150,false,0.91
"VIX",142511,"/Date(1702970757000)/",16550,100,13107000,215895000000,150,false,0.91
"VIX",142511,"/Date(1702970757000)/",16550,1500,13106900,215893000000,150,false,0.91
"VIX",142511,"/Date(1702970757000)/",16550,200,13105400,215869000000,150,false,0.91
"VIX",142511,"/Date(1702970757000)/",16550,100,13105200,215865000000,150,false,0.91
"VIX",142511,"/Date(1702970757000)/",16550,400,13105100,215864000000,150,false,0.91
"VIX",142511,"/Date(1702970757000)/",16550,4500,13104700,215857000000,150,false,0.91
"VIX",142511,"/Date(1702970757000)/",16550,2600,13100200,215783000000,150,false,0.91
"VIX",142508,"/Date(1702970756000)/",16550,1400,13097600,215740000000,150,false,0.91
"VIX",142508,"/Date(1702970756000)/",16550,500,13096200,215716000000,150,false,0.91
"VIX",142508,"/Date(1702970756000)/",16550,1100,13095700,215708000000,150,false,0.91
"VIX",142508,"/Date(1702970755000)/",16550,900,13094600,215690000000,150,false,0.91
"VIX",142508,"/Date(1702970755000)/",16550,2000,13093700,215675000000,150,false,0.91
"VIX",142508,"/Date(1702970755000)/",16550,2000,13091700,215642000000,150,false,0.91
"VIX",142508,"/Date(1702970755000)/",16550,100,13089700,215609000000,150,false,0.91
"VIX",142508,"/Date(1702970754000)/",16550,1000,13089600,215607000000,150,false,0.91
"VIX",142508,"/Date(1702970754000)/",16500,1000,13088600,215591000000,100,true,0.61
"VIX",142508,"/Date(1702970754000)/",16550,500,13087600,215574000000,150,false,0.91
"VIX",142508,"/Date(1702970753000)/",16550,1000,13087100,215566000000,150,false,0.91
"VIX",142505,"/Date(1702970751000)/",16550,300,13086100,215549000000,150,false,0.91
"VIX",142502,"/Date(1702970749000)/",16550,1100,13085800,215544000000,150,false,0.91
"VIX",142502,"/Date(1702970749000)/",16550,4000,13084700,215526000000,150,false,0.91
"VIX",142502,"/Date(1702970749000)/",16550,100,13080700,215460000000,150,false,0.91
"VIX",142502,"/Date(1702970749000)/",16550,4800,13080600,215458000000,150,false,0.91
"VIX",142502,"/Date(1702970748000)/",16550,2100,13075800,215379000000,150,false,0.91
"VIX",142502,"/Date(1702970748000)/",16550,1000,13073700,215344000000,150,false,0.91
"VIX",142502,"/Date(1702970748000)/",16550,500,13072700,215327000000,150,false,0.91
"VIX",142502,"/Date(1702970748000)/",16550,1400,13072200,215319000000,150,false,0.91
"VIX",142502,"/Date(1702970748000)/",16550,200,13070800,215296000000,150,false,0.91
"VIX",142458,"/Date(1702970747000)/",16550,200,13070600,215293000000,150,false,0.91
"VIX",142458,"/Date(1702970747000)/",16550,300,13070400,215289000000,150,false,0.91
"VIX",142452,"/Date(1702970740000)/",16550,900,13070100,215284000000,150,false,0.91
"VIX",142452,"/Date(1702970740000)/",16550,2000,13069200,215270000000,150,false,0.91
"VIX",142452,"/Date(1702970740000)/",16550,2000,13067200,215236000000,150,false,0.91
"VIX",142452,"/Date(1702970740000)/",16550,2500,13065200,215203000000,150,false,0.91
"VIX",142452,"/Date(1702970740000)/",16550,5000,13062700,215162000000,150,false,0.91
"VIX",142452,"/Date(1702970740000)/",16550,100,13057700,215079000000,150,false,0.91
"VIX",142452,"/Date(1702970740000)/",16550,1000,13057600,215078000000,150,false,0.91
"VIX",142452,"/Date(1702970740000)/",16550,500,13056600,215061000000,150,false,0.91
"VIX",142452,"/Date(1702970740000)/",16550,1000,13056100,215053000000,150,false,0.91
"VIX",142452,"/Date(1702970740000)/",16550,2700,13055100,215036000000,150,false,0.91
"VIX",142452,"/Date(1702970740000)/",16550,400,13052400,214992000000,150,false,0.91
"VIX",142452,"/Date(1702970740000)/",16550,200,13052000,214985000000,150,false,0.91
"VIX",142452,"/Date(1702970740000)/",16550,1700,13051800,214982000000,150,false,0.91
"VIX",142452,"/Date(1702970740000)/",16550,300,13050100,214953000000,150,false,0.91
"VIX",142452,"/Date(1702970740000)/",16550,2500,13049800,214948000000,150,false,0.91
"VIX",142452,"/Date(1702970739000)/",16550,3000,13047300,214907000000,150,false,0.91
"VIX",142452,"/Date(1702970739000)/",16550,500,13044300,214857000000,150,false,0.91
"VIX",142446,"/Date(1702970733000)/",16550,2000,13043800,214849000000,150,false,0.91
"VIX",142439,"/Date(1702970727000)/",16500,100,13041800,214816000000,100,true,0.61
"VIX",142436,"/Date(1702970724000)/",16500,300,13041700,214814000000,100,true,0.61
"VIX",142436,"/Date(1702970724000)/",16500,8700,13041400,214809000000,100,true,0.61
"VIX",142436,"/Date(1702970723000)/",16500,500,13032700,214666000000,100,true,0.61
"VIX",142436,"/Date(1702970723000)/",16500,10000,13032200,214658000000,100,true,0.61
"VIX",142436,"/Date(1702970723000)/",16450,600,13022200,214493000000,50,true,0.3
"VIX",142436,"/Date(1702970723000)/",16500,1800,13021600,214483000000,100,true,0.61
"VIX",142436,"/Date(1702970722000)/",16500,2900,13019800,214453000000,100,true,0.61
"VIX",142433,"/Date(1702970721000)/",16500,1000,13016900,214405000000,100,false,0.61
"VIX",142433,"/Date(1702970720000)/",16500,5000,13015900,214389000000,100,false,0.61
"VIX",142433,"/Date(1702970719000)/",16500,5000,13010900,214306000000,100,false,0.61
"VIX",142433,"/Date(1702970719000)/",16500,100,13005900,214224000000,100,false,0.61
"VIX",142430,"/Date(1702970718000)/",16500,1000,13005800,214222000000,100,false,0.61
"VIX",142430,"/Date(1702970718000)/",16500,1000,13004800,214206000000,100,false,0.61
"VIX",142430,"/Date(1702970718000)/",16500,30000,13003800,214189000000,100,false,0.61
"VIX",142430,"/Date(1702970717000)/",16500,1000,12973800,213694000000,100,false,0.61
"VIX",142426,"/Date(1702970715000)/",16500,9900,12972800,213678000000,100,false,0.61
"VIX",142426,"/Date(1702970715000)/",16500,40100,12962900,213514000000,100,false,0.61
"VIX",142426,"/Date(1702970714000)/",16450,100,12922800,212853000000,50,true,0.3
"VIX",142426,"/Date(1702970714000)/",16500,1000,12922700,212851000000,100,false,0.61
"VIX",142426,"/Date(1702970714000)/",16500,100,12921700,212834000000,100,false,0.61
"VIX",142426,"/Date(1702970714000)/",16500,3000,12921600,212833000000,100,false,0.61
"VIX",142426,"/Date(1702970713000)/",16450,1000,12918600,212783000000,50,true,0.3
"VIX",142426,"/Date(1702970713000)/",16500,3500,12917600,212767000000,100,false,0.61
"VIX",142423,"/Date(1702970710000)/",16450,10100,12914100,212709000000,50,true,0.3
"VIX",142423,"/Date(1702970710000)/",16450,100,12904000,212543000000,50,true,0.3
"VIX",142423,"/Date(1702970710000)/",16450,1000,12903900,212541000000,50,true,0.3
"VIX",142423,"/Date(1702970710000)/",16450,1000,12902900,212525000000,50,true,0.3
"VIX",142423,"/Date(1702970710000)/",16450,1000,12901900,212508000000,50,true,0.3
"VIX",142423,"/Date(1702970710000)/",16450,400,12900900,212492000000,50,true,0.3
"VIX",142423,"/Date(1702970710000)/",16450,100,12900500,212485000000,50,true,0.3
"VIX",142423,"/Date(1702970710000)/",16450,200,12900400,212484000000,50,true,0.3
"VIX",142423,"/Date(1702970710000)/",16450,3000,12900200,212480000000,50,true,0.3
"VIX",142423,"/Date(1702970710000)/",16450,1100,12897200,212431000000,50,true,0.3
"VIX",142423,"/Date(1702970710000)/",16450,1000,12896100,212413000000,50,true,0.3
"VIX",142423,"/Date(1702970710000)/",16450,200,12895100,212397000000,50,true,0.3
"VIX",142423,"/Date(1702970710000)/",16450,17000,12894900,212393000000,50,true,0.3
"VIX",142423,"/Date(1702970710000)/",16450,1000,12877900,212114000000,50,true,0.3
"VIX",142423,"/Date(1702970710000)/",16450,100,12876900,212097000000,50,true,0.3
"VIX",142423,"/Date(1702970710000)/",16450,1000,12876800,212096000000,50,true,0.3
"VIX",142423,"/Date(1702970710000)/",16450,500,12875800,212079000000,50,true,0.3
"VIX",142423,"/Date(1702970710000)/",16450,5000,12875300,212071000000,50,true,0.3
"VIX",142423,"/Date(1702970710000)/",16450,3000,12870300,211989000000,50,true,0.3
"VIX",142423,"/Date(1702970710000)/",16450,10000,12867300,211939000000,50,true,0.3
"VIX",142423,"/Date(1702970710000)/",16450,1000,12857300,211775000000,50,true,0.3
"VIX",142423,"/Date(1702970710000)/",16450,4000,12856300,211758000000,50,true,0.3
"VIX",142423,"/Date(1702970710000)/",16450,1000,12852300,211692000000,50,true,0.3
"VIX",142423,"/Date(1702970710000)/",16450,5000,12851300,211676000000,50,true,0.3
"VIX",142423,"/Date(1702970710000)/",16450,300,12846300,211594000000,50,true,0.3
"VIX",142423,"/Date(1702970710000)/",16450,200,12846000,211589000000,50,true,0.3
"VIX",142423,"/Date(1702970710000)/",16450,200,12845800,211586000000,50,true,0.3
"VIX",142423,"/Date(1702970710000)/",16450,5100,12845600,211582000000,50,true,0.3
"VIX",142423,"/Date(1702970710000)/",16450,500,12840500,211498000000,50,true,0.3
"VIX",142423,"/Date(1702970710000)/",16450,1000,12840000,211490000000,50,true,0.3
"VIX",142423,"/Date(1702970710000)/",16450,8000,12839000,211474000000,50,true,0.3
"VIX",142423,"/Date(1702970710000)/",16450,1000,12831000,211342000000,50,true,0.3
"VIX",142423,"/Date(1702970710000)/",16450,500,12830000,211326000000,50,true,0.3
"VIX",142423,"/Date(1702970710000)/",16450,1000,12829500,211317000000,50,true,0.3
"VIX",142423,"/Date(1702970710000)/",16450,100,12828500,211301000000,50,true,0.3
"VIX",142423,"/Date(1702970710000)/",16450,500,12828400,211299000000,50,true,0.3
"VIX",142423,"/Date(1702970710000)/",16450,200,12827900,211291000000,50,true,0.3
"VIX",142423,"/Date(1702970710000)/",16450,2200,12827700,211288000000,50,true,0.3
"VIX",142423,"/Date(1702970710000)/",16450,500,12825500,211252000000,50,true,0.3
"VIX",142423,"/Date(1702970710000)/",16450,5000,12825000,211243000000,50,true,0.3
"VIX",142423,"/Date(1702970710000)/",16450,100,12820000,211161000000,50,true,0.3
"VIX",142423,"/Date(1702970710000)/",16450,1000,12819900,211160000000,50,true,0.3
"VIX",142423,"/Date(1702970710000)/",16450,500,12818900,211143000000,50,true,0.3
"VIX",142423,"/Date(1702970710000)/",16450,4300,12818400,211135000000,50,true,0.3
"VIX",142423,"/Date(1702970710000)/",16500,52300,12814100,211064000000,100,false,0.61
"VIX",142423,"/Date(1702970710000)/",16500,1700,12761800,210201000000,100,false,0.61
"VIX",142423,"/Date(1702970710000)/",16500,1000,12760100,210173000000,100,false,0.61
"VIX",142423,"/Date(1702970710000)/",16500,3000,12759100,210157000000,100,false,0.61
"VIX",142423,"/Date(1702970710000)/",16500,900,12756100,210107000000,100,false,0.61
"VIX",142423,"/Date(1702970710000)/",16500,100,12755200,210092000000,100,false,0.61
"VIX",142423,"/Date(1702970710000)/",16500,800,12755100,210091000000,100,false,0.61
"VIX",142423,"/Date(1702970710000)/",16500,100,12754300,210077000000,100,false,0.61
"VIX",142423,"/Date(1702970710000)/",16500,300,12754200,210076000000,100,false,0.61
"VIX",142423,"/Date(1702970710000)/",16500,200,12753900,210071000000,100,false,0.61
"VIX",142423,"/Date(1702970710000)/",16500,2000,12753700,210068000000,100,false,0.61
"VIX",142423,"/Date(1702970710000)/",16500,700,12751700,210035000000,100,false,0.61
"VIX",142423,"/Date(1702970710000)/",16500,800,12751000,210023000000,100,false,0.61
"VIX",142423,"/Date(1702970710000)/",16500,100,12750200,210010000000,100,false,0.61
"VIX",142423,"/Date(1702970710000)/",16500,1000,12750100,210008000000,100,false,0.61
"VIX",142423,"/Date(1702970710000)/",16500,5000,12749100,209992000000,100,false,0.61
"VIX",142423,"/Date(1702970710000)/",16500,1000,12744100,209909000000,100,false,0.61
"VIX",142423,"/Date(1702970710000)/",16500,1000,12743100,209893000000,100,false,0.61
"VIX",142423,"/Date(1702970710000)/",16500,5000,12742100,209876000000,100,false,0.61
"VIX",142423,"/Date(1702970710000)/",16500,1000,12737100,209794000000,100,false,0.61
"VIX",142423,"/Date(1702970710000)/",16500,100,12736100,209777000000,100,false,0.61
"VIX",142423,"/Date(1702970710000)/",16500,20000,12736000,209775000000,100,false,0.61
"VIX",142423,"/Date(1702970710000)/",16500,200,12716000,209445000000,100,false,0.61
"VIX",142423,"/Date(1702970710000)/",16500,1000,12715800,209442000000,100,false,0.61
"VIX",142423,"/Date(1702970710000)/",16500,1000,12714800,209426000000,100,false,0.61
"VIX",142423,"/Date(1702970710000)/",16500,100,12713800,209409000000,100,false,0.61
"VIX",142423,"/Date(1702970710000)/",16500,100,12713700,209408000000,100,false,0.61
"VIX",142423,"/Date(1702970710000)/",16500,5000,12713600,209406000000,100,false,0.61
"VIX",142423,"/Date(1702970710000)/",16500,1000,12708600,209323000000,100,false,0.61
"VIX",142423,"/Date(1702970710000)/",16500,100,12707600,209307000000,100,false,0.61
"VIX",142423,"/Date(1702970710000)/",16500,2000,12707500,209305000000,100,false,0.61
"VIX",142423,"/Date(1702970710000)/",16500,300,12705500,209272000000,100,false,0.61
"VIX",142423,"/Date(1702970710000)/",16500,5000,12705200,209267000000,100,false,0.61
"VIX",142423,"/Date(1702970710000)/",16500,3000,12700200,209185000000,100,false,0.61
"VIX",142423,"/Date(1702970710000)/",16500,2000,12697200,209135000000,100,false,0.61
"VIX",142423,"/Date(1702970710000)/",16500,3500,12695200,209102000000,100,false,0.61
"VIX",142423,"/Date(1702970710000)/",16500,10000,12691700,209045000000,100,false,0.61
"VIX",142423,"/Date(1702970710000)/",16500,1000,12681700,208880000000,100,false,0.61
"VIX",142423,"/Date(1702970710000)/",16500,100,12680700,208863000000,100,false,0.61
"VIX",142423,"/Date(1702970710000)/",16500,300,12680600,208861000000,100,false,0.61
"VIX",142423,"/Date(1702970710000)/",16500,300,12680300,208856000000,100,false,0.61
"VIX",142423,"/Date(1702970710000)/",16500,10000,12680000,208851000000,100,false,0.61
"VIX",142423,"/Date(1702970710000)/",16500,200,12670000,208686000000,100,false,0.61
"VIX",142423,"/Date(1702970710000)/",16500,600,12669800,208683000000,100,false,0.61
"VIX",142423,"/Date(1702970710000)/",16500,500,12669200,208673000000,100,false,0.61
"VIX",142423,"/Date(1702970710000)/",16500,2500,12668700,208665000000,100,false,0.61
"VIX",142423,"/Date(1702970710000)/",16500,1000,12666200,208624000000,100,false,0.61
"VIX",142423,"/Date(1702970710000)/",16500,1000,12665200,208607000000,100,false,0.61
"VIX",142423,"/Date(1702970710000)/",16500,1000,12664200,208591000000,100,false,0.61
"VIX",142423,"/Date(1702970710000)/",16500,400,12663200,208574000000,100,false,0.61
"VIX",142423,"/Date(1702970710000)/",16500,1900,12662800,208568000000,100,false,0.61
"VIX",142423,"/Date(1702970710000)/",16500,500,12660900,208536000000,100,false,0.61
"VIX",142423,"/Date(1702970710000)/",16500,6300,12660400,208528000000,100,false,0.61
"VIX",142423,"/Date(1702970710000)/",16500,1200,12654100,208424000000,100,false,0.61
"VIX",142420,"/Date(1702970708000)/",16500,300,12652900,208404000000,100,false,0.61
"VIX",142420,"/Date(1702970707000)/",16500,1000,12652600,208399000000,100,false,0.61
"VIX",142420,"/Date(1702970707000)/",16500,1100,12651600,208383000000,100,false,0.61
"VIX",142417,"/Date(1702970705000)/",16500,300,12650500,208365000000,100,false,0.61
"VIX",142417,"/Date(1702970705000)/",16500,200,12650200,208360000000,100,false,0.61
"VIX",142417,"/Date(1702970705000)/",16500,300,12650000,208356000000,100,false,0.61
"VIX",142417,"/Date(1702970703000)/",16500,1500,12649700,208352000000,100,false,0.61
"VIX",142417,"/Date(1702970703000)/",16500,1000,12648200,208327000000,100,false,0.61
"VIX",142417,"/Date(1702970703000)/",16500,300,12647200,208310000000,100,false,0.61
"VIX",142417,"/Date(1702970703000)/",16500,2200,12646900,208305000000,100,false,0.61
"VIX",142414,"/Date(1702970702000)/",16450,700,12644700,208269000000,50,true,0.3
"VIX",142414,"/Date(1702970702000)/",16450,4000,12644000,208257000000,50,true,0.3
"VIX",142414,"/Date(1702970702000)/",16450,8200,12640000,208192000000,50,true,0.3
"VIX",142414,"/Date(1702970702000)/",16450,5100,12631800,208057000000,50,true,0.3
"VIX",142414,"/Date(1702970701000)/",16500,2800,12626700,207973000000,100,false,0.61
"VIX",142414,"/Date(1702970700000)/",16500,100,12623900,207927000000,100,false,0.61
"VIX",142414,"/Date(1702970700000)/",16500,4900,12623800,207925000000,100,false,0.61
"VIX",142414,"/Date(1702970700000)/",16500,100,12618900,207844000000,100,false,0.61
"VIX",142410,"/Date(1702970699000)/",16500,300,12618800,207843000000,100,false,0.61
"VIX",142410,"/Date(1702970697000)/",16500,100,12618500,207838000000,100,false,0.61
"VIX",142410,"/Date(1702970697000)/",16500,400,12618400,207836000000,100,false,0.61
"VIX",142410,"/Date(1702970697000)/",16500,100,12618000,207829000000,100,false,0.61
"VIX",142407,"/Date(1702970695000)/",16500,5000,12617900,207828000000,100,false,0.61
"VIX",142407,"/Date(1702970694000)/",16500,2000,12612900,207745000000,100,false,0.61
"VIX",142407,"/Date(1702970694000)/",16500,2000,12610900,207712000000,100,false,0.61
"VIX",142407,"/Date(1702970693000)/",16500,5000,12608900,207679000000,100,false,0.61
"VIX",142404,"/Date(1702970692000)/",16500,1000,12603900,207597000000,100,false,0.61
"VIX",142404,"/Date(1702970691000)/",16500,5000,12602900,207580000000,100,false,0.61
"VIX",142404,"/Date(1702970689000)/",16500,300,12597900,207498000000,100,false,0.61
"VIX",142401,"/Date(1702970689000)/",16500,10000,12597600,207493000000,100,false,0.61
"VIX",142401,"/Date(1702970688000)/",16500,100,12587600,207328000000,100,false,0.61
"VIX",142358,"/Date(1702970686000)/",16500,6000,12587500,207326000000,100,false,0.61
"VIX",142358,"/Date(1702970685000)/",16500,1000,12581500,207227000000,100,false,0.61
"VIX",142348,"/Date(1702970674000)/",16500,5000,12580500,207211000000,100,false,0.61
"VIX",142342,"/Date(1702970668000)/",16500,600,12575500,207128000000,100,false,0.61
"VIX",142335,"/Date(1702970663000)/",16450,500,12574900,207118000000,50,true,0.3
"VIX",142335,"/Date(1702970663000)/",16500,6000,12574400,207110000000,100,false,0.61
"VIX",142335,"/Date(1702970663000)/",16500,100,12568400,207011000000,100,false,0.61
"VIX",142335,"/Date(1702970663000)/",16500,500,12568300,207009000000,100,false,0.61
"VIX",142335,"/Date(1702970663000)/",16500,200,12567800,207001000000,100,false,0.61
"VIX",142335,"/Date(1702970663000)/",16500,2700,12567600,206998000000,100,false,0.61
"VIX",142335,"/Date(1702970663000)/",16500,600,12564900,206953000000,100,false,0.61
"VIX",142335,"/Date(1702970663000)/",16500,2000,12564300,206943000000,100,false,0.61
"VIX",142335,"/Date(1702970663000)/",16500,2800,12562300,206910000000,100,false,0.61
"VIX",142332,"/Date(1702970657000)/",16500,400,12559500,206864000000,100,false,0.61
"VIX",142326,"/Date(1702970651000)/",16450,200,12559100,206858000000,50,true,0.3
"VIX",142319,"/Date(1702970647000)/",16450,3000,12558900,206854000000,50,true,0.3
"VIX",142313,"/Date(1702970640000)/",16450,4200,12555900,206805000000,50,true,0.3
"VIX",142313,"/Date(1702970640000)/",16450,100,12551700,206736000000,50,true,0.3
"VIX",142313,"/Date(1702970640000)/",16450,300,12551600,206734000000,50,true,0.3
"VIX",142313,"/Date(1702970640000)/",16450,100,12551300,206729000000,50,true,0.3
"VIX",142313,"/Date(1702970640000)/",16450,100,12551200,206728000000,50,true,0.3
"VIX",142313,"/Date(1702970640000)/",16450,6200,12551100,206726000000,50,true,0.3
"VIX",142257,"/Date(1702970625000)/",16450,3800,12544900,206624000000,50,false,0.3
"VIX",142257,"/Date(1702970625000)/",16450,5000,12541100,206561000000,50,false,0.3
"VIX",142257,"/Date(1702970625000)/",16450,16200,12536100,206479000000,50,false,0.3
"VIX",142257,"/Date(1702970623000)/",16450,100,12519900,206213000000,50,false,0.3
"VIX",142257,"/Date(1702970623000)/",16450,5000,12519800,206211000000,50,false,0.3
"VIX",142257,"/Date(1702970623000)/",16450,3700,12514800,206129000000,50,false,0.3
"VIX",142254,"/Date(1702970621000)/",16450,200,12511100,206068000000,50,false,0.3
"VIX",142254,"/Date(1702970621000)/",16450,200,12510900,206065000000,50,false,0.3
"VIX",142254,"/Date(1702970620000)/",16450,200,12510700,206061000000,50,false,0.3
"VIX",142250,"/Date(1702970618000)/",16450,100,12510500,206058000000,50,false,0.3
"VIX",142250,"/Date(1702970618000)/",16450,5400,12510400,206056000000,50,false,0.3
"VIX",142250,"/Date(1702970617000)/",16450,100,12505000,205968000000,50,false,0.3
"VIX",142250,"/Date(1702970617000)/",16450,1000,12504900,205966000000,50,false,0.3
"VIX",142250,"/Date(1702970616000)/",16400,500,12503900,205949000000,0,true,0
"VIX",142247,"/Date(1702970615000)/",16450,100,12503400,205941000000,50,false,0.3
"VIX",142244,"/Date(1702970610000)/",16450,400,12503300,205940000000,50,true,0.3
"VIX",142244,"/Date(1702970610000)/",16450,500,12502900,205933000000,50,true,0.3
"VIX",142244,"/Date(1702970610000)/",16450,400,12502400,205925000000,50,true,0.3
"VIX",142244,"/Date(1702970610000)/",16450,100,12502000,205918000000,50,true,0.3
"VIX",142244,"/Date(1702970610000)/",16450,1100,12501900,205917000000,50,true,0.3
"VIX",142244,"/Date(1702970610000)/",16450,100,12500800,205899000000,50,true,0.3
"VIX",142244,"/Date(1702970610000)/",16450,300,12500700,205897000000,50,true,0.3
"VIX",142244,"/Date(1702970610000)/",16450,600,12500400,205892000000,50,true,0.3
"VIX",142244,"/Date(1702970610000)/",16450,300,12499800,205882000000,50,true,0.3
"VIX",142244,"/Date(1702970610000)/",16450,9600,12499500,205877000000,50,true,0.3
"VIX",142241,"/Date(1702970609000)/",16450,400,12489900,205719000000,50,true,0.3
"VIX",142241,"/Date(1702970609000)/",16450,100,12489500,205713000000,50,true,0.3
"VIX",142241,"/Date(1702970609000)/",16450,500,12489400,205711000000,50,true,0.3
"VIX",142234,"/Date(1702970600000)/",16500,3900,12488900,205703000000,100,false,0.61
"VIX",142231,"/Date(1702970599000)/",16450,1000,12485000,205638000000,50,true,0.3
"VIX",142231,"/Date(1702970597000)/",16450,100,12484000,205622000000,50,true,0.3
"VIX",142228,"/Date(1702970594000)/",16450,100,12483900,205620000000,50,true,0.3
"VIX",142228,"/Date(1702970594000)/",16450,1700,12483800,205619000000,50,true,0.3
"VIX",142228,"/Date(1702970594000)/",16450,1000,12482100,205591000000,50,true,0.3
"VIX",142228,"/Date(1702970594000)/",16450,10000,12481100,205574000000,50,true,0.3
"VIX",142228,"/Date(1702970594000)/",16450,10000,12471100,205410000000,50,true,0.3
"VIX",142228,"/Date(1702970594000)/",16450,100,12461100,205245000000,50,true,0.3
"VIX",142228,"/Date(1702970594000)/",16450,5000,12461000,205244000000,50,true,0.3
"VIX",142228,"/Date(1702970594000)/",16450,8000,12456000,205161000000,50,true,0.3
"VIX",142228,"/Date(1702970594000)/",16450,6000,12448000,205030000000,50,true,0.3
"VIX",142228,"/Date(1702970594000)/",16450,800,12442000,204931000000,50,true,0.3
"VIX",142228,"/Date(1702970594000)/",16450,1000,12441200,204918000000,50,true,0.3
"VIX",142228,"/Date(1702970594000)/",16450,6300,12440200,204901000000,50,true,0.3
"VIX",142222,"/Date(1702970588000)/",16450,23700,12433900,204798000000,50,true,0.3
"VIX",142222,"/Date(1702970588000)/",16450,4000,12410200,204408000000,50,true,0.3
"VIX",142222,"/Date(1702970588000)/",16450,1000,12406200,204342000000,50,true,0.3
"VIX",142222,"/Date(1702970588000)/",16450,1000,12405200,204326000000,50,true,0.3
"VIX",142222,"/Date(1702970588000)/",16450,1000,12404200,204309000000,50,true,0.3
"VIX",142222,"/Date(1702970588000)/",16450,2000,12403200,204293000000,50,true,0.3
"VIX",142222,"/Date(1702970588000)/",16450,1000,12401200,204260000000,50,true,0.3
"VIX",142222,"/Date(1702970588000)/",16450,2000,12400200,204243000000,50,true,0.3
"VIX",142222,"/Date(1702970588000)/",16450,100,12398200,204211000000,50,true,0.3
"VIX",142222,"/Date(1702970588000)/",16450,1000,12398100,204209000000,50,true,0.3
"VIX",142222,"/Date(1702970588000)/",16450,100,12397100,204192000000,50,true,0.3
"VIX",142222,"/Date(1702970588000)/",16450,9100,12397000,204191000000,50,true,0.3
"VIX",142222,"/Date(1702970588000)/",16450,3000,12387900,204041000000,50,true,0.3
"VIX",142222,"/Date(1702970588000)/",16450,300,12384900,203992000000,50,true,0.3
"VIX",142222,"/Date(1702970588000)/",16450,700,12384600,203987000000,50,true,0.3
"VIX",142218,"/Date(1702970585000)/",16500,400,12383900,203975000000,100,false,0.61
"VIX",142215,"/Date(1702970583000)/",16450,3500,12383500,203969000000,50,true,0.3
"VIX",142215,"/Date(1702970582000)/",16500,400,12380000,203911000000,100,false,0.61
"VIX",142206,"/Date(1702970572000)/",16450,1000,12379600,203905000000,50,true,0.3
"VIX",142206,"/Date(1702970572000)/",16450,2000,12378600,203888000000,50,true,0.3
"VIX",142206,"/Date(1702970572000)/",16500,500,12376600,203855000000,100,false,0.61
"VIX",142206,"/Date(1702970571000)/",16500,1600,12376100,203847000000,100,false,0.61
"VIX",142206,"/Date(1702970571000)/",16500,3400,12374500,203821000000,100,false,0.61
"VIX",142146,"/Date(1702970553000)/",16450,6000,12371100,203764000000,50,true,0.3
"VIX",142146,"/Date(1702970553000)/",16450,8000,12365100,203666000000,50,true,0.3
"VIX",142146,"/Date(1702970553000)/",16450,3000,12357100,203534000000,50,true,0.3
"VIX",142146,"/Date(1702970553000)/",16450,100,12354100,203485000000,50,true,0.3
"VIX",142146,"/Date(1702970553000)/",16450,3000,12354000,203483000000,50,true,0.3
"VIX",142146,"/Date(1702970553000)/",16450,1000,12351000,203434000000,50,true,0.3
"VIX",142146,"/Date(1702970553000)/",16450,900,12350000,203417000000,50,true,0.3
"VIX",142146,"/Date(1702970553000)/",16450,500,12349100,203403000000,50,true,0.3
"VIX",142146,"/Date(1702970553000)/",16450,2500,12348600,203394000000,50,true,0.3
"VIX",142140,"/Date(1702970548000)/",16500,200,12346100,203353000000,100,false,0.61
"VIX",142140,"/Date(1702970548000)/",16500,1000,12345900,203350000000,100,false,0.61
"VIX",142140,"/Date(1702970548000)/",16500,100,12344900,203333000000,100,false,0.61
"VIX",142140,"/Date(1702970548000)/",16500,100,12344800,203332000000,100,false,0.61
"VIX",142140,"/Date(1702970548000)/",16500,500,12344700,203330000000,100,false,0.61
"VIX",142133,"/Date(1702970541000)/",16500,300,12344200,203322000000,100,false,0.61
"VIX",142133,"/Date(1702970540000)/",16450,500,12343900,203317000000,50,true,0.3
"VIX",142133,"/Date(1702970540000)/",16450,100,12343400,203309000000,50,true,0.3
"VIX",142133,"/Date(1702970540000)/",16450,900,12343300,203307000000,50,true,0.3
"VIX",142133,"/Date(1702970540000)/",16450,500,12342400,203292000000,50,true,0.3
"VIX",142133,"/Date(1702970540000)/",16450,100,12341900,203284000000,50,true,0.3
"VIX",142133,"/Date(1702970540000)/",16450,5400,12341800,203282000000,50,true,0.3
"VIX",142133,"/Date(1702970540000)/",16450,1000,12336400,203194000000,50,true,0.3
"VIX",142133,"/Date(1702970540000)/",16450,900,12335400,203177000000,50,true,0.3
"VIX",142133,"/Date(1702970540000)/",16450,600,12334500,203162000000,50,true,0.3
"VIX",142133,"/Date(1702970540000)/",16450,1000,12333900,203152000000,50,true,0.3
"VIX",142133,"/Date(1702970539000)/",16500,500,12332900,203136000000,100,false,0.61
"VIX",142130,"/Date(1702970538000)/",16450,500,12332400,203128000000,50,true,0.3
"VIX",142130,"/Date(1702970536000)/",16500,100,12331900,203119000000,100,false,0.61
"VIX",142127,"/Date(1702970535000)/",16500,9500,12331800,203118000000,100,false,0.61
"VIX",142127,"/Date(1702970535000)/",16500,1200,12322300,202961000000,100,false,0.61
"VIX",142127,"/Date(1702970535000)/",16500,100,12321100,202941000000,100,false,0.61
"VIX",142127,"/Date(1702970535000)/",16500,2000,12321000,202940000000,100,false,0.61
"VIX",142127,"/Date(1702970535000)/",16500,200,12319000,202907000000,100,false,0.61
