"symbol","time","price","change","vol","total","side"
"DBC","14:45:00",27.4,0.1,1307300,12237600,
"DBC","14:29:59",27.3,0,5000,10930300,"S"
"DBC","14:29:56",27.3,0,8000,10925300,"S"
"DBC","14:29:52",27.3,0,1000,10917300,"S"
"DBC","14:29:51",27.3,0,800,10916300,"S"
"DBC","14:29:48",27.3,0,6000,10915500,"S"
"DBC","14:29:47",27.3,0,1000,10909500,"S"
"DBC","14:29:47",27.25,-0.05,1000,10908500,"B"
"DBC","14:29:41",27.3,0,1000,10907500,"S"
"DBC","14:29:40",27.3,0,7000,10906500,"S"
"DBC","14:29:34",27.3,0,1000,10899500,"S"
"DBC","14:29:30",27.3,0,5000,10898500,"S"
"DBC","14:29:29",27.3,0,1000,10893500,"S"
"DBC","14:29:28",27.25,-0.05,100,10892500,"B"
"DBC","14:29:28",27.3,0,1000,10892400,"S"
"DBC","14:29:19",27.3,0,700,10891400,"S"
"DBC","14:29:16",27.3,0,10000,10890700,"S"
"DBC","14:29:14",27.3,0,3000,10880700,"S"
"DBC","14:29:13",27.3,0,15000,10877700,"S"
"DBC","14:29:12",27.3,0,1000,10862700,"S"
"DBC","14:29:10",27.3,0,3500,10861700,"S"
"DBC","14:29:09",27.3,0,1000,10858200,"S"
"DBC","14:29:08",27.3,0,4800,10857200,"B"
"DBC","14:29:07",27.3,0,3000,10852400,"B"
"DBC","14:29:05",27.35,0.05,1000,10849400,"S"
"DBC","14:29:05",27.3,0,100,10848400,"B"
"DBC","14:29:02",27.3,0,3500,10848300,"B"
"DBC","14:29:01",27.3,0,800,10844800,"B"
"DBC","14:28:59",27.3,0,4000,10844000,"B"
"DBC","14:28:56",27.35,0.05,1000,10840000,"S"
"DBC","14:28:54",27.3,0,5000,10839000,"B"
"DBC","14:28:53",27.3,0,300,10834000,"B"
"DBC","14:28:52",27.3,0,5000,10833700,"B"
"DBC","14:28:52",27.35,0.05,1000,10828700,"S"
"DBC","14:28:48",27.3,0,2000,10827700,"B"
"DBC","14:28:37",27.35,0.05,1000,10825700,"S"
"DBC","14:28:32",27.35,0.05,1000,10824700,"S"
"DBC","14:28:27",27.35,0.05,1000,10823700,"S"
"DBC","14:28:25",27.3,0,2000,10822700,"B"
"DBC","14:28:23",27.35,0.05,1000,10820700,"S"
"DBC","14:28:23",27.35,0.05,1000,10819700,"S"
"DBC","14:28:21",27.3,0,2000,10818700,"B"
"DBC","14:28:19",27.3,0,17500,10816700,"S"
"DBC","14:28:18",27.3,0,2000,10799200,"S"
"DBC","14:27:59",27.3,0,50000,10797200,"S"
"DBC","14:27:53",27.25,-0.05,5000,10747200,"B"
"DBC","14:27:38",27.3,0,1000,10742200,"S"
"DBC","14:27:27",27.25,-0.05,100,10741200,"B"
"DBC","14:27:27",27.3,0,2600,10741100,"B"
"DBC","14:27:26",27.3,0,500,10738500,"B"
"DBC","14:27:26",27.3,0,3000,10738000,"B"
"DBC","14:27:25",27.3,0,10200,10735000,"B"
"DBC","14:27:24",27.3,0,100,10724800,"B"
"DBC","14:27:22",27.3,0,2000,10724700,"B"
"DBC","14:27:19",27.3,0,5000,10722700,"B"
"DBC","14:27:18",27.3,0,1600,10717700,"B"
"DBC","14:27:16",27.3,0,200,10716100,"B"
"DBC","14:27:16",27.3,0,100,10715900,"B"
"DBC","14:27:09",27.3,0,2000,10715800,"B"
"DBC","14:27:08",27.3,0,2000,10713800,"B"
"DBC","14:27:04",27.3,0,5000,10711800,"B"
"DBC","14:27:01",27.3,0,16800,10706800,"B"
"DBC","14:26:57",27.3,0,48900,10690000,"S"
"DBC","14:26:54",27.3,0,25000,10641100,"S"
"DBC","14:26:52",27.25,-0.05,500,10616100,"B"
"DBC","14:26:47",27.3,0,25000,10615600,"S"
"DBC","14:26:39",27.25,-0.05,2000,10590600,"B"
"DBC","14:26:31",27.25,-0.05,5000,10588600,"B"
"DBC","14:26:22",27.3,0,100,10583600,"S"
"DBC","14:26:19",27.3,0,25000,10583500,"S"
"DBC","14:26:18",27.3,0,12800,10558500,"B"
"DBC","14:26:17",27.3,0,4500,10545700,"B"
"DBC","14:26:15",27.3,0,7700,10541200,"S"
"DBC","14:26:15",27.3,0,1000,10533500,"S"
"DBC","14:26:09",27.3,0,1200,10532500,"S"
"DBC","14:26:04",27.3,0,51000,10531300,"S"
"DBC","14:25:45",27.25,-0.05,100,10480300,"B"
"DBC","14:25:32",27.2,-0.1,100,10480200,"B"
"DBC","14:25:26",27.3,0,100,10480100,"S"
"DBC","14:25:19",27.2,-0.1,2000,10480000,"B"
"DBC","14:25:18",27.3,0,25000,10478000,"S"
"DBC","14:25:08",27.2,-0.1,900,10453000,"B"
"DBC","14:25:07",27.3,0,11200,10452100,"S"
"DBC","14:25:07",27.25,-0.05,8800,10440900,"S"
"DBC","14:24:53",27.25,-0.05,200,10432100,"S"
"DBC","14:24:51",27.2,-0.1,1500,10431900,"B"
"DBC","14:24:43",27.25,-0.05,300,10430400,"S"
"DBC","14:24:39",27.25,-0.05,16000,10430100,"B"
"DBC","14:24:36",27.25,-0.05,4000,10414100,"B"
"DBC","14:24:20",27.3,0,5600,10410100,"S"
"DBC","14:24:20",27.3,0,4400,10404500,"S"
"DBC","14:24:18",27.2,-0.1,44100,10400100,"B"
"DBC","14:24:18",27.25,-0.05,56300,10356000,"B"
"DBC","14:24:18",27.3,0,50000,10299700,"S"
"DBC","14:24:16",27.25,-0.05,14600,10249700,"B"
"DBC","14:24:16",27.25,-0.05,1000,10235100,"B"
"DBC","14:24:15",27.25,-0.05,20000,10234100,"B"
"DBC","14:24:12",27.25,-0.05,1000,10214100,"B"
"DBC","14:24:08",27.25,-0.05,50000,10213100,"B"
"DBC","14:24:05",27.3,0,900,10163100,"S"
"DBC","14:23:59",27.25,-0.05,10000,10162200,"B"
"DBC","14:23:43",27.3,0,8300,10152200,"B"
"DBC","14:23:42",27.3,0,2000,10143900,"B"
"DBC","14:23:41",27.3,0,16700,10141900,"B"
"DBC","14:23:40",27.3,0,8500,10125200,"B"
"DBC","14:23:34",27.35,0.05,5000,10116700,"S"
"DBC","14:23:32",27.3,0,1000,10111700,"B"
"DBC","14:23:31",27.3,0,14300,10110700,"B"
"DBC","14:23:27",27.3,0,1000,10096400,"B"
"DBC","14:23:24",27.3,0,500,10095400,"B"
"DBC","14:23:23",27.3,0,400,10094900,"B"
"DBC","14:23:21",27.3,0,1000,10094500,"B"
"DBC","14:23:20",27.3,0,900,10093500,"B"
"DBC","14:23:18",27.3,0,200,10092600,"B"
"DBC","14:23:16",27.3,0,100,10092400,"B"
"DBC","14:23:16",27.35,0.05,100,10092300,"S"
"DBC","14:23:13",27.3,0,1000,10092200,"B"
"DBC","14:23:10",27.3,0,5000,10091200,"B"
"DBC","14:23:09",27.3,0,500,10086200,"B"
"DBC","14:23:06",27.3,0,10000,10085700,"B"
"DBC","14:22:50",27.35,0.05,19800,10075700,"B"
"DBC","14:22:49",27.35,0.05,2500,10055900,"B"
"DBC","14:22:46",27.35,0.05,1000,10053400,"B"
"DBC","14:22:42",27.35,0.05,5000,10052400,"B"
"DBC","14:22:40",27.35,0.05,200,10047400,"B"
"DBC","14:22:20",27.4,0.1,2000,10047200,"S"
"DBC","14:22:20",27.35,0.05,10000,10045200,"B"
"DBC","14:22:18",27.35,0.05,400,10035200,"B"
"DBC","14:22:17",27.35,0.05,19000,10034800,"B"
"DBC","14:22:06",27.4,0.1,2200,10015800,"S"
"DBC","14:22:05",27.4,0.1,15100,10013600,"B"
"DBC","14:22:03",27.4,0.1,500,9998500,"B"
"DBC","14:22:01",27.4,0.1,54800,9998000,"S"
"DBC","14:22:01",27.35,0.05,10000,9943200,"B"
"DBC","14:22:00",27.35,0.05,100,9933200,"B"
"DBC","14:21:56",27.4,0.1,2000,9933100,"S"
"DBC","14:21:56",27.35,0.05,1200,9931100,"B"
"DBC","14:21:53",27.35,0.05,30800,9929900,"S"
"DBC","14:21:50",27.35,0.05,2000,9899100,"S"
"DBC","14:21:47",27.3,0,500,9897100,"B"
"DBC","14:21:36",27.35,0.05,2000,9896600,"S"
"DBC","14:21:27",27.3,0,800,9894600,"B"
"DBC","14:21:25",27.3,0,200,9893800,"S"
"DBC","14:21:24",27.3,0,50000,9893600,"S"
"DBC","14:21:22",27.25,-0.05,2500,9843600,"B"
"DBC","14:21:05",27.25,-0.05,1000,9841100,"B"
"DBC","14:21:03",27.3,0,2000,9840100,"S"
"DBC","14:21:03",27.25,-0.05,1000,9838100,"B"
"DBC","14:20:57",27.25,-0.05,4000,9837100,"B"
"DBC","14:20:55",27.25,-0.05,1000,9833100,"B"
"DBC","14:20:52",27.25,-0.05,300,9832100,"B"
"DBC","14:20:49",27.25,-0.05,200,9831800,"S"
"DBC","14:20:39",27.3,0,1000,9831600,"S"
"DBC","14:20:37",27.25,-0.05,500,9830600,"B"
"DBC","14:20:29",27.25,-0.05,5000,9830100,"B"
"DBC","14:19:59",27.3,0,200,9825100,"B"
"DBC","14:19:57",27.35,0.05,1000,9824900,"S"
"DBC","14:19:57",27.3,0,13200,9823900,"S"
"DBC","14:19:53",27.3,0,100,9810700,"S"
"DBC","14:19:46",27.3,0,100,9810600,"S"
"DBC","14:19:44",27.3,0,9300,9810500,"B"
"DBC","14:19:42",27.3,0,13900,9801200,"B"
"DBC","14:19:34",27.3,0,500,9787300,"B"
"DBC","14:19:32",27.35,0.05,600,9786800,"S"
"DBC","14:19:29",27.3,0,6500,9786200,"B"
"DBC","14:19:23",27.3,0,4000,9779700,"B"
"DBC","14:19:23",27.3,0,5000,9775700,"B"
"DBC","14:19:21",27.3,0,6300,9770700,"B"
"DBC","14:19:07",27.3,0,25000,9764400,"B"
"DBC","14:19:01",27.3,0,500,9739400,"B"
"DBC","14:18:59",27.3,0,29500,9738900,"S"
"DBC","14:18:57",27.3,0,5700,9709400,"S"
"DBC","14:18:56",27.3,0,10000,9703700,"S"
"DBC","14:18:52",27.25,-0.05,2600,9693700,"S"
"DBC","14:18:51",27.25,-0.05,2000,9691100,"S"
"DBC","14:18:46",27.25,-0.05,2000,9689100,"S"
"DBC","14:18:44",27.25,-0.05,2000,9687100,"S"
"DBC","14:18:42",27.25,-0.05,2000,9685100,"S"
"DBC","14:18:40",27.2,-0.1,3200,9683100,"S"
"DBC","14:18:38",27.2,-0.1,2000,9679900,"S"
"DBC","14:18:33",27.2,-0.1,100,9677900,"S"
"DBC","14:18:31",27.2,-0.1,2000,9677800,"S"
"DBC","14:18:30",27.2,-0.1,10000,9675800,"S"
"DBC","14:18:25",27.2,-0.1,4000,9665800,"S"
"DBC","14:18:24",27.2,-0.1,2000,9661800,"S"
"DBC","14:18:19",27.2,-0.1,2000,9659800,"S"
"DBC","14:18:16",27.15,-0.15,4200,9657800,"S"
"DBC","14:18:13",27.1,-0.2,19100,9653600,"S"
"DBC","14:18:07",27.05,-0.25,27900,9634500,"S"
"DBC","14:18:06",27.05,-0.25,500,9606600,"S"
"DBC","14:18:05",27.05,-0.25,2000,9606100,"S"
"DBC","14:18:02",27.05,-0.25,20000,9604100,"S"
"DBC","14:18:00",27.05,-0.25,2500,9584100,"S"
"DBC","14:18:00",27.05,-0.25,2000,9581600,"S"
"DBC","14:17:58",27.05,-0.25,500,9579600,"S"
"DBC","14:17:58",27.05,-0.25,1000,9579100,"S"
"DBC","14:17:57",27.05,-0.25,1100,9578100,"S"
"DBC","14:17:55",27.05,-0.25,2000,9577000,"S"
"DBC","14:17:52",27.05,-0.25,30000,9575000,"S"
"DBC","14:17:49",27.05,-0.25,10000,9545000,"S"
"DBC","14:17:49",27.05,-0.25,1000,9535000,"S"
"DBC","14:17:46",27.05,-0.25,100,9534000,"S"
"DBC","14:17:45",27.05,-0.25,1000,9533900,"S"
"DBC","14:17:34",27,-0.3,22800,9532900,"S"
"DBC","14:17:34",26.95,-0.35,1000,9510100,"B"
"DBC","14:17:32",27,-0.3,2300,9509100,"S"
"DBC","14:17:31",27,-0.3,300,9506800,"S"
"DBC","14:17:26",27,-0.3,1000,9506500,"S"
"DBC","14:17:25",27,-0.3,30200,9505500,"S"
"DBC","14:17:24",27,-0.3,50000,9475300,"S"
"DBC","14:17:17",27,-0.3,2400,9425300,"S"
"DBC","14:17:10",26.95,-0.35,2500,9422900,"B"
"DBC","14:17:09",26.95,-0.35,200,9420400,"B"
"DBC","14:17:07",27,-0.3,300,9420200,"S"
"DBC","14:16:57",27,-0.3,15900,9419900,"S"
"DBC","14:16:50",27,-0.3,2000,9404000,"S"
"DBC","14:16:47",27,-0.3,6000,9402000,"S"
"DBC","14:16:37",27,-0.3,200,9396000,"S"
"DBC","14:16:00",27,-0.3,100,9395800,"S"
"DBC","14:15:55",27,-0.3,100,9395700,"S"
"DBC","14:15:49",27,-0.3,400,9395600,"S"
"DBC","14:15:39",27,-0.3,5300,9395200,"S"
"DBC","14:15:24",27,-0.3,300,9389900,"S"
"DBC","14:15:23",27,-0.3,400,9389600,"S"
"DBC","14:15:22",27,-0.3,100,9389200,"S"
"DBC","14:15:21",27,-0.3,1000,9389100,"S"
"DBC","14:15:20",27,-0.3,100,9388100,"S"
"DBC","14:15:13",27,-0.3,600,9388000,"S"
"DBC","14:15:07",27,-0.3,200,9387400,"S"
"DBC","14:14:58",27,-0.3,200,9387200,"S"
"DBC","14:14:58",27,-0.3,2000,9387000,"S"
"DBC","14:14:55",27,-0.3,500,9385000,"S"
"DBC","14:14:48",27,-0.3,100,9384500,"S"
"DBC","14:14:44",27,-0.3,3200,9384400,"S"
"DBC","14:14:27",27,-0.3,100,9381200,"S"
"DBC","14:14:16",27,-0.3,5000,9381100,"S"
"DBC","14:13:54",27,-0.3,1000,9376100,"S"
"DBC","14:13:48",26.95,-0.35,10000,9375100,"B"
"DBC","14:13:26",27,-0.3,1000,9365100,"S"
"DBC","14:13:26",26.95,-0.35,200,9364100,"B"
"DBC","14:13:20",27,-0.3,20700,9363900,"B"
"DBC","14:13:19",27,-0.3,1000,9343200,"B"
"DBC","14:12:54",27,-0.3,2000,9342200,"B"
"DBC","14:12:53",27,-0.3,1000,9340200,"B"
"DBC","14:12:52",27.05,-0.25,3500,9339200,"S"
"DBC","14:12:41",27,-0.3,500,9335700,"B"
"DBC","14:12:25",27,-0.3,500,9335200,"B"
"DBC","14:12:16",27,-0.3,33500,9334700,"S"
"DBC","14:12:14",27,-0.3,5000,9301200,"S"
"DBC","14:12:11",26.95,-0.35,50000,9296200,"B"
"DBC","14:11:57",26.95,-0.35,400,9246200,"B"
"DBC","14:11:42",26.95,-0.35,4300,9245800,"S"
"DBC","14:11:35",26.95,-0.35,5000,9241500,"S"
"DBC","14:11:18",26.95,-0.35,1000,9236500,"S"
"DBC","14:11:08",26.95,-0.35,300,9235500,"S"
"DBC","14:11:06",26.9,-0.4,100000,9235200,"B"
"DBC","14:11:01",26.9,-0.4,50000,9135200,"B"
"DBC","14:10:45",26.9,-0.4,200,9085200,"B"
"DBC","14:10:34",26.85,-0.45,34700,9085000,"B"
"DBC","14:10:34",26.9,-0.4,15300,9050300,"B"
"DBC","14:10:33",26.95,-0.35,200,9035000,"S"
"DBC","14:10:15",26.9,-0.4,2000,9034800,"B"
"DBC","14:10:14",26.95,-0.35,200,9032800,"S"
"DBC","14:10:08",26.9,-0.4,100,9032600,"B"
"DBC","14:10:07",26.9,-0.4,200,9032500,"B"
"DBC","14:09:54",26.9,-0.4,4000,9032300,"S"
"DBC","14:09:44",26.95,-0.35,500,9028300,"S"
"DBC","14:09:42",26.85,-0.45,49700,9027800,"B"
"DBC","14:09:42",26.9,-0.4,1500,8978100,"S"
"DBC","14:09:38",26.9,-0.4,300,8976600,"S"
"DBC","14:09:36",26.9,-0.4,3500,8976300,"B"
"DBC","14:09:16",26.95,-0.35,100,8972800,"S"
"DBC","14:09:16",26.8,-0.5,18400,8972700,"B"
"DBC","14:09:16",26.85,-0.45,17000,8954300,"B"
"DBC","14:09:16",26.9,-0.4,14600,8937300,"B"
"DBC","14:09:09",26.95,-0.35,1000,8922700,"S"
"DBC","14:09:04",26.9,-0.4,100,8921700,"B"
"DBC","14:09:03",26.9,-0.4,50000,8921600,"B"
"DBC","14:09:02",26.9,-0.4,500,8871600,"B"
"DBC","14:08:54",26.9,-0.4,1400,8871100,"B"
"DBC","14:08:53",26.9,-0.4,400,8869700,"B"
"DBC","14:08:42",26.85,-0.45,100000,8869300,"B"
"DBC","14:08:40",26.9,-0.4,100,8769300,"S"
"DBC","14:08:35",26.85,-0.45,92900,8769200,"B"
"DBC","14:08:35",26.9,-0.4,7100,8676300,"B"
"DBC","14:08:33",26.9,-0.4,900,8669200,"S"
"DBC","14:08:31",26.9,-0.4,1000,8668300,"S"
"DBC","14:08:29",26.9,-0.4,800,8667300,"S"
"DBC","14:08:25",26.85,-0.45,100,8666500,"B"
"DBC","14:08:22",26.85,-0.45,300,8666400,"B"
"DBC","14:08:17",26.9,-0.4,5000,8666100,"S"
"DBC","14:08:15",26.9,-0.4,4100,8661100,"S"
"DBC","14:08:13",26.85,-0.45,100000,8657000,"B"
"DBC","14:08:13",26.9,-0.4,100,8557000,"S"
"DBC","14:08:07",26.9,-0.4,200,8556900,"S"
"DBC","14:08:04",26.9,-0.4,10000,8556700,"S"
"DBC","14:08:04",26.8,-0.5,77900,8546700,"B"
"DBC","14:08:04",26.85,-0.45,22100,8468800,"B"
"DBC","14:07:55",26.9,-0.4,200,8446700,"S"
"DBC","14:07:48",26.9,-0.4,1000,8446500,"S"
"DBC","14:07:46",26.85,-0.45,2000,8445500,"B"
"DBC","14:07:44",26.8,-0.5,13200,8443500,"B"
"DBC","14:07:44",26.8,-0.5,33300,8430300,"B"
"DBC","14:07:44",26.85,-0.45,3500,8397000,"B"
"DBC","14:07:41",26.85,-0.45,1500,8393500,"S"
"DBC","14:07:40",26.85,-0.45,200,8392000,"S"
"DBC","14:07:38",26.85,-0.45,100,8391800,"S"
"DBC","14:07:37",26.85,-0.45,300,8391700,"S"
"DBC","14:07:33",26.85,-0.45,15000,8391400,"S"
"DBC","14:07:29",26.85,-0.45,1000,8376400,"S"
"DBC","14:07:27",26.85,-0.45,2000,8375400,"S"
"DBC","14:07:20",26.85,-0.45,10000,8373400,"S"
"DBC","14:07:19",26.8,-0.5,50000,8363400,"B"
"DBC","14:07:17",26.85,-0.45,100,8313400,"S"
"DBC","14:07:13",26.85,-0.45,2100,8313300,"S"
"DBC","14:07:02",26.85,-0.45,700,8311200,"S"
"DBC","14:06:58",26.8,-0.5,49400,8310500,"B"
"DBC","14:06:58",26.8,-0.5,600,8261100,"B"
"DBC","14:06:46",26.8,-0.5,100,8260500,"B"
"DBC","14:06:37",26.8,-0.5,2000,8260400,"B"
"DBC","14:06:24",26.8,-0.5,300,8258400,"B"
"DBC","14:06:18",26.85,-0.45,100,8258100,"S"
"DBC","14:06:17",26.8,-0.5,800,8258000,"B"
"DBC","14:06:16",26.8,-0.5,100,8257200,"B"
"DBC","14:06:14",26.8,-0.5,500,8257100,"B"
"DBC","14:06:11",26.85,-0.45,16900,8256600,"S"
"DBC","14:06:10",26.8,-0.5,3000,8239700,"B"
"DBC","14:06:07",26.8,-0.5,4000,8236700,"B"
"DBC","14:06:06",26.8,-0.5,50000,8232700,"B"
"DBC","14:06:04",26.8,-0.5,400,8182700,"B"
"DBC","14:05:56",26.8,-0.5,46300,8182300,"S"
"DBC","14:05:54",26.8,-0.5,5000,8136000,"S"
"DBC","14:05:53",26.75,-0.55,900,8131000,"B"
"DBC","14:05:45",26.8,-0.5,5800,8130100,"S"
"DBC","14:05:44",26.8,-0.5,4100,8124300,"B"
"DBC","14:05:43",26.75,-0.55,26300,8120200,"B"
"DBC","14:05:43",26.75,-0.55,55400,8093900,"B"
"DBC","14:05:41",26.8,-0.5,600,8020200,"S"
"DBC","14:05:40",26.8,-0.5,300,8019600,"S"
"DBC","14:05:37",26.8,-0.5,300,8019300,"S"
"DBC","14:05:36",26.8,-0.5,100,8019000,"S"
"DBC","14:05:29",26.8,-0.5,100,8018900,"S"
"DBC","14:05:25",26.8,-0.5,11000,8018800,"S"
"DBC","14:05:19",26.8,-0.5,1000,8007800,"S"
"DBC","14:05:16",26.8,-0.5,3000,8006800,"S"
"DBC","14:05:13",26.8,-0.5,10000,8003800,"S"
"DBC","14:05:09",26.75,-0.55,100000,7993800,"B"
"DBC","14:05:06",26.8,-0.5,10000,7893800,"S"
"DBC","14:04:58",26.8,-0.5,15100,7883800,"B"
"DBC","14:04:57",26.85,-0.45,1000,7868700,"S"
"DBC","14:04:46",26.85,-0.45,11400,7867700,"S"
"DBC","14:04:41",26.8,-0.5,2700,7856300,"B"
"DBC","14:04:40",26.85,-0.45,300,7853600,"S"
"DBC","14:04:38",26.8,-0.5,100000,7853300,"B"
"DBC","14:04:32",26.85,-0.45,1800,7753300,"S"
"DBC","14:04:29",26.85,-0.45,1000,7751500,"S"
"DBC","14:04:24",26.8,-0.5,2100,7750500,"B"
"DBC","14:04:23",26.8,-0.5,300,7748400,"B"
"DBC","14:04:21",26.8,-0.5,400,7748100,"B"
"DBC","14:04:20",26.85,-0.45,6000,7747700,"S"
"DBC","14:04:19",26.8,-0.5,100000,7741700,"B"
"DBC","14:04:09",26.8,-0.5,2000,7641700,"B"
"DBC","14:04:09",26.85,-0.45,100,7639700,"S"
"DBC","14:04:05",26.8,-0.5,10000,7639600,"B"
"DBC","14:04:02",26.8,-0.5,5000,7629600,"B"
"DBC","14:04:00",26.8,-0.5,1500,7624600,"B"
"DBC","14:03:52",26.75,-0.55,30700,7623100,"B"
"DBC","14:03:51",26.75,-0.55,3500,7592400,"B"
"DBC","14:03:51",26.8,-0.5,15800,7588900,"B"
"DBC","14:03:50",26.8,-0.5,1000,7573100,"B"
"DBC","14:03:40",26.8,-0.5,1000,7572100,"B"
"DBC","14:03:37",26.8,-0.5,1800,7571100,"B"
"DBC","14:03:35",26.8,-0.5,200,7569300,"B"
"DBC","14:03:17",26.8,-0.5,3000,7569100,"B"
"DBC","14:03:08",26.8,-0.5,100,7566100,"B"
"DBC","14:03:07",26.85,-0.45,1000,7566000,"S"
"DBC","14:03:03",26.8,-0.5,1300,7565000,"B"
"DBC","14:03:01",26.8,-0.5,100,7563700,"B"
"DBC","14:02:51",26.8,-0.5,800,7563600,"B"
"DBC","14:02:42",26.8,-0.5,600,7562800,"S"
"DBC","14:02:34",26.8,-0.5,1400,7562200,"B"
"DBC","14:02:33",26.85,-0.45,100,7560800,"S"
"DBC","14:02:27",26.8,-0.5,1400,7560700,"B"
"DBC","14:02:23",26.85,-0.45,500,7559300,"S"
"DBC","14:02:21",26.8,-0.5,3700,7558800,"S"
"DBC","14:02:18",26.75,-0.55,1500,7555100,"B"
"DBC","14:02:16",26.8,-0.5,1300,7553600,"S"
"DBC","14:02:15",26.75,-0.55,100,7552300,"S"
"DBC","14:02:13",26.75,-0.55,100,7552200,"S"
"DBC","14:02:12",26.7,-0.6,8000,7552100,"B"
"DBC","14:02:09",26.7,-0.6,2300,7544100,"B"
"DBC","14:02:04",26.75,-0.55,2800,7541800,"S"
"DBC","14:02:04",26.7,-0.6,200,7539000,"S"
"DBC","14:02:03",26.7,-0.6,1600,7538800,"S"
"DBC","14:02:01",26.7,-0.6,400,7537200,"S"
"DBC","14:01:57",26.7,-0.6,3500,7536800,"S"
"DBC","14:01:55",26.7,-0.6,200,7533300,"S"
"DBC","14:01:52",26.7,-0.6,182100,7533100,"B"
"DBC","14:01:52",26.75,-0.55,13500,7351000,"B"
"DBC","14:01:41",26.8,-0.5,1000,7337500,"S"
"DBC","14:01:38",26.8,-0.5,400,7336500,"S"
"DBC","14:01:38",26.75,-0.55,2200,7336100,"S"
"DBC","14:01:37",26.75,-0.55,100,7333900,"S"
"DBC","14:01:36",26.7,-0.6,400,7333800,"B"
"DBC","14:01:32",26.75,-0.55,1000,7333400,"S"
"DBC","14:01:32",26.75,-0.55,1000,7332400,"S"
"DBC","14:01:31",26.75,-0.55,200,7331400,"S"
"DBC","14:01:28",26.7,-0.6,5500,7331200,"B"
"DBC","14:01:26",26.75,-0.55,1000,7325700,"S"
"DBC","14:01:25",26.75,-0.55,5000,7324700,"S"
"DBC","14:01:23",26.7,-0.6,300,7319700,"B"
"DBC","14:01:22",26.75,-0.55,5000,7319400,"S"
"DBC","14:01:20",26.75,-0.55,500,7314400,"S"
"DBC","14:01:18",26.7,-0.6,6400,7313900,"B"
"DBC","14:01:17",26.7,-0.6,400,7307500,"B"
"DBC","14:01:15",26.75,-0.55,1000,7307100,"S"
"DBC","14:01:15",26.75,-0.55,100,7306100,"S"
"DBC","14:01:13",26.75,-0.55,100,7306000,"S"
"DBC","14:01:10",26.75,-0.55,6400,7305900,"S"
"DBC","14:01:08",26.75,-0.55,700,7299500,"S"
"DBC","14:01:04",26.75,-0.55,2000,7298800,"S"
"DBC","14:01:00",26.75,-0.55,94900,7296800,"B"
"DBC","14:01:00",26.8,-0.5,39800,7201900,"B"
"DBC","14:00:35",26.8,-0.5,50000,7162100,"B"
"DBC","14:00:14",26.8,-0.5,2100,7112100,"B"
"DBC","14:00:14",26.85,-0.45,1000,7110000,"B"
"DBC","14:00:11",26.9,-0.4,200,7109000,"S"
"DBC","14:00:11",26.8,-0.5,100,7108800,"B"
"DBC","14:00:06",26.9,-0.4,2000,7108700,"S"
"DBC","14:00:03",26.8,-0.5,12000,7106700,"B"
"DBC","14:00:02",26.8,-0.5,15300,7094700,"S"
"DBC","14:00:02",26.75,-0.55,400,7079400,"B"
"DBC","13:59:58",26.8,-0.5,10000,7079000,"S"
"DBC","13:59:57",26.75,-0.55,3000,7069000,"B"
"DBC","13:59:57",26.8,-0.5,1000,7066000,"S"
"DBC","13:59:53",26.8,-0.5,600,7065000,"S"
"DBC","13:59:52",26.75,-0.55,3000,7064400,"B"
"DBC","13:59:49",26.8,-0.5,300,7061400,"S"
"DBC","13:59:47",26.8,-0.5,400,7061100,"S"
"DBC","13:59:46",26.8,-0.5,100,7060700,"S"
"DBC","13:59:45",26.8,-0.5,400,7060600,"S"
"DBC","13:59:44",26.8,-0.5,500,7060200,"S"
"DBC","13:59:42",26.8,-0.5,200,7059700,"S"
"DBC","13:59:39",26.8,-0.5,7300,7059500,"B"
"DBC","13:59:38",26.8,-0.5,102500,7052200,"B"
"DBC","13:59:38",26.8,-0.5,324900,6949700,"B"
"DBC","13:59:38",26.85,-0.45,138800,6624800,"B"
"DBC","13:59:38",26.9,-0.4,1000,6486000,"B"
"DBC","13:59:38",26.95,-0.35,1300,6485000,"S"
"DBC","13:59:38",26.9,-0.4,100,6483700,"S"
"DBC","13:59:35",26.9,-0.4,100,6483600,"S"
"DBC","13:59:35",26.9,-0.4,300,6483500,"B"
"DBC","13:59:31",26.9,-0.4,1600,6483200,"B"
"DBC","13:59:30",26.9,-0.4,1500,6481600,"B"
"DBC","13:59:29",26.95,-0.35,200,6480100,"S"
"DBC","13:59:26",26.9,-0.4,2000,6479900,"B"
"DBC","13:59:21",26.9,-0.4,10300,6477900,"S"
"DBC","13:59:20",26.85,-0.45,500,6467600,"B"
"DBC","13:59:19",26.9,-0.4,2000,6467100,"S"
"DBC","13:59:17",26.9,-0.4,700,6465100,"S"
"DBC","13:59:04",26.9,-0.4,100,6464400,"S"
"DBC","13:59:00",26.9,-0.4,5000,6464300,"S"
"DBC","13:58:59",26.9,-0.4,42500,6459300,"B"
"DBC","13:58:57",26.9,-0.4,6600,6416800,"B"
"DBC","13:58:46",26.9,-0.4,10000,6410200,"B"
"DBC","13:58:43",26.9,-0.4,5800,6400200,"B"
"DBC","13:58:31",26.9,-0.4,34600,6394400,"S"
"DBC","13:58:29",26.9,-0.4,100,6359800,"S"
"DBC","13:58:27",26.9,-0.4,2000,6359700,"S"
"DBC","13:58:26",26.9,-0.4,100,6357700,"S"
"DBC","13:58:24",26.9,-0.4,400,6357600,"S"
"DBC","13:58:10",26.9,-0.4,700,6357200,"S"
"DBC","13:58:08",26.85,-0.45,100,6356500,"B"
"DBC","13:58:04",26.9,-0.4,400,6356400,"S"
"DBC","13:58:04",26.85,-0.45,100,6356000,"B"
"DBC","13:57:58",26.9,-0.4,800,6355900,"S"
"DBC","13:57:51",26.9,-0.4,42200,6355100,"B"
"DBC","13:57:51",26.9,-0.4,73200,6312900,"B"
"DBC","13:57:49",26.9,-0.4,10000,6239700,"B"
"DBC","13:57:43",26.9,-0.4,31600,6229700,"B"
"DBC","13:57:33",26.95,-0.35,100,6198100,"S"
"DBC","13:57:24",26.9,-0.4,5000,6198000,"B"
"DBC","13:57:24",26.95,-0.35,200,6193000,"S"
"DBC","13:57:22",26.9,-0.4,10000,6192800,"B"
"DBC","13:57:16",26.9,-0.4,10000,6182800,"B"
"DBC","13:56:49",26.9,-0.4,1000,6172800,"B"
"DBC","13:56:48",26.95,-0.35,500,6171800,"S"
"DBC","13:56:48",26.95,-0.35,100,6171300,"S"
"DBC","13:56:42",26.95,-0.35,100,6171200,"S"
"DBC","13:56:35",26.95,-0.35,6000,6171100,"B"
"DBC","13:56:34",27,-0.3,5000,6165100,"S"
"DBC","13:56:26",26.95,-0.35,5000,6160100,"B"
"DBC","13:56:20",26.95,-0.35,10000,6155100,"B"
"DBC","13:56:14",26.95,-0.35,200,6145100,"S"
"DBC","13:56:14",26.95,-0.35,500,6144900,"S"
"DBC","13:56:11",26.95,-0.35,2000,6144400,"S"
"DBC","13:56:05",26.95,-0.35,1500,6142400,"S"
"DBC","13:55:58",26.95,-0.35,100,6140900,"S"
"DBC","13:55:57",26.95,-0.35,700,6140800,"B"
"DBC","13:55:50",26.95,-0.35,500,6140100,"S"
"DBC","13:55:47",26.95,-0.35,100,6139600,"S"
"DBC","13:55:44",26.95,-0.35,400,6139500,"B"
"DBC","13:55:39",26.95,-0.35,200,6139100,"B"
"DBC","13:55:37",26.95,-0.35,1000,6138900,"B"
"DBC","13:55:32",26.95,-0.35,1200,6137900,"B"
"DBC","13:55:19",26.95,-0.35,500,6136700,"B"
"DBC","13:55:16",26.95,-0.35,1000,6136200,"B"
"DBC","13:55:13",27,-0.3,700,6135200,"S"
"DBC","13:55:11",26.95,-0.35,19900,6134500,"B"
"DBC","13:55:11",26.95,-0.35,30100,6114600,"B"
"DBC","13:54:58",26.95,-0.35,200,6084500,"B"
"DBC","13:54:52",26.95,-0.35,5000,6084300,"B"
"DBC","13:54:49",26.95,-0.35,300,6079300,"B"
"DBC","13:54:46",26.95,-0.35,2500,6079000,"B"
"DBC","13:54:37",26.95,-0.35,500,6076500,"B"
"DBC","13:54:35",26.95,-0.35,1000,6076000,"B"
"DBC","13:54:31",26.95,-0.35,100,6075000,"B"
"DBC","13:54:21",26.95,-0.35,3000,6074900,"B"
"DBC","13:54:14",26.95,-0.35,300,6071900,"B"
"DBC","13:54:07",26.95,-0.35,7000,6071600,"B"
"DBC","13:53:47",26.95,-0.35,6100,6064600,"S"
"DBC","13:53:46",26.95,-0.35,14100,6058500,"S"
"DBC","13:53:41",26.95,-0.35,2000,6044400,"S"
"DBC","13:53:31",26.95,-0.35,500,6042400,"S"
"DBC","13:53:30",26.95,-0.35,1000,6041900,"S"
"DBC","13:53:28",26.95,-0.35,5700,6040900,"S"
"DBC","13:53:21",26.95,-0.35,100,6035200,"S"
"DBC","13:53:12",26.95,-0.35,900,6035100,"S"
"DBC","13:53:11",26.95,-0.35,5000,6034200,"S"
"DBC","13:53:09",26.95,-0.35,6400,6029200,"B"
"DBC","13:53:09",26.95,-0.35,5000,6022800,"B"
"DBC","13:52:55",26.95,-0.35,50000,6017800,"B"
"DBC","13:52:17",26.95,-0.35,2000,5967800,"B"
"DBC","13:52:13",27,-0.3,3000,5965800,"S"
"DBC","13:52:09",26.95,-0.35,500,5962800,"B"
"DBC","13:52:00",27,-0.3,500,5962300,"S"
"DBC","13:51:39",27,-0.3,300,5961800,"S"
"DBC","13:51:37",26.95,-0.35,11000,5961500,"B"
"DBC","13:51:33",26.9,-0.4,1400,5950500,"B"
"DBC","13:51:33",26.95,-0.35,800,5949100,"B"
"DBC","13:51:24",26.95,-0.35,1700,5948300,"B"
"DBC","13:51:21",26.95,-0.35,9700,5946600,"B"
"DBC","13:51:20",26.95,-0.35,300,5936900,"B"
"DBC","13:51:19",27,-0.3,900,5936600,"S"
"DBC","13:51:19",26.95,-0.35,1000,5935700,"B"
"DBC","13:51:18",26.95,-0.35,1000,5934700,"B"
"DBC","13:51:17",26.95,-0.35,6700,5933700,"B"
"DBC","13:51:14",26.95,-0.35,50000,5927000,"B"
"DBC","13:51:13",27,-0.3,500,5877000,"S"
"DBC","13:51:09",27,-0.3,400,5876500,"S"
"DBC","13:51:03",27,-0.3,600,5876100,"S"
"DBC","13:50:56",26.95,-0.35,1800,5875500,"B"
"DBC","13:50:49",26.95,-0.35,400,5873700,"B"
"DBC","13:50:47",26.95,-0.35,1300,5873300,"B"
"DBC","13:50:46",26.95,-0.35,1000,5872000,"B"
"DBC","13:50:45",26.95,-0.35,1000,5871000,"B"
"DBC","13:50:43",27,-0.3,3000,5870000,"S"
"DBC","13:50:27",26.95,-0.35,38100,5867000,"B"
"DBC","13:50:27",26.95,-0.35,2400,5828900,"B"
"DBC","13:50:25",27,-0.3,200,5826500,"S"
"DBC","13:50:06",27,-0.3,1000,5826300,"S"
"DBC","13:49:56",26.95,-0.35,5000,5825300,"B"
"DBC","13:49:51",27,-0.3,3000,5820300,"S"
"DBC","13:49:29",27,-0.3,200,5817300,"S"
"DBC","13:49:14",27,-0.3,200,5817100,"S"
"DBC","13:49:09",26.95,-0.35,2000,5816900,"B"
"DBC","13:49:07",26.95,-0.35,200,5814900,"B"
"DBC","13:49:06",27,-0.3,100,5814700,"S"
"DBC","13:48:55",27,-0.3,200,5814600,"S"
"DBC","13:48:54",27,-0.3,1000,5814400,"S"
"DBC","13:48:52",26.95,-0.35,200,5813400,"B"
"DBC","13:48:51",26.95,-0.35,3000,5813200,"B"
"DBC","13:48:49",26.95,-0.35,100,5810200,"B"
"DBC","13:48:47",27,-0.3,200,5810100,"S"
"DBC","13:48:43",26.95,-0.35,10000,5809900,"B"
"DBC","13:48:42",26.95,-0.35,5000,5799900,"B"
"DBC","13:48:40",27,-0.3,500,5794900,"S"
"DBC","13:48:35",26.95,-0.35,100,5794400,"B"
"DBC","13:48:35",27,-0.3,300,5794300,"S"
"DBC","13:48:34",27,-0.3,100,5794000,"S"
"DBC","13:48:33",27,-0.3,22700,5793900,"S"
"DBC","13:48:33",26.95,-0.35,4000,5771200,"B"
"DBC","13:48:15",27,-0.3,100,5767200,"S"
"DBC","13:48:10",27,-0.3,1000,5767100,"S"
"DBC","13:48:09",26.95,-0.35,2500,5766100,"B"
"DBC","13:48:07",27,-0.3,400,5763600,"S"
"DBC","13:48:02",27,-0.3,700,5763200,"S"
"DBC","13:48:01",27,-0.3,1000,5762500,"S"
"DBC","13:47:58",27,-0.3,100,5761500,"S"
"DBC","13:47:58",26.95,-0.35,1000,5761400,"B"
"DBC","13:47:43",27,-0.3,500,5760400,"S"
"DBC","13:47:43",27,-0.3,500,5759900,"S"
"DBC","13:47:39",27,-0.3,1000,5759400,"S"
"DBC","13:47:37",27,-0.3,100,5758400,"S"
"DBC","13:47:34",27,-0.3,500,5758300,"S"
"DBC","13:47:29",27,-0.3,1000,5757800,"B"
"DBC","13:47:28",27,-0.3,315900,5756800,"B"
"DBC","13:47:26",27.05,-0.25,100,5440900,"S"
"DBC","13:47:24",27.05,-0.25,100,5440800,"S"
"DBC","13:47:22",27.05,-0.25,1000,5440700,"S"
"DBC","13:47:14",27.05,-0.25,4200,5439700,"S"
"DBC","13:47:13",27.05,-0.25,500,5435500,"S"
"DBC","13:47:09",27.05,-0.25,1500,5435000,"S"
"DBC","13:47:06",27.05,-0.25,6300,5433500,"S"
"DBC","13:47:04",27.05,-0.25,900,5427200,"S"
"DBC","13:47:02",27.05,-0.25,2100,5426300,"S"
"DBC","13:47:00",27.05,-0.25,3000,5424200,"S"
"DBC","13:46:50",27.05,-0.25,11100,5421200,"S"
"DBC","13:46:44",27.05,-0.25,1600,5410100,"S"
"DBC","13:46:36",27.05,-0.25,500,5408500,"S"
"DBC","13:46:24",27.05,-0.25,400,5408000,"S"
"DBC","13:46:17",27.05,-0.25,18900,5407600,"B"
"DBC","13:46:07",27.05,-0.25,1000,5388700,"B"
"DBC","13:45:31",27.05,-0.25,100,5387700,"B"
"DBC","13:45:30",27.05,-0.25,4100,5387600,"B"
"DBC","13:45:19",27.05,-0.25,19600,5383500,"S"
"DBC","13:45:12",27.05,-0.25,2000,5363900,"S"
"DBC","13:44:54",27,-0.3,5000,5361900,"B"
"DBC","13:44:50",27.05,-0.25,500,5356900,"S"
"DBC","13:44:47",27.05,-0.25,300,5356400,"S"
"DBC","13:44:45",27,-0.3,2000,5356100,"B"
"DBC","13:44:38",27.05,-0.25,100,5354100,"S"
"DBC","13:44:38",27.05,-0.25,125500,5354000,"B"
"DBC","13:44:22",27.1,-0.2,1100,5228500,"S"
"DBC","13:44:06",27.1,-0.2,1000,5227400,"S"
"DBC","13:44:01",27.05,-0.25,2000,5226400,"B"
"DBC","13:43:54",27.05,-0.25,1000,5224400,"B"
"DBC","13:43:51",27.05,-0.25,1000,5223400,"B"
"DBC","13:43:48",27.05,-0.25,1000,5222400,"B"
"DBC","13:43:39",27.1,-0.2,10000,5221400,"S"
"DBC","13:43:24",27.05,-0.25,400,5211400,"B"
"DBC","13:43:07",27.1,-0.2,5000,5211000,"S"
"DBC","13:43:05",27.05,-0.25,100,5206000,"B"
"DBC","13:42:17",27.05,-0.25,2500,5205900,"S"
"DBC","13:42:13",27.05,-0.25,800,5203400,"S"
"DBC","13:42:13",27.05,-0.25,1000,5202600,"S"
"DBC","13:42:11",27.05,-0.25,300,5201600,"S"
"DBC","13:42:09",27.05,-0.25,1000,5201300,"S"
"DBC","13:42:07",27.05,-0.25,2000,5200300,"S"
"DBC","13:42:06",27.05,-0.25,200,5198300,"S"
"DBC","13:42:05",27.05,-0.25,200,5198100,"S"
"DBC","13:42:02",27.05,-0.25,100,5197900,"S"
"DBC","13:41:54",27.05,-0.25,300,5197800,"S"
"DBC","13:41:40",27.05,-0.25,600,5197500,"S"
"DBC","13:41:39",27.05,-0.25,100,5196900,"S"
"DBC","13:41:35",27.05,-0.25,200,5196800,"S"
"DBC","13:41:34",27.05,-0.25,7200,5196600,"S"
"DBC","13:41:30",27.05,-0.25,1700,5189400,"S"
"DBC","13:41:28",27.05,-0.25,4800,5187700,"S"
"DBC","13:41:22",27.05,-0.25,5000,5182900,"S"
"DBC","13:41:21",27.05,-0.25,500,5177900,"S"
"DBC","13:41:20",27,-0.3,128000,5177400,"B"
"DBC","13:41:19",27,-0.3,1000,5049400,"B"
"DBC","13:41:13",27,-0.3,1000,5048400,"B"
"DBC","13:41:08",27.05,-0.25,300,5047400,"S"
"DBC","13:41:07",27.05,-0.25,2100,5047100,"S"
"DBC","13:41:05",27.05,-0.25,6000,5045000,"S"
"DBC","13:41:02",27.05,-0.25,1000,5039000,"S"
"DBC","13:40:56",27.05,-0.25,100,5038000,"S"
"DBC","13:40:54",27.05,-0.25,2000,5037900,"S"
"DBC","13:40:53",27.05,-0.25,10000,5035900,"S"
"DBC","13:40:51",27.05,-0.25,23400,5025900,"B"
"DBC","13:40:49",27.05,-0.25,1000,5002500,"B"
"DBC","13:40:41",27.05,-0.25,700,5001500,"B"
"DBC","13:40:04",27.05,-0.25,27200,5000800,"B"
"DBC","13:40:04",27.05,-0.25,40800,4973600,"B"
"DBC","13:39:45",27.1,-0.2,500,4932800,"S"
"DBC","13:39:44",27.05,-0.25,1000,4932300,"B"
"DBC","13:39:25",27.1,-0.2,700,4931300,"S"
"DBC","13:39:23",27.05,-0.25,5000,4930600,"B"
"DBC","13:39:22",27.1,-0.2,500,4925600,"S"
"DBC","13:39:14",27.1,-0.2,100,4925100,"S"
"DBC","13:39:12",27.1,-0.2,4000,4925000,"S"
"DBC","13:39:01",27.1,-0.2,5800,4921000,"S"
"DBC","13:38:42",27.1,-0.2,1000,4915200,"S"
"DBC","13:38:39",27.1,-0.2,200,4914200,"S"
"DBC","13:38:38",27.1,-0.2,29500,4914000,"S"
"DBC","13:38:32",27.1,-0.2,800,4884500,"S"
"DBC","13:38:27",27.1,-0.2,100,4883700,"S"
"DBC","13:38:25",27.1,-0.2,100,4883600,"S"
"DBC","13:38:13",27.1,-0.2,3700,4883500,"S"
"DBC","13:38:04",27.1,-0.2,3000,4879800,"S"
"DBC","13:37:53",27.1,-0.2,200,4876800,"S"
"DBC","13:37:22",27.05,-0.25,100,4876600,"B"
"DBC","13:37:03",27.05,-0.25,7000,4876500,"B"
"DBC","13:36:57",27.05,-0.25,500,4869500,"B"
"DBC","13:36:55",27.05,-0.25,10000,4869000,"B"
"DBC","13:36:54",27.05,-0.25,500,4859000,"B"
"DBC","13:36:09",27.05,-0.25,400,4858500,"B"
"DBC","13:35:38",27.05,-0.25,100,4858100,"B"
"DBC","13:35:29",27.1,-0.2,2400,4858000,"S"
"DBC","13:35:09",27.1,-0.2,100,4855600,"S"
"DBC","13:34:55",27.1,-0.2,100,4855500,"S"
"DBC","13:34:52",27.1,-0.2,2000,4855400,"S"
"DBC","13:34:39",27.05,-0.25,1600,4853400,"B"
"DBC","13:34:31",27.05,-0.25,100,4851800,"B"
"DBC","13:33:54",27.05,-0.25,200,4851700,"B"
"DBC","13:33:50",27.05,-0.25,11400,4851500,"S"
"DBC","13:33:47",27.05,-0.25,100,4840100,"S"
"DBC","13:33:44",27.1,-0.2,3700,4840000,"S"
"DBC","13:33:44",27.05,-0.25,300,4836300,"S"
"DBC","13:33:39",27,-0.3,31500,4836000,"B"
"DBC","13:33:39",27.05,-0.25,28500,4804500,"B"
"DBC","13:33:38",27.05,-0.25,1000,4776000,"B"
"DBC","13:33:37",27.05,-0.25,15000,4775000,"B"
"DBC","13:33:21",27.05,-0.25,3000,4760000,"B"
"DBC","13:33:18",27.05,-0.25,10000,4757000,"B"
"DBC","13:33:16",27.1,-0.2,100,4747000,"S"
"DBC","13:33:07",27.05,-0.25,8000,4746900,"B"
"DBC","13:32:45",27.05,-0.25,5000,4738900,"B"
"DBC","13:32:36",27.05,-0.25,2400,4733900,"B"
"DBC","13:32:30",27.05,-0.25,3000,4731500,"B"
"DBC","13:32:21",27.05,-0.25,6000,4728500,"B"
"DBC","13:32:20",27.1,-0.2,300,4722500,"S"
"DBC","13:32:19",27.05,-0.25,300,4722200,"B"
"DBC","13:32:13",27.05,-0.25,4100,4721900,"B"
"DBC","13:32:12",27.05,-0.25,20000,4717800,"B"
"DBC","13:32:11",27.05,-0.25,1000,4697800,"B"
"DBC","13:32:10",27.05,-0.25,20000,4696800,"B"
"DBC","13:32:07",27.1,-0.2,100,4676800,"S"
"DBC","13:32:07",27.05,-0.25,5000,4676700,"B"
"DBC","13:32:07",27.1,-0.2,10000,4671700,"S"
"DBC","13:32:06",27.1,-0.2,200,4661700,"S"
"DBC","13:32:05",27.05,-0.25,30000,4661500,"B"
"DBC","13:32:01",27.05,-0.25,22000,4631500,"B"
"DBC","13:31:59",27.05,-0.25,20000,4609500,"B"
"DBC","13:31:53",27.05,-0.25,30000,4589500,"B"
"DBC","13:31:50",27.05,-0.25,1000,4559500,"B"
"DBC","13:31:48",27.05,-0.25,200,4558500,"B"
"DBC","13:31:47",27.1,-0.2,1000,4558300,"S"
"DBC","13:31:38",27.05,-0.25,400,4557300,"B"
"DBC","13:31:34",27.1,-0.2,1000,4556900,"S"
"DBC","13:31:21",27.05,-0.25,1200,4555900,"B"
"DBC","13:31:06",27.05,-0.25,500,4554700,"B"
"DBC","13:30:49",27.1,-0.2,100,4554200,"S"
"DBC","13:30:47",27.1,-0.2,100,4554100,"S"
"DBC","13:30:31",27.1,-0.2,43300,4554000,"B"
"DBC","13:30:24",27.1,-0.2,20000,4510700,"B"
"DBC","13:30:21",27.1,-0.2,6000,4490700,"B"
"DBC","13:30:17",27.1,-0.2,800,4484700,"B"
"DBC","13:30:12",27.1,-0.2,4400,4483900,"B"
"DBC","13:29:50",27.1,-0.2,2000,4479500,"B"
"DBC","13:29:21",27.1,-0.2,900,4477500,"B"
"DBC","13:29:15",27.1,-0.2,49100,4476600,"B"
"DBC","13:29:12",27.15,-0.15,10000,4427500,"S"
"DBC","13:29:10",27.15,-0.15,100,4417500,"S"
"DBC","13:29:03",27.15,-0.15,10000,4417400,"S"
"DBC","13:28:34",27.15,-0.15,300,4407400,"S"
"DBC","13:27:40",27.15,-0.15,200,4407100,"S"
"DBC","13:27:40",27.1,-0.2,2000,4406900,"B"
"DBC","13:27:36",27.1,-0.2,2000,4404900,"B"
"DBC","13:27:30",27.1,-0.2,5000,4402900,"B"
"DBC","13:26:04",27.1,-0.2,2900,4397900,"S"
"DBC","13:26:02",27.1,-0.2,300,4395000,"S"
"DBC","13:26:01",27.1,-0.2,200,4394700,"S"
"DBC","13:25:59",27.1,-0.2,10000,4394500,"S"
"DBC","13:25:58",27.1,-0.2,100,4384500,"S"
"DBC","13:25:56",27.1,-0.2,200,4384400,"S"
"DBC","13:25:52",27.1,-0.2,100000,4384200,"S"
"DBC","13:25:50",27.05,-0.25,600,4284200,"B"
"DBC","13:25:44",27.1,-0.2,11000,4283600,"S"
"DBC","13:25:40",27.1,-0.2,1000,4272600,"S"
"DBC","13:25:26",27.1,-0.2,5000,4271600,"S"
"DBC","13:25:20",27.1,-0.2,300,4266600,"S"
"DBC","13:25:18",27.1,-0.2,1200,4266300,"S"
"DBC","13:25:17",27.1,-0.2,26700,4265100,"B"
"DBC","13:25:12",27.1,-0.2,600,4238400,"B"
"DBC","13:25:11",27.15,-0.15,200,4237800,"S"
"DBC","13:25:10",27.1,-0.2,1000,4237600,"B"
"DBC","13:25:09",27.1,-0.2,10000,4236600,"B"
"DBC","13:25:03",27.1,-0.2,900,4226600,"B"
"DBC","13:24:57",27.1,-0.2,51000,4225700,"B"
"DBC","13:24:53",27.1,-0.2,19900,4174700,"B"
"DBC","13:24:46",27.1,-0.2,4500,4154800,"B"
"DBC","13:24:37",27.1,-0.2,800,4150300,"B"
"DBC","13:24:23",27.1,-0.2,5000,4149500,"B"
"DBC","13:23:58",27.1,-0.2,4000,4144500,"B"
"DBC","13:23:57",27.1,-0.2,200,4140500,"B"
"DBC","13:23:52",27.1,-0.2,400,4140300,"B"
"DBC","13:23:38",27.1,-0.2,500,4139900,"B"
"DBC","13:23:37",27.1,-0.2,10000,4139400,"B"
"DBC","13:23:31",27.1,-0.2,1000,4129400,"B"
"DBC","13:23:28",27.1,-0.2,500,4128400,"B"
"DBC","13:23:13",27.1,-0.2,100,4127900,"B"
"DBC","13:23:06",27.1,-0.2,500,4127800,"B"
"DBC","13:23:03",27.1,-0.2,16800,4127300,"B"
"DBC","13:23:00",27.1,-0.2,1200,4110500,"B"
"DBC","13:22:40",27.1,-0.2,113400,4109300,"B"
"DBC","13:22:10",27.1,-0.2,4500,3995900,"B"
"DBC","13:21:55",27.1,-0.2,1000,3991400,"B"
"DBC","13:21:44",27.15,-0.15,2000,3990400,"S"
"DBC","13:21:26",27.15,-0.15,10000,3988400,"S"
"DBC","13:21:25",27.15,-0.15,5000,3978400,"S"
"DBC","13:21:22",27.15,-0.15,100,3973400,"S"
"DBC","13:21:18",27.15,-0.15,3000,3973300,"S"
"DBC","13:21:04",27.15,-0.15,12000,3970300,"B"
"DBC","13:21:02",27.15,-0.15,2000,3958300,"B"
"DBC","13:21:01",27.15,-0.15,3000,3956300,"B"
"DBC","13:20:55",27.15,-0.15,2100,3953300,"B"
"DBC","13:20:16",27.15,-0.15,2700,3951200,"B"
"DBC","13:19:52",27.15,-0.15,1000,3948500,"B"
"DBC","13:19:50",27.15,-0.15,600,3947500,"B"
"DBC","13:19:12",27.15,-0.15,5000,3946900,"B"
"DBC","13:19:06",27.15,-0.15,400,3941900,"B"
"DBC","13:18:24",27.15,-0.15,1000,3941500,"B"
"DBC","13:18:15",27.15,-0.15,25000,3940500,"B"
"DBC","13:18:12",27.2,-0.1,10000,3915500,"S"
"DBC","13:18:06",27.15,-0.15,25000,3905500,"B"
"DBC","13:18:01",27.2,-0.1,1000,3880500,"S"
"DBC","13:17:40",27.2,-0.1,500,3879500,"S"
"DBC","13:17:36",27.2,-0.1,4000,3879000,"S"
"DBC","13:17:17",27.15,-0.15,29700,3875000,"B"
"DBC","13:17:11",27.2,-0.1,1000,3845300,"S"
"DBC","13:17:04",27.15,-0.15,100,3844300,"B"
"DBC","13:16:53",27.2,-0.1,900,3844200,"S"
"DBC","13:16:16",27.2,-0.1,200,3843300,"S"
"DBC","13:15:30",27.2,-0.1,100,3843100,"S"
"DBC","13:15:23",27.2,-0.1,20100,3843000,"B"
"DBC","13:15:22",27.2,-0.1,12000,3822900,"B"
"DBC","13:15:16",27.25,-0.05,18800,3810900,"S"
"DBC","13:15:10",27.2,-0.1,25000,3792100,"B"
"DBC","13:14:50",27.2,-0.1,10000,3767100,"B"
"DBC","13:14:31",27.2,-0.1,5400,3757100,"B"
"DBC","13:14:29",27.25,-0.05,2000,3751700,"S"
"DBC","13:14:26",27.2,-0.1,1500,3749700,"B"
"DBC","13:14:25",27.2,-0.1,500,3748200,"B"
"DBC","13:13:47",27.2,-0.1,3900,3747700,"B"
"DBC","13:13:19",27.25,-0.05,1100,3743800,"S"
"DBC","13:13:07",27.2,-0.1,2200,3742700,"B"
"DBC","13:12:40",27.2,-0.1,1000,3740500,"B"
"DBC","13:12:23",27.2,-0.1,2500,3739500,"B"
"DBC","13:11:40",27.25,-0.05,100,3737000,"S"
"DBC","13:11:27",27.2,-0.1,300,3736900,"B"
"DBC","13:10:50",27.2,-0.1,130200,3736600,"S"
"DBC","13:10:43",27.15,-0.15,1000,3606400,"B"
"DBC","13:10:28",27.15,-0.15,25000,3605400,"B"
"DBC","13:10:22",27.15,-0.15,25000,3580400,"B"
"DBC","13:09:45",27.15,-0.15,100,3555400,"B"
"DBC","13:09:21",27.15,-0.15,7900,3555300,"B"
"DBC","13:08:58",27.2,-0.1,100,3547400,"S"
"DBC","13:08:39",27.2,-0.1,300,3547300,"S"
"DBC","13:08:28",27.2,-0.1,5000,3547000,"S"
"DBC","13:08:23",27.2,-0.1,200,3542000,"S"
"DBC","13:07:58",27.2,-0.1,12200,3541800,"B"
"DBC","13:07:56",27.2,-0.1,1000,3529600,"B"
"DBC","13:07:39",27.25,-0.05,2800,3528600,"S"
"DBC","13:07:10",27.2,-0.1,2000,3525800,"B"
"DBC","13:07:02",27.2,-0.1,4000,3523800,"B"
"DBC","13:06:58",27.2,-0.1,1000,3519800,"B"
"DBC","13:06:20",27.2,-0.1,100,3518800,"B"
"DBC","13:05:36",27.2,-0.1,11400,3518700,"S"
"DBC","13:05:12",27.15,-0.15,30000,3507300,"B"
"DBC","13:04:41",27.2,-0.1,2200,3477300,"B"
"DBC","13:04:31",27.2,-0.1,15000,3475100,"B"
"DBC","13:04:29",27.2,-0.1,500,3460100,"B"
"DBC","13:04:28",27.2,-0.1,1000,3459600,"B"
"DBC","13:04:11",27.2,-0.1,500,3458600,"B"
"DBC","13:04:09",27.2,-0.1,500,3458100,"B"
"DBC","13:04:05",27.2,-0.1,2000,3457600,"B"
"DBC","13:03:50",27.2,-0.1,19000,3455600,"B"
"DBC","13:03:40",27.2,-0.1,16000,3436600,"B"
"DBC","13:03:38",27.25,-0.05,3500,3420600,"S"
"DBC","13:03:37",27.2,-0.1,300,3417100,"B"
"DBC","13:03:33",27.2,-0.1,1000,3416800,"B"
"DBC","13:03:29",27.2,-0.1,14000,3415800,"B"
"DBC","13:03:11",27.2,-0.1,9700,3401800,"B"
"DBC","13:03:04",27.25,-0.05,200,3392100,"S"
"DBC","13:03:02",27.2,-0.1,500,3391900,"B"
"DBC","13:02:43",27.25,-0.05,800,3391400,"S"
"DBC","13:01:58",27.2,-0.1,2000,3390600,"B"
"DBC","13:01:51",27.2,-0.1,5000,3388600,"B"
"DBC","13:01:25",27.2,-0.1,3000,3383600,"B"
"DBC","13:01:05",27.25,-0.05,3000,3380600,"S"
"DBC","13:00:54",27.2,-0.1,5000,3377600,"B"
"DBC","13:00:24",27.2,-0.1,48000,3372600,"B"
"DBC","13:00:19",27.2,-0.1,100,3324600,"B"
"DBC","13:00:18",27.2,-0.1,100,3324500,"B"
"DBC","13:00:14",27.2,-0.1,100,3324400,"B"
"DBC","13:00:11",27.2,-0.1,100,3324300,"B"
"DBC","13:00:04",27.2,-0.1,2000,3324200,"B"
"DBC","13:00:04",27.2,-0.1,10000,3322200,"B"
"DBC","13:00:03",27.25,-0.05,100,3312200,"S"
"DBC","13:00:02",27.2,-0.1,300,3312100,"B"
"DBC","13:00:00",27.2,-0.1,2700,3311800,"B"
"DBC","13:00:00",27.2,-0.1,800,3309100,"B"
"DBC","11:29:59",27.2,-0.1,2000,3308300,"B"
"DBC","11:29:11",27.2,-0.1,3100,3306300,"B"
"DBC","11:28:17",27.2,-0.1,500,3303200,"B"
"DBC","11:26:57",27.25,-0.05,600,3302700,"S"
"DBC","11:26:54",27.2,-0.1,2000,3302100,"B"
"DBC","11:26:38",27.25,-0.05,700,3300100,"S"
"DBC","11:26:29",27.25,-0.05,2000,3299400,"S"
"DBC","11:26:22",27.25,-0.05,200,3297400,"S"
"DBC","11:25:53",27.25,-0.05,100,3297200,"S"
"DBC","11:25:38",27.25,-0.05,3700,3297100,"B"
"DBC","11:24:49",27.25,-0.05,200,3293400,"S"
"DBC","11:24:25",27.25,-0.05,100,3293200,"S"
"DBC","11:24:11",27.25,-0.05,900,3293100,"S"
"DBC","11:24:09",27.25,-0.05,1800,3292200,"B"
"DBC","11:24:03",27.25,-0.05,1000,3290400,"B"
"DBC","11:23:51",27.25,-0.05,100,3289400,"B"
"DBC","11:23:32",27.25,-0.05,7600,3289300,"S"
"DBC","11:23:27",27.25,-0.05,3300,3281700,"S"
"DBC","11:23:22",27.2,-0.1,2200,3278400,"B"
"DBC","11:22:41",27.2,-0.1,100,3276200,"B"
"DBC","11:22:33",27.2,-0.1,600,3276100,"B"
"DBC","11:22:24",27.2,-0.1,1000,3275500,"B"
"DBC","11:22:17",27.2,-0.1,100,3274500,"B"
"DBC","11:21:20",27.25,-0.05,5000,3274400,"S"
"DBC","11:20:16",27.25,-0.05,15700,3269400,"B"
"DBC","11:19:37",27.25,-0.05,2000,3253700,"B"
"DBC","11:19:27",27.25,-0.05,4000,3251700,"B"
"DBC","11:19:24",27.25,-0.05,2000,3247700,"B"
"DBC","11:19:11",27.25,-0.05,4100,3245700,"B"
"DBC","11:18:18",27.3,0,5000,3241600,"S"
"DBC","11:17:01",27.3,0,900,3236600,"S"
"DBC","11:16:58",27.3,0,100,3235700,"S"
"DBC","11:16:18",27.3,0,7100,3235600,"B"
"DBC","11:16:17",27.3,0,33600,3228500,"B"
"DBC","11:13:58",27.35,0.05,28000,3194900,"S"
"DBC","11:13:37",27.35,0.05,7000,3166900,"B"
"DBC","11:12:38",27.35,0.05,2100,3159900,"B"
"DBC","11:11:41",27.35,0.05,11000,3157800,"S"
"DBC","11:09:59",27.35,0.05,300,3146800,"S"
"DBC","11:09:38",27.35,0.05,700,3146500,"S"
"DBC","11:09:30",27.35,0.05,2000,3145800,"S"
"DBC","11:08:07",27.35,0.05,24000,3143800,"B"
"DBC","11:07:48",27.35,0.05,20000,3119800,"B"
"DBC","11:07:43",27.4,0.1,200,3099800,"S"
"DBC","11:07:37",27.35,0.05,31000,3099600,"B"
"DBC","11:06:44",27.4,0.1,2000,3068600,"S"
"DBC","11:06:25",27.4,0.1,36800,3066600,"B"
"DBC","11:05:48",27.45,0.15,900,3029800,"B"
"DBC","11:05:27",27.45,0.15,300,3028900,"B"
"DBC","11:05:09",27.45,0.15,500,3028600,"B"
"DBC","11:05:01",27.5,0.2,21500,3028100,"B"
"DBC","11:04:55",27.5,0.2,100,3006600,"B"
"DBC","11:04:51",27.5,0.2,2000,3006500,"B"
"DBC","11:04:49",27.5,0.2,500,3004500,"B"
"DBC","11:04:47",27.5,0.2,1000,3004000,"B"
"DBC","11:04:35",27.5,0.2,3000,3003000,"B"
"DBC","11:04:20",27.55,0.25,100,3000000,"S"
"DBC","11:04:11",27.5,0.2,1000,2999900,"B"
"DBC","11:04:08",27.5,0.2,1000,2998900,"S"
"DBC","11:04:07",27.5,0.2,3000,2997900,"S"
"DBC","11:03:54",27.5,0.2,20000,2994900,"S"
"DBC","11:03:35",27.5,0.2,1000,2974900,"S"
"DBC","11:03:33",27.5,0.2,5000,2973900,"S"
"DBC","11:03:30",27.45,0.15,2000,2968900,"B"
"DBC","11:03:26",27.5,0.2,1800,2966900,"S"
"DBC","11:03:20",27.5,0.2,30000,2965100,"S"
"DBC","11:03:17",27.5,0.2,14200,2935100,"S"
"DBC","11:03:17",27.5,0.2,35800,2920900,"S"
"DBC","11:03:15",27.5,0.2,42000,2885100,"S"
"DBC","11:03:02",27.5,0.2,5700,2843100,"S"
"DBC","11:02:48",27.5,0.2,100,2837400,"S"
"DBC","11:02:41",27.5,0.2,15000,2837300,"S"
"DBC","11:02:40",27.5,0.2,100,2822300,"S"
"DBC","11:02:22",27.45,0.15,5600,2822200,"S"
"DBC","11:02:17",27.45,0.15,3500,2816600,"S"
"DBC","11:02:01",27.45,0.15,5000,2813100,"S"
"DBC","11:01:58",27.45,0.15,200,2808100,"S"
"DBC","11:01:53",27.45,0.15,10000,2807900,"S"
"DBC","11:01:50",27.45,0.15,10000,2797900,"S"
"DBC","11:01:49",27.45,0.15,20000,2787900,"S"
"DBC","11:01:41",27.45,0.15,20000,2767900,"S"
"DBC","11:01:37",27.45,0.15,100,2747900,"S"
"DBC","11:01:25",27.4,0.1,500,2747800,"B"
"DBC","11:01:18",27.4,0.1,100,2747300,"B"
"DBC","11:00:35",27.4,0.1,1000,2747200,"B"
"DBC","11:00:33",27.4,0.1,500,2746200,"B"
"DBC","11:00:30",27.4,0.1,900,2745700,"B"
"DBC","11:00:14",27.4,0.1,16400,2744800,"S"
"DBC","10:59:32",27.4,0.1,54500,2728400,"S"
"DBC","10:59:04",27.35,0.05,26200,2673900,"S"
"DBC","10:58:40",27.35,0.05,25000,2647700,"S"
"DBC","10:58:08",27.3,0,100,2622700,"B"
"DBC","10:57:58",27.35,0.05,60100,2622600,"S"
"DBC","10:57:34",27.35,0.05,1400,2562500,"S"
"DBC","10:57:23",27.3,0,16300,2561100,"S"
"DBC","10:57:08",27.25,-0.05,1000,2544800,"B"
"DBC","10:57:03",27.3,0,1000,2543800,"S"
"DBC","10:54:38",27.3,0,29200,2542800,"B"
"DBC","10:53:53",27.35,0.05,400,2513600,"S"
"DBC","10:53:36",27.35,0.05,1000,2513200,"S"
"DBC","10:52:43",27.35,0.05,2000,2512200,"S"
"DBC","10:52:31",27.3,0,6900,2510200,"S"
"DBC","10:52:10",27.3,0,1000,2503300,"S"
"DBC","10:50:45",27.3,0,100,2502300,"S"
"DBC","10:49:41",27.3,0,3400,2502200,"B"
"DBC","10:49:14",27.3,0,6700,2498800,"B"
"DBC","10:49:13",27.35,0.05,2200,2492100,"S"
"DBC","10:49:12",27.3,0,16000,2489900,"B"
"DBC","10:49:03",27.3,0,10000,2473900,"B"
"DBC","10:48:55",27.3,0,5000,2463900,"B"
"DBC","10:48:37",27.3,0,100,2458900,"B"
"DBC","10:48:21",27.35,0.05,500,2458800,"S"
"DBC","10:48:08",27.35,0.05,1000,2458300,"S"
"DBC","10:47:52",27.3,0,100,2457300,"S"
"DBC","10:47:51",27.3,0,62900,2457200,"S"
"DBC","10:47:35",27.2,-0.1,200,2394300,"B"
"DBC","10:47:22",27.3,0,1500,2394100,"S"
"DBC","10:47:17",27.3,0,1300,2392600,"S"
"DBC","10:47:16",27.3,0,1100,2391300,"S"
"DBC","10:46:44",27.3,0,100,2390200,"S"
"DBC","10:46:30",27.3,0,15300,2390100,"S"
"DBC","10:46:30",27.25,-0.05,4700,2374800,"S"
"DBC","10:46:28",27.25,-0.05,300,2370100,"S"
"DBC","10:45:08",27.3,0,32900,2369800,"S"
"DBC","10:45:08",27.25,-0.05,17100,2336900,"S"
"DBC","10:44:08",27.25,-0.05,500,2319800,"S"
"DBC","10:43:47",27.25,-0.05,200,2319300,"S"
"DBC","10:43:37",27.25,-0.05,2200,2319100,"B"
"DBC","10:42:42",27.3,0,6600,2316900,"S"
"DBC","10:42:42",27.25,-0.05,23400,2310300,"S"
"DBC","10:41:54",27.25,-0.05,40000,2286900,"S"
"DBC","10:41:40",27.25,-0.05,50000,2246900,"S"
"DBC","10:39:22",27.2,-0.1,7500,2196900,"S"
"DBC","10:39:15",27.2,-0.1,100,2189400,"S"
"DBC","10:39:12",27.2,-0.1,10000,2189300,"S"
"DBC","10:38:50",27.2,-0.1,1900,2179300,"S"
"DBC","10:38:39",27.2,-0.1,1000,2177400,"B"
"DBC","10:38:22",27.2,-0.1,500,2176400,"B"
"DBC","10:37:35",27.2,-0.1,9200,2175900,"S"
"DBC","10:37:06",27.2,-0.1,800,2166700,"B"
"DBC","10:37:03",27.2,-0.1,49200,2165900,"S"
"DBC","10:36:55",27.15,-0.15,1000,2116700,"B"
"DBC","10:36:22",27.15,-0.15,400,2115700,"B"
"DBC","10:35:53",27.15,-0.15,600,2115300,"S"
"DBC","10:35:50",27.15,-0.15,100,2114700,"S"
"DBC","10:35:50",27.15,-0.15,500,2114600,"S"
"DBC","10:35:40",27.15,-0.15,400,2114100,"S"
"DBC","10:35:37",27.15,-0.15,2000,2113700,"S"
"DBC","10:35:31",27.15,-0.15,1000,2111700,"S"
"DBC","10:35:27",27.15,-0.15,1000,2110700,"S"
"DBC","10:35:26",27.15,-0.15,500,2109700,"S"
"DBC","10:35:14",27.15,-0.15,500,2109200,"S"
"DBC","10:35:13",27.15,-0.15,200,2108700,"S"
"DBC","10:35:10",27.15,-0.15,500,2108500,"S"
"DBC","10:35:00",27.15,-0.15,5200,2108000,"S"
"DBC","10:34:56",27.15,-0.15,200,2102800,"S"
"DBC","10:34:51",27.15,-0.15,2000,2102600,"S"
"DBC","10:34:44",27.15,-0.15,100,2100600,"S"
"DBC","10:34:40",27.15,-0.15,700,2100500,"S"
"DBC","10:34:37",27.15,-0.15,5000,2099800,"S"
"DBC","10:34:28",27.15,-0.15,8000,2094800,"S"
"DBC","10:34:25",27.15,-0.15,1800,2086800,"S"
"DBC","10:34:16",27.15,-0.15,2000,2085000,"S"
"DBC","10:34:13",27.15,-0.15,10200,2083000,"S"
"DBC","10:33:47",27.15,-0.15,100,2072800,"S"
"DBC","10:33:45",27.15,-0.15,2500,2072700,"S"
"DBC","10:33:37",27.15,-0.15,1000,2070200,"S"
"DBC","10:33:33",27.15,-0.15,100,2069200,"S"
"DBC","10:33:31",27.15,-0.15,1100,2069100,"S"
"DBC","10:33:29",27.15,-0.15,10000,2068000,"S"
"DBC","10:33:21",27.15,-0.15,300,2058000,"S"
"DBC","10:33:19",27.15,-0.15,100,2057700,"S"
"DBC","10:33:12",27.15,-0.15,11100,2057600,"S"
"DBC","10:33:08",27.15,-0.15,1000,2046500,"S"
"DBC","10:32:39",27.15,-0.15,100,2045500,"S"
"DBC","10:32:27",27.1,-0.2,700,2045400,"B"
"DBC","10:32:20",27.15,-0.15,50000,2044700,"S"
"DBC","10:32:17",27.15,-0.15,200,1994700,"S"
"DBC","10:31:49",27.1,-0.2,500,1994500,"B"
"DBC","10:31:46",27.1,-0.2,25600,1994000,"B"
"DBC","10:31:41",27.15,-0.15,200,1968400,"S"
"DBC","10:31:35",27.15,-0.15,1000,1968200,"S"
"DBC","10:31:26",27.15,-0.15,300,1967200,"S"
"DBC","10:31:14",27.15,-0.15,3000,1966900,"S"
"DBC","10:30:59",27.1,-0.2,2000,1963900,"B"
"DBC","10:30:58",27.15,-0.15,600,1961900,"S"
"DBC","10:30:53",27.1,-0.2,500,1961300,"B"
"DBC","10:30:20",27.1,-0.2,1000,1960800,"B"
"DBC","10:30:11",27.15,-0.15,600,1959800,"S"
"DBC","10:29:52",27.1,-0.2,5000,1959200,"B"
"DBC","10:29:16",27.1,-0.2,5000,1954200,"B"
"DBC","10:29:00",27.1,-0.2,5000,1949200,"B"
"DBC","10:28:40",27.1,-0.2,500,1944200,"B"
"DBC","10:28:39",27.1,-0.2,2000,1943700,"B"
"DBC","10:28:24",27.1,-0.2,300,1941700,"B"
"DBC","10:28:20",27.1,-0.2,1100,1941400,"B"
"DBC","10:28:09",27.1,-0.2,200,1940300,"B"
"DBC","10:27:59",27.1,-0.2,19200,1940100,"S"
"DBC","10:27:55",27.1,-0.2,2200,1920900,"S"
"DBC","10:27:54",27.1,-0.2,34600,1918700,"B"
"DBC","10:27:37",27.1,-0.2,100,1884100,"B"
"DBC","10:27:23",27.1,-0.2,2000,1884000,"B"
"DBC","10:27:23",27.15,-0.15,5000,1882000,"S"
"DBC","10:26:52",27.1,-0.2,1000,1877000,"S"
"DBC","10:26:48",27.1,-0.2,2200,1876000,"S"
"DBC","10:26:41",27.1,-0.2,1000,1873800,"S"
"DBC","10:26:40",27.1,-0.2,700,1872800,"S"
"DBC","10:26:35",27.1,-0.2,3600,1872100,"S"
"DBC","10:26:34",27.1,-0.2,44500,1868500,"B"
"DBC","10:26:15",27.15,-0.15,100,1824000,"S"
"DBC","10:26:13",27.15,-0.15,100,1823900,"S"
"DBC","10:26:10",27.1,-0.2,1500,1823800,"B"
"DBC","10:26:02",27.15,-0.15,200,1822300,"S"
"DBC","10:25:54",27.1,-0.2,2500,1822100,"B"
"DBC","10:25:51",27.1,-0.2,300,1819600,"B"
"DBC","10:25:48",27.1,-0.2,7000,1819300,"B"
"DBC","10:25:34",27.1,-0.2,19000,1812300,"B"
"DBC","10:25:24",27.1,-0.2,10700,1793300,"B"
"DBC","10:25:24",27.1,-0.2,6300,1782600,"B"
"DBC","10:25:11",27.1,-0.2,300,1776300,"B"
"DBC","10:25:11",27.1,-0.2,900,1776000,"B"
"DBC","10:25:10",27.15,-0.15,5000,1775100,"S"
"DBC","10:25:09",27.1,-0.2,15000,1770100,"B"
"DBC","10:25:03",27.15,-0.15,300,1755100,"S"
"DBC","10:24:48",27.15,-0.15,100,1754800,"S"
"DBC","10:24:19",27.15,-0.15,4000,1754700,"S"
"DBC","10:23:28",27.1,-0.2,100,1750700,"B"
"DBC","10:23:17",27.15,-0.15,100,1750600,"S"
"DBC","10:22:58",27.15,-0.15,300,1750500,"S"
"DBC","10:22:49",27.15,-0.15,100,1750200,"S"
"DBC","10:22:48",27.1,-0.2,5000,1750100,"B"
"DBC","10:22:28",27.15,-0.15,1000,1745100,"S"
"DBC","10:22:13",27.15,-0.15,300,1744100,"B"
"DBC","10:22:12",27.15,-0.15,100,1743800,"B"
"DBC","10:21:20",27.2,-0.1,100,1743700,"S"
"DBC","10:21:19",27.2,-0.1,500,1743600,"S"
"DBC","10:20:53",27.2,-0.1,5700,1743100,"S"
"DBC","10:20:53",27.15,-0.15,4300,1737400,"S"
"DBC","10:20:42",27.15,-0.15,200,1733100,"S"
"DBC","10:20:15",27.15,-0.15,200,1732900,"S"
"DBC","10:19:48",27.15,-0.15,5000,1732700,"S"
"DBC","10:19:46",27.15,-0.15,300,1727700,"S"
"DBC","10:19:44",27.15,-0.15,200,1727400,"S"
"DBC","10:19:41",27.15,-0.15,1000,1727200,"S"
"DBC","10:19:41",27.15,-0.15,100,1726200,"S"
"DBC","10:19:38",27.1,-0.2,1300,1726100,"B"
"DBC","10:19:29",27.15,-0.15,100,1724800,"S"
"DBC","10:19:28",27.15,-0.15,2000,1724700,"S"
"DBC","10:19:24",27.15,-0.15,500,1722700,"S"
"DBC","10:19:01",27.15,-0.15,200,1722200,"S"
"DBC","10:18:52",27.15,-0.15,1000,1722000,"S"
"DBC","10:18:44",27.15,-0.15,500,1721000,"S"
"DBC","10:18:31",27.15,-0.15,18300,1720500,"B"
"DBC","10:18:24",27.2,-0.1,100,1702200,"S"
"DBC","10:18:12",27.2,-0.1,100,1702100,"S"
"DBC","10:17:51",27.15,-0.15,200,1702000,"B"
"DBC","10:17:49",27.15,-0.15,1700,1701800,"S"
"DBC","10:17:47",27.15,-0.15,600,1700100,"S"
"DBC","10:17:45",27.15,-0.15,28700,1699500,"B"
"DBC","10:17:43",27.15,-0.15,1000,1670800,"B"
"DBC","10:16:49",27.15,-0.15,500,1669800,"B"
"DBC","10:16:41",27.15,-0.15,300,1669300,"B"
"DBC","10:16:28",27.15,-0.15,24000,1669000,"S"
"DBC","10:16:26",27.15,-0.15,100,1645000,"S"
"DBC","10:16:21",27.15,-0.15,5400,1644900,"S"
"DBC","10:16:15",27.1,-0.2,4100,1639500,"B"
"DBC","10:15:55",27.1,-0.2,73000,1635400,"B"
"DBC","10:15:49",27.15,-0.15,100,1562400,"S"
"DBC","10:15:19",27.15,-0.15,300,1562300,"B"
"DBC","10:15:18",27.15,-0.15,1000,1562000,"B"
"DBC","10:15:11",27.15,-0.15,3800,1561000,"B"
"DBC","10:15:07",27.15,-0.15,3500,1557200,"B"
"DBC","10:15:02",27.15,-0.15,400,1553700,"B"
"DBC","10:14:59",27.2,-0.1,500,1553300,"S"
"DBC","10:14:58",27.15,-0.15,1500,1552800,"B"
"DBC","10:14:48",27.15,-0.15,200,1551300,"B"
"DBC","10:14:47",27.15,-0.15,600,1551100,"B"
"DBC","10:14:33",27.15,-0.15,2400,1550500,"B"
"DBC","10:14:32",27.15,-0.15,90900,1548100,"B"
"DBC","10:14:31",27.15,-0.15,14100,1457200,"B"
"DBC","10:14:30",27.2,-0.1,100,1443100,"S"
"DBC","10:14:29",27.15,-0.15,15200,1443000,"B"
"DBC","10:14:24",27.15,-0.15,1000,1427800,"B"
"DBC","10:14:17",27.15,-0.15,500,1426800,"B"
"DBC","10:14:00",27.15,-0.15,100,1426300,"B"
"DBC","10:13:54",27.15,-0.15,10000,1426200,"B"
"DBC","10:13:43",27.15,-0.15,200,1416200,"B"
"DBC","10:13:37",27.15,-0.15,5200,1416000,"B"
"DBC","10:12:50",27.15,-0.15,400,1410800,"B"
"DBC","10:12:39",27.15,-0.15,100,1410400,"B"
"DBC","10:12:15",27.15,-0.15,200,1410300,"B"
"DBC","10:11:16",27.2,-0.1,200,1410100,"S"
"DBC","10:11:11",27.2,-0.1,18800,1409900,"B"
"DBC","10:11:00",27.2,-0.1,400,1391100,"B"
"DBC","10:10:34",27.2,-0.1,100,1390700,"B"
"DBC","10:10:33",27.2,-0.1,100,1390600,"B"
"DBC","10:10:12",27.2,-0.1,200,1390500,"B"
"DBC","10:09:49",27.2,-0.1,2000,1390300,"B"
"DBC","10:09:46",27.2,-0.1,63800,1388300,"S"
"DBC","10:09:39",27.2,-0.1,2000,1324500,"S"
"DBC","10:09:34",27.15,-0.15,3200,1322500,"B"
"DBC","10:09:05",27.2,-0.1,100,1319300,"S"
"DBC","10:08:49",27.2,-0.1,1000,1319200,"S"
"DBC","10:08:30",27.2,-0.1,2500,1318200,"S"
"DBC","10:08:20",27.2,-0.1,1100,1315700,"S"
"DBC","10:07:54",27.2,-0.1,1000,1314600,"S"
"DBC","10:07:49",27.2,-0.1,300,1313600,"S"
"DBC","10:07:36",27.2,-0.1,500,1313300,"S"
"DBC","10:07:31",27.2,-0.1,300,1312800,"S"
"DBC","10:07:16",27.2,-0.1,125800,1312500,"B"
"DBC","10:07:10",27.25,-0.05,3000,1186700,"S"
"DBC","10:06:47",27.25,-0.05,100,1183700,"S"
"DBC","10:06:06",27.2,-0.1,100,1183600,"B"
"DBC","10:05:02",27.2,-0.1,1000,1183500,"B"
"DBC","10:04:29",27.25,-0.05,700,1182500,"S"
"DBC","10:04:18",27.25,-0.05,200,1181800,"S"
"DBC","10:03:43",27.25,-0.05,300,1181600,"S"
"DBC","10:03:38",27.25,-0.05,300,1181300,"S"
"DBC","10:03:26",27.25,-0.05,200,1181000,"S"
"DBC","10:02:56",27.25,-0.05,500,1180800,"S"
"DBC","10:02:53",27.25,-0.05,90600,1180300,"B"
"DBC","10:02:43",27.25,-0.05,9600,1089700,"S"
"DBC","10:02:35",27.25,-0.05,100,1080100,"S"
"DBC","10:02:24",27.25,-0.05,100,1080000,"S"
"DBC","10:02:16",27.25,-0.05,4000,1079900,"S"
"DBC","10:02:09",27.25,-0.05,100,1075900,"S"
"DBC","10:02:07",27.25,-0.05,100,1075800,"B"
"DBC","10:02:03",27.25,-0.05,900,1075700,"S"
"DBC","10:02:00",27.25,-0.05,100,1074800,"S"
"DBC","10:01:56",27.25,-0.05,10000,1074700,"S"
"DBC","10:01:37",27.25,-0.05,300,1064700,"S"
"DBC","10:00:46",27.25,-0.05,500,1064400,"S"
"DBC","10:00:29",27.25,-0.05,1000,1063900,"S"
"DBC","10:00:18",27.25,-0.05,1000,1062900,"S"
"DBC","09:59:49",27.25,-0.05,400,1061900,"B"
"DBC","09:59:41",27.25,-0.05,9600,1061500,"S"
"DBC","09:59:36",27.25,-0.05,100,1051900,"S"
"DBC","09:59:32",27.2,-0.1,1100,1051800,"B"
"DBC","09:59:31",27.25,-0.05,200,1050700,"S"
"DBC","09:59:19",27.25,-0.05,100,1050500,"B"
"DBC","09:59:10",27.25,-0.05,400,1050400,"S"
"DBC","09:59:03",27.25,-0.05,200,1050000,"S"
"DBC","09:58:47",27.25,-0.05,9400,1049800,"B"
"DBC","09:57:29",27.3,0,100,1040400,"S"
"DBC","09:57:21",27.3,0,1000,1040300,"S"
"DBC","09:56:59",27.3,0,200,1039300,"S"
"DBC","09:56:57",27.25,-0.05,10000,1039100,"B"
"DBC","09:56:57",27.3,0,500,1029100,"S"
"DBC","09:56:53",27.3,0,500,1028600,"S"
"DBC","09:56:20",27.3,0,9100,1028100,"B"
"DBC","09:55:06",27.35,0.05,1000,1019000,"S"
"DBC","09:54:53",27.3,0,21000,1018000,"S"
"DBC","09:53:22",27.3,0,1000,997000,"S"
"DBC","09:52:29",27.2,-0.1,3000,996000,"B"
"DBC","09:51:34",27.2,-0.1,200,993000,"B"
"DBC","09:51:26",27.3,0,85100,992800,"S"
"DBC","09:51:26",27.25,-0.05,31800,907700,"S"
"DBC","09:51:24",27.2,-0.1,900,875900,"B"
"DBC","09:51:19",27.2,-0.1,400,875000,"B"
"DBC","09:51:09",27.2,-0.1,500,874600,"B"
"DBC","09:51:02",27.25,-0.05,100,874100,"S"
"DBC","09:51:02",27.2,-0.1,4000,874000,"B"
"DBC","09:50:51",27.2,-0.1,1400,870000,"S"
"DBC","09:50:46",27.2,-0.1,1000,868600,"S"
"DBC","09:50:33",27.2,-0.1,1100,867600,"S"
"DBC","09:50:16",27.2,-0.1,100,866500,"S"
"DBC","09:50:15",27.2,-0.1,700,866400,"S"
"DBC","09:50:08",27.2,-0.1,10000,865700,"S"
"DBC","09:50:06",27.2,-0.1,17000,855700,"B"
"DBC","09:49:50",27.2,-0.1,100,838700,"B"
"DBC","09:49:46",27.2,-0.1,4600,838600,"S"
"DBC","09:49:37",27.2,-0.1,100,834000,"S"
"DBC","09:49:33",27.2,-0.1,300,833900,"S"
"DBC","09:49:26",27.2,-0.1,200,833600,"S"
"DBC","09:49:24",27.2,-0.1,2900,833400,"S"
"DBC","09:49:18",27.2,-0.1,500,830500,"S"
"DBC","09:48:55",27.2,-0.1,500,830000,"S"
"DBC","09:48:40",27.2,-0.1,200,829500,"S"
"DBC","09:48:30",27.2,-0.1,100,829300,"S"
"DBC","09:48:26",27.2,-0.1,200,829200,"S"
"DBC","09:48:21",27.2,-0.1,200,829000,"S"
"DBC","09:48:10",27.2,-0.1,200,828800,"S"
"DBC","09:48:09",27.2,-0.1,400,828600,"S"
"DBC","09:47:59",27.2,-0.1,6800,828200,"B"
"DBC","09:47:51",27.2,-0.1,3200,821400,"S"
"DBC","09:47:42",27.2,-0.1,100,818200,"S"
"DBC","09:47:39",27.2,-0.1,500,818100,"S"
"DBC","09:47:38",27.2,-0.1,7700,817600,"B"
"DBC","09:47:18",27.2,-0.1,24200,809900,"B"
"DBC","09:47:06",27.2,-0.1,24000,785700,"B"
"DBC","09:46:47",27.25,-0.05,100,761700,"S"
"DBC","09:46:02",27.25,-0.05,500,761600,"S"
"DBC","09:45:54",27.25,-0.05,2500,761100,"B"
"DBC","09:45:48",27.25,-0.05,10000,758600,"B"
"DBC","09:45:31",27.25,-0.05,9000,748600,"S"
"DBC","09:45:26",27.25,-0.05,1000,739600,"S"
"DBC","09:45:15",27.25,-0.05,400,738600,"S"
"DBC","09:44:58",27.25,-0.05,100,738200,"S"
"DBC","09:44:41",27.25,-0.05,100,738100,"S"
"DBC","09:44:25",27.25,-0.05,100,738000,"S"
"DBC","09:44:23",27.25,-0.05,300,737900,"S"
"DBC","09:43:46",27.25,-0.05,600,737600,"S"
"DBC","09:43:24",27.25,-0.05,61900,737000,"B"
"DBC","09:43:16",27.3,0,100,675100,"S"
"DBC","09:43:05",27.3,0,3000,675000,"S"
"DBC","09:42:19",27.3,0,8000,672000,"S"
"DBC","09:42:04",27.3,0,500,664000,"S"
"DBC","09:41:31",27.3,0,1800,663500,"S"
"DBC","09:41:20",27.3,0,100,661700,"S"
"DBC","09:41:06",27.3,0,23800,661600,"B"
"DBC","09:40:17",27.35,0.05,1400,637800,"S"
"DBC","09:40:13",27.3,0,2000,636400,"B"
"DBC","09:39:53",27.3,0,1800,634400,"B"
"DBC","09:39:48",27.3,0,1000,632600,"B"
"DBC","09:39:31",27.3,0,2000,631600,"B"
"DBC","09:39:16",27.3,0,2000,629600,"B"
"DBC","09:38:35",27.3,0,7000,627600,"B"
"DBC","09:38:32",27.35,0.05,100,620600,"S"
"DBC","09:38:23",27.3,0,300,620500,"B"
"DBC","09:37:33",27.3,0,5000,620200,"B"
"DBC","09:37:16",27.3,0,2000,615200,"B"
"DBC","09:37:12",27.3,0,20000,613200,"B"
"DBC","09:36:52",27.3,0,30000,593200,"B"
"DBC","09:36:47",27.3,0,12600,563200,"B"
"DBC","09:36:16",27.35,0.05,300,550600,"S"
"DBC","09:35:33",27.35,0.05,1000,550300,"S"
"DBC","09:35:29",27.3,0,100,549300,"B"
"DBC","09:35:24",27.35,0.05,5000,549200,"S"
"DBC","09:34:46",27.3,0,17000,544200,"B"
"DBC","09:34:27",27.35,0.05,3000,527200,"S"
"DBC","09:34:21",27.35,0.05,300,524200,"S"
"DBC","09:33:14",27.35,0.05,500,523900,"S"
"DBC","09:33:02",27.35,0.05,5000,523400,"S"
"DBC","09:32:28",27.35,0.05,300,518400,"S"
"DBC","09:32:11",27.35,0.05,15000,518100,"B"
"DBC","09:31:48",27.35,0.05,6000,503100,"B"
"DBC","09:31:18",27.4,0.1,500,497100,"S"
"DBC","09:31:17",27.35,0.05,2000,496600,"B"
"DBC","09:31:16",27.4,0.1,100,494600,"S"
"DBC","09:31:07",27.35,0.05,200,494500,"B"
"DBC","09:31:00",27.35,0.05,100,494300,"B"
"DBC","09:30:52",27.35,0.05,3000,494200,"B"
"DBC","09:30:43",27.4,0.1,1000,491200,"S"
"DBC","09:30:38",27.35,0.05,1000,490200,"B"
"DBC","09:30:20",27.35,0.05,2800,489200,"S"
"DBC","09:30:19",27.35,0.05,32700,486400,"S"
"DBC","09:30:13",27.3,0,1500,453700,"B"
"DBC","09:30:09",27.35,0.05,1000,452200,"S"
"DBC","09:30:05",27.3,0,1000,451200,"B"
"DBC","09:29:52",27.3,0,1000,450200,"B"
"DBC","09:29:37",27.3,0,100,449200,"B"
"DBC","09:29:34",27.35,0.05,1000,449100,"S"
"DBC","09:29:30",27.35,0.05,1500,448100,"S"
"DBC","09:29:25",27.35,0.05,200,446600,"S"
"DBC","09:28:57",27.3,0,30000,446400,"B"
"DBC","09:28:55",27.3,0,200,416400,"B"
"DBC","09:28:51",27.35,0.05,800,416200,"S"
"DBC","09:28:22",27.3,0,1000,415400,"B"
"DBC","09:28:17",27.3,0,50000,414400,"B"
"DBC","09:27:58",27.35,0.05,500,364400,"S"
"DBC","09:27:51",27.3,0,1000,363900,"B"
"DBC","09:27:48",27.35,0.05,1000,362900,"S"
"DBC","09:27:45",27.3,0,13000,361900,"B"
"DBC","09:26:40",27.35,0.05,1300,348900,"S"
"DBC","09:26:38",27.3,0,30000,347600,"B"
"DBC","09:26:23",27.35,0.05,3400,317600,"B"
"DBC","09:25:56",27.35,0.05,100,314200,"S"
"DBC","09:25:44",27.35,0.05,900,314100,"B"
"DBC","09:25:37",27.35,0.05,4100,313200,"S"
"DBC","09:25:11",27.3,0,2100,309100,"B"
"DBC","09:25:11",27.35,0.05,500,307000,"S"
"DBC","09:25:07",27.35,0.05,15000,306500,"S"
"DBC","09:25:06",27.35,0.05,200,291500,"S"
"DBC","09:25:04",27.35,0.05,100,291300,"S"
"DBC","09:24:54",27.35,0.05,1000,291200,"S"
"DBC","09:24:22",27.35,0.05,1600,290200,"S"
"DBC","09:24:08",27.3,0,100,288600,"B"
"DBC","09:24:04",27.35,0.05,900,288500,"S"
"DBC","09:23:52",27.35,0.05,300,287600,"S"
"DBC","09:23:48",27.35,0.05,300,287300,"S"
"DBC","09:23:47",27.35,0.05,100,287000,"S"
"DBC","09:23:39",27.35,0.05,500,286900,"S"
"DBC","09:23:17",27.35,0.05,200,286400,"S"
"DBC","09:22:59",27.3,0,15600,286200,"S"
"DBC","09:22:49",27.3,0,300,270600,"S"
"DBC","09:22:48",27.3,0,200,270300,"S"
"DBC","09:22:47",27.3,0,8300,270100,"S"
"DBC","09:22:45",27.3,0,400,261800,"S"
"DBC","09:22:34",27.3,0,300,261400,"S"
"DBC","09:22:20",27.3,0,2000,261100,"S"
"DBC","09:22:09",27.3,0,3000,259100,"S"
"DBC","09:21:59",27.3,0,200,256100,"S"
"DBC","09:21:58",27.3,0,3000,255900,"S"
"DBC","09:21:52",27.3,0,100,252900,"S"
"DBC","09:21:04",27.3,0,300,252800,"S"
"DBC","09:20:59",27.3,0,5000,252500,"S"
"DBC","09:20:40",27.3,0,900,247500,"S"
"DBC","09:20:26",27.3,0,100,246600,"S"
"DBC","09:20:19",27.3,0,100,246500,"S"
"DBC","09:20:11",27.3,0,300,246400,"S"
"DBC","09:19:52",27.3,0,3100,246100,"S"
"DBC","09:19:52",27.25,-0.05,1900,243000,"S"
"DBC","09:19:50",27.25,-0.05,24800,241100,"B"
"DBC","09:19:50",27.25,-0.05,16700,216300,"B"
"DBC","09:19:49",27.3,0,700,199600,"S"
"DBC","09:19:25",27.3,0,100,198900,"S"
"DBC","09:19:22",27.3,0,1300,198800,"S"
"DBC","09:18:55",27.3,0,200,197500,"S"
"DBC","09:18:35",27.3,0,5800,197300,"B"
"DBC","09:18:14",27.3,0,7800,191500,"S"
"DBC","09:18:02",27.3,0,500,183700,"S"
"DBC","09:17:59",27.3,0,11700,183200,"B"
"DBC","09:17:55",27.3,0,2000,171500,"B"
"DBC","09:17:38",27.35,0.05,700,169500,"S"
"DBC","09:17:25",27.3,0,18500,168800,"B"
"DBC","09:17:25",27.3,0,11500,150300,"B"
"DBC","09:17:12",27.35,0.05,200,138800,"S"
"DBC","09:17:10",27.3,0,2000,138600,"B"
"DBC","09:16:51",27.3,0,2000,136600,"B"
"DBC","09:16:42",27.35,0.05,1500,134600,"S"
"DBC","09:16:33",27.35,0.05,3100,133100,"B"
"DBC","09:16:32",27.35,0.05,200,130000,"B"
"DBC","09:16:16",27.35,0.05,100,129800,"B"
"DBC","09:16:01",27.35,0.05,100,129700,"B"
"DBC","09:15:42",27.3,0,700,129600,"B"
"DBC","09:15:33",27.4,0.1,1500,128900,"S"
"DBC","09:15:27",27.3,0,200,127400,"B"
"DBC","09:15:17",27.3,0,300,127200,"S"
"DBC","09:15:00",27.3,0,126900,126900,
