"symbol","time","price","change","vol","total","side"
"DXS","14:45:01",7.5,0.04,100000,1543100,
"DXS","14:29:47",7.48,0.02,200,1443100,"S"
"DXS","14:29:44",7.48,0.02,400,1442900,"S"
"DXS","14:29:35",7.46,0,5000,1442500,"B"
"DXS","14:28:56",7.48,0.02,100,1437500,"S"
"DXS","14:28:54",7.48,0.02,100,1437400,"S"
"DXS","14:28:50",7.48,0.02,100,1437300,"S"
"DXS","14:28:38",7.46,0,1200,1437200,"S"
"DXS","14:28:32",7.45,-0.01,1200,1436000,"B"
"DXS","14:28:31",7.46,0,5000,1434800,"S"
"DXS","14:28:25",7.45,-0.01,1500,1429800,"B"
"DXS","14:28:22",7.46,0,900,1428300,"S"
"DXS","14:28:22",7.46,0,1000,1427400,"S"
"DXS","14:28:16",7.46,0,7100,1426400,"B"
"DXS","14:28:09",7.46,0,17900,1419300,"S"
"DXS","14:28:03",7.45,-0.01,10000,1401400,"B"
"DXS","14:27:31",7.46,0,300,1391400,"S"
"DXS","14:26:50",7.46,0,9800,1391100,"B"
"DXS","14:26:32",7.47,0.01,500,1381300,"B"
"DXS","14:26:15",7.47,0.01,4500,1380800,"S"
"DXS","14:26:13",7.46,0,10200,1376300,"B"
"DXS","14:25:49",7.47,0.01,300,1366100,"S"
"DXS","14:25:18",7.47,0.01,100,1365800,"S"
"DXS","14:25:17",7.47,0.01,100,1365700,"S"
"DXS","14:24:37",7.47,0.01,1500,1365600,"B"
"DXS","14:24:21",7.47,0.01,600,1364100,"B"
"DXS","14:24:17",7.47,0.01,700,1363500,"B"
"DXS","14:24:02",7.47,0.01,500,1362800,"B"
"DXS","14:23:47",7.47,0.01,3400,1362300,"S"
"DXS","14:23:05",7.46,0,500,1358900,"B"
"DXS","14:23:03",7.47,0.01,100,1358400,"S"
"DXS","14:22:10",7.46,0,2000,1358300,"B"
"DXS","14:21:55",7.47,0.01,2100,1356300,"B"
"DXS","14:21:20",7.48,0.02,100,1354200,"S"
"DXS","14:19:34",7.47,0.01,500,1354100,"S"
"DXS","14:19:33",7.47,0.01,100,1353600,"S"
"DXS","14:19:09",7.47,0.01,9900,1353500,"S"
"DXS","14:18:14",7.46,0,10200,1343600,"B"
"DXS","14:17:53",7.47,0.01,100,1333400,"S"
"DXS","14:17:24",7.46,0,500,1333300,"B"
"DXS","14:17:00",7.46,0,2000,1332800,"B"
"DXS","14:16:52",7.47,0.01,200,1330800,"S"
"DXS","14:16:44",7.46,0,500,1330600,"B"
"DXS","14:15:13",7.47,0.01,900,1330100,"B"
"DXS","14:14:37",7.48,0.02,100,1329200,"S"
"DXS","14:14:34",7.48,0.02,500,1329100,"S"
"DXS","14:14:28",7.48,0.02,100,1328600,"S"
"DXS","14:14:25",7.48,0.02,100,1328500,"S"
"DXS","14:14:23",7.48,0.02,100,1328400,"S"
"DXS","14:12:18",7.47,0.01,4600,1328300,"S"
"DXS","14:11:35",7.46,0,4800,1323700,"B"
"DXS","14:11:16",7.46,0,200,1318900,"B"
"DXS","14:11:13",7.46,0,2500,1318700,"S"
"DXS","14:11:05",7.46,0,5000,1316200,"S"
"DXS","14:10:53",7.46,0,200,1311200,"S"
"DXS","14:10:01",7.46,0,100,1311000,"S"
"DXS","14:09:59",7.46,0,2300,1310900,"B"
"DXS","14:08:53",7.46,0,4900,1308600,"S"
"DXS","14:08:37",7.46,0,200,1303700,"B"
"DXS","14:08:08",7.46,0,900,1303500,"S"
"DXS","14:08:02",7.46,0,3000,1302600,"S"
"DXS","14:07:50",7.46,0,200,1299600,"S"
"DXS","14:07:12",7.46,0,300,1299400,"S"
"DXS","14:06:52",7.45,-0.01,700,1299100,"B"
"DXS","14:06:49",7.46,0,500,1298400,"S"
"DXS","14:06:10",7.45,-0.01,700,1297900,"B"
"DXS","14:05:45",7.45,-0.01,2500,1297200,"B"
"DXS","14:05:45",7.46,0,1500,1294700,"S"
"DXS","14:05:36",7.46,0,700,1293200,"B"
"DXS","14:05:29",7.46,0,2800,1292500,"B"
"DXS","14:05:20",7.46,0,6200,1289700,"S"
"DXS","14:05:13",7.46,0,100,1283500,"S"
"DXS","14:05:00",7.45,-0.01,1000,1283400,"B"
"DXS","14:04:30",7.46,0,200,1282400,"S"
"DXS","14:04:19",7.46,0,100,1282200,"S"
"DXS","14:03:44",7.46,0,9500,1282100,"B"
"DXS","14:03:32",7.46,0,100,1272600,"B"
"DXS","14:03:29",7.46,0,2400,1272500,"S"
"DXS","14:03:13",7.46,0,2900,1270100,"B"
"DXS","14:02:37",7.46,0,200,1267200,"B"
"DXS","14:01:36",7.46,0,700,1267000,"S"
"DXS","14:01:29",7.46,0,4000,1266300,"S"
"DXS","14:01:24",7.46,0,300,1262300,"B"
"DXS","14:00:57",7.46,0,200,1262000,"B"
"DXS","13:59:50",7.46,0,5600,1261800,"B"
"DXS","13:59:38",7.46,0,6100,1256200,"B"
"DXS","13:59:37",7.46,0,3900,1250100,"B"
"DXS","13:59:30",7.47,0.01,500,1246200,"B"
"DXS","13:59:04",7.47,0.01,900,1245700,"S"
"DXS","13:58:51",7.47,0.01,100,1244800,"B"
"DXS","13:58:34",7.47,0.01,100,1244700,"S"
"DXS","13:58:18",7.47,0.01,1900,1244600,"B"
"DXS","13:58:11",7.47,0.01,1500,1242700,"B"
"DXS","13:57:24",7.47,0.01,100,1241200,"S"
"DXS","13:57:19",7.47,0.01,4900,1241100,"B"
"DXS","13:56:45",7.47,0.01,100,1236200,"B"
"DXS","13:56:35",7.47,0.01,100,1236100,"S"
"DXS","13:56:31",7.47,0.01,200,1236000,"S"
"DXS","13:55:37",7.47,0.01,5100,1235800,"B"
"DXS","13:55:29",7.47,0.01,1900,1230700,"S"
"DXS","13:55:01",7.47,0.01,600,1228800,"B"
"DXS","13:54:51",7.47,0.01,400,1228200,"B"
"DXS","13:53:47",7.47,0.01,100,1227800,"S"
"DXS","13:53:32",7.47,0.01,1900,1227700,"B"
"DXS","13:51:29",7.48,0.02,2000,1225800,"B"
"DXS","13:51:14",7.47,0.01,2000,1223800,"B"
"DXS","13:50:37",7.48,0.02,200,1221800,"S"
"DXS","13:50:30",7.48,0.02,2000,1221600,"S"
"DXS","13:50:20",7.48,0.02,200,1219600,"S"
"DXS","13:50:16",7.48,0.02,200,1219400,"B"
"DXS","13:49:51",7.48,0.02,5000,1219200,"S"
"DXS","13:49:46",7.48,0.02,1000,1214200,"S"
"DXS","13:49:42",7.48,0.02,1000,1213200,"S"
"DXS","13:49:08",7.48,0.02,500,1212200,"S"
"DXS","13:48:55",7.48,0.02,1000,1211700,"S"
"DXS","13:48:54",7.48,0.02,500,1210700,"S"
"DXS","13:48:48",7.48,0.02,1000,1210200,"B"
"DXS","13:48:42",7.48,0.02,10200,1209200,"B"
"DXS","13:48:27",7.48,0.02,5100,1199000,"B"
"DXS","13:48:21",7.48,0.02,5100,1193900,"B"
"DXS","13:47:26",7.49,0.03,100,1188800,"S"
"DXS","13:46:54",7.49,0.03,300,1188700,"S"
"DXS","13:45:33",7.49,0.03,300,1188400,"B"
"DXS","13:45:28",7.49,0.03,5000,1188100,"B"
"DXS","13:45:15",7.5,0.04,200,1183100,"S"
"DXS","13:45:03",7.49,0.03,200,1182900,"B"
"DXS","13:44:58",7.49,0.03,2100,1182700,"S"
"DXS","13:44:56",7.49,0.03,500,1180600,"S"
"DXS","13:44:55",7.49,0.03,500,1180100,"S"
"DXS","13:44:53",7.49,0.03,500,1179600,"S"
"DXS","13:44:50",7.49,0.03,500,1179100,"S"
"DXS","13:44:38",7.49,0.03,100,1178600,"S"
"DXS","13:44:32",7.49,0.03,400,1178500,"S"
"DXS","13:43:54",7.49,0.03,2700,1178100,"S"
"DXS","13:43:49",7.49,0.03,4000,1175400,"S"
"DXS","13:43:48",7.49,0.03,1000,1171400,"S"
"DXS","13:42:44",7.49,0.03,3500,1170400,"S"
"DXS","13:42:23",7.49,0.03,3000,1166900,"S"
"DXS","13:42:03",7.49,0.03,2000,1163900,"S"
"DXS","13:41:04",7.49,0.03,1800,1161900,"S"
"DXS","13:40:23",7.48,0.02,25000,1160100,"B"
"DXS","13:39:56",7.48,0.02,200,1135100,"B"
"DXS","13:38:50",7.48,0.02,1000,1134900,"B"
"DXS","13:38:06",7.48,0.02,200,1133900,"B"
"DXS","13:38:04",7.48,0.02,2400,1133700,"S"
"DXS","13:36:33",7.48,0.02,400,1131300,"B"
"DXS","13:35:51",7.48,0.02,100,1130900,"S"
"DXS","13:35:17",7.48,0.02,500,1130800,"S"
"DXS","13:34:54",7.47,0.01,5000,1130300,"S"
"DXS","13:34:52",7.46,0,100,1125300,"B"
"DXS","13:34:33",7.46,0,16000,1125200,"B"
"DXS","13:34:27",7.47,0.01,100,1109200,"S"
"DXS","13:33:43",7.47,0.01,2400,1109100,"B"
"DXS","13:33:25",7.47,0.01,5100,1106700,"B"
"DXS","13:33:07",7.47,0.01,10200,1101600,"B"
"DXS","13:32:33",7.47,0.01,100,1091400,"B"
"DXS","13:31:44",7.47,0.01,2500,1091300,"B"
"DXS","13:31:15",7.48,0.02,100,1088800,"B"
"DXS","13:28:24",7.49,0.03,100,1088700,"B"
"DXS","13:27:35",7.49,0.03,500,1088600,"S"
"DXS","13:27:25",7.47,0.01,900,1088100,"B"
"DXS","13:27:10",7.48,0.02,5000,1087200,"S"
"DXS","13:27:04",7.48,0.02,5000,1082200,"S"
"DXS","13:26:53",7.48,0.02,10000,1077200,"B"
"DXS","13:26:05",7.49,0.03,2900,1067200,"S"
"DXS","13:26:04",7.49,0.03,100,1064300,"S"
"DXS","13:25:48",7.48,0.02,11000,1064200,"B"
"DXS","13:24:34",7.46,0,500,1053200,"B"
"DXS","13:24:34",7.47,0.01,1000,1052700,"B"
"DXS","13:22:31",7.46,0,6100,1051700,"S"
"DXS","13:22:25",7.46,0,100,1045600,"S"
"DXS","13:22:08",7.46,0,100,1045500,"S"
"DXS","13:22:06",7.46,0,100,1045400,"S"
"DXS","13:22:03",7.46,0,100,1045300,"S"
"DXS","13:21:50",7.46,0,1000,1045200,"S"
"DXS","13:21:24",7.45,-0.01,90000,1044200,"B"
"DXS","13:21:23",7.46,0,2500,954200,"B"
"DXS","13:21:16",7.46,0,20000,951700,"B"
"DXS","13:21:09",7.46,0,100,931700,"B"
"DXS","13:20:30",7.46,0,200,931600,"S"
"DXS","13:20:15",7.46,0,3700,931400,"S"
"DXS","13:20:02",7.46,0,1400,927700,"B"
"DXS","13:19:59",7.46,0,12600,926300,"B"
"DXS","13:19:54",7.46,0,2500,913700,"B"
"DXS","13:19:48",7.47,0.01,500,911200,"S"
"DXS","13:19:36",7.47,0.01,600,910700,"S"
"DXS","13:19:27",7.47,0.01,6300,910100,"B"
"DXS","13:19:20",7.47,0.01,20000,903800,"B"
"DXS","13:19:16",7.48,0.02,1000,883800,"S"
"DXS","13:19:12",7.48,0.02,500,882800,"S"
"DXS","13:19:07",7.48,0.02,100,882300,"S"
"DXS","13:19:02",7.48,0.02,100,882200,"S"
"DXS","13:18:51",7.48,0.02,200,882100,"S"
"DXS","13:18:37",7.48,0.02,600,881900,"B"
"DXS","13:18:28",7.48,0.02,10000,881300,"B"
"DXS","13:17:27",7.48,0.02,92900,871300,"B"
"DXS","13:17:15",7.5,0.04,2900,771300,"S"
"DXS","13:17:04",7.48,0.02,10000,768400,"B"
"DXS","13:17:01",7.51,0.05,100,758400,"B"
"DXS","13:16:41",7.5,0.04,500,758300,"S"
"DXS","13:16:29",7.5,0.04,500,757800,"S"
"DXS","13:16:09",7.5,0.04,300,757300,"S"
"DXS","13:15:30",7.5,0.04,300,757000,"S"
"DXS","13:15:27",7.48,0.02,10300,756700,"B"
"DXS","13:15:27",7.49,0.03,200,746400,"B"
"DXS","13:15:27",7.5,0.04,300,746200,"S"
"DXS","13:12:42",7.5,0.04,4300,745900,"B"
"DXS","13:11:55",7.51,0.05,1000,741600,"S"
"DXS","13:11:43",7.51,0.05,2000,740600,"S"
"DXS","13:11:37",7.51,0.05,100,738600,"S"
"DXS","13:11:26",7.5,0.04,5700,738500,"S"
"DXS","13:10:37",7.5,0.04,100,732800,"S"
"DXS","13:10:13",7.48,0.02,100,732700,"S"
"DXS","13:10:11",7.48,0.02,100,732600,"S"
"DXS","13:10:10",7.48,0.02,100,732500,"S"
"DXS","13:10:07",7.48,0.02,100,732400,"S"
"DXS","13:09:57",7.48,0.02,8700,732300,"B"
"DXS","13:09:45",7.48,0.02,10000,723600,"B"
"DXS","13:09:27",7.49,0.03,1100,713600,"B"
"DXS","13:08:55",7.5,0.04,2200,712500,"B"
"DXS","13:08:44",7.5,0.04,10000,710300,"B"
"DXS","13:08:31",7.5,0.04,30000,700300,"B"
"DXS","13:08:14",7.51,0.05,200,670300,"S"
"DXS","13:08:10",7.51,0.05,200,670100,"S"
"DXS","13:07:44",7.51,0.05,3000,669900,"B"
"DXS","13:07:15",7.52,0.06,400,666900,"B"
"DXS","13:07:14",7.52,0.06,7000,666500,"B"
"DXS","13:07:13",7.52,0.06,800,659500,"B"
"DXS","13:07:11",7.52,0.06,10300,658700,"B"
"DXS","13:07:09",7.52,0.06,300,648400,"B"
"DXS","13:06:52",7.52,0.06,1000,648100,"B"
"DXS","13:06:52",7.53,0.07,1500,647100,"S"
"DXS","13:06:12",7.52,0.06,5100,645600,"B"
"DXS","13:05:48",7.52,0.06,15000,640500,"B"
"DXS","13:05:29",7.53,0.07,600,625500,"B"
"DXS","13:05:16",7.53,0.07,6400,624900,"S"
"DXS","13:05:07",7.52,0.06,100,618500,"B"
"DXS","13:04:54",7.52,0.06,2000,618400,"B"
"DXS","13:04:40",7.52,0.06,2500,616400,"S"
"DXS","13:04:13",7.52,0.06,100,613900,"S"
"DXS","13:03:55",7.52,0.06,5000,613800,"S"
"DXS","13:03:36",7.52,0.06,1000,608800,"S"
"DXS","13:03:32",7.52,0.06,400,607800,"S"
"DXS","13:03:31",7.51,0.05,1000,607400,"B"
"DXS","13:03:11",7.52,0.06,900,606400,"S"
"DXS","13:03:01",7.51,0.05,100,605500,"B"
"DXS","13:02:57",7.51,0.05,100,605400,"B"
"DXS","13:02:56",7.51,0.05,1000,605300,"B"
"DXS","13:02:40",7.51,0.05,100,604300,"B"
"DXS","13:02:29",7.51,0.05,100,604200,"B"
"DXS","13:02:28",7.52,0.06,1000,604100,"S"
"DXS","13:02:18",7.51,0.05,4600,603100,"S"
"DXS","13:01:10",7.51,0.05,100,598500,"S"
"DXS","13:00:17",7.5,0.04,1000,598400,"B"
"DXS","13:00:16",7.5,0.04,1000,597400,"B"
"DXS","13:00:02",7.5,0.04,56800,596400,"S"
"DXS","13:00:01",7.49,0.03,300,539600,"B"
"DXS","13:00:00",7.49,0.03,100,539300,"B"
"DXS","11:29:16",7.49,0.03,2500,539200,"B"
"DXS","11:28:43",7.5,0.04,100,536700,"S"
"DXS","11:28:19",7.49,0.03,1000,536600,"S"
"DXS","11:27:47",7.49,0.03,5000,535600,"S"
"DXS","11:27:29",7.49,0.03,500,530600,"S"
"DXS","11:27:21",7.49,0.03,100,530100,"S"
"DXS","11:27:12",7.49,0.03,5000,530000,"S"
"DXS","11:27:04",7.49,0.03,1000,525000,"S"
"DXS","11:26:57",7.49,0.03,300,524000,"S"
"DXS","11:26:49",7.49,0.03,100,523700,"S"
"DXS","11:26:40",7.49,0.03,1000,523600,"S"
"DXS","11:26:35",7.49,0.03,2000,522600,"S"
"DXS","11:26:12",7.49,0.03,2000,520600,"S"
"DXS","11:26:03",7.49,0.03,2000,518600,"S"
"DXS","11:25:48",7.49,0.03,4000,516600,"S"
"DXS","11:25:15",7.48,0.02,2000,512600,"S"
"DXS","11:24:57",7.48,0.02,2500,510600,"B"
"DXS","11:24:41",7.48,0.02,200,508100,"B"
"DXS","11:23:50",7.48,0.02,2600,507900,"B"
"DXS","11:23:13",7.48,0.02,4700,505300,"S"
"DXS","11:22:30",7.48,0.02,100,500600,"S"
"DXS","11:22:24",7.48,0.02,100,500500,"S"
"DXS","11:22:24",7.48,0.02,2000,500400,"S"
"DXS","11:22:14",7.48,0.02,300,498400,"S"
"DXS","11:21:57",7.48,0.02,100,498100,"S"
"DXS","11:21:15",7.48,0.02,100,498000,"S"
"DXS","11:21:02",7.47,0.01,300,497900,"B"
"DXS","11:20:33",7.47,0.01,15000,497600,"B"
"DXS","11:20:00",7.48,0.02,300,482600,"B"
"DXS","11:19:57",7.48,0.02,500,482300,"B"
"DXS","11:19:41",7.48,0.02,5100,481800,"B"
"DXS","11:19:30",7.48,0.02,5100,476700,"B"
"DXS","11:19:12",7.49,0.03,100,471600,"S"
"DXS","11:17:22",7.48,0.02,2300,471500,"B"
"DXS","11:16:53",7.49,0.03,200,469200,"S"
"DXS","11:16:51",7.48,0.02,5000,469000,"B"
"DXS","11:16:49",7.48,0.02,5000,464000,"B"
"DXS","11:16:48",7.49,0.03,100,459000,"S"
"DXS","11:16:41",7.49,0.03,200,458900,"S"
"DXS","11:16:33",7.48,0.02,2000,458700,"B"
"DXS","11:16:25",7.49,0.03,200,456700,"S"
"DXS","11:16:01",7.48,0.02,3100,456500,"S"
"DXS","11:15:41",7.48,0.02,200,453400,"S"
"DXS","11:15:35",7.48,0.02,100,453200,"S"
"DXS","11:15:19",7.48,0.02,200,453100,"S"
"DXS","11:15:15",7.48,0.02,200,452900,"S"
"DXS","11:15:10",7.48,0.02,100,452700,"S"
"DXS","11:14:50",7.48,0.02,500,452600,"S"
"DXS","11:14:36",7.48,0.02,200,452100,"S"
"DXS","11:13:49",7.48,0.02,500,451900,"B"
"DXS","11:13:45",7.48,0.02,5000,451400,"B"
"DXS","11:12:55",7.48,0.02,1200,446400,"B"
"DXS","11:12:47",7.49,0.03,100,445200,"S"
"DXS","11:11:29",7.49,0.03,600,445100,"B"
"DXS","11:11:06",7.49,0.03,12000,444500,"B"
"DXS","11:10:48",7.5,0.04,100,432500,"S"
"DXS","11:10:31",7.5,0.04,100,432400,"S"
"DXS","11:10:14",7.5,0.04,200,432300,"S"
"DXS","11:09:48",7.5,0.04,100,432100,"S"
"DXS","11:09:36",7.5,0.04,100,432000,"S"
"DXS","11:09:31",7.5,0.04,500,431900,"S"
"DXS","11:09:21",7.5,0.04,100,431400,"S"
"DXS","11:09:13",7.5,0.04,2000,431300,"S"
"DXS","11:09:11",7.5,0.04,100,429300,"S"
"DXS","11:09:04",7.5,0.04,200,429200,"S"
"DXS","11:08:57",7.5,0.04,100,429000,"S"
"DXS","11:08:45",7.5,0.04,100,428900,"S"
"DXS","11:08:43",7.5,0.04,100,428800,"S"
"DXS","11:08:26",7.5,0.04,200,428700,"S"
"DXS","11:08:17",7.49,0.03,300,428500,"B"
"DXS","11:08:12",7.5,0.04,100,428200,"S"
"DXS","11:08:06",7.5,0.04,200,428100,"S"
"DXS","11:07:59",7.5,0.04,300,427900,"S"
"DXS","11:07:21",7.5,0.04,1500,427600,"S"
"DXS","11:07:16",7.49,0.03,900,426100,"S"
"DXS","11:07:11",7.49,0.03,100,425200,"S"
"DXS","11:06:55",7.49,0.03,200,425100,"S"
"DXS","11:06:54",7.49,0.03,5000,424900,"S"
"DXS","11:06:41",7.49,0.03,100,419900,"S"
"DXS","11:06:33",7.48,0.02,600,419800,"S"
"DXS","11:06:30",7.48,0.02,100,419200,"S"
"DXS","11:06:28",7.48,0.02,500,419100,"S"
"DXS","11:06:24",7.48,0.02,9900,418600,"B"
"DXS","11:06:17",7.48,0.02,100,408700,"B"
"DXS","11:06:08",7.49,0.03,200,408600,"S"
"DXS","11:06:03",7.49,0.03,10000,408400,"S"
"DXS","11:06:02",7.49,0.03,100,398400,"S"
"DXS","11:05:49",7.49,0.03,5000,398300,"S"
"DXS","11:05:47",7.49,0.03,2500,393300,"S"
"DXS","11:05:47",7.48,0.02,2500,390800,"S"
"DXS","11:05:45",7.48,0.02,1800,388300,"B"
"DXS","11:05:19",7.49,0.03,500,386500,"S"
"DXS","11:04:39",7.49,0.03,200,386000,"S"
"DXS","11:04:27",7.49,0.03,200,385800,"S"
"DXS","11:04:17",7.48,0.02,1400,385600,"S"
"DXS","11:04:16",7.48,0.02,200,384200,"S"
"DXS","11:04:15",7.48,0.02,500,384000,"S"
"DXS","11:04:14",7.48,0.02,200,383500,"S"
"DXS","11:04:10",7.48,0.02,200,383300,"S"
"DXS","11:04:08",7.48,0.02,200,383100,"S"
"DXS","11:04:07",7.48,0.02,100,382900,"S"
"DXS","11:04:04",7.48,0.02,100,382800,"S"
"DXS","11:03:45",7.48,0.02,5000,382700,"S"
"DXS","11:03:33",7.48,0.02,200,377700,"S"
"DXS","11:03:32",7.48,0.02,100,377500,"S"
"DXS","11:03:27",7.48,0.02,500,377400,"S"
"DXS","11:03:17",7.48,0.02,100,376900,"S"
"DXS","11:03:08",7.48,0.02,1000,376800,"S"
"DXS","11:03:02",7.48,0.02,200,375800,"S"
"DXS","11:02:53",7.48,0.02,100,375600,"S"
"DXS","11:02:18",7.48,0.02,400,375500,"S"
"DXS","11:02:17",7.48,0.02,500,375100,"S"
"DXS","11:02:05",7.48,0.02,5000,374600,"S"
"DXS","11:01:42",7.48,0.02,300,369600,"S"
"DXS","11:01:33",7.48,0.02,100,369300,"S"
"DXS","11:01:24",7.48,0.02,200,369200,"S"
"DXS","11:01:18",7.48,0.02,100,369000,"S"
"DXS","11:00:04",7.48,0.02,8100,368900,"B"
"DXS","10:58:53",7.48,0.02,6900,360800,"B"
"DXS","10:58:53",7.49,0.03,100,353900,"S"
"DXS","10:57:52",7.48,0.02,11200,353800,"S"
"DXS","10:57:27",7.47,0.01,100,342600,"B"
"DXS","10:56:59",7.48,0.02,1500,342500,"S"
"DXS","10:54:43",7.48,0.02,5100,341000,"B"
"DXS","10:53:40",7.48,0.02,8000,335900,"B"
"DXS","10:53:14",7.48,0.02,200,327900,"B"
"DXS","10:51:11",7.49,0.03,200,327700,"S"
"DXS","10:50:39",7.48,0.02,5900,327500,"S"
"DXS","10:49:03",7.48,0.02,200,321600,"S"
"DXS","10:47:45",7.48,0.02,200,321400,"S"
"DXS","10:47:06",7.48,0.02,2000,321200,"S"
"DXS","10:45:49",7.47,0.01,3700,319200,"S"
"DXS","10:45:34",7.47,0.01,1000,315500,"S"
"DXS","10:45:30",7.47,0.01,200,314500,"S"
"DXS","10:45:26",7.47,0.01,100,314300,"S"
"DXS","10:45:18",7.47,0.01,500,314200,"S"
"DXS","10:45:17",7.47,0.01,300,313700,"B"
"DXS","10:44:50",7.48,0.02,200,313400,"S"
"DXS","10:44:19",7.48,0.02,20000,313200,"S"
"DXS","10:41:29",7.48,0.02,200,293200,"S"
"DXS","10:39:34",7.46,0,10000,293000,"S"
"DXS","10:39:05",7.46,0,5000,283000,"S"
"DXS","10:38:32",7.46,0,500,278000,"S"
"DXS","10:37:53",7.46,0,300,277500,"S"
"DXS","10:36:57",7.46,0,3000,277200,"S"
"DXS","10:36:42",7.46,0,100,274200,"S"
"DXS","10:36:16",7.45,-0.01,600,274100,"B"
"DXS","10:35:36",7.45,-0.01,500,273500,"B"
"DXS","10:34:53",7.45,-0.01,400,273000,"S"
"DXS","10:34:49",7.45,-0.01,600,272600,"B"
"DXS","10:34:39",7.45,-0.01,400,272000,"S"
"DXS","10:34:25",7.45,-0.01,1000,271600,"S"
"DXS","10:33:55",7.45,-0.01,15300,270600,"B"
"DXS","10:32:02",7.46,0,300,255300,"S"
"DXS","10:31:59",7.46,0,100,255000,"S"
"DXS","10:31:32",7.46,0,500,254900,"S"
"DXS","10:31:24",7.46,0,1000,254400,"S"
"DXS","10:31:19",7.46,0,1400,253400,"B"
"DXS","10:30:58",7.46,0,21400,252000,"B"
"DXS","10:30:58",7.47,0.01,16900,230600,"B"
"DXS","10:30:42",7.48,0.02,1000,213700,"S"
"DXS","10:30:28",7.48,0.02,2100,212700,"B"
"DXS","10:30:02",7.48,0.02,500,210600,"B"
"DXS","10:29:45",7.48,0.02,800,210100,"B"
"DXS","10:29:35",7.48,0.02,100,209300,"B"
"DXS","10:29:26",7.48,0.02,500,209200,"B"
"DXS","10:29:25",7.48,0.02,1000,208700,"B"
"DXS","10:26:57",7.49,0.03,1000,207700,"S"
"DXS","10:26:55",7.49,0.03,1000,206700,"S"
"DXS","10:26:54",7.49,0.03,1000,205700,"S"
"DXS","10:23:58",7.49,0.03,100,204700,"S"
"DXS","10:23:27",7.46,0,100,204600,"B"
"DXS","10:21:09",7.46,0,8000,204500,"B"
"DXS","10:18:41",7.46,0,5000,196500,"B"
"DXS","10:18:09",7.46,0,4000,191500,"S"
"DXS","10:17:48",7.46,0,1000,187500,"B"
"DXS","10:16:47",7.46,0,5000,186500,"B"
"DXS","10:16:08",7.46,0,5000,181500,"B"
"DXS","10:13:52",7.46,0,30300,176500,"B"
"DXS","10:13:52",7.47,0.01,4000,146200,"B"
"DXS","10:13:52",7.48,0.02,5700,142200,"B"
"DXS","10:12:20",7.49,0.03,100,136500,"S"
"DXS","10:12:10",7.49,0.03,1500,136400,"S"
"DXS","10:10:40",7.49,0.03,4200,134900,"S"
"DXS","10:10:18",7.49,0.03,100,130700,"S"
"DXS","10:08:46",7.49,0.03,300,130600,"S"
"DXS","10:06:09",7.48,0.02,500,130300,"B"
"DXS","10:04:26",7.48,0.02,200,129800,"B"
"DXS","10:04:22",7.48,0.02,5500,129600,"B"
"DXS","10:03:23",7.48,0.02,200,124100,"B"
"DXS","10:03:12",7.48,0.02,200,123900,"B"
"DXS","10:03:04",7.48,0.02,2000,123700,"B"
"DXS","10:02:59",7.49,0.03,200,121700,"S"
"DXS","10:02:36",7.48,0.02,3000,121500,"B"
"DXS","10:02:25",7.48,0.02,300,118500,"B"
"DXS","10:01:47",7.49,0.03,100,118200,"S"
"DXS","10:00:36",7.49,0.03,200,118100,"S"
"DXS","10:00:14",7.49,0.03,500,117900,"S"
"DXS","09:58:04",7.48,0.02,200,117400,"B"
"DXS","09:57:43",7.48,0.02,1000,117200,"B"
"DXS","09:57:28",7.48,0.02,1000,116200,"B"
"DXS","09:56:53",7.48,0.02,1000,115200,"B"
"DXS","09:56:03",7.49,0.03,3100,114200,"S"
"DXS","09:55:57",7.49,0.03,1700,111100,"B"
"DXS","09:55:50",7.49,0.03,300,109400,"B"
"DXS","09:55:15",7.5,0.04,2000,109100,"S"
"DXS","09:53:49",7.5,0.04,800,107100,"S"
"DXS","09:53:19",7.48,0.02,100,106300,"B"
"DXS","09:53:19",7.49,0.03,300,106200,"B"
"DXS","09:53:17",7.49,0.03,1700,105900,"S"
"DXS","09:51:52",7.49,0.03,100,104200,"S"
"DXS","09:51:37",7.48,0.02,100,104100,"B"
"DXS","09:51:17",7.49,0.03,500,104000,"S"
"DXS","09:50:35",7.49,0.03,100,103500,"S"
"DXS","09:49:57",7.48,0.02,700,103400,"S"
"DXS","09:49:44",7.48,0.02,700,102700,"B"
"DXS","09:49:12",7.48,0.02,200,102000,"B"
"DXS","09:48:54",7.49,0.03,300,101800,"B"
"DXS","09:47:39",7.49,0.03,200,101500,"S"
"DXS","09:47:34",7.48,0.02,100,101300,"S"
"DXS","09:47:31",7.48,0.02,1000,101200,"S"
"DXS","09:47:28",7.48,0.02,1000,100200,"S"
"DXS","09:47:17",7.48,0.02,1000,99200,"S"
"DXS","09:47:07",7.47,0.01,1000,98200,"B"
"DXS","09:46:58",7.48,0.02,1900,97200,"B"
"DXS","09:46:44",7.5,0.04,100,95300,"S"
"DXS","09:45:16",7.5,0.04,1000,95200,"S"
"DXS","09:44:11",7.5,0.04,200,94200,"S"
"DXS","09:43:18",7.48,0.02,1000,94000,"S"
"DXS","09:43:01",7.48,0.02,2200,93000,"S"
"DXS","09:42:17",7.48,0.02,400,90800,"B"
"DXS","09:42:17",7.49,0.03,800,90400,"B"
"DXS","09:42:08",7.49,0.03,200,89600,"S"
"DXS","09:42:01",7.49,0.03,2000,89400,"S"
"DXS","09:41:20",7.48,0.02,1000,87400,"B"
"DXS","09:40:45",7.48,0.02,4000,86400,"B"
"DXS","09:40:27",7.49,0.03,100,82400,"S"
"DXS","09:39:54",7.5,0.04,500,82300,"S"
"DXS","09:34:29",7.5,0.04,200,81800,"S"
"DXS","09:34:01",7.5,0.04,400,81600,"S"
"DXS","09:33:57",7.5,0.04,100,81200,"S"
"DXS","09:31:15",7.5,0.04,100,81100,"S"
"DXS","09:31:12",7.48,0.02,100,81000,"B"
"DXS","09:31:11",7.48,0.02,100,80900,"B"
"DXS","09:30:32",7.5,0.04,3500,80800,"S"
"DXS","09:29:25",7.5,0.04,2700,77300,"S"
"DXS","09:29:25",7.5,0.04,200,74600,"S"
"DXS","09:27:57",7.5,0.04,11900,74400,"S"
"DXS","09:27:57",7.49,0.03,100,62500,"S"
"DXS","09:27:04",7.5,0.04,1000,62400,"S"
"DXS","09:26:28",7.49,0.03,1000,61400,"S"
"DXS","09:26:02",7.49,0.03,1000,60400,"S"
"DXS","09:25:13",7.49,0.03,6000,59400,"S"
"DXS","09:24:46",7.47,0.01,100,53400,"B"
"DXS","09:24:32",7.49,0.03,600,53300,"S"
"DXS","09:24:11",7.49,0.03,1000,52700,"B"
"DXS","09:24:09",7.5,0.04,7200,51700,"S"
"DXS","09:24:00",7.5,0.04,10000,44500,"S"
"DXS","09:23:52",7.5,0.04,4000,34500,"S"
"DXS","09:23:43",7.5,0.04,200,30500,"S"
"DXS","09:23:39",7.49,0.03,100,30300,"B"
"DXS","09:23:38",7.5,0.04,200,30200,"S"
"DXS","09:23:12",7.49,0.03,500,30000,"B"
"DXS","09:22:42",7.5,0.04,2000,29500,"S"
"DXS","09:22:27",7.5,0.04,200,27500,"S"
"DXS","09:22:20",7.49,0.03,2200,27300,"S"
"DXS","09:22:07",7.49,0.03,200,25100,"S"
"DXS","09:22:03",7.49,0.03,2600,24900,"S"
"DXS","09:21:50",7.49,0.03,1000,22300,"S"
"DXS","09:21:49",7.49,0.03,1000,21300,"S"
"DXS","09:21:33",7.49,0.03,200,20300,"S"
"DXS","09:21:14",7.49,0.03,300,20100,"B"
"DXS","09:19:55",7.49,0.03,300,19800,"B"
"DXS","09:19:21",7.49,0.03,100,19500,"S"
"DXS","09:19:15",7.49,0.03,900,19400,"B"
"DXS","09:19:13",7.5,0.04,2000,18500,"S"
"DXS","09:19:04",7.5,0.04,500,16500,"S"
"DXS","09:17:56",7.5,0.04,500,16000,"S"
"DXS","09:17:45",7.5,0.04,300,15500,"B"
"DXS","09:17:00",7.52,0.06,5000,15200,"S"
"DXS","09:15:35",7.52,0.06,100,10200,"B"
"DXS","09:15:19",7.53,0.07,100,10100,"S"
"DXS","09:15:00",7.54,0.08,10000,10000,
