"symbol","time","price","change","vol","total","side"
"ITA","14:45:01",6.46,0.04,123500,4961100,
"ITA","14:29:59",6.48,0.06,900,4837600,"B"
"ITA","14:29:52",6.48,0.06,4400,4836700,"S"
"ITA","14:29:49",6.48,0.06,2000,4832300,"S"
"ITA","14:29:37",6.48,0.06,800,4830300,"B"
"ITA","14:29:32",6.48,0.06,100,4829500,"B"
"ITA","14:29:25",6.48,0.06,100,4829400,"B"
"ITA","14:29:20",6.48,0.06,29000,4829300,"S"
"ITA","14:29:15",6.47,0.05,5000,4800300,"B"
"ITA","14:29:09",6.47,0.05,900,4795300,"S"
"ITA","14:28:50",6.47,0.05,500,4794400,"S"
"ITA","14:28:46",6.47,0.05,1500,4793900,"S"
"ITA","14:28:35",6.47,0.05,1600,4792400,"B"
"ITA","14:28:24",6.48,0.06,9200,4790800,"S"
"ITA","14:28:24",6.48,0.06,2100,4781600,"S"
"ITA","14:28:24",6.47,0.05,3700,4779500,"S"
"ITA","14:28:21",6.47,0.05,3600,4775800,"S"
"ITA","14:28:19",6.47,0.05,200,4772200,"S"
"ITA","14:28:16",6.46,0.04,10000,4772000,"B"
"ITA","14:28:14",6.47,0.05,20000,4762000,"S"
"ITA","14:28:09",6.47,0.05,100,4742000,"S"
"ITA","14:27:39",6.47,0.05,11800,4741900,"B"
"ITA","14:27:39",6.47,0.05,5000,4730100,"B"
"ITA","14:27:29",6.47,0.05,2000,4725100,"B"
"ITA","14:27:20",6.47,0.05,20000,4723100,"B"
"ITA","14:27:14",6.48,0.06,1000,4703100,"S"
"ITA","14:27:02",6.48,0.06,20000,4702100,"S"
"ITA","14:27:01",6.47,0.05,100,4682100,"B"
"ITA","14:26:55",6.47,0.05,300,4682000,"B"
"ITA","14:26:32",6.47,0.05,100,4681700,"B"
"ITA","14:26:26",6.48,0.06,500,4681600,"S"
"ITA","14:26:17",6.47,0.05,5000,4681100,"B"
"ITA","14:26:17",6.47,0.05,3000,4676100,"B"
"ITA","14:26:10",6.47,0.05,7300,4673100,"B"
"ITA","14:26:08",6.47,0.05,2000,4665800,"B"
"ITA","14:25:58",6.47,0.05,1000,4663800,"B"
"ITA","14:25:48",6.47,0.05,1000,4662800,"B"
"ITA","14:25:39",6.47,0.05,1000,4661800,"B"
"ITA","14:25:35",6.48,0.06,500,4660800,"S"
"ITA","14:25:28",6.47,0.05,300,4660300,"B"
"ITA","14:25:21",6.47,0.05,200,4660000,"B"
"ITA","14:25:14",6.48,0.06,5700,4659800,"S"
"ITA","14:25:11",6.47,0.05,5000,4654100,"B"
"ITA","14:24:11",6.47,0.05,300,4649100,"B"
"ITA","14:23:51",6.47,0.05,500,4648800,"B"
"ITA","14:23:47",6.47,0.05,2000,4648300,"B"
"ITA","14:23:32",6.47,0.05,1000,4646300,"B"
"ITA","14:22:57",6.47,0.05,800,4645300,"B"
"ITA","14:22:46",6.47,0.05,500,4644500,"B"
"ITA","14:22:28",6.47,0.05,200,4644000,"B"
"ITA","14:21:42",6.48,0.06,100,4643800,"S"
"ITA","14:21:34",6.47,0.05,14000,4643700,"S"
"ITA","14:21:27",6.47,0.05,500,4629700,"S"
"ITA","14:21:16",6.47,0.05,100,4629200,"S"
"ITA","14:20:49",6.47,0.05,100,4629100,"S"
"ITA","14:20:38",6.47,0.05,200,4629000,"S"
"ITA","14:19:52",6.47,0.05,500,4628800,"S"
"ITA","14:19:20",6.47,0.05,2000,4628300,"S"
"ITA","14:19:19",6.47,0.05,5000,4626300,"B"
"ITA","14:19:15",6.47,0.05,1000,4621300,"B"
"ITA","14:19:14",6.47,0.05,2000,4620300,"B"
"ITA","14:19:08",6.47,0.05,500,4618300,"B"
"ITA","14:18:46",6.47,0.05,500,4617800,"B"
"ITA","14:18:12",6.47,0.05,5000,4617300,"B"
"ITA","14:18:00",6.47,0.05,2000,4612300,"B"
"ITA","14:17:55",6.47,0.05,1000,4610300,"B"
"ITA","14:17:51",6.47,0.05,14600,4609300,"S"
"ITA","14:17:43",6.47,0.05,300,4594700,"S"
"ITA","14:17:15",6.47,0.05,500,4594400,"S"
"ITA","14:17:07",6.46,0.04,1000,4593900,"B"
"ITA","14:16:42",6.46,0.04,3500,4592900,"B"
"ITA","14:16:40",6.46,0.04,30000,4589400,"B"
"ITA","14:16:07",6.46,0.04,2200,4559400,"B"
"ITA","14:14:54",6.46,0.04,1600,4557200,"S"
"ITA","14:14:54",6.46,0.04,1000,4555600,"S"
"ITA","14:14:49",6.46,0.04,9000,4554600,"S"
"ITA","14:14:48",6.46,0.04,5000,4545600,"S"
"ITA","14:14:47",6.46,0.04,5000,4540600,"S"
"ITA","14:14:45",6.46,0.04,5000,4535600,"S"
"ITA","14:14:43",6.46,0.04,200,4530600,"S"
"ITA","14:14:36",6.46,0.04,5000,4530300,"S"
"ITA","14:14:34",6.46,0.04,10000,4525300,"S"
"ITA","14:14:28",6.46,0.04,6000,4515300,"S"
"ITA","14:14:04",6.46,0.04,10000,4509300,"S"
"ITA","14:13:55",6.46,0.04,2000,4499300,"S"
"ITA","14:13:09",6.46,0.04,700,4497300,"S"
"ITA","14:12:41",6.45,0.03,2000,4496600,"B"
"ITA","14:12:37",6.46,0.04,500,4494600,"S"
"ITA","14:12:01",6.46,0.04,5000,4494100,"S"
"ITA","14:11:51",6.46,0.04,2000,4489100,"S"
"ITA","14:11:47",6.46,0.04,10000,4487100,"S"
"ITA","14:11:45",6.46,0.04,500,4477100,"S"
"ITA","14:11:42",6.46,0.04,1000,4476600,"S"
"ITA","14:11:38",6.46,0.04,500,4475600,"S"
"ITA","14:11:27",6.46,0.04,5000,4475100,"S"
"ITA","14:11:25",6.46,0.04,200,4470100,"S"
"ITA","14:11:23",6.46,0.04,100,4469900,"S"
"ITA","14:11:22",6.46,0.04,5000,4469800,"S"
"ITA","14:11:00",6.46,0.04,1000,4464800,"S"
"ITA","14:09:33",6.45,0.03,17000,4463800,"S"
"ITA","14:09:24",6.45,0.03,3500,4446800,"S"
"ITA","14:09:18",6.45,0.03,100,4443300,"S"
"ITA","14:09:00",6.45,0.03,2800,4443200,"S"
"ITA","14:08:54",6.45,0.03,1600,4440400,"B"
"ITA","14:08:49",6.45,0.03,100,4438800,"B"
"ITA","14:08:38",6.45,0.03,18300,4438700,"S"
"ITA","14:08:30",6.45,0.03,100,4420400,"S"
"ITA","14:08:18",6.45,0.03,2000,4420300,"S"
"ITA","14:08:11",6.44,0.02,400,4418300,"B"
"ITA","14:08:09",6.45,0.03,1000,4417900,"S"
"ITA","14:07:44",6.44,0.02,2000,4416900,"B"
"ITA","14:07:41",6.44,0.02,700,4414900,"B"
"ITA","14:07:21",6.44,0.02,100,4414200,"S"
"ITA","14:07:16",6.44,0.02,8200,4414100,"B"
"ITA","14:07:09",6.44,0.02,20000,4405900,"B"
"ITA","14:06:54",6.44,0.02,2000,4385900,"S"
"ITA","14:06:44",6.44,0.02,2000,4383900,"S"
"ITA","14:05:33",6.44,0.02,2000,4381900,"B"
"ITA","14:05:29",6.44,0.02,1000,4379900,"S"
"ITA","14:05:14",6.44,0.02,9500,4378900,"B"
"ITA","14:05:09",6.44,0.02,500,4369400,"B"
"ITA","14:05:01",6.44,0.02,15000,4368900,"B"
"ITA","14:04:58",6.44,0.02,2000,4353900,"B"
"ITA","14:04:46",6.44,0.02,3500,4351900,"S"
"ITA","14:04:38",6.43,0.01,200,4348400,"B"
"ITA","14:04:38",6.43,0.01,300,4348200,"B"
"ITA","14:04:33",6.44,0.02,100,4347900,"S"
"ITA","14:04:27",6.44,0.02,100,4347800,"S"
"ITA","14:04:26",6.44,0.02,2000,4347700,"S"
"ITA","14:03:51",6.43,0.01,400,4345700,"B"
"ITA","14:02:01",6.43,0.01,14200,4345300,"B"
"ITA","14:01:41",6.43,0.01,100,4331100,"B"
"ITA","14:01:40",6.44,0.02,100,4331000,"S"
"ITA","14:01:24",6.43,0.01,6200,4330900,"B"
"ITA","14:01:16",6.44,0.02,1000,4324700,"S"
"ITA","14:01:08",6.44,0.02,15000,4323700,"S"
"ITA","14:00:46",6.43,0.01,200,4308700,"B"
"ITA","14:00:38",6.43,0.01,100,4308500,"B"
"ITA","14:00:22",6.43,0.01,300,4308400,"B"
"ITA","14:00:18",6.43,0.01,500,4308100,"B"
"ITA","14:00:10",6.43,0.01,500,4307600,"B"
"ITA","14:00:10",6.43,0.01,2000,4307100,"B"
"ITA","13:59:59",6.43,0.01,500,4305100,"B"
"ITA","13:59:55",6.43,0.01,5000,4304600,"B"
"ITA","13:59:08",6.43,0.01,100,4299600,"B"
"ITA","13:58:53",6.43,0.01,100,4299500,"B"
"ITA","13:58:18",6.43,0.01,4000,4299400,"B"
"ITA","13:58:12",6.44,0.02,200,4295400,"S"
"ITA","13:57:46",6.44,0.02,100,4295200,"S"
"ITA","13:57:29",6.44,0.02,100,4295100,"S"
"ITA","13:56:43",6.43,0.01,1000,4295000,"B"
"ITA","13:56:34",6.43,0.01,100,4294000,"B"
"ITA","13:56:33",6.43,0.01,900,4293900,"S"
"ITA","13:56:17",6.42,0,500,4293000,"B"
"ITA","13:55:59",6.43,0.01,4000,4292500,"S"
"ITA","13:55:52",6.43,0.01,500,4288500,"S"
"ITA","13:55:40",6.43,0.01,100,4288000,"S"
"ITA","13:55:38",6.43,0.01,900,4287900,"S"
"ITA","13:55:34",6.43,0.01,1700,4287000,"B"
"ITA","13:55:33",6.43,0.01,1900,4285300,"B"
"ITA","13:55:20",6.43,0.01,1000,4283400,"B"
"ITA","13:55:12",6.43,0.01,7000,4282400,"B"
"ITA","13:55:07",6.43,0.01,1000,4275400,"B"
"ITA","13:54:36",6.43,0.01,1500,4274400,"S"
"ITA","13:54:31",6.43,0.01,2200,4272900,"S"
"ITA","13:54:27",6.43,0.01,7000,4270700,"S"
"ITA","13:54:07",6.43,0.01,4000,4263700,"S"
"ITA","13:54:05",6.43,0.01,1000,4259700,"S"
"ITA","13:53:56",6.43,0.01,10000,4258700,"S"
"ITA","13:53:44",6.43,0.01,53800,4248700,"B"
"ITA","13:53:44",6.44,0.02,5200,4194900,"B"
"ITA","13:53:42",6.44,0.02,500,4189700,"B"
"ITA","13:53:38",6.44,0.02,21900,4189200,"S"
"ITA","13:53:28",6.44,0.02,200,4167300,"S"
"ITA","13:53:18",6.44,0.02,5000,4167100,"S"
"ITA","13:53:10",6.44,0.02,1000,4162100,"S"
"ITA","13:52:38",6.44,0.02,3300,4161100,"S"
"ITA","13:52:30",6.44,0.02,46500,4157800,"B"
"ITA","13:52:15",6.44,0.02,2000,4111300,"B"
"ITA","13:52:06",6.44,0.02,50000,4109300,"B"
"ITA","13:51:51",6.45,0.03,1000,4059300,"S"
"ITA","13:50:30",6.44,0.02,1000,4058300,"B"
"ITA","13:50:17",6.45,0.03,200,4057300,"S"
"ITA","13:50:07",6.45,0.03,1800,4057100,"S"
"ITA","13:49:57",6.45,0.03,100,4055300,"S"
"ITA","13:49:27",6.45,0.03,1000,4055200,"S"
"ITA","13:49:19",6.45,0.03,3300,4054200,"S"
"ITA","13:49:16",6.44,0.02,1300,4050900,"B"
"ITA","13:49:06",6.45,0.03,1300,4049600,"S"
"ITA","13:49:00",6.45,0.03,100,4048300,"S"
"ITA","13:48:59",6.45,0.03,100,4048200,"S"
"ITA","13:48:55",6.45,0.03,300,4048100,"S"
"ITA","13:48:14",6.45,0.03,4500,4047800,"S"
"ITA","13:48:12",6.44,0.02,1200,4043300,"B"
"ITA","13:47:56",6.45,0.03,5000,4042100,"S"
"ITA","13:47:47",6.44,0.02,2200,4037100,"B"
"ITA","13:47:42",6.45,0.03,100,4034900,"S"
"ITA","13:47:33",6.45,0.03,200,4034800,"S"
"ITA","13:46:24",6.45,0.03,700,4034600,"B"
"ITA","13:46:17",6.45,0.03,100,4033900,"B"
"ITA","13:46:16",6.46,0.04,600,4033800,"S"
"ITA","13:45:54",6.45,0.03,4000,4033200,"B"
"ITA","13:45:45",6.45,0.03,1600,4029200,"B"
"ITA","13:45:45",6.46,0.04,5000,4027600,"S"
"ITA","13:44:48",6.46,0.04,200,4022600,"S"
"ITA","13:44:29",6.45,0.03,5200,4022400,"S"
"ITA","13:44:08",6.45,0.03,100,4017200,"S"
"ITA","13:43:35",6.45,0.03,100,4017100,"S"
"ITA","13:43:31",6.45,0.03,200,4017000,"S"
"ITA","13:43:28",6.45,0.03,600,4016800,"S"
"ITA","13:43:26",6.45,0.03,100,4016200,"S"
"ITA","13:43:25",6.45,0.03,300,4016100,"S"
"ITA","13:43:19",6.45,0.03,4500,4015800,"S"
"ITA","13:43:16",6.45,0.03,1000,4011300,"S"
"ITA","13:43:13",6.45,0.03,500,4010300,"S"
"ITA","13:42:57",6.45,0.03,500,4009800,"S"
"ITA","13:42:45",6.45,0.03,1100,4009300,"S"
"ITA","13:41:16",6.45,0.03,100,4008200,"S"
"ITA","13:41:05",6.45,0.03,2000,4008100,"S"
"ITA","13:40:31",6.45,0.03,100,4006100,"S"
"ITA","13:40:20",6.45,0.03,5000,4006000,"S"
"ITA","13:39:42",6.44,0.02,100,4001000,"B"
"ITA","13:39:24",6.44,0.02,1300,4000900,"S"
"ITA","13:39:22",6.44,0.02,10000,3999600,"S"
"ITA","13:39:20",6.44,0.02,2700,3989600,"S"
"ITA","13:39:09",6.44,0.02,2800,3986900,"S"
"ITA","13:39:06",6.44,0.02,14000,3984100,"S"
"ITA","13:38:24",6.43,0.01,3000,3970100,"B"
"ITA","13:36:57",6.42,0,7500,3967100,"B"
"ITA","13:36:57",6.43,0.01,9500,3959600,"B"
"ITA","13:36:56",6.43,0.01,11000,3950100,"S"
"ITA","13:36:54",6.43,0.01,1400,3939100,"S"
"ITA","13:36:52",6.43,0.01,10600,3937700,"S"
"ITA","13:36:51",6.43,0.01,1700,3927100,"S"
"ITA","13:36:46",6.43,0.01,1800,3925400,"S"
"ITA","13:36:37",6.43,0.01,500,3923600,"S"
"ITA","13:36:34",6.43,0.01,10000,3923100,"S"
"ITA","13:36:33",6.43,0.01,500,3913100,"S"
"ITA","13:36:31",6.43,0.01,500,3912600,"S"
"ITA","13:36:24",6.43,0.01,1000,3912100,"S"
"ITA","13:35:50",6.43,0.01,33900,3911100,"B"
"ITA","13:35:30",6.43,0.01,6000,3877200,"B"
"ITA","13:35:17",6.43,0.01,100,3871200,"B"
"ITA","13:35:06",6.43,0.01,1000,3871100,"B"
"ITA","13:35:02",6.43,0.01,100,3870100,"B"
"ITA","13:34:57",6.43,0.01,1700,3870000,"B"
"ITA","13:34:23",6.42,0,300,3868300,"B"
"ITA","13:34:23",6.43,0.01,700,3868000,"B"
"ITA","13:34:19",6.43,0.01,1000,3867300,"B"
"ITA","13:34:17",6.43,0.01,600,3866300,"S"
"ITA","13:34:04",6.43,0.01,4400,3865700,"B"
"ITA","13:33:58",6.43,0.01,1600,3861300,"B"
"ITA","13:33:54",6.43,0.01,10000,3859700,"B"
"ITA","13:33:40",6.43,0.01,2900,3849700,"B"
"ITA","13:33:39",6.43,0.01,100,3846800,"B"
"ITA","13:33:18",6.43,0.01,4000,3846700,"B"
"ITA","13:33:08",6.43,0.01,20000,3842700,"B"
"ITA","13:32:50",6.43,0.01,500,3822700,"B"
"ITA","13:32:37",6.44,0.02,500,3822200,"S"
"ITA","13:32:33",6.43,0.01,500,3821700,"B"
"ITA","13:32:15",6.44,0.02,5000,3821200,"S"
"ITA","13:32:07",6.43,0.01,100,3816200,"B"
"ITA","13:31:55",6.44,0.02,400,3816100,"S"
"ITA","13:31:18",6.44,0.02,200,3815700,"S"
"ITA","13:31:16",6.44,0.02,5000,3815500,"S"
"ITA","13:31:08",6.43,0.01,1400,3810500,"B"
"ITA","13:30:53",6.44,0.02,5300,3808600,"S"
"ITA","13:30:42",6.44,0.02,300,3803300,"S"
"ITA","13:30:41",6.44,0.02,4200,3803000,"S"
"ITA","13:30:33",6.44,0.02,2000,3798800,"S"
"ITA","13:30:24",6.44,0.02,100,3796800,"S"
"ITA","13:30:14",6.44,0.02,200,3796700,"S"
"ITA","13:30:13",6.44,0.02,500,3796500,"S"
"ITA","13:30:05",6.44,0.02,5000,3796000,"S"
"ITA","13:29:44",6.44,0.02,100,3791000,"S"
"ITA","13:29:23",6.44,0.02,10000,3790900,"S"
"ITA","13:28:50",6.44,0.02,1600,3780900,"S"
"ITA","13:28:42",6.44,0.02,100,3779300,"S"
"ITA","13:27:50",6.44,0.02,100,3779200,"S"
"ITA","13:27:45",6.43,0.01,500,3779100,"B"
"ITA","13:27:33",6.43,0.01,4000,3778600,"B"
"ITA","13:27:17",6.43,0.01,7900,3774600,"S"
"ITA","13:27:17",6.43,0.01,2000,3766700,"S"
"ITA","13:27:15",6.43,0.01,5100,3764700,"S"
"ITA","13:27:15",6.43,0.01,4900,3759600,"S"
"ITA","13:27:14",6.43,0.01,100,3754700,"S"
"ITA","13:27:06",6.43,0.01,1000,3754600,"S"
"ITA","13:27:00",6.43,0.01,600,3753600,"S"
"ITA","13:26:49",6.43,0.01,500,3753000,"S"
"ITA","13:26:47",6.43,0.01,3000,3752500,"S"
"ITA","13:26:43",6.43,0.01,5000,3749500,"S"
"ITA","13:26:42",6.43,0.01,100,3744500,"S"
"ITA","13:26:27",6.43,0.01,4400,3744400,"S"
"ITA","13:26:09",6.43,0.01,500,3740000,"S"
"ITA","13:26:04",6.43,0.01,100,3739500,"S"
"ITA","13:26:00",6.43,0.01,300,3739400,"S"
"ITA","13:25:58",6.43,0.01,10000,3739100,"S"
"ITA","13:25:49",6.42,0,1000,3729100,"B"
"ITA","13:25:44",6.43,0.01,6300,3728100,"B"
"ITA","13:25:41",6.43,0.01,3900,3721800,"S"
"ITA","13:25:40",6.43,0.01,1000,3717900,"S"
"ITA","13:25:32",6.43,0.01,1000,3716900,"S"
"ITA","13:25:21",6.43,0.01,1000,3715900,"S"
"ITA","13:25:16",6.43,0.01,100,3714900,"S"
"ITA","13:25:12",6.43,0.01,1000,3714800,"S"
"ITA","13:25:02",6.43,0.01,1000,3713800,"S"
"ITA","13:24:49",6.42,0,6100,3712800,"S"
"ITA","13:24:48",6.42,0,5000,3706700,"S"
"ITA","13:24:42",6.42,0,2000,3701700,"S"
"ITA","13:24:41",6.42,0,100,3699700,"S"
"ITA","13:24:38",6.42,0,2000,3699600,"S"
"ITA","13:24:30",6.42,0,1000,3697600,"S"
"ITA","13:24:26",6.42,0,500,3696600,"S"
"ITA","13:24:25",6.42,0,1000,3696100,"S"
"ITA","13:24:23",6.42,0,2000,3695100,"S"
"ITA","13:24:20",6.42,0,100,3693100,"S"
"ITA","13:24:16",6.41,-0.01,700,3693000,"B"
"ITA","13:24:16",6.41,-0.01,300,3692300,"B"
"ITA","13:24:16",6.42,0,200,3692000,"S"
"ITA","13:24:10",6.42,0,100,3691800,"S"
"ITA","13:24:01",6.42,0,200,3691700,"S"
"ITA","13:24:00",6.42,0,100,3691500,"S"
"ITA","13:23:56",6.42,0,100,3691400,"S"
"ITA","13:23:55",6.42,0,400,3691300,"S"
"ITA","13:23:53",6.42,0,500,3690900,"S"
"ITA","13:23:49",6.42,0,100,3690400,"S"
"ITA","13:23:47",6.42,0,2000,3690300,"S"
"ITA","13:23:40",6.42,0,1000,3688300,"S"
"ITA","13:23:37",6.41,-0.01,400,3687300,"B"
"ITA","13:23:34",6.42,0,100,3686900,"S"
"ITA","13:23:23",6.42,0,30000,3686800,"S"
"ITA","13:23:21",6.42,0,100,3656800,"S"
"ITA","13:23:18",6.42,0,2000,3656700,"S"
"ITA","13:23:16",6.42,0,1000,3654700,"S"
"ITA","13:23:15",6.41,-0.01,200,3653700,"B"
"ITA","13:23:13",6.41,-0.01,5000,3653500,"B"
"ITA","13:23:11",6.42,0,300,3648500,"S"
"ITA","13:23:06",6.41,-0.01,15100,3648200,"B"
"ITA","13:23:00",6.41,-0.01,1600,3633100,"B"
"ITA","13:22:59",6.42,0,500,3631500,"S"
"ITA","13:22:54",6.42,0,200,3631000,"S"
"ITA","13:22:49",6.42,0,1800,3630800,"S"
"ITA","13:22:49",6.41,-0.01,6900,3629000,"B"
"ITA","13:22:47",6.42,0,3700,3622100,"S"
"ITA","13:22:42",6.42,0,1000,3618400,"S"
"ITA","13:22:41",6.42,0,2000,3617400,"S"
"ITA","13:22:38",6.42,0,10000,3615400,"S"
"ITA","13:22:29",6.42,0,1100,3605400,"S"
"ITA","13:22:28",6.42,0,300,3604300,"S"
"ITA","13:22:24",6.42,0,14900,3604000,"B"
"ITA","13:22:21",6.42,0,4100,3589100,"B"
"ITA","13:22:21",6.42,0,900,3585000,"B"
"ITA","13:22:17",6.42,0,1000,3584100,"B"
"ITA","13:22:15",6.42,0,5000,3583100,"B"
"ITA","13:22:11",6.42,0,1200,3578100,"B"
"ITA","13:22:08",6.42,0,2000,3576900,"B"
"ITA","13:22:00",6.42,0,21800,3574900,"B"
"ITA","13:22:00",6.42,0,8200,3553100,"B"
"ITA","13:21:58",6.42,0,1000,3544900,"B"
"ITA","13:21:57",6.43,0.01,700,3543900,"S"
"ITA","13:21:57",6.42,0,800,3543200,"B"
"ITA","13:21:52",6.43,0.01,1000,3542400,"S"
"ITA","13:21:51",6.42,0,1000,3541400,"B"
"ITA","13:21:50",6.42,0,1400,3540400,"B"
"ITA","13:21:49",6.42,0,200,3539000,"B"
"ITA","13:21:46",6.42,0,41000,3538800,"B"
"ITA","13:21:46",6.43,0.01,200,3497800,"S"
"ITA","13:21:44",6.42,0,12300,3497600,"B"
"ITA","13:21:41",6.42,0,1000,3485300,"B"
"ITA","13:21:36",6.42,0,20000,3484300,"B"
"ITA","13:21:33",6.42,0,2800,3464300,"B"
"ITA","13:21:26",6.42,0,10000,3461500,"B"
"ITA","13:21:21",6.43,0.01,2000,3451500,"S"
"ITA","13:21:16",6.42,0,2000,3449500,"B"
"ITA","13:21:03",6.42,0,50000,3447500,"B"
"ITA","13:21:02",6.42,0,500,3397500,"B"
"ITA","13:21:00",6.43,0.01,100,3397000,"S"
"ITA","13:20:57",6.43,0.01,10000,3396900,"S"
"ITA","13:20:56",6.42,0,3000,3386900,"B"
"ITA","13:20:53",6.42,0,100,3383900,"B"
"ITA","13:20:51",6.43,0.01,300,3383800,"S"
"ITA","13:20:46",6.42,0,18000,3383500,"B"
"ITA","13:20:41",6.42,0,1000,3365500,"B"
"ITA","13:20:37",6.43,0.01,1000,3364500,"S"
"ITA","13:20:32",6.43,0.01,700,3363500,"S"
"ITA","13:20:28",6.43,0.01,600,3362800,"S"
"ITA","13:20:27",6.43,0.01,100,3362200,"S"
"ITA","13:20:25",6.43,0.01,2500,3362100,"S"
"ITA","13:20:19",6.43,0.01,1000,3359600,"S"
"ITA","13:20:18",6.43,0.01,10000,3358600,"S"
"ITA","13:20:08",6.43,0.01,500,3348600,"S"
"ITA","13:19:56",6.43,0.01,100,3348100,"S"
"ITA","13:19:55",6.43,0.01,16000,3348000,"B"
"ITA","13:19:45",6.43,0.01,3000,3332000,"B"
"ITA","13:19:41",6.43,0.01,2000,3329000,"B"
"ITA","13:19:35",6.43,0.01,1000,3327000,"B"
"ITA","13:19:34",6.43,0.01,7000,3326000,"B"
"ITA","13:19:23",6.43,0.01,34900,3319000,"B"
"ITA","13:19:19",6.44,0.02,400,3284100,"S"
"ITA","13:19:18",6.43,0.01,1000,3283700,"B"
"ITA","13:19:17",6.43,0.01,100,3282700,"B"
"ITA","13:19:09",6.43,0.01,5000,3282600,"B"
"ITA","13:18:58",6.43,0.01,4700,3277600,"B"
"ITA","13:18:58",6.43,0.01,25300,3272900,"B"
"ITA","13:18:40",6.43,0.01,4700,3247600,"B"
"ITA","13:18:34",6.44,0.02,3000,3239900,"B"
"ITA","13:18:24",6.45,0.03,2000,3236900,"S"
"ITA","13:18:21",6.44,0.02,1000,3234900,"B"
"ITA","13:18:02",6.44,0.02,200,3233900,"B"
"ITA","13:17:54",6.44,0.02,4000,3233700,"B"
"ITA","13:17:24",6.44,0.02,1900,3229700,"B"
"ITA","13:17:05",6.44,0.02,5000,3227800,"B"
"ITA","13:16:23",6.44,0.02,1100,3222800,"B"
"ITA","13:16:16",6.44,0.02,6600,3221700,"B"
"ITA","13:16:00",6.44,0.02,4600,3215100,"S"
"ITA","13:15:58",6.44,0.02,10500,3210500,"B"
"ITA","13:15:50",6.44,0.02,200,3200000,"B"
"ITA","13:15:14",6.44,0.02,1600,3199800,"S"
"ITA","13:15:09",6.44,0.02,300,3198200,"S"
"ITA","13:15:03",6.44,0.02,1000,3197900,"S"
"ITA","13:14:59",6.44,0.02,300,3196900,"S"
"ITA","13:14:55",6.44,0.02,5000,3196600,"S"
"ITA","13:14:45",6.44,0.02,1200,3191600,"S"
"ITA","13:14:44",6.44,0.02,200,3190400,"S"
"ITA","13:14:42",6.44,0.02,100,3190200,"S"
"ITA","13:14:33",6.44,0.02,300,3190100,"S"
"ITA","13:14:30",6.44,0.02,2600,3189800,"B"
"ITA","13:14:04",6.44,0.02,3000,3187200,"B"
"ITA","13:14:04",6.44,0.02,5600,3184200,"S"
"ITA","13:14:00",6.44,0.02,2000,3178600,"S"
"ITA","13:13:53",6.44,0.02,100,3176600,"S"
"ITA","13:13:47",6.44,0.02,300,3176500,"S"
"ITA","13:13:45",6.43,0.01,200,3176200,"B"
"ITA","13:13:36",6.44,0.02,1000,3176000,"S"
"ITA","13:13:33",6.44,0.02,100,3175000,"S"
"ITA","13:13:26",6.44,0.02,5000,3174900,"S"
"ITA","13:13:22",6.44,0.02,30900,3169900,"B"
"ITA","13:13:19",6.45,0.03,200,3139000,"S"
"ITA","13:13:18",6.45,0.03,2500,3138800,"S"
"ITA","13:13:12",6.45,0.03,100,3136300,"S"
"ITA","13:13:05",6.45,0.03,1000,3136200,"S"
"ITA","13:12:59",6.45,0.03,5000,3135200,"S"
"ITA","13:12:55",6.45,0.03,2000,3130200,"S"
"ITA","13:12:21",6.45,0.03,800,3128200,"S"
"ITA","13:12:06",6.44,0.02,5000,3127400,"B"
"ITA","13:12:05",6.45,0.03,600,3122400,"S"
"ITA","13:12:01",6.44,0.02,10000,3121800,"B"
"ITA","13:11:54",6.44,0.02,3000,3111800,"B"
"ITA","13:11:36",6.44,0.02,1000,3108800,"B"
"ITA","13:11:15",6.44,0.02,4000,3107800,"B"
"ITA","13:11:14",6.45,0.03,500,3103800,"S"
"ITA","13:11:14",6.44,0.02,500,3103300,"B"
"ITA","13:10:58",6.44,0.02,900,3102800,"B"
"ITA","13:10:20",6.45,0.03,1600,3101900,"B"
"ITA","13:10:14",6.45,0.03,5000,3100300,"B"
"ITA","13:10:05",6.45,0.03,500,3095300,"B"
"ITA","13:10:02",6.46,0.04,900,3094800,"S"
"ITA","13:09:50",6.46,0.04,500,3093900,"S"
"ITA","13:08:32",6.46,0.04,10800,3093400,"S"
"ITA","13:08:32",6.45,0.03,9200,3082600,"S"
"ITA","13:08:27",6.45,0.03,5000,3073400,"S"
"ITA","13:08:18",6.45,0.03,600,3068400,"S"
"ITA","13:08:13",6.45,0.03,3000,3067800,"S"
"ITA","13:07:38",6.45,0.03,100,3064800,"S"
"ITA","13:07:36",6.45,0.03,1300,3064700,"S"
"ITA","13:07:17",6.44,0.02,1400,3063400,"S"
"ITA","13:07:17",6.44,0.02,600,3062000,"S"
"ITA","13:07:08",6.44,0.02,1000,3061400,"S"
"ITA","13:06:58",6.44,0.02,1400,3060400,"S"
"ITA","13:06:57",6.44,0.02,100,3059000,"S"
"ITA","13:06:54",6.44,0.02,1000,3058900,"S"
"ITA","13:06:51",6.44,0.02,1000,3057900,"S"
"ITA","13:06:50",6.44,0.02,100,3056900,"S"
"ITA","13:06:31",6.43,0.01,1500,3056800,"B"
"ITA","13:06:28",6.44,0.02,22000,3055300,"S"
"ITA","13:06:26",6.43,0.01,100,3033300,"B"
"ITA","13:06:20",6.43,0.01,100,3033200,"B"
"ITA","13:06:11",6.43,0.01,100,3033100,"B"
"ITA","13:06:04",6.43,0.01,2500,3033000,"B"
"ITA","13:06:00",6.44,0.02,100,3030500,"S"
"ITA","13:05:59",6.44,0.02,2000,3030400,"S"
"ITA","13:05:51",6.44,0.02,1000,3028400,"S"
"ITA","13:05:44",6.44,0.02,400,3027400,"S"
"ITA","13:05:35",6.43,0.01,17800,3027000,"B"
"ITA","13:05:30",6.44,0.02,100,3009200,"S"
"ITA","13:05:21",6.44,0.02,100,3009100,"S"
"ITA","13:05:16",6.44,0.02,4500,3009000,"B"
"ITA","13:04:54",6.44,0.02,200,2942500,"B"
"ITA","13:04:51",6.45,0.03,1000,2942300,"S"
"ITA","13:04:31",6.45,0.03,100,2941300,"S"
"ITA","13:04:30",6.45,0.03,100,2941200,"S"
"ITA","13:04:15",6.45,0.03,100,2941100,"S"
"ITA","13:04:12",6.44,0.02,10000,2941000,"B"
"ITA","13:03:54",6.45,0.03,400,2931000,"S"
"ITA","13:03:54",6.44,0.02,4000,2930600,"B"
"ITA","13:03:44",6.45,0.03,300,2926600,"S"
"ITA","13:03:30",6.45,0.03,400,2926300,"S"
"ITA","13:03:14",6.45,0.03,28200,2925900,"B"
"ITA","13:03:08",6.46,0.04,100,2897700,"S"
"ITA","13:02:53",6.46,0.04,2000,2897600,"S"
"ITA","13:02:45",6.45,0.03,500,2895600,"B"
"ITA","13:02:42",6.45,0.03,4500,2895100,"B"
"ITA","13:02:29",6.45,0.03,500,2890600,"B"
"ITA","13:02:09",6.45,0.03,100,2890100,"B"
"ITA","13:02:08",6.45,0.03,5000,2890000,"B"
"ITA","13:02:04",6.46,0.04,100,2885000,"S"
"ITA","13:01:53",6.45,0.03,4600,2884900,"B"
"ITA","13:01:50",6.46,0.04,1000,2880300,"S"
"ITA","13:01:36",6.46,0.04,1000,2879300,"S"
"ITA","13:01:19",6.46,0.04,6000,2878300,"S"
"ITA","13:01:05",6.46,0.04,100,2872300,"S"
"ITA","13:00:37",6.46,0.04,4000,2872200,"S"
"ITA","13:00:26",6.45,0.03,3000,2868200,"B"
"ITA","13:00:24",6.45,0.03,1500,2865200,"B"
"ITA","13:00:21",6.45,0.03,3400,2863700,"B"
"ITA","13:00:20",6.45,0.03,200,2860300,"B"
"ITA","13:00:16",6.45,0.03,10000,2860100,"B"
"ITA","13:00:13",6.45,0.03,300,2850100,"B"
"ITA","13:00:12",6.45,0.03,300,2849800,"B"
"ITA","13:00:11",6.45,0.03,1000,2849500,"B"
"ITA","13:00:10",6.45,0.03,4200,2848500,"B"
"ITA","13:00:06",6.45,0.03,3000,2844300,"B"
"ITA","13:00:05",6.46,0.04,100,2841300,"S"
"ITA","13:00:02",6.45,0.03,1000,2841200,"B"
"ITA","13:00:01",6.46,0.04,1500,2840200,"S"
"ITA","13:00:01",6.45,0.03,200,2838700,"B"
"ITA","13:00:00",6.45,0.03,3000,2838500,"B"
"ITA","13:00:00",6.45,0.03,37300,2835500,"B"
"ITA","11:29:59",6.45,0.03,500,2798200,"B"
"ITA","11:29:24",6.45,0.03,2000,2797700,"B"
"ITA","11:29:17",6.45,0.03,36000,2795700,"B"
"ITA","11:28:56",6.45,0.03,100000,2759700,"B"
"ITA","11:28:42",6.46,0.04,10000,2659700,"S"
"ITA","11:28:36",6.46,0.04,400,2649700,"S"
"ITA","11:28:21",6.46,0.04,2000,2649300,"S"
"ITA","11:28:18",6.46,0.04,600,2647300,"S"
"ITA","11:28:06",6.46,0.04,2000,2646700,"S"
"ITA","11:27:59",6.46,0.04,1000,2644700,"S"
"ITA","11:27:23",6.46,0.04,4600,2643700,"B"
"ITA","11:27:19",6.46,0.04,1000,2639100,"B"
"ITA","11:26:59",6.46,0.04,1000,2638100,"B"
"ITA","11:26:33",6.46,0.04,1000,2637100,"B"
"ITA","11:26:28",6.46,0.04,3400,2636100,"S"
"ITA","11:26:20",6.46,0.04,2000,2632700,"B"
"ITA","11:26:09",6.46,0.04,3000,2630700,"B"
"ITA","11:25:32",6.45,0.03,17000,2627700,"B"
"ITA","11:25:05",6.46,0.04,1000,2610700,"S"
"ITA","11:24:59",6.45,0.03,8400,2609700,"B"
"ITA","11:24:58",6.45,0.03,118400,2601300,"B"
"ITA","11:24:58",6.46,0.04,58800,2482900,"B"
"ITA","11:24:44",6.47,0.05,400,2424100,"S"
"ITA","11:24:25",6.47,0.05,100,2423700,"S"
"ITA","11:23:07",6.47,0.05,100,2423600,"S"
"ITA","11:22:52",6.47,0.05,8000,2423500,"S"
"ITA","11:22:50",6.47,0.05,100,2415500,"B"
"ITA","11:22:33",6.47,0.05,500,2415400,"B"
"ITA","11:22:15",6.47,0.05,1000,2414900,"B"
"ITA","11:22:04",6.47,0.05,300,2413900,"B"
"ITA","11:21:58",6.47,0.05,1000,2413600,"B"
"ITA","11:21:51",6.48,0.06,900,2412600,"S"
"ITA","11:21:48",6.47,0.05,20000,2411700,"B"
"ITA","11:20:26",6.47,0.05,1000,2391700,"B"
"ITA","11:20:12",6.47,0.05,300,2390700,"B"
"ITA","11:19:56",6.47,0.05,1000,2390400,"S"
"ITA","11:19:45",6.47,0.05,100,2389400,"S"
"ITA","11:19:20",6.47,0.05,1600,2389300,"S"
"ITA","11:19:17",6.47,0.05,1000,2387700,"S"
"ITA","11:19:08",6.47,0.05,200,2386700,"S"
"ITA","11:19:04",6.47,0.05,1900,2386500,"S"
"ITA","11:18:22",6.47,0.05,100,2384600,"S"
"ITA","11:18:16",6.46,0.04,900,2384500,"B"
"ITA","11:18:08",6.47,0.05,300,2383600,"S"
"ITA","11:16:02",6.46,0.04,1600,2383300,"S"
"ITA","11:15:59",6.46,0.04,300,2381700,"S"
"ITA","11:15:34",6.46,0.04,100,2381400,"S"
"ITA","11:15:30",6.46,0.04,1000,2381300,"S"
"ITA","11:15:24",6.46,0.04,400,2380300,"S"
"ITA","11:15:22",6.46,0.04,300,2379900,"S"
"ITA","11:15:18",6.46,0.04,1000,2379600,"S"
"ITA","11:14:57",6.46,0.04,200,2378600,"S"
"ITA","11:14:56",6.46,0.04,100,2378400,"S"
"ITA","11:14:48",6.46,0.04,14900,2378300,"B"
"ITA","11:14:48",6.47,0.05,100,2363400,"B"
"ITA","11:14:47",6.47,0.05,500,2363300,"S"
"ITA","11:14:02",6.46,0.04,79700,2362800,"B"
"ITA","11:14:02",6.47,0.05,20300,2283100,"B"
"ITA","11:13:54",6.47,0.05,1000,2262800,"B"
"ITA","11:13:46",6.48,0.06,4000,2261800,"S"
"ITA","11:13:32",6.47,0.05,17000,2257800,"B"
"ITA","11:13:18",6.48,0.06,200,2240800,"S"
"ITA","11:13:17",6.48,0.06,5000,2240600,"S"
"ITA","11:13:13",6.48,0.06,100,2235600,"S"
"ITA","11:13:09",6.48,0.06,400,2235500,"S"
"ITA","11:12:21",6.48,0.06,2000,2235100,"S"
"ITA","11:11:45",6.48,0.06,10000,2233100,"S"
"ITA","11:11:27",6.47,0.05,900,2223100,"B"
"ITA","11:11:25",6.48,0.06,200,2222200,"S"
"ITA","11:11:24",6.48,0.06,2000,2222000,"S"
"ITA","11:11:09",6.48,0.06,500,2220000,"S"
"ITA","11:10:40",6.48,0.06,5000,2219500,"S"
"ITA","11:09:49",6.47,0.05,10000,2214500,"B"
"ITA","11:09:36",6.47,0.05,4000,2204500,"B"
"ITA","11:08:28",6.47,0.05,1200,2200500,"B"
"ITA","11:07:38",6.47,0.05,4000,2199300,"B"
"ITA","11:07:34",6.47,0.05,22100,2195300,"S"
"ITA","11:07:30",6.47,0.05,2500,2173200,"S"
"ITA","11:07:28",6.47,0.05,2000,2170700,"S"
"ITA","11:07:13",6.47,0.05,300,2168700,"S"
"ITA","11:07:12",6.47,0.05,1000,2168400,"S"
"ITA","11:07:05",6.47,0.05,700,2167400,"S"
"ITA","11:06:32",6.47,0.05,14100,2166700,"B"
"ITA","11:05:50",6.48,0.06,2000,2152600,"S"
"ITA","11:05:40",6.47,0.05,100,2150600,"B"
"ITA","11:05:31",6.48,0.06,100,2150500,"S"
"ITA","11:04:36",6.47,0.05,5200,2150400,"B"
"ITA","11:04:25",6.47,0.05,500,2145200,"B"
"ITA","11:03:41",6.47,0.05,2500,2144700,"B"
"ITA","11:03:39",6.47,0.05,10000,2142200,"B"
"ITA","11:03:27",6.47,0.05,10000,2132200,"B"
"ITA","11:02:27",6.47,0.05,11800,2122200,"S"
"ITA","11:02:17",6.47,0.05,4000,2110400,"S"
"ITA","11:01:52",6.46,0.04,300,2106400,"B"
"ITA","11:01:51",6.47,0.05,200,2106100,"S"
"ITA","11:01:40",6.47,0.05,50000,2105900,"S"
"ITA","11:01:04",6.46,0.04,100,2055900,"B"
"ITA","11:00:39",6.46,0.04,1500,2055800,"B"
"ITA","11:00:17",6.47,0.05,100,2054300,"S"
"ITA","11:00:07",6.47,0.05,200,2054200,"S"
"ITA","10:59:58",6.46,0.04,1000,2054000,"B"
"ITA","10:59:12",6.46,0.04,3000,2053000,"B"
"ITA","10:58:53",6.47,0.05,200,2050000,"S"
"ITA","10:58:36",6.47,0.05,100,2049800,"S"
"ITA","10:57:57",6.46,0.04,3000,2049700,"B"
"ITA","10:57:52",6.47,0.05,100,2046700,"S"
"ITA","10:57:24",6.47,0.05,3200,2046600,"S"
"ITA","10:57:15",6.47,0.05,1100,2043400,"S"
"ITA","10:56:40",6.47,0.05,900,2042300,"S"
"ITA","10:55:22",6.46,0.04,3000,2041400,"B"
"ITA","10:54:40",6.46,0.04,10000,2038400,"B"
"ITA","10:53:41",6.46,0.04,3200,2028400,"B"
"ITA","10:53:26",6.47,0.05,3000,2025200,"S"
"ITA","10:53:25",6.47,0.05,100,2022200,"S"
"ITA","10:53:17",6.47,0.05,10000,2022100,"S"
"ITA","10:52:39",6.47,0.05,100,2012100,"S"
"ITA","10:52:37",6.46,0.04,400,2012000,"B"
"ITA","10:51:50",6.47,0.05,200,2011600,"S"
"ITA","10:51:30",6.47,0.05,100,2011400,"S"
"ITA","10:51:18",6.46,0.04,20000,2011300,"B"
"ITA","10:50:41",6.47,0.05,500,1991300,"S"
"ITA","10:50:33",6.46,0.04,3000,1990800,"B"
"ITA","10:50:27",6.47,0.05,100,1987800,"S"
"ITA","10:49:57",6.46,0.04,5000,1987700,"B"
"ITA","10:49:52",6.47,0.05,200,1982700,"S"
"ITA","10:49:01",6.47,0.05,200,1982500,"S"
"ITA","10:48:53",6.46,0.04,300,1982300,"B"
"ITA","10:48:33",6.46,0.04,20000,1982000,"B"
"ITA","10:48:29",6.47,0.05,100,1962000,"S"
"ITA","10:48:25",6.46,0.04,2000,1961900,"B"
"ITA","10:48:24",6.47,0.05,100,1959900,"S"
"ITA","10:48:04",6.46,0.04,1500,1959800,"B"
"ITA","10:47:18",6.46,0.04,3000,1958300,"B"
"ITA","10:47:04",6.47,0.05,5000,1955300,"S"
"ITA","10:46:32",6.47,0.05,100,1950300,"S"
"ITA","10:46:01",6.46,0.04,10000,1950200,"B"
"ITA","10:45:54",6.47,0.05,1000,1940200,"S"
"ITA","10:45:33",6.47,0.05,1100,1939200,"S"
"ITA","10:45:15",6.47,0.05,100,1938100,"S"
"ITA","10:44:39",6.47,0.05,10000,1938000,"S"
"ITA","10:44:26",6.47,0.05,100,1928000,"S"
"ITA","10:43:54",6.46,0.04,600,1927900,"B"
"ITA","10:43:34",6.46,0.04,1200,1927300,"B"
"ITA","10:43:33",6.47,0.05,100,1926100,"S"
"ITA","10:43:18",6.46,0.04,2000,1926000,"B"
"ITA","10:43:15",6.47,0.05,100,1924000,"S"
"ITA","10:43:03",6.46,0.04,400,1923900,"B"
"ITA","10:42:29",6.46,0.04,1400,1923500,"S"
"ITA","10:42:13",6.46,0.04,19700,1922100,"B"
"ITA","10:41:27",6.46,0.04,5000,1902400,"B"
"ITA","10:40:30",6.46,0.04,22800,1897400,"B"
"ITA","10:40:13",6.46,0.04,1300,1874600,"B"
"ITA","10:39:24",6.47,0.05,100,1873300,"S"
"ITA","10:39:10",6.46,0.04,10700,1873200,"S"
"ITA","10:39:06",6.46,0.04,100,1862500,"S"
"ITA","10:39:03",6.46,0.04,1800,1862400,"B"
"ITA","10:38:45",6.46,0.04,2700,1860600,"S"
"ITA","10:38:44",6.46,0.04,400,1857900,"S"
"ITA","10:38:43",6.46,0.04,10000,1857500,"S"
"ITA","10:38:37",6.46,0.04,20700,1847500,"S"
"ITA","10:38:30",6.46,0.04,1000,1826800,"S"
"ITA","10:38:24",6.46,0.04,7000,1825800,"S"
"ITA","10:38:18",6.46,0.04,100,1818800,"S"
"ITA","10:38:02",6.46,0.04,800,1818700,"S"
"ITA","10:37:57",6.46,0.04,200,1817900,"S"
"ITA","10:37:55",6.46,0.04,5000,1817700,"S"
"ITA","10:37:49",6.46,0.04,5000,1812700,"S"
"ITA","10:37:18",6.45,0.03,100,1807700,"B"
"ITA","10:37:10",6.46,0.04,1000,1807600,"S"
"ITA","10:36:27",6.46,0.04,100,1806600,"S"
"ITA","10:36:23",6.46,0.04,1000,1806500,"S"
"ITA","10:36:00",6.46,0.04,1000,1805500,"S"
"ITA","10:35:43",6.46,0.04,1000,1804500,"S"
"ITA","10:35:33",6.46,0.04,3000,1803500,"S"
"ITA","10:35:26",6.46,0.04,100,1800500,"S"
"ITA","10:35:25",6.46,0.04,100,1800400,"S"
"ITA","10:35:21",6.46,0.04,17600,1800300,"B"
"ITA","10:34:21",6.46,0.04,100,1782700,"S"
"ITA","10:34:12",6.46,0.04,600,1782600,"B"
"ITA","10:34:09",6.46,0.04,400,1782000,"S"
"ITA","10:34:01",6.46,0.04,100,1781600,"S"
"ITA","10:33:49",6.46,0.04,500,1781500,"S"
"ITA","10:33:41",6.46,0.04,3000,1781000,"S"
"ITA","10:33:36",6.46,0.04,1000,1778000,"S"
"ITA","10:33:25",6.46,0.04,5000,1777000,"S"
"ITA","10:33:21",6.45,0.03,24200,1772000,"B"
"ITA","10:33:19",6.46,0.04,200,1747800,"S"
"ITA","10:33:06",6.46,0.04,200,1747600,"S"
"ITA","10:32:55",6.46,0.04,100,1747400,"S"
"ITA","10:32:02",6.45,0.03,1400,1747300,"B"
"ITA","10:32:00",6.46,0.04,2800,1745900,"B"
"ITA","10:31:55",6.46,0.04,2200,1743100,"S"
"ITA","10:31:49",6.46,0.04,5000,1740900,"S"
"ITA","10:31:45",6.46,0.04,100,1735900,"S"
"ITA","10:31:42",6.46,0.04,2000,1735800,"S"
"ITA","10:31:41",6.46,0.04,500,1733800,"S"
"ITA","10:31:28",6.46,0.04,100,1733300,"S"
"ITA","10:31:24",6.46,0.04,5000,1733200,"S"
"ITA","10:31:21",6.46,0.04,200,1728200,"S"
"ITA","10:31:08",6.46,0.04,100,1728000,"S"
"ITA","10:31:04",6.46,0.04,1000,1727900,"S"
"ITA","10:31:00",6.46,0.04,5000,1726900,"S"
"ITA","10:30:54",6.46,0.04,500,1721900,"S"
"ITA","10:30:46",6.46,0.04,200,1721400,"S"
"ITA","10:30:45",6.46,0.04,4000,1721200,"S"
"ITA","10:30:42",6.46,0.04,5000,1717200,"S"
"ITA","10:30:30",6.46,0.04,500,1712200,"S"
"ITA","10:30:21",6.46,0.04,1400,1711700,"S"
"ITA","10:29:58",6.46,0.04,4500,1710300,"B"
"ITA","10:29:43",6.47,0.05,7500,1705800,"S"
"ITA","10:29:43",6.46,0.04,2600,1698300,"S"
"ITA","10:29:40",6.46,0.04,23000,1695700,"S"
"ITA","10:29:32",6.46,0.04,2000,1672700,"S"
"ITA","10:29:27",6.46,0.04,2000,1670700,"S"
"ITA","10:29:24",6.45,0.03,100,1668700,"B"
"ITA","10:29:17",6.46,0.04,500,1668600,"S"
"ITA","10:29:13",6.46,0.04,200,1668100,"S"
"ITA","10:29:05",6.46,0.04,1000,1667900,"S"
"ITA","10:29:00",6.46,0.04,100,1666900,"S"
"ITA","10:28:56",6.46,0.04,400,1666800,"S"
"ITA","10:28:43",6.46,0.04,600,1666400,"S"
"ITA","10:28:31",6.46,0.04,100,1665800,"S"
"ITA","10:28:30",6.46,0.04,200,1665700,"S"
"ITA","10:28:29",6.46,0.04,1000,1665500,"S"
"ITA","10:28:26",6.46,0.04,8700,1664500,"B"
"ITA","10:27:57",6.46,0.04,10000,1655800,"B"
"ITA","10:25:22",6.46,0.04,5000,1645800,"B"
"ITA","10:25:02",6.46,0.04,3000,1640800,"B"
"ITA","10:24:57",6.46,0.04,7000,1637800,"B"
"ITA","10:24:51",6.46,0.04,1000,1630800,"B"
"ITA","10:24:11",6.46,0.04,1200,1629800,"B"
"ITA","10:23:42",6.46,0.04,2000,1628600,"B"
"ITA","10:23:41",6.46,0.04,900,1626600,"S"
"ITA","10:23:38",6.46,0.04,1000,1625700,"S"
"ITA","10:23:37",6.46,0.04,300,1624700,"S"
"ITA","10:23:25",6.46,0.04,19200,1624400,"B"
"ITA","10:23:10",6.46,0.04,600,1605200,"B"
"ITA","10:23:00",6.47,0.05,700,1604600,"S"
"ITA","10:22:51",6.47,0.05,500,1603900,"S"
"ITA","10:22:28",6.46,0.04,100,1603400,"B"
"ITA","10:22:15",6.46,0.04,200,1603300,"B"
"ITA","10:22:06",6.46,0.04,2000,1603100,"B"
"ITA","10:20:55",6.46,0.04,1300,1601100,"B"
"ITA","10:20:31",6.46,0.04,200,1599800,"B"
"ITA","10:19:45",6.46,0.04,2900,1599600,"S"
"ITA","10:19:37",6.46,0.04,500,1596700,"S"
"ITA","10:19:27",6.46,0.04,100,1596200,"S"
"ITA","10:19:22",6.46,0.04,500,1596100,"S"
"ITA","10:19:21",6.46,0.04,2000,1595600,"B"
"ITA","10:19:10",6.46,0.04,3700,1593600,"S"
"ITA","10:19:06",6.46,0.04,1000,1589900,"S"
"ITA","10:18:59",6.46,0.04,200,1588900,"S"
"ITA","10:18:55",6.46,0.04,5300,1588700,"B"
"ITA","10:18:51",6.46,0.04,2000,1583400,"B"
"ITA","10:18:39",6.46,0.04,2000,1581400,"B"
"ITA","10:18:05",6.46,0.04,16100,1579400,"B"
"ITA","10:17:34",6.47,0.05,5000,1563300,"S"
"ITA","10:17:26",6.47,0.05,900,1558300,"S"
"ITA","10:16:49",6.47,0.05,200,1557400,"S"
"ITA","10:16:01",6.47,0.05,200,1557200,"S"
"ITA","10:15:18",6.46,0.04,4500,1557000,"S"
"ITA","10:15:12",6.46,0.04,1000,1552500,"S"
"ITA","10:15:11",6.46,0.04,100,1551500,"S"
"ITA","10:15:11",6.45,0.03,9800,1551400,"B"
"ITA","10:15:05",6.46,0.04,1000,1541600,"S"
"ITA","10:15:02",6.46,0.04,100,1540600,"S"
"ITA","10:14:57",6.46,0.04,500,1540500,"S"
"ITA","10:14:43",6.46,0.04,1000,1540000,"S"
"ITA","10:14:16",6.46,0.04,1000,1539000,"S"
"ITA","10:14:04",6.46,0.04,400,1538000,"S"
"ITA","10:13:59",6.46,0.04,100,1537600,"S"
"ITA","10:13:57",6.46,0.04,10000,1537500,"S"
"ITA","10:13:17",6.46,0.04,100,1527500,"S"
"ITA","10:13:15",6.46,0.04,200,1527400,"S"
"ITA","10:13:09",6.46,0.04,100,1527200,"S"
"ITA","10:13:09",6.46,0.04,100,1527100,"S"
"ITA","10:13:03",6.46,0.04,1000,1527000,"B"
"ITA","10:12:51",6.46,0.04,700,1526000,"B"
"ITA","10:12:28",6.46,0.04,3100,1525300,"S"
"ITA","10:12:26",6.46,0.04,300,1522200,"S"
"ITA","10:12:25",6.46,0.04,1600,1521900,"S"
"ITA","10:12:24",6.46,0.04,4000,1520300,"B"
"ITA","10:12:09",6.46,0.04,6500,1516300,"S"
"ITA","10:12:05",6.46,0.04,93700,1509800,"B"
"ITA","10:11:55",6.46,0.04,2100,1416100,"B"
"ITA","10:11:51",6.46,0.04,900,1414000,"B"
"ITA","10:11:49",6.46,0.04,6000,1413100,"B"
"ITA","10:11:32",6.47,0.05,2000,1407100,"S"
"ITA","10:11:28",6.47,0.05,500,1405100,"S"
"ITA","10:11:04",6.47,0.05,100,1404600,"S"
"ITA","10:10:59",6.47,0.05,100,1404500,"S"
"ITA","10:10:58",6.47,0.05,100,1404400,"S"
"ITA","10:10:45",6.47,0.05,70900,1404300,"B"
"ITA","10:10:41",6.48,0.06,100,1333400,"S"
"ITA","10:10:15",6.48,0.06,1000,1333300,"S"
"ITA","10:09:41",6.48,0.06,100,1332300,"S"
"ITA","10:08:52",6.48,0.06,5000,1332200,"S"
"ITA","10:08:44",6.48,0.06,100,1327200,"S"
"ITA","10:08:36",6.48,0.06,200,1327100,"S"
"ITA","10:08:33",6.48,0.06,5000,1326900,"S"
"ITA","10:08:22",6.48,0.06,200,1321900,"S"
"ITA","10:07:58",6.47,0.05,8000,1321700,"B"
"ITA","10:07:53",6.47,0.05,900,1313700,"B"
"ITA","10:07:52",6.47,0.05,1000,1312800,"B"
"ITA","10:06:58",6.47,0.05,4500,1311800,"B"
"ITA","10:06:40",6.47,0.05,600,1307300,"B"
"ITA","10:06:36",6.47,0.05,6000,1306700,"B"
"ITA","10:06:14",6.47,0.05,1000,1300700,"B"
"ITA","10:05:53",6.48,0.06,2000,1299700,"S"
"ITA","10:05:41",6.48,0.06,100,1297700,"S"
"ITA","10:05:35",6.48,0.06,300,1297600,"S"
"ITA","10:05:17",6.48,0.06,1100,1297300,"S"
"ITA","10:04:52",6.48,0.06,5500,1296200,"S"
"ITA","10:04:41",6.48,0.06,5000,1290700,"S"
"ITA","10:04:18",6.48,0.06,600,1285700,"S"
"ITA","10:04:16",6.48,0.06,100,1285100,"S"
"ITA","10:03:38",6.48,0.06,3000,1285000,"S"
"ITA","10:03:32",6.47,0.05,10000,1282000,"B"
"ITA","10:03:08",6.48,0.06,5000,1272000,"S"
"ITA","10:02:59",6.47,0.05,2100,1267000,"B"
"ITA","10:02:49",6.47,0.05,10600,1264900,"B"
"ITA","10:02:48",6.48,0.06,2500,1254300,"S"
"ITA","10:02:35",6.48,0.06,1000,1251800,"S"
"ITA","10:02:20",6.48,0.06,3000,1250800,"S"
"ITA","10:02:15",6.48,0.06,500,1247800,"S"
"ITA","10:02:05",6.48,0.06,1500,1247300,"S"
"ITA","10:01:48",6.48,0.06,200,1245800,"S"
"ITA","10:01:24",6.48,0.06,100,1245600,"S"
"ITA","10:01:07",6.48,0.06,5000,1245500,"S"
"ITA","10:00:03",6.48,0.06,3300,1240500,"B"
"ITA","10:00:01",6.48,0.06,1500,1237200,"B"
"ITA","09:59:53",6.48,0.06,1500,1235700,"B"
"ITA","09:59:26",6.49,0.07,100,1234200,"S"
"ITA","09:59:22",6.48,0.06,5000,1234100,"B"
"ITA","09:59:10",6.48,0.06,200,1229100,"B"
"ITA","09:58:59",6.48,0.06,1000,1228900,"S"
"ITA","09:58:44",6.48,0.06,4000,1227900,"B"
"ITA","09:58:41",6.48,0.06,500,1223900,"B"
"ITA","09:58:36",6.49,0.07,5000,1223400,"S"
"ITA","09:58:34",6.48,0.06,4000,1218400,"B"
"ITA","09:58:21",6.48,0.06,5000,1214400,"B"
"ITA","09:58:00",6.48,0.06,500,1209400,"B"
"ITA","09:57:40",6.49,0.07,500,1208900,"S"
"ITA","09:57:33",6.48,0.06,10000,1208400,"B"
"ITA","09:57:06",6.48,0.06,2500,1198400,"S"
"ITA","09:57:05",6.48,0.06,1700,1195900,"S"
"ITA","09:56:41",6.48,0.06,10000,1194200,"S"
"ITA","09:56:02",6.48,0.06,3700,1184200,"B"
"ITA","09:55:58",6.48,0.06,200,1180500,"B"
"ITA","09:55:40",6.48,0.06,700,1180300,"B"
"ITA","09:55:39",6.48,0.06,3000,1179600,"B"
"ITA","09:55:22",6.48,0.06,300,1176600,"B"
"ITA","09:55:18",6.49,0.07,1500,1176300,"S"
"ITA","09:55:15",6.48,0.06,1000,1174800,"S"
"ITA","09:55:07",6.47,0.05,2000,1173800,"B"
"ITA","09:54:57",6.49,0.07,200,1171800,"S"
"ITA","09:54:45",6.47,0.05,17800,1171600,"B"
"ITA","09:54:45",6.48,0.06,61000,1153800,"B"
"ITA","09:54:05",6.48,0.06,1000,1092800,"B"
"ITA","09:53:40",6.49,0.07,400,1091800,"S"
"ITA","09:53:12",6.49,0.07,100,1091400,"S"
"ITA","09:53:10",6.49,0.07,100,1091300,"S"
"ITA","09:53:05",6.49,0.07,200,1091200,"S"
"ITA","09:53:01",6.49,0.07,10000,1091000,"S"
"ITA","09:52:46",6.49,0.07,800,1081000,"S"
"ITA","09:52:36",6.48,0.06,2000,1080200,"B"
"ITA","09:52:15",6.48,0.06,10300,1078200,"S"
"ITA","09:52:08",6.48,0.06,5000,1067900,"S"
"ITA","09:52:08",6.48,0.06,5000,1062900,"S"
"ITA","09:52:04",6.48,0.06,500,1057900,"S"
"ITA","09:52:02",6.48,0.06,400,1057400,"S"
"ITA","09:51:54",6.48,0.06,10000,1057000,"S"
"ITA","09:51:40",6.48,0.06,1200,1047000,"S"
"ITA","09:51:35",6.48,0.06,5000,1045800,"S"
"ITA","09:51:31",6.48,0.06,5000,1040800,"S"
"ITA","09:51:30",6.48,0.06,3000,1035800,"S"
"ITA","09:51:27",6.48,0.06,2200,1032800,"S"
"ITA","09:51:16",6.48,0.06,200,1030600,"S"
"ITA","09:51:13",6.48,0.06,2300,1030400,"S"
"ITA","09:51:11",6.48,0.06,13000,1028100,"S"
"ITA","09:51:05",6.48,0.06,3000,1015100,"S"
"ITA","09:50:59",6.47,0.05,200,1012100,"B"
"ITA","09:50:44",6.48,0.06,1000,1011900,"S"
"ITA","09:50:35",6.48,0.06,19300,1010900,"B"
"ITA","09:50:24",6.48,0.06,1900,991600,"B"
"ITA","09:50:11",6.48,0.06,20000,989700,"B"
"ITA","09:49:45",6.48,0.06,22400,969700,"S"
"ITA","09:49:32",6.48,0.06,1000,947300,"S"
"ITA","09:49:29",6.48,0.06,6000,946300,"S"
"ITA","09:49:27",6.48,0.06,900,940300,"S"
"ITA","09:49:25",6.48,0.06,500,939400,"S"
"ITA","09:49:17",6.48,0.06,2000,938900,"S"
"ITA","09:49:14",6.48,0.06,300,936900,"S"
"ITA","09:48:56",6.48,0.06,7300,936600,"S"
"ITA","09:48:51",6.48,0.06,2300,929300,"S"
"ITA","09:48:44",6.48,0.06,100,927000,"S"
"ITA","09:48:42",6.48,0.06,10300,926900,"S"
"ITA","09:48:33",6.48,0.06,500,916600,"S"
"ITA","09:48:26",6.48,0.06,100,916100,"S"
"ITA","09:48:23",6.48,0.06,500,916000,"S"
"ITA","09:48:17",6.48,0.06,500,915500,"S"
"ITA","09:48:15",6.48,0.06,200,915000,"S"
"ITA","09:48:13",6.48,0.06,14000,914800,"S"
"ITA","09:47:59",6.48,0.06,5000,900800,"S"
"ITA","09:47:41",6.48,0.06,200,895800,"S"
"ITA","09:47:36",6.47,0.05,11000,895600,"B"
"ITA","09:47:16",6.48,0.06,5000,884600,"S"
"ITA","09:47:13",6.47,0.05,1000,879600,"B"
"ITA","09:47:06",6.48,0.06,100,878600,"S"
"ITA","09:47:02",6.48,0.06,100,878500,"S"
"ITA","09:46:45",6.48,0.06,200,878400,"S"
"ITA","09:46:43",6.48,0.06,1000,878200,"S"
"ITA","09:46:34",6.48,0.06,500,877200,"S"
"ITA","09:46:32",6.48,0.06,1000,876700,"S"
"ITA","09:46:31",6.48,0.06,2000,875700,"S"
"ITA","09:46:25",6.48,0.06,100,873700,"S"
"ITA","09:46:19",6.48,0.06,1300,873600,"S"
"ITA","09:46:00",6.48,0.06,3100,872300,"S"
"ITA","09:45:52",6.48,0.06,5200,869200,"S"
"ITA","09:45:41",6.48,0.06,1000,864000,"S"
"ITA","09:45:27",6.47,0.05,500,863000,"B"
"ITA","09:45:25",6.48,0.06,3000,862500,"S"
"ITA","09:44:53",6.47,0.05,300,859500,"B"
"ITA","09:44:34",6.48,0.06,100,859200,"S"
"ITA","09:44:15",6.48,0.06,3000,859100,"S"
"ITA","09:44:13",6.48,0.06,200,856100,"S"
"ITA","09:44:03",6.48,0.06,500,855900,"S"
"ITA","09:44:00",6.48,0.06,9600,855400,"S"
"ITA","09:43:51",6.48,0.06,20000,845800,"S"
"ITA","09:43:45",6.47,0.05,100,825800,"B"
"ITA","09:43:35",6.47,0.05,1100,825700,"B"
"ITA","09:43:25",6.48,0.06,2000,824600,"S"
"ITA","09:42:59",6.47,0.05,5000,822600,"B"
"ITA","09:42:40",6.48,0.06,1000,817600,"S"
"ITA","09:42:35",6.48,0.06,900,816600,"S"
"ITA","09:42:27",6.48,0.06,2000,815700,"S"
"ITA","09:42:05",6.48,0.06,1000,813700,"S"
"ITA","09:41:42",6.48,0.06,700,812700,"S"
"ITA","09:41:36",6.47,0.05,100,812000,"B"
"ITA","09:41:25",6.47,0.05,6000,811900,"B"
"ITA","09:41:23",6.48,0.06,100,805900,"S"
"ITA","09:40:50",6.47,0.05,5000,805800,"B"
"ITA","09:40:34",6.47,0.05,5000,800800,"B"
"ITA","09:40:26",6.48,0.06,100,795800,"S"
"ITA","09:40:25",6.47,0.05,100,795700,"B"
"ITA","09:39:32",6.47,0.05,6000,795600,"B"
"ITA","09:39:10",6.47,0.05,400,789600,"B"
"ITA","09:38:33",6.48,0.06,1000,789200,"S"
"ITA","09:38:19",6.47,0.05,10000,788200,"B"
"ITA","09:37:50",6.47,0.05,10000,778200,"B"
"ITA","09:37:37",6.47,0.05,6500,768200,"S"
"ITA","09:37:31",6.47,0.05,50000,761700,"S"
"ITA","09:37:11",6.47,0.05,4200,711700,"S"
"ITA","09:36:48",6.47,0.05,200,707500,"S"
"ITA","09:36:45",6.47,0.05,700,707300,"S"
"ITA","09:36:42",6.47,0.05,100,706600,"S"
"ITA","09:36:36",6.47,0.05,5000,706500,"S"
"ITA","09:36:35",6.47,0.05,500,701500,"S"
"ITA","09:36:29",6.47,0.05,200,701000,"S"
"ITA","09:36:25",6.47,0.05,3000,700800,"S"
"ITA","09:36:21",6.47,0.05,400,697800,"S"
"ITA","09:36:18",6.47,0.05,100,697400,"S"
"ITA","09:36:10",6.47,0.05,500,697300,"S"
"ITA","09:35:46",6.47,0.05,14500,696800,"B"
"ITA","09:35:34",6.47,0.05,200,682300,"B"
"ITA","09:35:30",6.47,0.05,20800,682100,"S"
"ITA","09:35:20",6.47,0.05,20000,661300,"S"
"ITA","09:35:19",6.47,0.05,13100,641300,"S"
"ITA","09:35:17",6.47,0.05,500,628200,"S"
"ITA","09:34:52",6.47,0.05,1000,627700,"S"
"ITA","09:34:30",6.47,0.05,100,626700,"S"
"ITA","09:34:21",6.46,0.04,500,626600,"B"
"ITA","09:34:13",6.46,0.04,200,626100,"B"
"ITA","09:34:06",6.46,0.04,15000,625900,"B"
"ITA","09:34:03",6.47,0.05,200,610900,"S"
"ITA","09:33:54",6.46,0.04,200,610700,"B"
"ITA","09:33:27",6.46,0.04,50000,610500,"B"
"ITA","09:33:21",6.46,0.04,400,560500,"S"
"ITA","09:33:18",6.46,0.04,1000,560100,"S"
"ITA","09:33:16",6.46,0.04,5000,559100,"S"
"ITA","09:33:08",6.46,0.04,4000,554100,"S"
"ITA","09:33:06",6.46,0.04,1000,550100,"S"
"ITA","09:33:05",6.45,0.03,200,549100,"B"
"ITA","09:33:03",6.46,0.04,2000,548900,"S"
"ITA","09:33:01",6.46,0.04,300,546900,"S"
"ITA","09:33:01",6.46,0.04,100,546600,"S"
"ITA","09:32:51",6.46,0.04,1400,546500,"B"
"ITA","09:32:42",6.46,0.04,1900,545100,"S"
"ITA","09:32:38",6.46,0.04,500,543200,"S"
"ITA","09:32:27",6.46,0.04,1500,542700,"S"
"ITA","09:32:26",6.46,0.04,100,541200,"S"
"ITA","09:32:23",6.46,0.04,1000,541100,"S"
"ITA","09:32:21",6.46,0.04,1000,540100,"S"
"ITA","09:32:07",6.46,0.04,2900,539100,"B"
"ITA","09:31:56",6.46,0.04,2000,536200,"B"
"ITA","09:31:53",6.46,0.04,4000,534200,"B"
"ITA","09:31:41",6.46,0.04,1700,530200,"S"
"ITA","09:31:38",6.46,0.04,1000,528500,"S"
"ITA","09:31:35",6.46,0.04,500,527500,"S"
"ITA","09:31:27",6.46,0.04,100,527000,"S"
"ITA","09:31:27",6.46,0.04,5000,526900,"S"
"ITA","09:31:12",6.46,0.04,5000,521900,"S"
"ITA","09:31:11",6.46,0.04,7000,516900,"B"
"ITA","09:31:11",6.47,0.05,1800,509900,"B"
"ITA","09:31:10",6.47,0.05,6600,508100,"S"
"ITA","09:30:48",6.47,0.05,7000,501500,"S"
"ITA","09:30:48",6.46,0.04,100,494500,"B"
"ITA","09:30:45",6.46,0.04,10000,494400,"B"
"ITA","09:30:26",6.46,0.04,1500,484400,"B"
"ITA","09:30:17",6.47,0.05,8700,482900,"B"
"ITA","09:30:04",6.47,0.05,100,474200,"B"
"ITA","09:29:56",6.47,0.05,5000,474100,"B"
"ITA","09:29:52",6.47,0.05,7300,469100,"S"
"ITA","09:29:47",6.46,0.04,500,461800,"B"
"ITA","09:29:46",6.46,0.04,3000,461300,"B"
"ITA","09:29:27",6.46,0.04,19300,458300,"B"
"ITA","09:29:18",6.47,0.05,3000,439000,"S"
"ITA","09:29:13",6.47,0.05,100,436000,"S"
"ITA","09:29:04",6.46,0.04,500,435900,"B"
"ITA","09:28:36",6.46,0.04,1500,435400,"B"
"ITA","09:28:25",6.47,0.05,5000,433900,"S"
"ITA","09:28:24",6.47,0.05,500,428900,"S"
"ITA","09:28:19",6.47,0.05,2000,428400,"S"
"ITA","09:28:19",6.47,0.05,7300,426400,"B"
"ITA","09:28:18",6.47,0.05,1000,419100,"B"
"ITA","09:28:18",6.48,0.06,100,418100,"S"
"ITA","09:28:09",6.48,0.06,500,418000,"S"
"ITA","09:27:41",6.47,0.05,2000,417500,"B"
"ITA","09:27:40",6.48,0.06,2000,415500,"B"
"ITA","09:27:34",6.48,0.06,4000,413500,"B"
"ITA","09:27:28",6.48,0.06,10000,409500,"B"
"ITA","09:27:25",6.48,0.06,4300,399500,"S"
"ITA","09:27:17",6.48,0.06,2000,395200,"S"
"ITA","09:27:17",6.48,0.06,100,393200,"S"
"ITA","09:27:13",6.48,0.06,1000,393100,"S"
"ITA","09:27:07",6.48,0.06,500,392100,"S"
"ITA","09:27:01",6.48,0.06,200,391600,"S"
"ITA","09:26:51",6.48,0.06,5000,391400,"S"
"ITA","09:26:48",6.48,0.06,1200,386400,"S"
"ITA","09:26:45",6.47,0.05,200,385200,"B"
"ITA","09:26:39",6.48,0.06,1100,385000,"S"
"ITA","09:26:35",6.48,0.06,3100,383900,"B"
"ITA","09:26:30",6.48,0.06,100,380800,"B"
"ITA","09:26:26",6.48,0.06,2000,380700,"B"
"ITA","09:26:03",6.48,0.06,100,378700,"B"
"ITA","09:26:01",6.48,0.06,1500,378600,"B"
"ITA","09:25:58",6.48,0.06,500,377100,"B"
"ITA","09:25:51",6.48,0.06,1000,376600,"B"
"ITA","09:25:45",6.48,0.06,1000,375600,"B"
"ITA","09:25:33",6.48,0.06,800,374600,"B"
"ITA","09:25:31",6.48,0.06,5000,373800,"S"
"ITA","09:25:30",6.47,0.05,500,368800,"B"
"ITA","09:25:03",6.47,0.05,400,368300,"S"
"ITA","09:24:53",6.46,0.04,3000,367900,"B"
"ITA","09:24:52",6.47,0.05,1000,364900,"S"
"ITA","09:24:50",6.47,0.05,1600,363900,"S"
"ITA","09:24:45",6.47,0.05,1000,362300,"S"
"ITA","09:24:42",6.47,0.05,1000,361300,"S"
"ITA","09:24:36",6.46,0.04,300,360300,"B"
"ITA","09:24:29",6.47,0.05,1000,360000,"S"
"ITA","09:24:26",6.46,0.04,5000,359000,"B"
"ITA","09:24:13",6.47,0.05,5000,354000,"S"
"ITA","09:23:57",6.47,0.05,100,349000,"S"
"ITA","09:23:55",6.47,0.05,300,348900,"S"
"ITA","09:23:53",6.47,0.05,1000,348600,"S"
"ITA","09:23:38",6.47,0.05,100,347600,"S"
"ITA","09:23:33",6.47,0.05,300,347500,"S"
"ITA","09:23:31",6.46,0.04,200,347200,"B"
"ITA","09:23:30",6.46,0.04,500,347000,"B"
"ITA","09:23:18",6.46,0.04,600,346500,"S"
"ITA","09:23:18",6.45,0.03,1000,345900,"B"
"ITA","09:23:15",6.46,0.04,3000,344900,"S"
"ITA","09:23:14",6.46,0.04,500,341900,"S"
"ITA","09:23:14",6.46,0.04,100,341400,"S"
"ITA","09:23:10",6.46,0.04,5000,341300,"S"
"ITA","09:22:58",6.46,0.04,200,336300,"S"
"ITA","09:22:44",6.45,0.03,1000,336100,"B"
"ITA","09:22:42",6.46,0.04,100,335100,"B"
"ITA","09:22:41",6.46,0.04,2900,335000,"S"
"ITA","09:22:24",6.46,0.04,400,332100,"S"
"ITA","09:22:18",6.45,0.03,200,331700,"B"
"ITA","09:22:12",6.46,0.04,700,331500,"B"
"ITA","09:22:07",6.45,0.03,41200,330800,"B"
"ITA","09:22:07",6.46,0.04,8800,289600,"B"
"ITA","09:21:59",6.46,0.04,1200,280800,"S"
"ITA","09:21:57",6.46,0.04,200,279600,"S"
"ITA","09:21:56",6.46,0.04,10000,279400,"S"
"ITA","09:21:56",6.46,0.04,1000,269400,"S"
"ITA","09:21:52",6.46,0.04,17600,268400,"B"
"ITA","09:21:43",6.46,0.04,1000,250800,"B"
"ITA","09:21:28",6.46,0.04,1000,249800,"B"
"ITA","09:21:14",6.46,0.04,200,248800,"B"
"ITA","09:20:59",6.45,0.03,1400,248600,"B"
"ITA","09:20:59",6.46,0.04,700,247200,"B"
"ITA","09:20:59",6.47,0.05,800,246500,"B"
"ITA","09:20:59",6.48,0.06,1000,245700,"B"
"ITA","09:20:47",6.48,0.06,16000,244700,"B"
"ITA","09:20:43",6.48,0.06,300,228700,"B"
"ITA","09:20:42",6.48,0.06,400,228400,"B"
"ITA","09:20:40",6.49,0.07,2900,228000,"B"
"ITA","09:20:39",6.49,0.07,1500,225100,"B"
"ITA","09:20:31",6.49,0.07,5000,223600,"B"
"ITA","09:20:28",6.49,0.07,1000,218600,"B"
"ITA","09:20:26",6.49,0.07,400,217600,"B"
"ITA","09:20:19",6.49,0.07,2000,217200,"B"
"ITA","09:20:18",6.49,0.07,300,215200,"S"
"ITA","09:20:10",6.49,0.07,1000,214900,"S"
"ITA","09:20:09",6.49,0.07,700,213900,"B"
"ITA","09:20:07",6.5,0.08,100,213200,"S"
"ITA","09:20:01",6.5,0.08,2500,213100,"S"
"ITA","09:20:01",6.49,0.07,1000,210600,"B"
"ITA","09:19:56",6.5,0.08,1000,209600,"S"
"ITA","09:19:55",6.5,0.08,1000,208600,"S"
"ITA","09:19:55",6.49,0.07,16000,207600,"B"
"ITA","09:19:53",6.5,0.08,200,191600,"S"
"ITA","09:19:50",6.5,0.08,700,191400,"S"
"ITA","09:19:30",6.5,0.08,300,190700,"S"
"ITA","09:19:30",6.49,0.07,700,190400,"B"
"ITA","09:19:25",6.5,0.08,1300,189700,"B"
"ITA","09:19:19",6.5,0.08,8800,188400,"S"
"ITA","09:19:10",6.49,0.07,500,179600,"B"
"ITA","09:19:10",6.5,0.08,1500,179100,"S"
"ITA","09:19:08",6.5,0.08,600,177600,"S"
"ITA","09:19:03",6.5,0.08,4900,177000,"S"
"ITA","09:19:02",6.5,0.08,3000,172100,"S"
"ITA","09:18:59",6.5,0.08,2000,169100,"S"
"ITA","09:18:56",6.5,0.08,100,167100,"S"
"ITA","09:18:53",6.5,0.08,2000,167000,"S"
"ITA","09:18:41",6.5,0.08,200,165000,"S"
"ITA","09:18:29",6.5,0.08,100,164800,"S"
"ITA","09:18:28",6.5,0.08,3000,164700,"S"
"ITA","09:18:06",6.49,0.07,100,161700,"B"
"ITA","09:18:02",6.49,0.07,3000,161600,"B"
"ITA","09:17:57",6.49,0.07,1000,158600,"B"
"ITA","09:17:56",6.49,0.07,1700,157600,"B"
"ITA","09:17:43",6.49,0.07,1000,155900,"B"
"ITA","09:17:33",6.49,0.07,6100,154900,"S"
"ITA","09:17:20",6.49,0.07,5000,148800,"S"
"ITA","09:17:11",6.48,0.06,300,143800,"B"
"ITA","09:17:10",6.49,0.07,500,143500,"B"
"ITA","09:17:07",6.49,0.07,700,143000,"S"
"ITA","09:17:02",6.49,0.07,500,142300,"S"
"ITA","09:16:57",6.49,0.07,2100,141800,"S"
"ITA","09:16:51",6.49,0.07,100,139700,"S"
"ITA","09:16:47",6.49,0.07,100,139600,"B"
"ITA","09:16:44",6.49,0.07,500,139500,"B"
"ITA","09:16:38",6.49,0.07,500,139000,"B"
"ITA","09:16:38",6.5,0.08,1000,138500,"B"
"ITA","09:16:31",6.5,0.08,5000,137500,"B"
"ITA","09:16:21",6.51,0.09,100,132500,"S"
"ITA","09:16:20",6.51,0.09,100,132400,"S"
"ITA","09:16:16",6.51,0.09,15600,132300,"B"
"ITA","09:16:14",6.51,0.09,1000,116700,"B"
"ITA","09:16:13",6.51,0.09,16000,115700,"S"
"ITA","09:16:13",6.5,0.08,17400,99700,"S"
"ITA","09:16:10",6.5,0.08,1100,82300,"S"
"ITA","09:16:08",6.49,0.07,24300,81200,"B"
"ITA","09:16:02",6.5,0.08,400,56900,"S"
"ITA","09:15:59",6.49,0.07,7700,56500,"S"
"ITA","09:15:51",6.49,0.07,200,48800,"S"
"ITA","09:15:39",6.49,0.07,100,48600,"S"
"ITA","09:15:39",6.46,0.04,600,48500,"S"
"ITA","09:15:22",6.46,0.04,500,47900,"S"
"ITA","09:15:00",6.43,0.01,47400,47400,
