"symbol","time","price","change","vol","total","side"
"POW","14:45:05",11.25,0,527200,5571100,
"POW","14:29:57",11.3,0.05,100,5043900,"S"
"POW","14:29:48",11.3,0.05,200,5043800,"S"
"POW","14:29:30",11.3,0.05,5300,5043600,"S"
"POW","14:29:18",11.3,0.05,200,5038300,"S"
"POW","14:29:08",11.3,0.05,900,5038100,"S"
"POW","14:29:04",11.3,0.05,100,5037200,"S"
"POW","14:29:02",11.25,0,26000,5037100,"B"
"POW","14:28:54",11.25,0,24900,5011100,"B"
"POW","14:28:53",11.3,0.05,300,4986200,"S"
"POW","14:28:48",11.3,0.05,6500,4985900,"S"
"POW","14:28:43",11.3,0.05,100,4979400,"S"
"POW","14:28:31",11.3,0.05,400,4979300,"S"
"POW","14:28:17",11.3,0.05,1600,4978900,"S"
"POW","14:28:16",11.25,0,40000,4977300,"B"
"POW","14:28:03",11.3,0.05,800,4937300,"S"
"POW","14:28:02",11.3,0.05,200,4936500,"S"
"POW","14:28:01",11.3,0.05,20000,4936300,"S"
"POW","14:27:56",11.25,0,400,4916300,"B"
"POW","14:27:44",11.25,0,300,4915900,"B"
"POW","14:27:28",11.3,0.05,100,4915600,"S"
"POW","14:27:28",11.3,0.05,4500,4915500,"S"
"POW","14:27:26",11.25,0,4500,4911000,"B"
"POW","14:27:19",11.25,0,2000,4906500,"B"
"POW","14:27:14",11.25,0,1000,4904500,"B"
"POW","14:27:06",11.3,0.05,300,4903500,"S"
"POW","14:27:03",11.3,0.05,100,4903200,"S"
"POW","14:26:44",11.25,0,4800,4903100,"B"
"POW","14:25:48",11.3,0.05,100,4898300,"S"
"POW","14:25:24",11.25,0,6000,4898200,"B"
"POW","14:25:22",11.25,0,4600,4892200,"B"
"POW","14:24:52",11.3,0.05,100,4887600,"S"
"POW","14:24:47",11.25,0,5000,4887500,"B"
"POW","14:24:42",11.25,0,2000,4882500,"B"
"POW","14:24:28",11.25,0,43500,4880500,"B"
"POW","14:24:28",11.25,0,5000,4837000,"B"
"POW","14:24:24",11.25,0,30000,4832000,"B"
"POW","14:24:22",11.3,0.05,100,4802000,"S"
"POW","14:24:13",11.3,0.05,1500,4801900,"S"
"POW","14:24:01",11.25,0,2400,4800400,"B"
"POW","14:23:55",11.3,0.05,100,4798000,"S"
"POW","14:23:40",11.3,0.05,100,4797900,"S"
"POW","14:23:32",11.25,0,2000,4797800,"B"
"POW","14:23:31",11.25,0,1000,4795800,"B"
"POW","14:23:26",11.25,0,2500,4794800,"B"
"POW","14:23:25",11.25,0,15000,4792200,"B"
"POW","14:22:59",11.25,0,2400,4777200,"B"
"POW","14:22:47",11.3,0.05,100,4774800,"S"
"POW","14:22:26",11.25,0,4300,4774700,"B"
"POW","14:22:18",11.3,0.05,1000,4770400,"S"
"POW","14:21:55",11.25,0,2400,4769400,"B"
"POW","14:21:48",11.25,0,10000,4767000,"B"
"POW","14:21:22",11.25,0,10000,4757000,"B"
"POW","14:20:22",11.25,0,2400,4747000,"B"
"POW","14:20:17",11.25,0,500,4744600,"B"
"POW","14:20:07",11.25,0,100,4744100,"B"
"POW","14:20:06",11.25,0,20000,4744000,"B"
"POW","14:19:46",11.25,0,500,4724000,"B"
"POW","14:19:45",11.25,0,10000,4723500,"B"
"POW","14:19:39",11.25,0,107000,4713500,"B"
"POW","14:19:33",11.25,0,200,4606500,"B"
"POW","14:19:09",11.25,0,20000,4606300,"B"
"POW","14:18:30",11.25,0,1000,4586300,"B"
"POW","14:18:11",11.25,0,3500,4585300,"B"
"POW","14:17:46",11.25,0,2000,4581800,"B"
"POW","14:17:37",11.25,0,9500,4579800,"S"
"POW","14:17:33",11.25,0,23400,4570300,"S"
"POW","14:17:32",11.25,0,26600,4546900,"S"
"POW","14:17:30",11.25,0,20000,4520300,"S"
"POW","14:17:26",11.25,0,55000,4500300,"S"
"POW","14:17:20",11.25,0,1000,4445300,"S"
"POW","14:17:19",11.25,0,100,4444300,"S"
"POW","14:17:18",11.25,0,1000,4444200,"S"
"POW","14:17:10",11.25,0,4400,4443200,"S"
"POW","14:17:08",11.25,0,3000,4438800,"S"
"POW","14:17:04",11.25,0,50000,4435800,"S"
"POW","14:17:02",11.25,0,300,4385800,"S"
"POW","14:16:58",11.25,0,300,4385500,"S"
"POW","14:16:56",11.25,0,1500,4385200,"S"
"POW","14:16:47",11.25,0,800,4383700,"S"
"POW","14:16:45",11.25,0,800,4382900,"S"
"POW","14:16:30",11.25,0,1600,4382100,"S"
"POW","14:16:26",11.25,0,5000,4380500,"S"
"POW","14:16:10",11.25,0,100,4375500,"S"
"POW","14:16:08",11.25,0,10000,4375400,"S"
"POW","14:16:00",11.2,-0.05,3100,4365400,"B"
"POW","14:15:43",11.25,0,100,4362300,"S"
"POW","14:15:27",11.25,0,1000,4362200,"S"
"POW","14:15:08",11.25,0,7000,4361200,"S"
"POW","14:15:06",11.25,0,500,4354200,"S"
"POW","14:14:47",11.25,0,100,4353700,"S"
"POW","14:14:43",11.25,0,100,4353600,"S"
"POW","14:14:29",11.25,0,500,4353500,"S"
"POW","14:14:28",11.25,0,100,4353000,"S"
"POW","14:14:27",11.25,0,3500,4352900,"S"
"POW","14:14:26",11.25,0,600,4349400,"S"
"POW","14:14:21",11.25,0,500,4348800,"S"
"POW","14:14:19",11.25,0,300,4348300,"S"
"POW","14:14:11",11.25,0,3500,4348000,"S"
"POW","14:14:04",11.25,0,100,4344500,"S"
"POW","14:14:04",11.25,0,500,4344400,"S"
"POW","14:14:00",11.25,0,50000,4343900,"S"
"POW","14:13:54",11.25,0,200,4293900,"S"
"POW","14:13:46",11.25,0,100,4293700,"S"
"POW","14:13:41",11.25,0,2100,4293600,"S"
"POW","14:13:38",11.25,0,1000,4291500,"S"
"POW","14:13:31",11.25,0,2000,4290500,"S"
"POW","14:13:22",11.25,0,100,4288500,"S"
"POW","14:13:12",11.25,0,1000,4288400,"S"
"POW","14:13:11",11.25,0,2100,4287400,"S"
"POW","14:13:09",11.25,0,600,4285300,"S"
"POW","14:12:46",11.25,0,5000,4284700,"S"
"POW","14:12:23",11.25,0,300,4279700,"S"
"POW","14:12:13",11.25,0,200,4279400,"S"
"POW","14:12:10",11.25,0,3000,4279200,"S"
"POW","14:12:01",11.25,0,100,4276200,"S"
"POW","14:11:54",11.2,-0.05,200,4276100,"B"
"POW","14:11:54",11.25,0,100,4275900,"S"
"POW","14:11:35",11.2,-0.05,800,4275800,"B"
"POW","14:10:57",11.2,-0.05,300,4275000,"B"
"POW","14:10:56",11.2,-0.05,200,4274700,"B"
"POW","14:10:49",11.2,-0.05,200,4274500,"B"
"POW","14:10:24",11.25,0,5000,4274300,"S"
"POW","14:10:21",11.25,0,3000,4269300,"S"
"POW","14:09:58",11.25,0,25000,4266300,"S"
"POW","14:09:16",11.25,0,1000,4241300,"S"
"POW","14:09:01",11.25,0,400,4240300,"S"
"POW","14:08:49",11.25,0,300,4239900,"S"
"POW","14:08:05",11.25,0,100,4239600,"S"
"POW","14:07:31",11.25,0,1000,4239500,"S"
"POW","14:07:16",11.25,0,1600,4238500,"S"
"POW","14:06:41",11.25,0,800,4236900,"S"
"POW","14:06:01",11.2,-0.05,100,4236100,"B"
"POW","14:05:57",11.25,0,100,4236000,"S"
"POW","14:05:53",11.2,-0.05,100,4235900,"B"
"POW","14:05:43",11.2,-0.05,100,4235800,"B"
"POW","14:05:33",11.2,-0.05,100,4235700,"B"
"POW","14:05:09",11.25,0,800,4235600,"S"
"POW","14:04:38",11.25,0,200,4234800,"S"
"POW","14:04:10",11.25,0,200,4234600,"S"
"POW","14:04:09",11.25,0,400,4234400,"S"
"POW","14:03:50",11.2,-0.05,1600,4234000,"B"
"POW","14:03:45",11.25,0,500,4232400,"S"
"POW","14:03:30",11.25,0,25000,4231900,"S"
"POW","14:02:17",11.2,-0.05,100,4206900,"B"
"POW","14:01:55",11.2,-0.05,100,4206800,"B"
"POW","14:01:50",11.2,-0.05,100,4206700,"B"
"POW","14:01:23",11.2,-0.05,100,4206600,"B"
"POW","14:00:54",11.2,-0.05,100,4206500,"B"
"POW","14:00:39",11.25,0,500,4206400,"S"
"POW","14:00:11",11.25,0,1000,4205900,"S"
"POW","14:00:10",11.25,0,5000,4204900,"S"
"POW","14:00:02",11.25,0,2100,4199900,"S"
"POW","13:59:51",11.25,0,500,4197800,"S"
"POW","13:59:47",11.25,0,100,4197300,"S"
"POW","13:59:36",11.25,0,300,4197200,"S"
"POW","13:59:09",11.25,0,100,4196900,"S"
"POW","13:59:01",11.25,0,2000,4196800,"S"
"POW","13:58:54",11.25,0,200,4194800,"S"
"POW","13:58:35",11.25,0,100,4194600,"S"
"POW","13:58:14",11.25,0,200,4194500,"S"
"POW","13:58:01",11.25,0,200,4194300,"S"
"POW","13:57:53",11.25,0,25000,4194100,"S"
"POW","13:56:33",11.25,0,100,4169100,"S"
"POW","13:56:29",11.2,-0.05,81300,4169000,"B"
"POW","13:56:24",11.2,-0.05,100,4087700,"B"
"POW","13:56:05",11.25,0,5000,4087600,"S"
"POW","13:55:58",11.2,-0.05,100,4082600,"B"
"POW","13:55:36",11.2,-0.05,500,4082500,"B"
"POW","13:55:32",11.2,-0.05,100,4082000,"B"
"POW","13:55:27",11.2,-0.05,500,4081900,"B"
"POW","13:55:03",11.2,-0.05,100,4081400,"B"
"POW","13:54:40",11.2,-0.05,500,4081300,"B"
"POW","13:54:08",11.25,0,500,4080800,"S"
"POW","13:53:53",11.25,0,300,4080300,"S"
"POW","13:53:35",11.25,0,100000,4080000,"S"
"POW","13:53:24",11.2,-0.05,100,3980000,"B"
"POW","13:53:00",11.25,0,25000,3979900,"S"
"POW","13:52:41",11.25,0,100,3954900,"S"
"POW","13:52:39",11.25,0,2000,3954800,"S"
"POW","13:52:38",11.25,0,700,3952800,"S"
"POW","13:52:10",11.25,0,500,3952100,"S"
"POW","13:52:05",11.25,0,100,3951600,"S"
"POW","13:51:53",11.25,0,25000,3951500,"S"
"POW","13:51:53",11.2,-0.05,100,3926500,"B"
"POW","13:51:51",11.25,0,1000,3926400,"S"
"POW","13:51:25",11.25,0,5000,3925400,"S"
"POW","13:51:13",11.25,0,100,3920400,"S"
"POW","13:51:04",11.25,0,400,3920300,"S"
"POW","13:50:45",11.25,0,2500,3919900,"S"
"POW","13:50:31",11.25,0,500,3917400,"S"
"POW","13:50:10",11.25,0,100,3916900,"S"
"POW","13:49:36",11.25,0,200,3916800,"S"
"POW","13:49:36",11.2,-0.05,100,3916600,"B"
"POW","13:49:14",11.25,0,300,3916500,"S"
"POW","13:48:58",11.25,0,300,3916200,"S"
"POW","13:48:32",11.2,-0.05,100,3915900,"B"
"POW","13:48:05",11.25,0,2600,3915800,"S"
"POW","13:47:52",11.25,0,200,3913200,"S"
"POW","13:47:37",11.25,0,1000,3913000,"S"
"POW","13:47:30",11.25,0,500,3912000,"S"
"POW","13:47:22",11.25,0,400,3911500,"S"
"POW","13:47:02",11.25,0,25000,3911100,"S"
"POW","13:46:14",11.25,0,100,3886100,"S"
"POW","13:46:04",11.25,0,100,3886000,"S"
"POW","13:46:00",11.25,0,200,3885900,"S"
"POW","13:45:57",11.25,0,400,3885700,"S"
"POW","13:45:48",11.25,0,500,3885300,"S"
"POW","13:45:48",11.2,-0.05,100,3884800,"B"
"POW","13:45:44",11.25,0,17000,3884700,"S"
"POW","13:45:34",11.25,0,200,3867700,"S"
"POW","13:45:32",11.25,0,12900,3867500,"S"
"POW","13:45:23",11.25,0,100,3854600,"S"
"POW","13:45:20",11.25,0,40000,3854500,"S"
"POW","13:45:18",11.25,0,9000,3814500,"S"
"POW","13:45:05",11.25,0,200,3805500,"S"
"POW","13:45:00",11.25,0,200,3805300,"S"
"POW","13:44:54",11.25,0,500,3805100,"S"
"POW","13:44:48",11.2,-0.05,100,3804600,"B"
"POW","13:44:34",11.25,0,3100,3804500,"S"
"POW","13:44:30",11.25,0,300,3801400,"S"
"POW","13:44:25",11.25,0,200,3801100,"S"
"POW","13:44:19",11.25,0,40000,3800900,"S"
"POW","13:44:18",11.25,0,1900,3760900,"S"
"POW","13:44:15",11.25,0,200,3759000,"S"
"POW","13:44:14",11.25,0,300,3758800,"S"
"POW","13:44:05",11.25,0,300,3758500,"S"
"POW","13:43:56",11.2,-0.05,100,3758200,"B"
"POW","13:43:28",11.2,-0.05,5000,3758100,"B"
"POW","13:43:10",11.25,0,100,3753100,"S"
"POW","13:42:42",11.25,0,200,3753000,"S"
"POW","13:42:31",11.25,0,3600,3752800,"S"
"POW","13:42:26",11.25,0,10000,3749200,"S"
"POW","13:42:21",11.2,-0.05,100,3739200,"B"
"POW","13:42:18",11.25,0,300,3739100,"S"
"POW","13:42:12",11.25,0,500,3738800,"S"
"POW","13:42:12",11.25,0,500,3738300,"S"
"POW","13:41:56",11.2,-0.05,200,3737800,"B"
"POW","13:41:52",11.25,0,100,3737600,"S"
"POW","13:41:39",11.25,0,21600,3737500,"B"
"POW","13:41:30",11.25,0,3400,3715900,"S"
"POW","13:41:26",11.2,-0.05,100,3712500,"B"
"POW","13:41:24",11.25,0,6000,3712400,"S"
"POW","13:41:22",11.25,0,900,3706400,"S"
"POW","13:41:19",11.25,0,200,3705500,"S"
"POW","13:41:09",11.25,0,90000,3705300,"S"
"POW","13:40:53",11.25,0,100,3615300,"S"
"POW","13:40:33",11.25,0,200,3615200,"S"
"POW","13:40:29",11.25,0,1000,3615000,"S"
"POW","13:40:26",11.25,0,500,3614000,"S"
"POW","13:40:22",11.25,0,500,3613500,"S"
"POW","13:40:17",11.25,0,500,3613000,"S"
"POW","13:40:11",11.25,0,30000,3612500,"S"
"POW","13:40:10",11.25,0,500,3582500,"S"
"POW","13:40:03",11.25,0,100,3582000,"S"
"POW","13:39:48",11.2,-0.05,100,3581900,"B"
"POW","13:39:45",11.25,0,11000,3581800,"S"
"POW","13:39:41",11.25,0,100,3570800,"S"
"POW","13:39:39",11.25,0,5000,3570700,"S"
"POW","13:39:30",11.25,0,10000,3565700,"S"
"POW","13:39:24",11.25,0,1000,3555700,"S"
"POW","13:39:22",11.25,0,100,3554700,"S"
"POW","13:39:13",11.25,0,100,3554600,"S"
"POW","13:39:12",11.25,0,10000,3554500,"S"
"POW","13:39:03",11.25,0,4300,3544500,"S"
"POW","13:38:55",11.25,0,2500,3540200,"S"
"POW","13:38:54",11.2,-0.05,100,3537700,"B"
"POW","13:38:45",11.25,0,130000,3537600,"S"
"POW","13:38:34",11.25,0,100,3407600,"S"
"POW","13:38:26",11.25,0,25000,3407500,"S"
"POW","13:38:09",11.2,-0.05,5000,3382500,"B"
"POW","13:37:48",11.25,0,400,3377500,"S"
"POW","13:37:44",11.25,0,300,3377100,"S"
"POW","13:37:11",11.2,-0.05,100,3376800,"B"
"POW","13:36:31",11.25,0,100,3376700,"S"
"POW","13:36:06",11.25,0,500,3376600,"S"
"POW","13:36:02",11.25,0,100,3376100,"S"
"POW","13:36:00",11.25,0,100,3376000,"S"
"POW","13:35:50",11.25,0,200,3375900,"S"
"POW","13:35:33",11.25,0,200,3375700,"S"
"POW","13:35:31",11.25,0,2000,3375500,"S"
"POW","13:35:30",11.25,0,1000,3373400,"S"
"POW","13:35:28",11.25,0,100,3372400,"S"
"POW","13:35:17",11.25,0,19000,3372300,"S"
"POW","13:35:00",11.25,0,300,3353300,"S"
"POW","13:35:00",11.25,0,100,3353000,"S"
"POW","13:34:58",11.25,0,1000,3352900,"S"
"POW","13:34:46",11.25,0,2000,3351900,"S"
"POW","13:34:27",11.25,0,3000,3349900,"S"
"POW","13:33:51",11.25,0,100,3346900,"S"
"POW","13:33:16",11.2,-0.05,2400,3346800,"B"
"POW","13:33:01",11.25,0,1500,3344400,"S"
"POW","13:32:46",11.25,0,100,3342900,"S"
"POW","13:32:45",11.2,-0.05,100,3342800,"B"
"POW","13:32:20",11.25,0,600,3342700,"S"
"POW","13:32:20",11.2,-0.05,200,3342100,"B"
"POW","13:32:12",11.25,0,1000,3341900,"S"
"POW","13:32:07",11.25,0,12600,3340900,"B"
"POW","13:31:48",11.25,0,17400,3328300,"S"
"POW","13:31:43",11.25,0,400,3310900,"S"
"POW","13:31:42",11.25,0,2000,3310500,"S"
"POW","13:31:40",11.25,0,200,3308500,"S"
"POW","13:31:26",11.25,0,100,3308300,"S"
"POW","13:31:26",11.2,-0.05,2400,3308200,"B"
"POW","13:31:23",11.2,-0.05,1300,3305800,"B"
"POW","13:31:20",11.2,-0.05,800,3304500,"B"
"POW","13:31:20",11.25,0,2000,3303700,"S"
"POW","13:31:16",11.2,-0.05,1600,3301700,"B"
"POW","13:31:08",11.2,-0.05,2400,3300100,"B"
"POW","13:31:04",11.25,0,300,3297700,"S"
"POW","13:31:02",11.25,0,1900,3297400,"S"
"POW","13:30:50",11.2,-0.05,2400,3295500,"B"
"POW","13:30:33",11.2,-0.05,2400,3293100,"B"
"POW","13:30:32",11.2,-0.05,1000,3290700,"B"
"POW","13:30:16",11.25,0,600,3289700,"S"
"POW","13:30:15",11.25,0,100,3289100,"S"
"POW","13:30:12",11.25,0,100,3289000,"S"
"POW","13:30:09",11.25,0,1400,3288900,"B"
"POW","13:29:56",11.3,0.05,1000,3287500,"S"
"POW","13:29:49",11.25,0,2400,3286500,"B"
"POW","13:29:45",11.25,0,200,3284100,"S"
"POW","13:29:34",11.25,0,2000,3283900,"S"
"POW","13:29:32",11.2,-0.05,2400,3281900,"B"
"POW","13:29:31",11.25,0,100,3279500,"S"
"POW","13:29:21",11.25,0,19000,3279400,"S"
"POW","13:29:03",11.25,0,5000,3260400,"S"
"POW","13:29:02",11.25,0,66100,3255400,"B"
"POW","13:28:48",11.25,0,2400,3189300,"B"
"POW","13:28:38",11.25,0,100,3186900,"B"
"POW","13:28:22",11.25,0,2400,3186800,"B"
"POW","13:28:06",11.25,0,900,3184400,"B"
"POW","13:27:49",11.25,0,5000,3183500,"B"
"POW","13:27:14",11.25,0,2400,3178500,"B"
"POW","13:27:12",11.25,0,100,3176100,"B"
"POW","13:27:09",11.25,0,5500,3176000,"B"
"POW","13:26:55",11.25,0,100,3170500,"B"
"POW","13:26:39",11.25,0,100,3170400,"B"
"POW","13:26:38",11.25,0,9000,3170300,"B"
"POW","13:26:32",11.25,0,2400,3161300,"B"
"POW","13:26:22",11.25,0,300,3158900,"B"
"POW","13:26:22",11.25,0,100,3158600,"B"
"POW","13:24:05",11.3,0.05,100,3158500,"S"
"POW","13:23:45",11.25,0,100,3158400,"S"
"POW","13:23:40",11.25,0,10000,3158300,"S"
"POW","13:23:33",11.25,0,40000,3148300,"S"
"POW","13:23:32",11.2,-0.05,2400,3108300,"B"
"POW","13:23:32",11.25,0,100,3105900,"S"
"POW","13:23:16",11.25,0,700,3105800,"S"
"POW","13:23:09",11.25,0,25000,3105100,"S"
"POW","13:23:07",11.2,-0.05,2400,3080100,"B"
"POW","13:22:56",11.25,0,1000,3077700,"S"
"POW","13:22:31",11.2,-0.05,800,3076700,"B"
"POW","13:22:30",11.25,0,1000,3075900,"S"
"POW","13:22:30",11.2,-0.05,800,3074900,"B"
"POW","13:22:23",11.25,0,202700,3074100,"B"
"POW","13:22:22",11.25,0,131800,2871400,"B"
"POW","13:22:20",11.25,0,10000,2739600,"B"
"POW","13:22:13",11.25,0,2400,2729600,"B"
"POW","13:22:13",11.3,0.05,200,2727200,"S"
"POW","13:22:00",11.25,0,3000,2727000,"B"
"POW","13:21:58",11.25,0,2400,2724000,"B"
"POW","13:21:16",11.25,0,400,2721600,"B"
"POW","13:20:56",11.3,0.05,500,2721200,"S"
"POW","13:20:54",11.25,0,2400,2720700,"B"
"POW","13:19:45",11.25,0,1600,2718300,"B"
"POW","13:19:40",11.3,0.05,7300,2716700,"S"
"POW","13:19:35",11.3,0.05,10100,2709400,"S"
"POW","13:19:26",11.3,0.05,9000,2699300,"S"
"POW","13:18:46",11.3,0.05,100,2690300,"S"
"POW","13:18:45",11.3,0.05,100,2690200,"S"
"POW","13:18:30",11.3,0.05,22000,2690100,"S"
"POW","13:18:16",11.3,0.05,200,2668100,"S"
"POW","13:17:49",11.3,0.05,5000,2667900,"S"
"POW","13:17:40",11.3,0.05,5000,2662900,"S"
"POW","13:17:22",11.3,0.05,200,2657900,"S"
"POW","13:17:00",11.3,0.05,10000,2657700,"S"
"POW","13:16:29",11.3,0.05,12200,2647700,"B"
"POW","13:16:28",11.3,0.05,100,2635500,"B"
"POW","13:16:20",11.3,0.05,1000,2635400,"S"
"POW","13:16:13",11.25,0,1000,2634400,"B"
"POW","13:16:10",11.3,0.05,200,2633400,"B"
"POW","13:16:06",11.3,0.05,200,2633200,"B"
"POW","13:16:04",11.3,0.05,1700,2633000,"S"
"POW","13:15:58",11.3,0.05,24500,2631300,"S"
"POW","13:15:57",11.3,0.05,20000,2606800,"S"
"POW","13:15:56",11.3,0.05,100,2586800,"S"
"POW","13:15:47",11.3,0.05,400000,2586700,"S"
"POW","13:13:20",11.3,0.05,25000,2186700,"S"
"POW","13:13:03",11.25,0,300,2161700,"B"
"POW","13:11:55",11.3,0.05,5000,2161400,"S"
"POW","13:11:41",11.3,0.05,1000,2156400,"S"
"POW","13:11:15",11.3,0.05,100,2155400,"S"
"POW","13:11:10",11.3,0.05,12000,2155300,"S"
"POW","13:11:10",11.25,0,100,2143300,"B"
"POW","13:10:08",11.3,0.05,100,2143200,"S"
"POW","13:10:06",11.25,0,4000,2143100,"B"
"POW","13:10:01",11.3,0.05,3000,2139100,"S"
"POW","13:09:57",11.3,0.05,200,2136100,"S"
"POW","13:09:12",11.3,0.05,25000,2135900,"S"
"POW","13:09:10",11.25,0,500,2110900,"B"
"POW","13:08:58",11.25,0,4000,2110400,"B"
"POW","13:08:27",11.25,0,100,2106400,"B"
"POW","13:07:49",11.3,0.05,100,2106300,"S"
"POW","13:06:53",11.3,0.05,5000,2106200,"S"
"POW","13:06:09",11.3,0.05,500,2101200,"S"
"POW","13:05:20",11.25,0,300,2100700,"B"
"POW","13:05:14",11.25,0,500,2100400,"B"
"POW","13:05:12",11.25,0,20000,2099900,"B"
"POW","13:04:40",11.25,0,3000,2079900,"B"
"POW","13:03:30",11.25,0,100,2076900,"B"
"POW","13:03:20",11.3,0.05,500,2076800,"S"
"POW","13:03:19",11.3,0.05,20000,2076300,"S"
"POW","13:02:48",11.25,0,5000,2056300,"B"
"POW","13:02:23",11.25,0,2000,2051300,"B"
"POW","13:01:37",11.25,0,200,2049300,"B"
"POW","13:01:36",11.25,0,2900,2049100,"B"
"POW","13:00:04",11.25,0,100,2046200,"B"
"POW","13:00:04",11.3,0.05,2100,2046100,"S"
"POW","13:00:02",11.25,0,5000,2044000,"B"
"POW","13:00:00",11.25,0,400,2039000,"B"
"POW","13:00:00",11.25,0,200,2038600,"B"
"POW","11:29:34",11.25,0,200,2038400,"B"
"POW","11:29:25",11.25,0,50000,2038200,"B"
"POW","11:29:12",11.25,0,100,1988200,"B"
"POW","11:28:20",11.25,0,4200,1988100,"B"
"POW","11:27:56",11.25,0,2000,1983900,"B"
"POW","11:27:19",11.3,0.05,5000,1981900,"S"
"POW","11:26:26",11.3,0.05,500,1976900,"S"
"POW","11:26:14",11.3,0.05,500,1976400,"S"
"POW","11:25:12",11.3,0.05,2000,1975900,"S"
"POW","11:24:05",11.25,0,3000,1973900,"B"
"POW","11:22:44",11.3,0.05,3300,1970900,"S"
"POW","11:20:28",11.3,0.05,3400,1967600,"S"
"POW","11:19:55",11.3,0.05,500,1964200,"S"
"POW","11:19:25",11.25,0,30000,1963700,"B"
"POW","11:18:42",11.3,0.05,3000,1933700,"S"
"POW","11:18:21",11.3,0.05,5000,1930700,"S"
"POW","11:15:12",11.3,0.05,500,1925700,"S"
"POW","11:13:13",11.3,0.05,1000,1925200,"S"
"POW","11:12:48",11.3,0.05,2000,1924200,"S"
"POW","11:12:40",11.25,0,1000,1922200,"B"
"POW","11:12:30",11.3,0.05,3000,1921200,"S"
"POW","11:12:21",11.3,0.05,3000,1918200,"S"
"POW","11:12:04",11.3,0.05,100,1915200,"S"
"POW","11:11:43",11.3,0.05,100,1915100,"S"
"POW","11:11:08",11.3,0.05,80000,1915000,"S"
"POW","11:10:24",11.25,0,3000,1835000,"B"
"POW","11:09:29",11.25,0,200,1832000,"B"
"POW","11:08:47",11.25,0,500,1831800,"B"
"POW","11:08:07",11.25,0,2000,1831300,"B"
"POW","11:08:03",11.3,0.05,100,1829300,"S"
"POW","11:07:03",11.3,0.05,2000,1829200,"S"
"POW","11:05:34",11.3,0.05,1000,1827200,"S"
"POW","11:05:08",11.25,0,27000,1826200,"B"
"POW","11:04:34",11.25,0,100,1799200,"B"
"POW","11:03:35",11.25,0,51000,1799100,"B"
"POW","11:02:45",11.25,0,300,1748100,"S"
"POW","11:02:42",11.25,0,700,1747800,"B"
"POW","11:02:41",11.25,0,42000,1747100,"B"
"POW","11:01:32",11.3,0.05,600,1705100,"S"
"POW","11:01:25",11.3,0.05,300,1704500,"S"
"POW","11:01:15",11.3,0.05,100,1704200,"S"
"POW","11:00:51",11.25,0,5000,1704100,"B"
"POW","11:00:26",11.25,0,6000,1699100,"B"
"POW","10:59:55",11.25,0,2000,1693100,"B"
"POW","10:59:46",11.25,0,3900,1691100,"S"
"POW","10:59:45",11.25,0,1000,1687200,"S"
"POW","10:59:43",11.25,0,300,1686200,"S"
"POW","10:59:26",11.25,0,100,1685900,"S"
"POW","10:59:25",11.25,0,1800,1685800,"B"
"POW","10:59:24",11.25,0,18400,1684000,"B"
"POW","10:58:57",11.25,0,10000,1665600,"B"
"POW","10:58:57",11.25,0,2000,1655600,"B"
"POW","10:58:30",11.25,0,7000,1653600,"B"
"POW","10:58:17",11.25,0,10000,1646600,"B"
"POW","10:57:28",11.25,0,5000,1636600,"B"
"POW","10:57:14",11.3,0.05,400,1631600,"S"
"POW","10:56:27",11.25,0,2000,1631200,"B"
"POW","10:56:19",11.25,0,13000,1629200,"B"
"POW","10:56:02",11.25,0,50000,1616200,"B"
"POW","10:55:56",11.3,0.05,10100,1566200,"S"
"POW","10:54:54",11.25,0,1000,1556100,"B"
"POW","10:54:13",11.25,0,1700,1555100,"B"
"POW","10:53:53",11.25,0,1000,1553400,"B"
"POW","10:53:44",11.25,0,1000,1552400,"B"
"POW","10:51:58",11.25,0,25000,1551400,"B"
"POW","10:51:49",11.25,0,500,1526400,"B"
"POW","10:51:20",11.25,0,5000,1525900,"B"
"POW","10:49:50",11.3,0.05,100,1520900,"S"
"POW","10:49:02",11.25,0,25000,1520800,"B"
"POW","10:48:55",11.25,0,48300,1495800,"B"
"POW","10:48:54",11.25,0,89700,1447500,"B"
"POW","10:47:25",11.3,0.05,500,1357800,"S"
"POW","10:47:11",11.25,0,4400,1357300,"B"
"POW","10:47:10",11.25,0,600,1352900,"B"
"POW","10:45:13",11.25,0,200,1352300,"B"
"POW","10:44:48",11.25,0,6200,1352100,"B"
"POW","10:44:48",11.25,0,3800,1345900,"B"
"POW","10:43:50",11.25,0,1000,1342100,"B"
"POW","10:43:49",11.25,0,1000,1341100,"B"
"POW","10:43:36",11.25,0,600,1340100,"B"
"POW","10:43:32",11.25,0,4000,1339500,"B"
"POW","10:43:28",11.25,0,1000,1335500,"B"
"POW","10:42:59",11.25,0,100,1334500,"B"
"POW","10:42:58",11.25,0,4800,1334400,"B"
"POW","10:42:57",11.25,0,500,1329600,"B"
"POW","10:42:08",11.25,0,3500,1329100,"B"
"POW","10:41:17",11.25,0,1000,1325600,"B"
"POW","10:39:28",11.3,0.05,100,1324600,"S"
"POW","10:38:09",11.3,0.05,100,1324500,"S"
"POW","10:38:02",11.3,0.05,300,1324400,"S"
"POW","10:37:53",11.25,0,4000,1324100,"B"
"POW","10:37:10",11.25,0,500,1320100,"B"
"POW","10:36:59",11.25,0,100,1319600,"B"
"POW","10:36:45",11.25,0,1000,1319500,"B"
"POW","10:36:29",11.25,0,32100,1318500,"S"
"POW","10:36:27",11.25,0,1000,1286400,"S"
"POW","10:36:26",11.25,0,1000,1285400,"S"
"POW","10:36:18",11.25,0,100,1284400,"S"
"POW","10:36:17",11.25,0,20000,1284300,"S"
"POW","10:36:09",11.25,0,1000,1264300,"S"
"POW","10:36:06",11.25,0,200,1263300,"S"
"POW","10:36:00",11.25,0,2000,1263100,"S"
"POW","10:35:55",11.2,-0.05,500,1261100,"B"
"POW","10:35:55",11.25,0,500,1260600,"S"
"POW","10:35:50",11.25,0,20000,1260100,"S"
"POW","10:35:50",11.25,0,100,1240100,"S"
"POW","10:35:44",11.25,0,1000,1240000,"S"
"POW","10:35:40",11.25,0,300,1239000,"S"
"POW","10:35:29",11.25,0,4900,1238700,"S"
"POW","10:35:29",11.25,0,600,1233800,"S"
"POW","10:35:18",11.25,0,500,1233200,"S"
"POW","10:35:14",11.25,0,14000,1232700,"S"
"POW","10:35:07",11.25,0,300,1218700,"S"
"POW","10:35:03",11.25,0,1500,1218400,"S"
"POW","10:35:00",11.25,0,100,1216900,"S"
"POW","10:34:23",11.25,0,500,1216800,"S"
"POW","10:34:14",11.25,0,200,1216300,"S"
"POW","10:33:46",11.25,0,600,1216100,"S"
"POW","10:33:41",11.25,0,300,1215500,"S"
"POW","10:33:36",11.25,0,1000,1215200,"S"
"POW","10:33:27",11.25,0,300,1214200,"S"
"POW","10:33:22",11.25,0,5600,1213900,"S"
"POW","10:33:21",11.25,0,200,1208300,"S"
"POW","10:33:16",11.25,0,100,1208100,"S"
"POW","10:33:14",11.25,0,6000,1208000,"S"
"POW","10:32:26",11.25,0,400,1202000,"S"
"POW","10:31:52",11.2,-0.05,1600,1201600,"B"
"POW","10:31:41",11.25,0,42000,1200000,"S"
"POW","10:31:34",11.2,-0.05,400,1158000,"B"
"POW","10:31:23",11.25,0,100,1157600,"S"
"POW","10:31:21",11.25,0,200,1157500,"S"
"POW","10:30:42",11.25,0,1900,1157300,"S"
"POW","10:30:38",11.25,0,10000,1155400,"S"
"POW","10:30:34",11.25,0,10000,1145400,"S"
"POW","10:30:15",11.2,-0.05,800,1135400,"B"
"POW","10:30:11",11.25,0,20000,1134600,"S"
"POW","10:30:01",11.25,0,100,1114600,"S"
"POW","10:29:09",11.25,0,600,1114500,"S"
"POW","10:28:44",11.2,-0.05,5000,1113900,"B"
"POW","10:28:23",11.2,-0.05,100,1108900,"B"
"POW","10:28:13",11.2,-0.05,13000,1108800,"B"
"POW","10:28:00",11.25,0,200,1095800,"S"
"POW","10:27:49",11.25,0,1000,1095600,"S"
"POW","10:27:45",11.25,0,8000,1094600,"S"
"POW","10:27:11",11.25,0,100,1086600,"S"
"POW","10:27:09",11.25,0,500,1086500,"S"
"POW","10:26:49",11.2,-0.05,300,1086000,"B"
"POW","10:25:57",11.25,0,800,1085700,"S"
"POW","10:25:16",11.25,0,100,1084900,"S"
"POW","10:24:28",11.2,-0.05,1700,1084800,"B"
"POW","10:24:14",11.25,0,100,1083100,"S"
"POW","10:23:56",11.25,0,1000,1083000,"S"
"POW","10:23:55",11.25,0,100,1082000,"S"
"POW","10:23:33",11.25,0,1900,1081900,"S"
"POW","10:23:28",11.25,0,300,1080000,"S"
"POW","10:22:37",11.25,0,1600,1079700,"S"
"POW","10:21:54",11.25,0,1600,1078100,"S"
"POW","10:21:48",11.25,0,200,1076500,"S"
"POW","10:21:29",11.25,0,10000,1076300,"S"
"POW","10:21:21",11.25,0,5000,1066300,"S"
"POW","10:20:27",11.25,0,100,1061300,"S"
"POW","10:20:20",11.25,0,1600,1061200,"S"
"POW","10:20:06",11.25,0,1000,1059600,"S"
"POW","10:19:50",11.25,0,100,1058600,"S"
"POW","10:19:11",11.25,0,6200,1058500,"S"
"POW","10:19:02",11.25,0,1600,1052300,"S"
"POW","10:18:51",11.25,0,200,1050700,"S"
"POW","10:17:43",11.2,-0.05,100,1050500,"B"
"POW","10:17:33",11.2,-0.05,500,1050400,"B"
"POW","10:17:25",11.2,-0.05,5000,1049900,"B"
"POW","10:17:23",11.2,-0.05,600,1044900,"B"
"POW","10:17:22",11.2,-0.05,500,1044300,"B"
"POW","10:17:10",11.25,0,400,1043800,"S"
"POW","10:17:00",11.25,0,100,1043400,"S"
"POW","10:16:54",11.25,0,100,1043300,"S"
"POW","10:16:48",11.25,0,100,1043200,"S"
"POW","10:16:46",11.25,0,400,1043100,"S"
"POW","10:16:41",11.25,0,100,1042700,"S"
"POW","10:16:39",11.25,0,100,1042600,"S"
"POW","10:15:42",11.25,0,500,1042500,"S"
"POW","10:15:10",11.25,0,100,1042000,"S"
"POW","10:14:46",11.2,-0.05,49700,1041900,"B"
"POW","10:14:46",11.25,0,500,992200,"S"
"POW","10:13:52",11.25,0,200,991700,"S"
"POW","10:13:46",11.25,0,600,991500,"S"
"POW","10:13:23",11.25,0,1000,990900,"S"
"POW","10:13:21",11.25,0,1000,989900,"S"
"POW","10:13:17",11.25,0,2100,988900,"S"
"POW","10:13:12",11.25,0,2000,986800,"S"
"POW","10:13:04",11.25,0,1600,984800,"S"
"POW","10:13:01",11.2,-0.05,3900,983200,"B"
"POW","10:12:52",11.25,0,500,979300,"S"
"POW","10:12:41",11.25,0,100,978800,"S"
"POW","10:12:36",11.25,0,800,978700,"S"
"POW","10:12:19",11.25,0,20000,977900,"S"
"POW","10:12:10",11.25,0,5000,957900,"S"
"POW","10:11:50",11.25,0,900,952900,"S"
"POW","10:11:43",11.25,0,4500,952000,"S"
"POW","10:11:33",11.25,0,200,947500,"S"
"POW","10:11:29",11.25,0,5000,947300,"S"
"POW","10:11:24",11.25,0,100,942300,"S"
"POW","10:11:15",11.25,0,23400,942200,"S"
"POW","10:10:13",11.25,0,100,918800,"S"
"POW","10:09:56",11.25,0,1800,918700,"S"
"POW","10:09:43",11.25,0,200,916900,"S"
"POW","10:09:31",11.25,0,100,916700,"S"
"POW","10:09:20",11.25,0,200,916600,"S"
"POW","10:08:32",11.25,0,100,916400,"S"
"POW","10:08:23",11.2,-0.05,1000,916300,"B"
"POW","10:07:58",11.2,-0.05,100,915300,"B"
"POW","10:07:18",11.2,-0.05,400,915200,"B"
"POW","10:06:51",11.25,0,100,914800,"S"
"POW","10:06:44",11.25,0,500,914700,"S"
"POW","10:06:40",11.25,0,400,914200,"S"
"POW","10:06:23",11.25,0,1200,913800,"S"
"POW","10:06:15",11.25,0,200,912600,"S"
"POW","10:06:06",11.25,0,200,912400,"S"
"POW","10:05:54",11.25,0,100,912200,"S"
"POW","10:05:42",11.25,0,100,912100,"S"
"POW","10:05:34",11.25,0,10000,912000,"S"
"POW","10:05:27",11.25,0,500,902000,"S"
"POW","10:05:12",11.25,0,100,901500,"S"
"POW","10:05:07",11.25,0,500,901400,"S"
"POW","10:04:51",11.25,0,100,900900,"S"
"POW","10:04:50",11.25,0,300,900800,"S"
"POW","10:04:48",11.25,0,5100,900500,"S"
"POW","10:04:46",11.25,0,100,895400,"S"
"POW","10:04:38",11.25,0,5000,895300,"S"
"POW","10:04:26",11.25,0,200,890300,"S"
"POW","10:03:35",11.25,0,1000,890100,"S"
"POW","10:03:28",11.25,0,500,889100,"S"
"POW","10:03:27",11.25,0,200,888600,"S"
"POW","10:03:27",11.25,0,1000,888400,"S"
"POW","10:03:19",11.25,0,2000,887400,"S"
"POW","10:03:01",11.25,0,10000,885400,"S"
"POW","10:02:58",11.25,0,16000,875400,"S"
"POW","10:02:50",11.25,0,400,859400,"S"
"POW","10:02:49",11.25,0,400,859000,"S"
"POW","10:02:43",11.25,0,30000,858600,"S"
"POW","10:02:42",11.25,0,2000,828600,"S"
"POW","10:02:31",11.25,0,200,826600,"S"
"POW","10:01:51",11.2,-0.05,200,826400,"B"
"POW","10:01:48",11.25,0,500,826200,"S"
"POW","10:01:42",11.25,0,6000,825700,"S"
"POW","10:01:38",11.25,0,100,819700,"S"
"POW","10:01:32",11.25,0,400,819600,"S"
"POW","10:01:19",11.25,0,200,819200,"S"
"POW","10:01:07",11.25,0,100,819000,"S"
"POW","10:00:57",11.25,0,1500,818900,"S"
"POW","10:00:53",11.25,0,32000,817400,"S"
"POW","10:00:30",11.25,0,5000,785400,"S"
"POW","10:00:00",11.25,0,1000,780400,"S"
"POW","09:59:50",11.25,0,800,779400,"S"
"POW","09:59:34",11.25,0,4000,778600,"S"
"POW","09:59:24",11.25,0,9700,774600,"S"
"POW","09:59:18",11.25,0,5000,764900,"S"
"POW","09:59:16",11.25,0,200,759900,"S"
"POW","09:58:57",11.25,0,2000,759700,"S"
"POW","09:58:32",11.25,0,500,757700,"S"
"POW","09:58:23",11.25,0,1800,757200,"S"
"POW","09:58:21",11.25,0,200,755400,"S"
"POW","09:58:09",11.25,0,1000,755200,"S"
"POW","09:57:10",11.2,-0.05,100,754200,"B"
"POW","09:57:08",11.25,0,200,754100,"S"
"POW","09:56:59",11.25,0,5000,753900,"S"
"POW","09:56:54",11.25,0,100,748900,"S"
"POW","09:56:53",11.25,0,100,748800,"S"
"POW","09:56:22",11.25,0,1000,748700,"S"
"POW","09:56:16",11.25,0,15000,747700,"S"
"POW","09:56:13",11.25,0,600,732700,"S"
"POW","09:56:08",11.25,0,160600,732100,"B"
"POW","09:56:00",11.3,0.05,300,571500,"S"
"POW","09:55:25",11.3,0.05,1500,571200,"S"
"POW","09:53:18",11.25,0,4000,569700,"B"
"POW","09:53:02",11.3,0.05,100,565700,"S"
"POW","09:52:40",11.3,0.05,500,565600,"S"
"POW","09:52:39",11.3,0.05,1000,565100,"S"
"POW","09:52:26",11.3,0.05,500,564100,"S"
"POW","09:52:00",11.3,0.05,4000,563600,"S"
"POW","09:51:23",11.25,0,200,559600,"B"
"POW","09:50:16",11.3,0.05,800,559400,"S"
"POW","09:49:54",11.3,0.05,200,558600,"S"
"POW","09:49:44",11.25,0,5000,558400,"B"
"POW","09:48:43",11.25,0,100,553400,"B"
"POW","09:46:33",11.25,0,12500,553300,"S"
"POW","09:46:32",11.25,0,15000,540800,"S"
"POW","09:46:27",11.25,0,200,525800,"S"
"POW","09:46:24",11.25,0,500,525600,"S"
"POW","09:46:23",11.25,0,4000,525100,"S"
"POW","09:46:06",11.25,0,500,521100,"S"
"POW","09:45:51",11.25,0,100,520600,"S"
"POW","09:45:46",11.25,0,2000,520500,"S"
"POW","09:45:45",11.25,0,5000,518500,"S"
"POW","09:45:35",11.25,0,500,513500,"S"
"POW","09:45:29",11.25,0,1000,513000,"S"
"POW","09:45:25",11.25,0,100,512000,"S"
"POW","09:45:10",11.25,0,1000,511900,"S"
"POW","09:45:02",11.25,0,30000,510900,"S"
"POW","09:44:22",11.25,0,1600,480900,"S"
"POW","09:44:09",11.25,0,800,464300,"S"
"POW","09:43:56",11.25,0,5000,463500,"S"
"POW","09:43:52",11.25,0,4000,458500,"S"
"POW","09:43:41",11.2,-0.05,2000,454500,"B"
"POW","09:43:33",11.25,0,1500,452500,"S"
"POW","09:42:57",11.25,0,2500,451000,"S"
"POW","09:42:37",11.25,0,1000,448500,"S"
"POW","09:42:26",11.25,0,7200,447500,"S"
"POW","09:42:20",11.25,0,5000,440300,"S"
"POW","09:42:12",11.2,-0.05,100,435300,"B"
"POW","09:42:09",11.25,0,100,435200,"S"
"POW","09:41:46",11.2,-0.05,5000,435100,"B"
"POW","09:41:37",11.2,-0.05,300,430100,"B"
"POW","09:41:32",11.25,0,200,429800,"S"
"POW","09:41:29",11.25,0,1000,429600,"S"
"POW","09:41:02",11.25,0,200,428600,"S"
"POW","09:40:53",11.25,0,200,428400,"S"
"POW","09:40:37",11.25,0,1000,428200,"S"
"POW","09:40:32",11.2,-0.05,7900,427200,"B"
"POW","09:40:30",11.25,0,1000,419300,"S"
"POW","09:39:53",11.25,0,100,418300,"S"
"POW","09:39:45",11.25,0,86300,418200,"B"
"POW","09:39:34",11.25,0,100,331900,"B"
"POW","09:39:11",11.3,0.05,200,331800,"S"
"POW","09:37:28",11.25,0,5800,331600,"B"
"POW","09:37:21",11.25,0,60000,325800,"B"
"POW","09:37:16",11.25,0,1000,265800,"B"
"POW","09:37:10",11.3,0.05,3000,264800,"S"
"POW","09:36:55",11.25,0,1000,261800,"B"
"POW","09:36:34",11.25,0,100,260800,"B"
"POW","09:35:55",11.25,0,200000,260700,"B"
"POW","09:35:16",11.3,0.05,100,60700,"S"
"POW","09:35:10",11.3,0.05,1000,60600,"S"
"POW","09:34:41",11.3,0.05,400,59600,"S"
"POW","09:32:54",11.3,0.05,1000,59200,"S"
"POW","09:32:37",11.25,0,2000,58200,"B"
"POW","09:32:28",11.3,0.05,100,56200,"S"
"POW","09:31:01",11.25,0,500,56100,"B"
"POW","09:30:47",11.25,0,500,55600,"B"
"POW","09:30:02",11.3,0.05,100,55100,"S"
"POW","09:29:54",11.3,0.05,100,55000,"S"
"POW","09:29:50",11.3,0.05,600,54900,"S"
"POW","09:28:33",11.3,0.05,500,54300,"S"
"POW","09:28:11",11.25,0,1000,53800,"B"
"POW","09:27:18",11.3,0.05,1000,52800,"S"
"POW","09:26:58",11.3,0.05,1000,51800,"S"
"POW","09:26:52",11.25,0,9000,50800,"B"
"POW","09:26:50",11.3,0.05,100,41800,"S"
"POW","09:26:36",11.3,0.05,100,41700,"S"
"POW","09:25:40",11.3,0.05,1000,41600,"S"
"POW","09:25:31",11.3,0.05,2500,40600,"S"
"POW","09:25:24",11.3,0.05,200,38100,"S"
"POW","09:25:23",11.3,0.05,1000,37900,"S"
"POW","09:24:19",11.3,0.05,500,36900,"S"
"POW","09:24:17",11.25,0,100,36400,"B"
"POW","09:23:48",11.3,0.05,1800,36300,"S"
"POW","09:23:39",11.3,0.05,1000,34500,"S"
"POW","09:23:23",11.3,0.05,1000,33500,"S"
"POW","09:23:19",11.3,0.05,200,32500,"S"
"POW","09:22:54",11.3,0.05,500,32300,"S"
"POW","09:22:52",11.3,0.05,100,31800,"S"
"POW","09:22:21",11.3,0.05,1000,31700,"S"
"POW","09:22:16",11.3,0.05,1200,30700,"S"
"POW","09:21:52",11.3,0.05,5000,29500,"S"
"POW","09:21:45",11.3,0.05,2100,24500,"S"
"POW","09:21:22",11.3,0.05,200,22400,"S"
"POW","09:21:21",11.3,0.05,3300,22200,"S"
"POW","09:21:14",11.3,0.05,900,18900,"S"
"POW","09:21:12",11.25,0,1100,18000,"B"
"POW","09:21:05",11.3,0.05,1000,16900,"S"
"POW","09:20:51",11.3,0.05,500,15900,"S"
"POW","09:20:50",11.3,0.05,500,15400,"S"
"POW","09:20:41",11.3,0.05,300,14900,"S"
"POW","09:19:54",11.25,0,300,14600,"B"
"POW","09:19:42",11.3,0.05,700,14300,"S"
"POW","09:19:29",11.25,0,100,13600,"B"
"POW","09:19:02",11.25,0,200,13500,"B"
"POW","09:18:59",11.3,0.05,400,13300,"S"
"POW","09:18:53",11.3,0.05,300,12900,"S"
"POW","09:18:04",11.25,0,1500,12600,"B"
"POW","09:17:17",11.25,0,200,11100,"B"
"POW","09:16:49",11.25,0,5900,10900,"B"
"POW","09:15:31",11.3,0.05,300,5000,"S"
"POW","09:15:02",11.25,0,100,4700,"B"
"POW","09:15:01",11.25,0,4600,4600,
