"symbol","time","price","change","vol","total","side"
"PVT","14:45:06",26.4,0.05,298300,2743200,
"PVT","14:29:50",26.5,0.15,9100,2444900,"S"
"PVT","14:29:50",26.45,0.1,200,2435800,"S"
"PVT","14:29:45",26.45,0.1,100,2435600,"S"
"PVT","14:29:41",26.45,0.1,100,2435500,"S"
"PVT","14:29:37",26.4,0.05,13900,2435400,"B"
"PVT","14:29:28",26.45,0.1,1000,2410400,"B"
"PVT","14:29:27",26.45,0.1,11000,2409400,"S"
"PVT","14:29:21",26.45,0.1,15000,2398400,"S"
"PVT","14:29:09",26.4,0.05,100,2383400,"B"
"PVT","14:29:01",26.4,0.05,2000,2383300,"B"
"PVT","14:28:34",26.45,0.1,900,2381300,"S"
"PVT","14:28:32",26.45,0.1,1000,2380400,"S"
"PVT","14:28:11",26.4,0.05,100,2379400,"B"
"PVT","14:28:01",26.4,0.05,2500,2379300,"B"
"PVT","14:27:45",26.4,0.05,1000,2376800,"B"
"PVT","14:27:30",26.45,0.1,3000,2375800,"S"
"PVT","14:27:14",26.45,0.1,2000,2372800,"S"
"PVT","14:27:06",26.45,0.1,6000,2370800,"S"
"PVT","14:26:58",26.45,0.1,300,2364800,"S"
"PVT","14:26:53",26.45,0.1,500,2364500,"S"
"PVT","14:26:47",26.45,0.1,2000,2364000,"S"
"PVT","14:26:43",26.45,0.1,200,2362000,"S"
"PVT","14:26:36",26.45,0.1,500,2361800,"S"
"PVT","14:26:27",26.45,0.1,100,2361300,"S"
"PVT","14:26:19",26.45,0.1,1300,2361200,"S"
"PVT","14:26:10",26.45,0.1,7200,2359900,"B"
"PVT","14:26:00",26.45,0.1,400,2352700,"B"
"PVT","14:25:38",26.45,0.1,10000,2352300,"B"
"PVT","14:25:04",26.45,0.1,4800,2342300,"B"
"PVT","14:24:50",26.45,0.1,300,2337500,"B"
"PVT","14:24:44",26.45,0.1,600,2337200,"B"
"PVT","14:24:39",26.5,0.15,2000,2336600,"S"
"PVT","14:24:38",26.45,0.1,1200,2334600,"S"
"PVT","14:24:29",26.45,0.1,800,2333400,"B"
"PVT","14:24:23",26.45,0.1,4900,2332600,"B"
"PVT","14:24:16",26.45,0.1,100,2327700,"B"
"PVT","14:24:12",26.45,0.1,600,2327600,"B"
"PVT","14:24:03",26.45,0.1,2900,2327000,"B"
"PVT","14:23:59",26.45,0.1,30000,2324100,"B"
"PVT","14:23:50",26.45,0.1,20000,2294100,"B"
"PVT","14:23:46",26.45,0.1,300,2274100,"B"
"PVT","14:23:38",26.45,0.1,200,2273800,"B"
"PVT","14:22:51",26.45,0.1,25000,2273600,"B"
"PVT","14:22:43",26.45,0.1,100,2248600,"B"
"PVT","14:22:37",26.45,0.1,1400,2248500,"B"
"PVT","14:22:30",26.45,0.1,500,2247100,"B"
"PVT","14:22:06",26.45,0.1,5000,2246600,"B"
"PVT","14:22:04",26.45,0.1,500,2241600,"B"
"PVT","14:21:55",26.45,0.1,2000,2241100,"B"
"PVT","14:21:32",26.45,0.1,300,2239100,"B"
"PVT","14:21:29",26.5,0.15,1000,2238800,"S"
"PVT","14:21:02",26.5,0.15,200,2237800,"S"
"PVT","14:20:57",26.45,0.1,2000,2237600,"B"
"PVT","14:20:44",26.5,0.15,100,2235600,"S"
"PVT","14:20:34",26.5,0.15,100,2235500,"S"
"PVT","14:20:09",26.5,0.15,1000,2235400,"S"
"PVT","14:19:54",26.5,0.15,2000,2234400,"S"
"PVT","14:19:45",26.5,0.15,200,2232400,"S"
"PVT","14:19:41",26.5,0.15,300,2232200,"B"
"PVT","14:19:36",26.5,0.15,10000,2231900,"B"
"PVT","14:19:33",26.5,0.15,100,2221900,"B"
"PVT","14:19:28",26.5,0.15,200,2221800,"B"
"PVT","14:19:18",26.5,0.15,300,2221600,"B"
"PVT","14:19:14",26.5,0.15,100,2221300,"B"
"PVT","14:18:57",26.5,0.15,100,2221200,"B"
"PVT","14:18:47",26.5,0.15,20000,2221100,"B"
"PVT","14:17:56",26.5,0.15,7300,2201100,"S"
"PVT","14:17:47",26.5,0.15,2900,2193800,"S"
"PVT","14:17:28",26.5,0.15,1100,2190900,"S"
"PVT","14:17:04",26.45,0.1,400,2189800,"B"
"PVT","14:16:46",26.5,0.15,200,2189400,"S"
"PVT","14:16:36",26.5,0.15,100,2189200,"S"
"PVT","14:16:23",26.5,0.15,300,2189100,"S"
"PVT","14:15:26",26.5,0.15,200,2188800,"B"
"PVT","14:15:04",26.5,0.15,3000,2188600,"B"
"PVT","14:14:58",26.5,0.15,5800,2185600,"B"
"PVT","14:14:50",26.5,0.15,500,2179800,"B"
"PVT","14:14:50",26.5,0.15,300,2179300,"B"
"PVT","14:14:29",26.5,0.15,1700,2179000,"B"
"PVT","14:14:22",26.5,0.15,8000,2177300,"B"
"PVT","14:14:07",26.5,0.15,3000,2169300,"B"
"PVT","14:13:10",26.55,0.2,3000,2166300,"S"
"PVT","14:12:36",26.5,0.15,300,2163300,"B"
"PVT","14:11:58",26.55,0.2,1000,2163000,"S"
"PVT","14:11:46",26.55,0.2,2000,2162000,"S"
"PVT","14:11:31",26.55,0.2,2500,2160000,"S"
"PVT","14:11:13",26.5,0.15,100,2157500,"B"
"PVT","14:11:05",26.5,0.15,2000,2157400,"B"
"PVT","14:11:00",26.5,0.15,20500,2155400,"S"
"PVT","14:10:59",26.5,0.15,10000,2134900,"S"
"PVT","14:10:22",26.45,0.1,400,2124900,"B"
"PVT","14:10:11",26.45,0.1,500,2124500,"B"
"PVT","14:09:34",26.5,0.15,700,2124000,"S"
"PVT","14:08:32",26.45,0.1,3900,2123300,"B"
"PVT","14:08:08",26.45,0.1,300,2119400,"B"
"PVT","14:07:52",26.45,0.1,2000,2119100,"B"
"PVT","14:07:48",26.45,0.1,200,2117100,"B"
"PVT","14:07:27",26.45,0.1,8000,2116900,"S"
"PVT","14:07:25",26.45,0.1,200,2108900,"S"
"PVT","14:07:23",26.45,0.1,500,2108700,"S"
"PVT","14:07:19",26.45,0.1,600,2108200,"S"
"PVT","14:07:17",26.45,0.1,4400,2107600,"S"
"PVT","14:07:12",26.45,0.1,500,2103200,"S"
"PVT","14:06:34",26.45,0.1,65800,2102700,"B"
"PVT","14:06:28",26.45,0.1,2500,2036900,"B"
"PVT","14:05:55",26.45,0.1,400,2034400,"B"
"PVT","14:05:04",26.45,0.1,3000,2034000,"B"
"PVT","14:05:02",26.45,0.1,500,2031000,"B"
"PVT","14:04:20",26.45,0.1,100,2030500,"B"
"PVT","14:04:00",26.5,0.15,200,2030400,"S"
"PVT","14:03:41",26.45,0.1,300,2030200,"B"
"PVT","14:03:31",26.5,0.15,6000,2029900,"S"
"PVT","14:02:44",26.5,0.15,10000,2023900,"S"
"PVT","14:02:16",26.45,0.1,200,2013900,"B"
"PVT","14:01:27",26.45,0.1,300,2013700,"B"
"PVT","14:01:06",26.45,0.1,400,2013400,"B"
"PVT","14:00:08",26.5,0.15,4000,2013000,"B"
"PVT","14:00:06",26.5,0.15,3500,2009000,"B"
"PVT","14:00:02",26.5,0.15,5000,2005500,"B"
"PVT","13:59:20",26.5,0.15,100,2000500,"B"
"PVT","13:59:16",26.5,0.15,7400,2000400,"S"
"PVT","13:59:13",26.45,0.1,400,1993000,"B"
"PVT","13:58:52",26.5,0.15,100,1992600,"S"
"PVT","13:58:30",26.5,0.15,1700,1992500,"S"
"PVT","13:57:21",26.45,0.1,5000,1990800,"B"
"PVT","13:57:16",26.45,0.1,1500,1985800,"B"
"PVT","13:56:59",26.45,0.1,300,1984300,"B"
"PVT","13:56:29",26.5,0.15,1000,1984000,"B"
"PVT","13:56:26",26.5,0.15,100,1983000,"B"
"PVT","13:56:21",26.5,0.15,6800,1982900,"B"
"PVT","13:56:07",26.5,0.15,100,1976100,"B"
"PVT","13:55:46",26.5,0.15,3000,1976000,"B"
"PVT","13:55:42",26.5,0.15,1000,1973000,"B"
"PVT","13:55:41",26.5,0.15,100,1972000,"B"
"PVT","13:55:32",26.5,0.15,1300,1971900,"B"
"PVT","13:55:29",26.5,0.15,500,1970600,"B"
"PVT","13:55:19",26.5,0.15,13000,1970100,"B"
"PVT","13:55:05",26.5,0.15,500,1957100,"B"
"PVT","13:54:45",26.5,0.15,400,1956600,"B"
"PVT","13:54:36",26.5,0.15,1000,1956200,"B"
"PVT","13:52:59",26.5,0.15,1000,1955200,"B"
"PVT","13:52:31",26.5,0.15,300,1954200,"B"
"PVT","13:52:30",26.5,0.15,1000,1953900,"B"
"PVT","13:51:56",26.55,0.2,400,1952900,"S"
"PVT","13:51:18",26.55,0.2,1000,1952500,"S"
"PVT","13:50:58",26.55,0.2,200,1951500,"S"
"PVT","13:50:49",26.55,0.2,200,1951300,"S"
"PVT","13:50:43",26.55,0.2,300,1951100,"S"
"PVT","13:50:31",26.55,0.2,500,1950800,"S"
"PVT","13:50:30",26.55,0.2,900,1950300,"B"
"PVT","13:50:24",26.55,0.2,1000,1949400,"B"
"PVT","13:50:17",26.55,0.2,300,1948400,"B"
"PVT","13:49:33",26.6,0.25,300,1948100,"S"
"PVT","13:49:13",26.55,0.2,200,1947800,"B"
"PVT","13:48:57",26.6,0.25,200,1947600,"S"
"PVT","13:48:27",26.55,0.2,500,1947400,"B"
"PVT","13:48:26",26.55,0.2,600,1946900,"S"
"PVT","13:48:22",26.55,0.2,500,1946300,"S"
"PVT","13:48:21",26.55,0.2,500,1945800,"S"
"PVT","13:48:13",26.55,0.2,1000,1945300,"S"
"PVT","13:48:05",26.55,0.2,2400,1944300,"B"
"PVT","13:48:03",26.55,0.2,400,1941900,"B"
"PVT","13:47:50",26.55,0.2,500,1941500,"B"
"PVT","13:47:26",26.55,0.2,38000,1941000,"S"
"PVT","13:47:13",26.55,0.2,100,1903000,"S"
"PVT","13:47:07",26.55,0.2,500,1902900,"S"
"PVT","13:46:58",26.55,0.2,100,1902400,"S"
"PVT","13:46:47",26.55,0.2,100,1902300,"S"
"PVT","13:46:24",26.55,0.2,100,1902200,"S"
"PVT","13:46:01",26.55,0.2,100,1902100,"S"
"PVT","13:46:00",26.55,0.2,100,1902000,"S"
"PVT","13:45:50",26.55,0.2,700,1901900,"S"
"PVT","13:45:49",26.5,0.15,300,1901200,"B"
"PVT","13:45:48",26.55,0.2,100,1900900,"S"
"PVT","13:45:33",26.55,0.2,200,1900800,"S"
"PVT","13:45:21",26.5,0.15,500,1900600,"B"
"PVT","13:44:51",26.55,0.2,200,1900100,"S"
"PVT","13:44:43",26.5,0.15,1000,1899900,"B"
"PVT","13:44:36",26.5,0.15,1200,1898900,"B"
"PVT","13:44:17",26.5,0.15,3000,1897700,"B"
"PVT","13:44:14",26.5,0.15,100,1894700,"S"
"PVT","13:44:06",26.45,0.1,800,1894600,"B"
"PVT","13:44:06",26.5,0.15,400,1893800,"B"
"PVT","13:43:38",26.5,0.15,29600,1893400,"S"
"PVT","13:43:36",26.45,0.1,1200,1863800,"B"
"PVT","13:43:35",26.45,0.1,400,1862600,"B"
"PVT","13:43:09",26.5,0.15,23000,1862200,"B"
"PVT","13:43:06",26.5,0.15,1200,1839200,"B"
"PVT","13:42:36",26.5,0.15,1200,1838000,"B"
"PVT","13:42:34",26.5,0.15,5000,1836800,"B"
"PVT","13:42:05",26.5,0.15,1200,1831800,"B"
"PVT","13:41:58",26.5,0.15,4000,1830600,"B"
"PVT","13:41:52",26.5,0.15,39200,1826600,"S"
"PVT","13:41:35",26.45,0.1,1200,1787400,"B"
"PVT","13:41:21",26.45,0.1,300,1786200,"B"
"PVT","13:41:08",26.5,0.15,1000,1785900,"S"
"PVT","13:41:05",26.45,0.1,1200,1784900,"B"
"PVT","13:40:45",26.5,0.15,1000,1783700,"S"
"PVT","13:40:35",26.45,0.1,1200,1782700,"B"
"PVT","13:40:30",26.45,0.1,1000,1781500,"B"
"PVT","13:40:12",26.5,0.15,1000,1780500,"S"
"PVT","13:40:05",26.45,0.1,1200,1779500,"B"
"PVT","13:39:49",26.5,0.15,1000,1778300,"S"
"PVT","13:39:35",26.45,0.1,1200,1777300,"B"
"PVT","13:39:16",26.45,0.1,2000,1776100,"B"
"PVT","13:39:07",26.45,0.1,300,1774100,"B"
"PVT","13:39:05",26.45,0.1,1200,1773800,"B"
"PVT","13:38:35",26.45,0.1,1200,1772600,"B"
"PVT","13:38:17",26.45,0.1,1300,1771400,"B"
"PVT","13:38:05",26.45,0.1,1200,1770100,"B"
"PVT","13:37:35",26.45,0.1,1200,1768900,"B"
"PVT","13:37:05",26.45,0.1,1200,1767700,"B"
"PVT","13:36:53",26.45,0.1,400,1766500,"B"
"PVT","13:36:53",26.45,0.1,1000,1766100,"B"
"PVT","13:36:35",26.45,0.1,1200,1765100,"B"
"PVT","13:36:25",26.45,0.1,4000,1763900,"B"
"PVT","13:36:04",26.45,0.1,1200,1759900,"B"
"PVT","13:35:51",26.5,0.15,10000,1758700,"S"
"PVT","13:35:42",26.5,0.15,500,1748700,"S"
"PVT","13:35:34",26.45,0.1,1200,1748200,"B"
"PVT","13:35:31",26.45,0.1,200,1747000,"B"
"PVT","13:35:17",26.45,0.1,200,1746800,"B"
"PVT","13:35:05",26.45,0.1,1200,1746600,"B"
"PVT","13:34:39",26.45,0.1,300,1745400,"B"
"PVT","13:34:34",26.45,0.1,1200,1745100,"B"
"PVT","13:34:04",26.45,0.1,1200,1743900,"B"
"PVT","13:33:34",26.45,0.1,1200,1742700,"B"
"PVT","13:33:18",26.45,0.1,5000,1741500,"B"
"PVT","13:33:17",26.45,0.1,600,1736500,"B"
"PVT","13:33:04",26.45,0.1,1200,1735900,"B"
"PVT","13:32:34",26.45,0.1,1200,1734700,"B"
"PVT","13:32:25",26.45,0.1,400,1733500,"B"
"PVT","13:32:04",26.45,0.1,1200,1733100,"B"
"PVT","13:32:02",26.5,0.15,500,1731900,"S"
"PVT","13:31:41",26.5,0.15,900,1731400,"S"
"PVT","13:31:34",26.45,0.1,1200,1730500,"B"
"PVT","13:31:26",26.5,0.15,14900,1729300,"B"
"PVT","13:31:18",26.5,0.15,100,1714400,"B"
"PVT","13:31:04",26.5,0.15,1200,1714300,"B"
"PVT","13:30:59",26.5,0.15,200,1713100,"B"
"PVT","13:30:47",26.5,0.15,100,1712900,"B"
"PVT","13:30:43",26.5,0.15,800,1712800,"S"
"PVT","13:30:34",26.45,0.1,1200,1712000,"B"
"PVT","13:30:12",26.45,0.1,300,1710800,"B"
"PVT","13:30:04",26.45,0.1,900,1710500,"B"
"PVT","13:30:04",26.5,0.15,300,1709600,"B"
"PVT","13:29:44",26.5,0.15,300,1709300,"B"
"PVT","13:29:42",26.5,0.15,6000,1709000,"B"
"PVT","13:29:40",26.5,0.15,300,1703000,"B"
"PVT","13:29:35",26.5,0.15,1000,1702700,"B"
"PVT","13:29:33",26.5,0.15,1200,1701700,"B"
"PVT","13:29:29",26.5,0.15,5000,1700500,"B"
"PVT","13:29:15",26.5,0.15,200,1695500,"B"
"PVT","13:29:03",26.5,0.15,1200,1695300,"B"
"PVT","13:28:33",26.5,0.15,1100,1694100,"B"
"PVT","13:28:28",26.5,0.15,2000,1693000,"B"
"PVT","13:28:26",26.5,0.15,3900,1691000,"B"
"PVT","13:28:11",26.5,0.15,2600,1687100,"B"
"PVT","13:28:03",26.5,0.15,1100,1684500,"B"
"PVT","13:27:58",26.5,0.15,300,1683400,"B"
"PVT","13:27:35",26.5,0.15,200,1683100,"B"
"PVT","13:27:33",26.5,0.15,1100,1682900,"B"
"PVT","13:27:06",26.5,0.15,16300,1681800,"S"
"PVT","13:27:03",26.45,0.1,1100,1665500,"B"
"PVT","13:26:40",26.45,0.1,300,1664400,"B"
"PVT","13:26:33",26.45,0.1,1100,1664100,"B"
"PVT","13:26:03",26.45,0.1,1100,1663000,"B"
"PVT","13:25:44",26.45,0.1,400,1661900,"B"
"PVT","13:25:33",26.45,0.1,1100,1661500,"B"
"PVT","13:25:03",26.45,0.1,1100,1660400,"B"
"PVT","13:24:40",26.45,0.1,100,1659300,"B"
"PVT","13:24:33",26.45,0.1,1100,1659200,"B"
"PVT","13:24:03",26.45,0.1,1100,1658100,"B"
"PVT","13:23:33",26.45,0.1,1100,1657000,"B"
"PVT","13:23:30",26.45,0.1,300,1655900,"B"
"PVT","13:23:21",26.5,0.15,1000,1655600,"S"
"PVT","13:23:02",26.45,0.1,1100,1654600,"B"
"PVT","13:22:41",26.5,0.15,1000,1653500,"S"
"PVT","13:22:32",26.45,0.1,1100,1652500,"B"
"PVT","13:22:15",26.45,0.1,200,1651400,"B"
"PVT","13:22:02",26.45,0.1,1100,1651200,"B"
"PVT","13:21:33",26.45,0.1,1100,1650100,"B"
"PVT","13:21:25",26.45,0.1,3900,1649000,"B"
"PVT","13:21:16",26.45,0.1,400,1645100,"B"
"PVT","13:21:02",26.45,0.1,1100,1644700,"B"
"PVT","13:20:37",26.5,0.15,10000,1643600,"S"
"PVT","13:20:32",26.45,0.1,16100,1633600,"B"
"PVT","13:20:02",26.45,0.1,1100,1617500,"B"
"PVT","13:19:32",26.45,0.1,1100,1616400,"B"
"PVT","13:19:18",26.5,0.15,1000,1615300,"S"
"PVT","13:19:02",26.45,0.1,1400,1614300,"B"
"PVT","13:18:59",26.5,0.15,1100,1612900,"S"
"PVT","13:18:39",26.5,0.15,200,1611800,"S"
"PVT","13:18:32",26.45,0.1,1100,1611600,"B"
"PVT","13:18:20",26.5,0.15,5400,1610500,"B"
"PVT","13:18:02",26.5,0.15,1100,1605100,"B"
"PVT","13:17:55",26.55,0.2,5000,1604000,"S"
"PVT","13:17:32",26.5,0.15,1100,1599000,"B"
"PVT","13:17:29",26.5,0.15,100,1597900,"B"
"PVT","13:17:15",26.5,0.15,1000,1597800,"B"
"PVT","13:17:02",26.5,0.15,1100,1596800,"B"
"PVT","13:16:48",26.5,0.15,300,1595700,"B"
"PVT","13:16:31",26.5,0.15,1100,1595400,"B"
"PVT","13:16:14",26.5,0.15,1200,1594300,"B"
"PVT","13:16:01",26.5,0.15,1100,1593100,"B"
"PVT","13:15:31",26.5,0.15,1100,1592000,"B"
"PVT","13:15:01",26.5,0.15,1100,1590900,"B"
"PVT","13:14:34",26.5,0.15,400,1589800,"B"
"PVT","13:14:31",26.5,0.15,1100,1589400,"B"
"PVT","13:14:12",26.55,0.2,100,1588300,"S"
"PVT","13:14:03",26.55,0.2,3000,1588200,"S"
"PVT","13:14:01",26.5,0.15,1100,1585200,"B"
"PVT","13:13:33",26.5,0.15,100,1584100,"B"
"PVT","13:13:31",26.5,0.15,1100,1584000,"B"
"PVT","13:13:07",26.55,0.2,100,1582900,"S"
"PVT","13:13:01",26.5,0.15,1100,1582800,"B"
"PVT","13:12:31",26.5,0.15,1100,1581700,"B"
"PVT","13:12:20",26.5,0.15,300,1580600,"B"
"PVT","13:12:01",26.5,0.15,500,1580300,"B"
"PVT","13:12:01",26.55,0.2,600,1579800,"B"
"PVT","13:11:59",26.55,0.2,500,1579200,"B"
"PVT","13:11:58",26.55,0.2,2600,1578700,"S"
"PVT","13:11:54",26.55,0.2,10000,1576100,"S"
"PVT","13:11:34",26.55,0.2,30000,1566100,"S"
"PVT","13:11:31",26.5,0.15,1100,1536100,"B"
"PVT","13:11:30",26.5,0.15,2000,1535000,"B"
"PVT","13:11:25",26.5,0.15,2000,1533000,"B"
"PVT","13:11:20",26.5,0.15,500,1531000,"B"
"PVT","13:11:01",26.5,0.15,1100,1530500,"B"
"PVT","13:10:31",26.5,0.15,1100,1529400,"B"
"PVT","13:10:06",26.5,0.15,400,1528300,"B"
"PVT","13:10:00",26.5,0.15,1100,1527900,"B"
"PVT","13:09:41",26.5,0.15,900,1526800,"S"
"PVT","13:09:31",26.45,0.1,1100,1525900,"B"
"PVT","13:09:17",26.5,0.15,19100,1524800,"B"
"PVT","13:09:00",26.5,0.15,1100,1505700,"B"
"PVT","13:08:51",26.5,0.15,30000,1504600,"B"
"PVT","13:08:32",26.55,0.2,600,1474600,"S"
"PVT","13:08:31",26.5,0.15,1100,1474000,"B"
"PVT","13:08:11",26.5,0.15,2000,1472900,"B"
"PVT","13:08:00",26.5,0.15,1100,1470900,"B"
"PVT","13:07:56",26.5,0.15,66100,1469800,"S"
"PVT","13:07:52",26.45,0.1,300,1403700,"B"
"PVT","13:07:48",26.5,0.15,3000,1403400,"S"
"PVT","13:07:43",26.5,0.15,5000,1400400,"S"
"PVT","13:07:30",26.45,0.1,1100,1395400,"B"
"PVT","13:07:25",26.5,0.15,6000,1394300,"S"
"PVT","13:07:00",26.45,0.1,1100,1388300,"B"
"PVT","13:06:45",26.45,0.1,1000,1387200,"B"
"PVT","13:06:32",26.45,0.1,3000,1386200,"S"
"PVT","13:06:30",26.4,0.05,1100,1383200,"B"
"PVT","13:06:25",26.45,0.1,2000,1382100,"B"
"PVT","13:06:11",26.45,0.1,2000,1380100,"S"
"PVT","13:06:00",26.4,0.05,1000,1378100,"B"
"PVT","13:06:00",26.45,0.1,100,1377100,"B"
"PVT","13:05:38",26.45,0.1,300,1377000,"B"
"PVT","13:05:30",26.4,0.05,300,1376700,"B"
"PVT","13:05:30",26.45,0.1,800,1376400,"B"
"PVT","13:05:18",26.45,0.1,1000,1375600,"B"
"PVT","13:05:00",26.45,0.1,1100,1374600,"B"
"PVT","13:04:30",26.45,0.1,1100,1373500,"B"
"PVT","13:04:05",26.45,0.1,3900,1372400,"B"
"PVT","13:04:00",26.45,0.1,1100,1368500,"B"
"PVT","13:03:29",26.4,0.05,1000,1367400,"B"
"PVT","13:03:29",26.45,0.1,100,1366400,"B"
"PVT","13:03:24",26.45,0.1,400,1366300,"B"
"PVT","13:02:59",26.4,0.05,100,1365900,"B"
"PVT","13:02:59",26.45,0.1,1000,1365800,"B"
"PVT","13:02:56",26.45,0.1,100,1364800,"B"
"PVT","13:02:42",26.45,0.1,10000,1364700,"B"
"PVT","13:02:29",26.45,0.1,1100,1354700,"B"
"PVT","13:01:59",26.45,0.1,1100,1353600,"B"
"PVT","13:01:29",26.45,0.1,1100,1352500,"B"
"PVT","13:01:10",26.45,0.1,300,1351400,"B"
"PVT","13:01:00",26.45,0.1,1100,1351100,"B"
"PVT","13:00:27",26.5,0.15,1000,1350000,"S"
"PVT","13:00:25",26.45,0.1,10000,1349000,"B"
"PVT","13:00:23",26.45,0.1,5000,1339000,"B"
"PVT","13:00:16",26.45,0.1,1000,1334000,"B"
"PVT","13:00:15",26.45,0.1,2000,1333000,"B"
"PVT","13:00:10",26.45,0.1,700,1331000,"B"
"PVT","13:00:01",26.45,0.1,2000,1330300,"B"
"PVT","13:00:00",26.45,0.1,1600,1328300,"S"
"PVT","11:29:37",26.45,0.1,1000,1326700,"S"
"PVT","11:29:29",26.45,0.1,200,1325700,"B"
"PVT","11:28:56",26.45,0.1,400,1325500,"B"
"PVT","11:28:26",26.45,0.1,100,1325100,"S"
"PVT","11:28:11",26.45,0.1,2000,1325000,"S"
"PVT","11:28:01",26.4,0.05,5000,1323000,"B"
"PVT","11:27:54",26.45,0.1,500,1318000,"S"
"PVT","11:27:51",26.45,0.1,4000,1317500,"S"
"PVT","11:27:41",26.45,0.1,3400,1313500,"B"
"PVT","11:27:36",26.45,0.1,500,1310100,"B"
"PVT","11:27:35",26.5,0.15,100,1309600,"S"
"PVT","11:26:43",26.45,0.1,300,1309500,"B"
"PVT","11:24:28",26.45,0.1,300,1309200,"B"
"PVT","11:24:18",26.5,0.15,600,1308900,"S"
"PVT","11:23:48",26.5,0.15,800,1308300,"S"
"PVT","11:23:30",26.5,0.15,800,1307500,"S"
"PVT","11:22:26",26.45,0.1,11400,1306700,"S"
"PVT","11:22:16",26.4,0.05,400,1295300,"B"
"PVT","11:21:30",26.45,0.1,2000,1294900,"S"
"PVT","11:21:26",26.45,0.1,20000,1292900,"S"
"PVT","11:21:06",26.45,0.1,1000,1272900,"S"
"PVT","11:20:57",26.45,0.1,2000,1271900,"S"
"PVT","11:20:20",26.45,0.1,100,1269900,"S"
"PVT","11:20:01",26.4,0.05,300,1269800,"B"
"PVT","11:19:46",26.45,0.1,100,1269500,"S"
"PVT","11:19:29",26.45,0.1,300,1269400,"S"
"PVT","11:18:57",26.45,0.1,200,1269100,"S"
"PVT","11:18:34",26.45,0.1,500,1268900,"S"
"PVT","11:18:34",26.45,0.1,1000,1268400,"S"
"PVT","11:18:31",26.45,0.1,900,1267400,"S"
"PVT","11:18:27",26.45,0.1,100,1266500,"S"
"PVT","11:18:13",26.45,0.1,1000,1266400,"S"
"PVT","11:17:59",26.45,0.1,1000,1265400,"S"
"PVT","11:17:58",26.45,0.1,100,1264400,"S"
"PVT","11:17:52",26.45,0.1,1500,1264300,"S"
"PVT","11:17:48",26.45,0.1,5000,1262800,"S"
"PVT","11:17:47",26.4,0.05,400,1257800,"B"
"PVT","11:17:32",26.45,0.1,10000,1257400,"S"
"PVT","11:17:25",26.45,0.1,300,1247400,"S"
"PVT","11:17:10",26.45,0.1,1000,1247100,"S"
"PVT","11:17:06",26.45,0.1,300,1246100,"S"
"PVT","11:16:57",26.45,0.1,9000,1245800,"S"
"PVT","11:16:50",26.45,0.1,4500,1236800,"S"
"PVT","11:16:15",26.45,0.1,1000,1232300,"S"
"PVT","11:15:39",26.45,0.1,1000,1231300,"S"
"PVT","11:15:33",26.4,0.05,300,1230300,"B"
"PVT","11:13:59",26.45,0.1,1000,1230000,"S"
"PVT","11:13:19",26.4,0.05,300,1229000,"B"
"PVT","11:12:51",26.45,0.1,100,1228700,"S"
"PVT","11:11:55",26.45,0.1,100,1228600,"S"
"PVT","11:11:38",26.45,0.1,4000,1228500,"S"
"PVT","11:11:34",26.45,0.1,8100,1224500,"B"
"PVT","11:11:32",26.45,0.1,1000,1216400,"B"
"PVT","11:11:05",26.45,0.1,400,1215400,"B"
"PVT","11:10:16",26.45,0.1,100,1215000,"B"
"PVT","11:09:46",26.45,0.1,200,1214900,"B"
"PVT","11:09:25",26.45,0.1,300,1214700,"B"
"PVT","11:09:13",26.45,0.1,400,1214400,"S"
"PVT","11:08:51",26.4,0.05,300,1214000,"B"
"PVT","11:08:33",26.45,0.1,1000,1213700,"S"
"PVT","11:08:22",26.45,0.1,100,1212700,"S"
"PVT","11:08:11",26.45,0.1,100,1212600,"S"
"PVT","11:08:01",26.45,0.1,200,1212500,"S"
"PVT","11:06:50",26.45,0.1,2700,1212300,"B"
"PVT","11:06:38",26.45,0.1,500,1209600,"B"
"PVT","11:06:37",26.45,0.1,400,1209100,"B"
"PVT","11:06:21",26.45,0.1,900,1208700,"S"
"PVT","11:06:12",26.45,0.1,5000,1207800,"S"
"PVT","11:05:50",26.4,0.05,3000,1202800,"B"
"PVT","11:05:13",26.45,0.1,500,1199800,"S"
"PVT","11:05:06",26.4,0.05,10000,1199300,"B"
"PVT","11:04:23",26.4,0.05,300,1189300,"B"
"PVT","11:02:09",26.4,0.05,300,1189000,"B"
"PVT","11:01:44",26.45,0.1,1100,1188700,"S"
"PVT","11:01:43",26.45,0.1,18900,1187600,"S"
"PVT","11:01:33",26.4,0.05,100,1168700,"B"
"PVT","11:01:13",26.35,0,500,1168600,"B"
"PVT","11:00:59",26.4,0.05,500,1161600,"S"
"PVT","11:00:56",26.4,0.05,2000,1161100,"S"
"PVT","11:00:49",26.4,0.05,100,1159100,"S"
"PVT","11:00:27",26.4,0.05,1100,1159000,"B"
"PVT","11:00:22",26.4,0.05,900,1157900,"S"
"PVT","11:00:21",26.4,0.05,49100,1157000,"B"
"PVT","11:00:13",26.4,0.05,1200,1107900,"B"
"PVT","11:00:00",26.4,0.05,1000,1106700,"S"
"PVT","10:59:55",26.35,0,400,1105700,"B"
"PVT","10:59:48",26.4,0.05,5100,1105300,"S"
"PVT","10:59:34",26.4,0.05,3000,1100200,"S"
"PVT","10:59:32",26.4,0.05,3900,1097200,"B"
"PVT","10:59:15",26.4,0.05,2000,1093300,"B"
"PVT","10:59:05",26.4,0.05,2000,1091300,"B"
"PVT","10:58:49",26.4,0.05,10000,1089300,"B"
"PVT","10:58:06",26.4,0.05,600,1079300,"B"
"PVT","10:57:51",26.4,0.05,35000,1078700,"S"
"PVT","10:57:41",26.35,0,300,1043700,"B"
"PVT","10:57:40",26.4,0.05,1000,1043400,"S"
"PVT","10:57:38",26.4,0.05,500,1042400,"S"
"PVT","10:57:31",26.4,0.05,2000,1041900,"S"
"PVT","10:57:12",26.4,0.05,300,1039900,"S"
"PVT","10:57:05",26.4,0.05,500,1039600,"S"
"PVT","10:56:56",26.4,0.05,100,1039100,"S"
"PVT","10:56:24",26.4,0.05,100,1039000,"S"
"PVT","10:55:40",26.4,0.05,500,1038900,"S"
"PVT","10:55:37",26.4,0.05,700,1038400,"S"
"PVT","10:55:27",26.35,0,400,1037700,"B"
"PVT","10:55:17",26.4,0.05,600,1037300,"S"
"PVT","10:55:03",26.4,0.05,300,1036700,"S"
"PVT","10:54:57",26.4,0.05,100,1036400,"S"
"PVT","10:54:43",26.4,0.05,2000,1036300,"S"
"PVT","10:54:41",26.4,0.05,100,1034300,"S"
"PVT","10:54:41",26.4,0.05,500,1034200,"S"
"PVT","10:54:37",26.4,0.05,10500,1033700,"S"
"PVT","10:54:35",26.4,0.05,400,1023200,"S"
"PVT","10:54:32",26.4,0.05,5000,1022800,"S"
"PVT","10:54:27",26.4,0.05,10000,1017800,"S"
"PVT","10:54:26",26.4,0.05,100,1007800,"S"
"PVT","10:54:22",26.4,0.05,1000,1007700,"S"
"PVT","10:54:11",26.4,0.05,1000,1006700,"S"
"PVT","10:54:08",26.4,0.05,100,1005700,"S"
"PVT","10:54:05",26.4,0.05,2200,1005600,"S"
"PVT","10:53:56",26.4,0.05,200,1003400,"S"
"PVT","10:53:48",26.4,0.05,400,1003200,"S"
"PVT","10:53:42",26.4,0.05,200,1002800,"S"
"PVT","10:53:31",26.4,0.05,1900,1002600,"S"
"PVT","10:53:28",26.4,0.05,1000,1000700,"S"
"PVT","10:53:18",26.4,0.05,3000,999700,"S"
"PVT","10:53:13",26.35,0,300,996700,"B"
"PVT","10:52:10",26.35,0,1800,996400,"B"
"PVT","10:52:04",26.4,0.05,200,994600,"S"
"PVT","10:51:53",26.4,0.05,2000,994400,"S"
"PVT","10:51:37",26.4,0.05,1000,992400,"S"
"PVT","10:51:35",26.4,0.05,800,991400,"S"
"PVT","10:51:25",26.4,0.05,200,990600,"S"
"PVT","10:51:11",26.4,0.05,1500,990400,"S"
"PVT","10:50:59",26.35,0,300,988900,"B"
"PVT","10:50:32",26.4,0.05,500,988600,"S"
"PVT","10:49:21",26.4,0.05,3100,988100,"S"
"PVT","10:49:18",26.4,0.05,3600,985000,"S"
"PVT","10:49:15",26.4,0.05,200,981400,"S"
"PVT","10:49:07",26.4,0.05,100,981200,"S"
"PVT","10:48:59",26.4,0.05,900,981100,"S"
"PVT","10:48:52",26.4,0.05,700,980200,"S"
"PVT","10:48:45",26.35,0,400,979500,"B"
"PVT","10:48:44",26.4,0.05,1100,979100,"B"
"PVT","10:48:44",26.45,0.1,5000,978000,"S"
"PVT","10:47:42",26.45,0.1,15100,973000,"S"
"PVT","10:47:42",26.4,0.05,1000,957900,"S"
"PVT","10:47:26",26.4,0.05,4000,956900,"B"
"PVT","10:47:11",26.4,0.05,500,952900,"B"
"PVT","10:46:32",26.4,0.05,300,952400,"B"
"PVT","10:46:16",26.4,0.05,1700,952100,"S"
"PVT","10:46:15",26.4,0.05,200,950400,"S"
"PVT","10:46:05",26.4,0.05,1000,950200,"S"
"PVT","10:46:02",26.4,0.05,1000,949200,"S"
"PVT","10:46:00",26.4,0.05,1000,948200,"S"
"PVT","10:45:52",26.4,0.05,600,947200,"S"
"PVT","10:45:47",26.4,0.05,1000,946600,"S"
"PVT","10:45:47",26.4,0.05,1000,945600,"S"
"PVT","10:45:41",26.4,0.05,2800,944600,"B"
"PVT","10:45:34",26.4,0.05,2000,941800,"S"
"PVT","10:45:30",26.4,0.05,200,939800,"S"
"PVT","10:45:23",26.4,0.05,10000,939600,"S"
"PVT","10:44:36",26.4,0.05,1000,929600,"S"
"PVT","10:44:25",26.4,0.05,100,928600,"S"
"PVT","10:44:18",26.35,0,400,928500,"B"
"PVT","10:44:10",26.4,0.05,1000,928100,"S"
"PVT","10:43:43",26.4,0.05,1000,927100,"S"
"PVT","10:43:33",26.4,0.05,3700,926100,"B"
"PVT","10:42:04",26.4,0.05,300,922400,"B"
"PVT","10:41:06",26.4,0.05,400,922100,"S"
"PVT","10:41:06",26.4,0.05,2000,921700,"S"
"PVT","10:40:46",26.4,0.05,500,919700,"S"
"PVT","10:40:45",26.4,0.05,5000,919200,"S"
"PVT","10:40:40",26.4,0.05,3000,914200,"S"
"PVT","10:40:36",26.4,0.05,6000,911200,"S"
"PVT","10:40:30",26.4,0.05,500,905200,"S"
"PVT","10:40:00",26.4,0.05,1700,904700,"S"
"PVT","10:39:50",26.35,0,300,903000,"B"
"PVT","10:39:35",26.4,0.05,2000,902700,"S"
"PVT","10:39:10",26.4,0.05,100,900700,"S"
"PVT","10:38:43",26.4,0.05,9100,900600,"B"
"PVT","10:38:24",26.4,0.05,500,891500,"B"
"PVT","10:37:36",26.4,0.05,400,891000,"B"
"PVT","10:36:51",26.4,0.05,3400,890600,"S"
"PVT","10:36:43",26.4,0.05,100,887200,"S"
"PVT","10:36:36",26.4,0.05,1000,887100,"S"
"PVT","10:36:34",26.4,0.05,400,886100,"S"
"PVT","10:36:28",26.4,0.05,5000,885700,"S"
"PVT","10:36:22",26.4,0.05,1100,880700,"S"
"PVT","10:36:21",26.4,0.05,2000,879600,"S"
"PVT","10:36:19",26.4,0.05,300,877600,"S"
"PVT","10:35:42",26.4,0.05,21000,877300,"B"
"PVT","10:35:41",26.4,0.05,65700,856300,"B"
"PVT","10:35:23",26.4,0.05,300,790600,"B"
"PVT","10:34:47",26.4,0.05,3000,790300,"B"
"PVT","10:34:40",26.45,0.1,1000,787300,"S"
"PVT","10:33:45",26.4,0.05,1000,786300,"B"
"PVT","10:33:08",26.4,0.05,400,785300,"B"
"PVT","10:31:09",26.4,0.05,1000,784900,"B"
"PVT","10:30:55",26.4,0.05,500,783900,"B"
"PVT","10:30:54",26.4,0.05,300,783400,"B"
"PVT","10:30:28",26.4,0.05,500,783100,"B"
"PVT","10:30:21",26.4,0.05,100,782600,"B"
"PVT","10:30:00",26.4,0.05,100,782500,"B"
"PVT","10:29:20",26.4,0.05,4000,782400,"B"
"PVT","10:28:40",26.4,0.05,300,778400,"B"
"PVT","10:28:31",26.45,0.1,500,778100,"S"
"PVT","10:28:30",26.45,0.1,20000,777600,"S"
"PVT","10:27:43",26.45,0.1,1000,757600,"S"
"PVT","10:27:31",26.45,0.1,100,756600,"S"
"PVT","10:27:25",26.45,0.1,500,756500,"S"
"PVT","10:27:18",26.45,0.1,100,756000,"S"
"PVT","10:27:15",26.45,0.1,10000,755900,"S"
"PVT","10:27:11",26.45,0.1,1000,745900,"S"
"PVT","10:26:59",26.4,0.05,5000,744900,"B"
"PVT","10:26:38",26.4,0.05,1000,739900,"B"
"PVT","10:26:33",26.4,0.05,30000,738900,"B"
"PVT","10:26:29",26.45,0.1,500,708900,"S"
"PVT","10:26:26",26.4,0.05,400,708400,"B"
"PVT","10:26:25",26.45,0.1,100,708000,"S"
"PVT","10:26:20",26.45,0.1,4700,707900,"S"
"PVT","10:26:13",26.45,0.1,5000,703200,"S"
"PVT","10:26:02",26.45,0.1,100,698200,"S"
"PVT","10:25:49",26.45,0.1,500,698100,"S"
"PVT","10:25:41",26.45,0.1,500,697600,"S"
"PVT","10:25:04",26.45,0.1,300,697100,"S"
"PVT","10:24:50",26.45,0.1,1200,696800,"S"
"PVT","10:24:43",26.45,0.1,500,695600,"S"
"PVT","10:24:12",26.4,0.05,300,695100,"B"
"PVT","10:24:09",26.4,0.05,7500,694800,"B"
"PVT","10:24:04",26.45,0.1,400,687300,"S"
"PVT","10:23:52",26.4,0.05,500,686900,"B"
"PVT","10:23:03",26.4,0.05,500,686400,"B"
"PVT","10:22:59",26.4,0.05,6000,685900,"B"
"PVT","10:22:51",26.4,0.05,500,679900,"B"
"PVT","10:21:58",26.4,0.05,400,679400,"B"
"PVT","10:21:54",26.45,0.1,2200,679000,"B"
"PVT","10:21:30",26.45,0.1,17800,676800,"S"
"PVT","10:20:34",26.45,0.1,10000,659000,"S"
"PVT","10:20:06",26.4,0.05,10000,649000,"B"
"PVT","10:20:02",26.4,0.05,1000,639000,"B"
"PVT","10:19:44",26.4,0.05,300,638000,"B"
"PVT","10:19:03",26.4,0.05,100,637700,"B"
"PVT","10:17:58",26.4,0.05,3000,637600,"B"
"PVT","10:17:30",26.4,0.05,300,634600,"B"
"PVT","10:17:29",26.45,0.1,1500,634300,"S"
"PVT","10:17:08",26.45,0.1,200,632800,"S"
"PVT","10:16:48",26.4,0.05,1000,632600,"B"
"PVT","10:16:33",26.4,0.05,1800,631600,"B"
"PVT","10:16:28",26.4,0.05,400,629800,"B"
"PVT","10:15:51",26.4,0.05,2500,629400,"B"
"PVT","10:15:43",26.4,0.05,600,626900,"B"
"PVT","10:15:38",26.45,0.1,300,626300,"S"
"PVT","10:15:34",26.4,0.05,500,626000,"B"
"PVT","10:15:16",26.4,0.05,400,625500,"B"
"PVT","10:15:15",26.45,0.1,800,625100,"S"
"PVT","10:14:31",26.45,0.1,10000,624300,"S"
"PVT","10:14:19",26.45,0.1,1000,614300,"S"
"PVT","10:13:14",26.45,0.1,1000,613300,"S"
"PVT","10:13:02",26.4,0.05,300,612300,"B"
"PVT","10:12:53",26.45,0.1,28000,612000,"B"
"PVT","10:11:45",26.45,0.1,2900,584000,"S"
"PVT","10:11:43",26.45,0.1,5800,581100,"S"
"PVT","10:11:34",26.45,0.1,2000,575300,"S"
"PVT","10:11:16",26.45,0.1,800,573300,"S"
"PVT","10:11:09",26.45,0.1,5000,572500,"S"
"PVT","10:11:00",26.4,0.05,100,567500,"B"
"PVT","10:10:53",26.4,0.05,1500,567400,"B"
"PVT","10:10:48",26.4,0.05,400,565900,"B"
"PVT","10:10:47",26.4,0.05,3000,565500,"B"
"PVT","10:10:32",26.4,0.05,300,562500,"B"
"PVT","10:09:51",26.4,0.05,100,562200,"B"
"PVT","10:08:50",26.45,0.1,200,562100,"S"
"PVT","10:08:45",26.45,0.1,100,561900,"S"
"PVT","10:08:44",26.45,0.1,100,561800,"S"
"PVT","10:08:35",26.4,0.05,300,561700,"B"
"PVT","10:08:21",26.45,0.1,100,561400,"S"
"PVT","10:08:11",26.45,0.1,3000,561300,"B"
"PVT","10:08:10",26.5,0.15,20000,558300,"S"
"PVT","10:07:25",26.45,0.1,2500,538300,"B"
"PVT","10:07:03",26.45,0.1,1000,535800,"S"
"PVT","10:06:57",26.45,0.1,1000,534800,"S"
"PVT","10:06:40",26.5,0.15,100,533800,"S"
"PVT","10:06:40",26.45,0.1,900,533700,"S"
"PVT","10:06:33",26.45,0.1,7100,532800,"B"
"PVT","10:06:21",26.45,0.1,300,525700,"B"
"PVT","10:05:19",26.45,0.1,1100,525400,"S"
"PVT","10:05:18",26.45,0.1,1000,524300,"S"
"PVT","10:04:51",26.45,0.1,5000,523300,"S"
"PVT","10:04:20",26.45,0.1,3000,518300,"S"
"PVT","10:04:09",26.45,0.1,2100,515300,"B"
"PVT","10:04:07",26.45,0.1,400,513200,"B"
"PVT","10:03:38",26.45,0.1,500,512800,"S"
"PVT","10:03:26",26.4,0.05,2400,512300,"B"
"PVT","10:03:26",26.45,0.1,7600,509900,"B"
"PVT","10:02:57",26.45,0.1,2700,502300,"B"
"PVT","10:02:50",26.45,0.1,1200,499600,"B"
"PVT","10:02:23",26.4,0.05,2600,498400,"B"
"PVT","10:02:23",26.45,0.1,400,495800,"B"
"PVT","10:02:16",26.45,0.1,7000,495400,"S"
"PVT","10:02:15",26.45,0.1,2000,488400,"S"
"PVT","10:02:12",26.4,0.05,200,486400,"B"
"PVT","10:01:53",26.4,0.05,300,486200,"B"
"PVT","10:01:51",26.45,0.1,2000,485900,"S"
"PVT","10:01:30",26.45,0.1,100,483900,"S"
"PVT","10:01:29",26.45,0.1,7000,483800,"S"
"PVT","10:01:10",26.45,0.1,5000,476800,"S"
"PVT","10:00:56",26.45,0.1,4500,471800,"S"
"PVT","10:00:55",26.45,0.1,3500,467300,"B"
"PVT","10:00:49",26.45,0.1,300,463800,"B"
"PVT","10:00:26",26.45,0.1,1700,463500,"S"
"PVT","10:00:15",26.45,0.1,2000,461800,"S"
"PVT","10:00:03",26.4,0.05,2000,459800,"B"
"PVT","09:59:46",26.45,0.1,2000,457800,"S"
"PVT","09:59:39",26.4,0.05,400,455800,"B"
"PVT","09:59:36",26.45,0.1,10700,455400,"B"
"PVT","09:59:07",26.5,0.15,1000,444700,"S"
"PVT","09:57:55",26.5,0.15,100,443700,"S"
"PVT","09:57:39",26.45,0.1,100,443600,"B"
"PVT","09:57:25",26.45,0.1,300,443500,"B"
"PVT","09:55:11",26.45,0.1,300,443200,"B"
"PVT","09:54:48",26.45,0.1,300,442900,"S"
"PVT","09:54:47",26.45,0.1,6700,442600,"B"
"PVT","09:54:24",26.5,0.15,100,435900,"S"
"PVT","09:54:09",26.45,0.1,400,435800,"B"
"PVT","09:53:57",26.45,0.1,500,435400,"B"
"PVT","09:53:52",26.45,0.1,5600,434900,"B"
"PVT","09:53:18",26.45,0.1,7100,429300,"B"
"PVT","09:53:00",26.45,0.1,1600,422200,"B"
"PVT","09:52:57",26.45,0.1,400,420600,"B"
"PVT","09:51:58",26.45,0.1,300,420200,"B"
"PVT","09:51:39",26.45,0.1,200,419900,"B"
"PVT","09:50:43",26.45,0.1,300,419700,"B"
"PVT","09:50:28",26.4,0.05,3100,419400,"B"
"PVT","09:50:23",26.45,0.1,100,416300,"S"
"PVT","09:50:00",26.45,0.1,500,416200,"S"
"PVT","09:49:55",26.45,0.1,1000,415700,"S"
"PVT","09:49:49",26.45,0.1,4500,414700,"S"
"PVT","09:49:46",26.45,0.1,10800,410200,"B"
"PVT","09:48:29",26.45,0.1,400,399400,"B"
"PVT","09:48:20",26.5,0.15,1000,397300,"S"
"PVT","09:47:06",26.5,0.15,20000,396300,"S"
"PVT","09:46:47",26.5,0.15,2000,376300,"S"
"PVT","09:46:15",26.45,0.1,300,374300,"B"
"PVT","09:45:07",26.45,0.1,300,374000,"S"
"PVT","09:45:04",26.45,0.1,2000,373700,"S"
"PVT","09:44:57",26.45,0.1,1500,371700,"S"
"PVT","09:44:51",26.45,0.1,200,370200,"S"
"PVT","09:44:44",26.45,0.1,500,370000,"S"
"PVT","09:44:43",26.45,0.1,500,369500,"S"
"PVT","09:44:25",26.45,0.1,300,369000,"S"
"PVT","09:44:01",26.4,0.05,300,368700,"B"
"PVT","09:43:43",26.45,0.1,1700,368400,"S"
"PVT","09:42:39",26.45,0.1,3000,366700,"S"
"PVT","09:42:03",26.45,0.1,100,363700,"B"
"PVT","09:41:54",26.45,0.1,400,363600,"S"
"PVT","09:41:52",26.45,0.1,100,363200,"B"
"PVT","09:41:47",26.45,0.1,400,363100,"B"
"PVT","09:41:44",26.45,0.1,500,362700,"S"
"PVT","09:41:29",26.45,0.1,600,362200,"S"
"PVT","09:41:22",26.45,0.1,500,361600,"S"
"PVT","09:41:12",26.45,0.1,700,361100,"S"
"PVT","09:41:07",26.45,0.1,300,360400,"S"
"PVT","09:41:03",26.45,0.1,300,360100,"S"
"PVT","09:41:02",26.45,0.1,200,359800,"S"
"PVT","09:41:00",26.45,0.1,5000,359600,"S"
"PVT","09:40:51",26.45,0.1,200,354600,"S"
"PVT","09:40:49",26.45,0.1,100,354400,"S"
"PVT","09:40:43",26.45,0.1,500,354300,"S"
"PVT","09:40:12",26.45,0.1,5000,353800,"S"
"PVT","09:39:54",26.45,0.1,2200,348800,"S"
"PVT","09:39:50",26.45,0.1,100,346600,"S"
"PVT","09:39:34",26.4,0.05,300,346500,"B"
"PVT","09:39:01",26.45,0.1,100,346200,"S"
"PVT","09:38:40",26.45,0.1,300,346100,"S"
"PVT","09:38:19",26.4,0.05,3000,345800,"B"
"PVT","09:38:06",26.45,0.1,1800,342800,"S"
"PVT","09:37:30",26.4,0.05,1000,341000,"B"
"PVT","09:37:19",26.4,0.05,400,340000,"B"
"PVT","09:36:42",26.4,0.05,5000,339600,"B"
"PVT","09:36:40",26.45,0.1,500,334600,"S"
"PVT","09:36:25",26.45,0.1,300,334100,"B"
"PVT","09:36:10",26.4,0.05,3200,333800,"B"
"PVT","09:36:10",26.45,0.1,6800,330600,"B"
"PVT","09:35:53",26.45,0.1,1300,323800,"S"
"PVT","09:35:52",26.45,0.1,700,322500,"S"
"PVT","09:35:51",26.45,0.1,500,321800,"S"
"PVT","09:35:51",26.45,0.1,2000,321300,"S"
"PVT","09:35:49",26.45,0.1,3600,319300,"S"
"PVT","09:35:36",26.4,0.05,5000,315700,"B"
"PVT","09:35:36",26.45,0.1,100,310700,"S"
"PVT","09:35:32",26.45,0.1,15000,310600,"S"
"PVT","09:35:31",26.45,0.1,100,295600,"S"
"PVT","09:35:23",26.45,0.1,1000,295500,"S"
"PVT","09:35:15",26.45,0.1,100,294500,"S"
"PVT","09:35:05",26.4,0.05,300,294400,"B"
"PVT","09:34:58",26.45,0.1,500,294100,"S"
"PVT","09:34:45",26.45,0.1,6000,293600,"S"
"PVT","09:33:51",26.45,0.1,2000,287600,"S"
"PVT","09:33:24",26.45,0.1,1000,285600,"S"
"PVT","09:32:52",26.4,0.05,300,284600,"B"
"PVT","09:32:23",26.45,0.1,600,284300,"S"
"PVT","09:32:00",26.4,0.05,500,283700,"B"
"PVT","09:31:46",26.4,0.05,2300,283200,"B"
"PVT","09:30:38",26.4,0.05,400,280900,"B"
"PVT","09:30:22",26.45,0.1,2000,280500,"S"
"PVT","09:30:09",26.45,0.1,5000,278500,"S"
"PVT","09:29:45",26.4,0.05,100,273500,"B"
"PVT","09:29:40",26.4,0.05,100,273400,"B"
"PVT","09:29:25",26.45,0.1,100,273300,"S"
"PVT","09:29:04",26.45,0.1,2300,273200,"S"
"PVT","09:28:55",26.45,0.1,6000,270900,"S"
"PVT","09:28:52",26.45,0.1,1000,264900,"S"
"PVT","09:28:50",26.45,0.1,300,263900,"S"
"PVT","09:28:41",26.45,0.1,1000,263600,"S"
"PVT","09:28:28",26.45,0.1,8400,262600,"B"
"PVT","09:28:25",26.45,0.1,300,254200,"B"
"PVT","09:28:21",26.45,0.1,3000,253900,"B"
"PVT","09:27:59",26.45,0.1,8300,250900,"S"
"PVT","09:27:30",26.45,0.1,100,242600,"S"
"PVT","09:27:29",26.45,0.1,200,242500,"S"
"PVT","09:27:27",26.45,0.1,3100,242300,"S"
"PVT","09:26:57",26.45,0.1,36100,239200,"B"
"PVT","09:26:43",26.45,0.1,5000,203100,"B"
"PVT","09:26:10",26.45,0.1,400,198100,"B"
"PVT","09:25:25",26.5,0.15,100,197700,"S"
"PVT","09:25:00",26.5,0.15,700,197600,"S"
"PVT","09:23:57",26.5,0.15,5000,196900,"S"
"PVT","09:23:56",26.45,0.1,300,191900,"B"
"PVT","09:23:55",26.5,0.15,500,191600,"S"
"PVT","09:23:54",26.5,0.15,100,191100,"S"
"PVT","09:23:24",26.5,0.15,100,191000,"S"
"PVT","09:23:15",26.5,0.15,1100,190900,"B"
"PVT","09:23:06",26.5,0.15,35000,189800,"B"
"PVT","09:22:51",26.5,0.15,5000,154800,"B"
"PVT","09:22:39",26.55,0.2,100,149800,"S"
"PVT","09:22:25",26.55,0.2,100,149700,"S"
"PVT","09:22:01",26.55,0.2,200,149600,"B"
"PVT","09:21:42",26.55,0.2,300,149400,"B"
"PVT","09:21:34",26.55,0.2,500,149100,"B"
"PVT","09:21:33",26.6,0.25,3500,148600,"S"
"PVT","09:21:27",26.5,0.15,1600,145100,"B"
"PVT","09:21:27",26.55,0.2,1400,143500,"B"
"PVT","09:21:22",26.55,0.2,1900,142100,"B"
"PVT","09:21:20",26.55,0.2,6700,140200,"S"
"PVT","09:21:12",26.55,0.2,500,133500,"S"
"PVT","09:21:10",26.55,0.2,1000,133000,"S"
"PVT","09:20:59",26.55,0.2,10000,132000,"S"
"PVT","09:20:54",26.55,0.2,2300,122000,"S"
"PVT","09:20:54",26.55,0.2,700,119700,"S"
"PVT","09:20:52",26.55,0.2,10000,119000,"S"
"PVT","09:20:50",26.5,0.15,200,109000,"B"
"PVT","09:20:48",26.5,0.15,100,108800,"B"
"PVT","09:20:47",26.55,0.2,3000,108700,"S"
"PVT","09:20:46",26.55,0.2,200,105700,"S"
"PVT","09:20:40",26.55,0.2,4000,105500,"S"
"PVT","09:19:57",26.5,0.15,300,101500,"B"
"PVT","09:19:28",26.5,0.15,400,101200,"B"
"PVT","09:18:30",26.5,0.15,5100,100800,"S"
"PVT","09:18:04",26.5,0.15,10000,95700,"S"
"PVT","09:18:00",26.45,0.1,1500,85700,"S"
"PVT","09:17:59",26.45,0.1,4500,84200,"B"
"PVT","09:17:52",26.5,0.15,10000,79700,"S"
"PVT","09:17:39",26.5,0.15,1000,69700,"S"
"PVT","09:17:35",26.5,0.15,10000,68700,"S"
"PVT","09:17:22",26.4,0.05,2000,58700,"B"
"PVT","09:17:22",26.45,0.1,1300,56700,"B"
"PVT","09:17:14",26.45,0.1,400,55400,"B"
"PVT","09:17:11",26.45,0.1,4800,55000,"S"
"PVT","09:17:08",26.4,0.05,3000,50200,"B"
"PVT","09:16:48",26.45,0.1,1200,47200,"S"
"PVT","09:16:48",26.4,0.05,4700,46000,"S"
"PVT","09:16:42",26.4,0.05,200,41300,"S"
"PVT","09:16:41",26.4,0.05,2600,41100,"B"
"PVT","09:16:25",26.4,0.05,10000,38500,"B"
"PVT","09:16:01",26.4,0.05,3000,28500,"B"
"PVT","09:15:59",26.5,0.15,200,25500,"S"
"PVT","09:15:39",26.5,0.15,200,25300,"S"
"PVT","09:15:18",26.55,0.2,600,25100,"S"
"PVT","09:15:18",26.5,0.15,400,24500,"S"
"PVT","09:15:14",26.5,0.15,4600,24100,"B"
"PVT","09:15:09",26.5,0.15,1000,19500,"B"
"PVT","09:15:02",26.5,0.15,18500,18500,
