"symbol","time","price","change","vol","total","side"
"QCG","14:45:06",10.05,-0.7,131800,4694600,
"QCG","14:29:55",10.1,-0.65,500,4562800,"S"
"QCG","14:29:53",10.1,-0.65,400,4562300,"S"
"QCG","14:29:50",10.1,-0.65,1700,4561900,"B"
"QCG","14:29:49",10.15,-0.6,2500,4560200,"S"
"QCG","14:29:43",10.1,-0.65,50000,4557700,"B"
"QCG","14:29:40",10.1,-0.65,17000,4507700,"B"
"QCG","14:29:39",10.1,-0.65,800,4490700,"B"
"QCG","14:29:35",10.15,-0.6,2500,4489900,"S"
"QCG","14:29:34",10.15,-0.6,100,4487400,"S"
"QCG","14:29:32",10.1,-0.65,25900,4487300,"B"
"QCG","14:29:31",10.1,-0.65,15000,4461400,"B"
"QCG","14:29:30",10.1,-0.65,2500,4446400,"B"
"QCG","14:29:28",10.1,-0.65,3200,4443900,"B"
"QCG","14:29:27",10.1,-0.65,14800,4440700,"B"
"QCG","14:29:25",10.1,-0.65,4500,4425900,"B"
"QCG","14:29:25",10.1,-0.65,200,4421400,"B"
"QCG","14:29:21",10.1,-0.65,1700,4421200,"B"
"QCG","14:29:16",10.1,-0.65,400,4419500,"B"
"QCG","14:29:13",10.1,-0.65,600,4419100,"B"
"QCG","14:29:12",10.1,-0.65,14400,4418500,"B"
"QCG","14:29:11",10.15,-0.6,2000,4404100,"S"
"QCG","14:29:11",10.1,-0.65,400,4402100,"B"
"QCG","14:29:09",10.1,-0.65,2500,4401700,"B"
"QCG","14:29:05",10.1,-0.65,2000,4399200,"B"
"QCG","14:28:55",10.1,-0.65,800,4397200,"B"
"QCG","14:28:49",10.1,-0.65,20000,4396400,"B"
"QCG","14:28:46",10.15,-0.6,800,4376400,"S"
"QCG","14:28:40",10.1,-0.65,14900,4375600,"B"
"QCG","14:28:38",10.1,-0.65,4900,4360700,"B"
"QCG","14:28:37",10.15,-0.6,100,4355800,"S"
"QCG","14:28:35",10.15,-0.6,200,4355700,"S"
"QCG","14:28:32",10.1,-0.65,80000,4355500,"B"
"QCG","14:28:27",10.15,-0.6,500,4275500,"S"
"QCG","14:28:18",10.15,-0.6,1000,4275000,"S"
"QCG","14:28:16",10.15,-0.6,5000,4274000,"S"
"QCG","14:28:05",10.15,-0.6,1000,4269000,"S"
"QCG","14:28:04",10.15,-0.6,500,4268000,"S"
"QCG","14:28:01",10.15,-0.6,1000,4267500,"S"
"QCG","14:28:00",10.1,-0.65,2000,4266500,"B"
"QCG","14:27:51",10.15,-0.6,5000,4264500,"S"
"QCG","14:27:50",10.15,-0.6,100,4259500,"S"
"QCG","14:27:48",10.15,-0.6,10500,4259400,"S"
"QCG","14:27:45",10.15,-0.6,2000,4248900,"S"
"QCG","14:27:39",10.1,-0.65,20000,4246900,"B"
"QCG","14:27:38",10.15,-0.6,100,4226900,"S"
"QCG","14:27:32",10.15,-0.6,400,4226800,"S"
"QCG","14:27:28",10.15,-0.6,2000,4226400,"B"
"QCG","14:27:19",10.15,-0.6,3400,4224400,"S"
"QCG","14:27:13",10.15,-0.6,600,4221000,"S"
"QCG","14:27:10",10.15,-0.6,10000,4220400,"S"
"QCG","14:27:07",10.15,-0.6,400,4210400,"S"
"QCG","14:27:04",10.15,-0.6,15500,4210000,"S"
"QCG","14:27:02",10.15,-0.6,17000,4194500,"S"
"QCG","14:27:01",10.15,-0.6,500,4177500,"S"
"QCG","14:26:35",10.15,-0.6,500,4177000,"S"
"QCG","14:26:34",10.15,-0.6,4000,4176500,"S"
"QCG","14:26:29",10.15,-0.6,1500,4172500,"S"
"QCG","14:26:29",10.1,-0.65,20000,4171000,"B"
"QCG","14:26:18",10.15,-0.6,200,4151000,"S"
"QCG","14:26:10",10.15,-0.6,1200,4150800,"S"
"QCG","14:26:01",10.15,-0.6,1000,4149600,"S"
"QCG","14:25:58",10.1,-0.65,800,4148600,"B"
"QCG","14:25:54",10.15,-0.6,1000,4147800,"S"
"QCG","14:25:52",10.15,-0.6,1000,4146800,"S"
"QCG","14:25:27",10.15,-0.6,100,4145800,"S"
"QCG","14:25:08",10.1,-0.65,5000,4145700,"B"
"QCG","14:25:05",10.15,-0.6,100,4140700,"S"
"QCG","14:24:40",10.15,-0.6,2000,4140600,"S"
"QCG","14:24:39",10.15,-0.6,700,4138600,"S"
"QCG","14:24:33",10.15,-0.6,100,4137900,"S"
"QCG","14:24:27",10.15,-0.6,1000,4137800,"S"
"QCG","14:24:19",10.15,-0.6,100,4136800,"S"
"QCG","14:24:16",10.15,-0.6,1000,4136700,"S"
"QCG","14:24:13",10.15,-0.6,1000,4135700,"S"
"QCG","14:24:12",10.15,-0.6,2000,4134700,"S"
"QCG","14:24:10",10.15,-0.6,7000,4132700,"S"
"QCG","14:24:09",10.1,-0.65,100,4125700,"B"
"QCG","14:24:06",10.1,-0.65,17000,4125600,"B"
"QCG","14:24:02",10.15,-0.6,800,4108600,"S"
"QCG","14:24:00",10.15,-0.6,200,4107800,"S"
"QCG","14:23:36",10.15,-0.6,200,4107600,"S"
"QCG","14:23:26",10.15,-0.6,1300,4107400,"S"
"QCG","14:23:20",10.15,-0.6,200,4106100,"S"
"QCG","14:23:07",10.15,-0.6,100,4105900,"S"
"QCG","14:22:53",10.15,-0.6,400,4105800,"S"
"QCG","14:22:52",10.1,-0.65,500,4105400,"B"
"QCG","14:22:33",10.15,-0.6,2000,4104900,"S"
"QCG","14:22:06",10.1,-0.65,1000,4102900,"B"
"QCG","14:22:05",10.1,-0.65,1000,4101900,"B"
"QCG","14:21:15",10.1,-0.65,2100,4100900,"B"
"QCG","14:21:10",10.15,-0.6,5000,4098800,"S"
"QCG","14:21:09",10.1,-0.65,1000,4093800,"B"
"QCG","14:21:03",10.1,-0.65,1900,4092800,"B"
"QCG","14:20:58",10.15,-0.6,1000,4090900,"S"
"QCG","14:20:54",10.15,-0.6,200,4089900,"S"
"QCG","14:20:46",10.15,-0.6,500,4089700,"S"
"QCG","14:20:39",10.15,-0.6,1000,4089200,"S"
"QCG","14:20:32",10.15,-0.6,1000,4088200,"S"
"QCG","14:20:08",10.15,-0.6,1000,4087200,"S"
"QCG","14:20:05",10.15,-0.6,1000,4086200,"S"
"QCG","14:19:58",10.15,-0.6,1000,4085200,"S"
"QCG","14:19:51",10.15,-0.6,5000,4084200,"S"
"QCG","14:19:33",10.15,-0.6,3100,4079200,"S"
"QCG","14:19:33",10.15,-0.6,1000,4076100,"S"
"QCG","14:19:24",10.15,-0.6,500,4075100,"S"
"QCG","14:19:18",10.15,-0.6,2000,4074600,"S"
"QCG","14:19:16",10.15,-0.6,500,4072600,"S"
"QCG","14:18:59",10.15,-0.6,2300,4072100,"S"
"QCG","14:18:36",10.15,-0.6,100,4069800,"S"
"QCG","14:18:17",10.15,-0.6,200,4069700,"S"
"QCG","14:18:06",10.15,-0.6,3000,4069500,"S"
"QCG","14:17:55",10.15,-0.6,1000,4066500,"S"
"QCG","14:17:53",10.15,-0.6,1000,4065500,"S"
"QCG","14:17:45",10.15,-0.6,500,4064500,"S"
"QCG","14:17:29",10.15,-0.6,1900,4064000,"B"
"QCG","14:17:09",10.15,-0.6,200,4062100,"B"
"QCG","14:17:05",10.15,-0.6,100,4061900,"B"
"QCG","14:16:58",10.1,-0.65,500,4061800,"B"
"QCG","14:16:58",10.15,-0.6,700,4061300,"B"
"QCG","14:16:57",10.15,-0.6,4000,4060600,"B"
"QCG","14:16:47",10.15,-0.6,1000,4056600,"B"
"QCG","14:16:40",10.15,-0.6,1000,4055600,"S"
"QCG","14:16:38",10.15,-0.6,100,4054600,"S"
"QCG","14:16:35",10.15,-0.6,18400,4054500,"S"
"QCG","14:16:34",10.15,-0.6,100,4036100,"S"
"QCG","14:16:31",10.15,-0.6,3000,4036000,"S"
"QCG","14:16:17",10.15,-0.6,200,4028000,"S"
"QCG","14:16:02",10.1,-0.65,7000,4027800,"B"
"QCG","14:16:01",10.15,-0.6,800,4020800,"S"
"QCG","14:16:00",10.15,-0.6,100,4020000,"S"
"QCG","14:15:43",10.15,-0.6,2200,4019900,"S"
"QCG","14:15:30",10.15,-0.6,100,4017700,"S"
"QCG","14:15:26",10.15,-0.6,1000,4017600,"S"
"QCG","14:15:14",10.15,-0.6,300,4016600,"S"
"QCG","14:15:10",10.15,-0.6,100,4016300,"S"
"QCG","14:15:08",10.15,-0.6,1000,4016200,"S"
"QCG","14:15:06",10.15,-0.6,1000,4015200,"S"
"QCG","14:14:41",10.15,-0.6,100,4014200,"S"
"QCG","14:14:33",10.15,-0.6,1000,4014100,"S"
"QCG","14:14:11",10.15,-0.6,2000,4013100,"S"
"QCG","14:14:08",10.15,-0.6,100,4011100,"S"
"QCG","14:13:53",10.15,-0.6,100,4011000,"S"
"QCG","14:13:39",10.15,-0.6,7000,4010900,"S"
"QCG","14:13:38",10.15,-0.6,200,4003900,"S"
"QCG","14:13:30",10.15,-0.6,500,4003700,"S"
"QCG","14:13:26",10.15,-0.6,300,4003200,"S"
"QCG","14:13:22",10.15,-0.6,1400,4002900,"S"
"QCG","14:13:21",10.15,-0.6,1000,4001500,"S"
"QCG","14:13:17",10.15,-0.6,2000,4000500,"S"
"QCG","14:13:07",10.15,-0.6,500,3998500,"S"
"QCG","14:13:06",10.15,-0.6,100,3998000,"S"
"QCG","14:12:58",10.15,-0.6,4100,3997900,"S"
"QCG","14:12:58",10.15,-0.6,900,3993800,"S"
"QCG","14:12:42",10.15,-0.6,99100,3992900,"B"
"QCG","14:12:35",10.2,-0.55,1000,3893800,"S"
"QCG","14:12:29",10.15,-0.6,3500,3892800,"B"
"QCG","14:12:04",10.15,-0.6,100,3889300,"B"
"QCG","14:11:56",10.2,-0.55,2000,3889200,"S"
"QCG","14:11:33",10.2,-0.55,3000,3887200,"S"
"QCG","14:11:28",10.2,-0.55,1300,3884200,"S"
"QCG","14:11:27",10.2,-0.55,1000,3882900,"S"
"QCG","14:11:26",10.15,-0.6,100,3881900,"B"
"QCG","14:11:16",10.2,-0.55,300,3881800,"S"
"QCG","14:11:01",10.2,-0.55,1000,3881500,"S"
"QCG","14:10:54",10.2,-0.55,2000,3880500,"S"
"QCG","14:10:52",10.2,-0.55,100,3878500,"S"
"QCG","14:10:32",10.2,-0.55,3000,3878400,"S"
"QCG","14:10:17",10.2,-0.55,100,3875400,"S"
"QCG","14:09:59",10.2,-0.55,1900,3875300,"S"
"QCG","14:09:55",10.2,-0.55,700,3873400,"S"
"QCG","14:09:34",10.2,-0.55,2400,3872700,"S"
"QCG","14:09:29",10.2,-0.55,200,3870300,"S"
"QCG","14:09:21",10.2,-0.55,200,3870100,"S"
"QCG","14:09:15",10.2,-0.55,1000,3869900,"S"
"QCG","14:08:56",10.2,-0.55,4800,3868900,"S"
"QCG","14:08:29",10.2,-0.55,800,3864100,"S"
"QCG","14:08:08",10.2,-0.55,1900,3863300,"S"
"QCG","14:06:50",10.2,-0.55,100,3861400,"S"
"QCG","14:05:32",10.2,-0.55,3900,3861300,"S"
"QCG","14:04:49",10.2,-0.55,700,3857400,"S"
"QCG","14:04:06",10.2,-0.55,3000,3856700,"B"
"QCG","14:03:54",10.2,-0.55,2600,3853700,"B"
"QCG","14:03:44",10.2,-0.55,1500,3851100,"B"
"QCG","14:03:18",10.2,-0.55,100,3849600,"B"
"QCG","14:02:59",10.2,-0.55,6700,3849500,"S"
"QCG","14:02:57",10.2,-0.55,4300,3842800,"S"
"QCG","14:02:54",10.2,-0.55,10000,3838500,"S"
"QCG","14:02:05",10.2,-0.55,25800,3828500,"S"
"QCG","14:01:53",10.2,-0.55,2500,3802700,"S"
"QCG","14:01:52",10.2,-0.55,200,3800200,"S"
"QCG","14:01:37",10.2,-0.55,100,3800000,"S"
"QCG","14:01:12",10.2,-0.55,500,3799900,"S"
"QCG","14:00:40",10.2,-0.55,1600,3799400,"S"
"QCG","14:00:05",10.2,-0.55,1000,3797800,"S"
"QCG","13:59:37",10.2,-0.55,33800,3796800,"B"
"QCG","13:59:29",10.2,-0.55,100,3763000,"B"
"QCG","13:59:19",10.2,-0.55,10000,3762900,"B"
"QCG","13:58:45",10.25,-0.5,100,3752900,"S"
"QCG","13:58:38",10.25,-0.5,1000,3752800,"S"
"QCG","13:58:29",10.25,-0.5,1000,3751800,"S"
"QCG","13:58:13",10.25,-0.5,300,3750800,"S"
"QCG","13:58:11",10.25,-0.5,100,3750500,"S"
"QCG","13:57:49",10.2,-0.55,400,3750400,"B"
"QCG","13:57:38",10.2,-0.55,1500,3750000,"B"
"QCG","13:57:23",10.25,-0.5,500,3748500,"S"
"QCG","13:56:28",10.25,-0.5,3000,3748000,"S"
"QCG","13:55:38",10.25,-0.5,200,3745000,"S"
"QCG","13:55:32",10.25,-0.5,200,3744800,"S"
"QCG","13:55:21",10.2,-0.55,2000,3744600,"B"
"QCG","13:55:10",10.2,-0.55,2000,3742600,"B"
"QCG","13:54:30",10.25,-0.5,200,3740600,"S"
"QCG","13:54:18",10.2,-0.55,400,3740400,"B"
"QCG","13:54:17",10.25,-0.5,5000,3740000,"S"
"QCG","13:53:47",10.25,-0.5,1000,3735000,"S"
"QCG","13:53:24",10.25,-0.5,100,3734000,"S"
"QCG","13:51:55",10.25,-0.5,100,3733900,"S"
"QCG","13:51:43",10.25,-0.5,1000,3733800,"S"
"QCG","13:51:33",10.25,-0.5,100,3732800,"S"
"QCG","13:51:07",10.25,-0.5,1000,3732700,"S"
"QCG","13:50:31",10.25,-0.5,1000,3731700,"S"
"QCG","13:49:51",10.25,-0.5,100,3730700,"S"
"QCG","13:49:51",10.25,-0.5,1100,3730600,"S"
"QCG","13:49:36",10.25,-0.5,3100,3729500,"B"
"QCG","13:49:35",10.25,-0.5,500,3726400,"B"
"QCG","13:49:20",10.25,-0.5,1000,3725900,"B"
"QCG","13:48:59",10.25,-0.5,8500,3724900,"S"
"QCG","13:48:51",10.25,-0.5,2600,3716400,"S"
"QCG","13:47:30",10.25,-0.5,4000,3713800,"B"
"QCG","13:47:26",10.25,-0.5,10000,3709800,"B"
"QCG","13:46:56",10.25,-0.5,100,3699800,"B"
"QCG","13:46:50",10.25,-0.5,100,3699700,"B"
"QCG","13:46:41",10.25,-0.5,38800,3699600,"S"
"QCG","13:46:15",10.2,-0.55,200,3660800,"B"
"QCG","13:46:12",10.2,-0.55,8000,3660600,"B"
"QCG","13:46:02",10.2,-0.55,500,3652600,"B"
"QCG","13:44:36",10.2,-0.55,200,3652100,"B"
"QCG","13:44:05",10.2,-0.55,6100,3651900,"S"
"QCG","13:44:00",10.2,-0.55,400,3645800,"S"
"QCG","13:43:57",10.2,-0.55,3000,3645400,"S"
"QCG","13:43:57",10.2,-0.55,100,3642400,"S"
"QCG","13:43:55",10.2,-0.55,5000,3642300,"S"
"QCG","13:43:52",10.2,-0.55,800,3637300,"S"
"QCG","13:43:46",10.2,-0.55,1000,3636500,"S"
"QCG","13:43:28",10.2,-0.55,100,3634500,"S"
"QCG","13:43:10",10.2,-0.55,1000,3634400,"S"
"QCG","13:43:07",10.2,-0.55,1000,3633400,"S"
"QCG","13:43:04",10.2,-0.55,1000,3632400,"S"
"QCG","13:42:59",10.2,-0.55,200,3631400,"S"
"QCG","13:42:58",10.2,-0.55,30000,3631200,"S"
"QCG","13:42:50",10.2,-0.55,1600,3601200,"S"
"QCG","13:42:47",10.2,-0.55,3000,3599600,"S"
"QCG","13:42:34",10.2,-0.55,2500,3596600,"S"
"QCG","13:42:29",10.2,-0.55,500,3594100,"S"
"QCG","13:42:25",10.2,-0.55,1000,3593600,"S"
"QCG","13:42:11",10.2,-0.55,200,3592600,"S"
"QCG","13:42:04",10.2,-0.55,2600,3592400,"S"
"QCG","13:41:55",10.2,-0.55,200,3589800,"S"
"QCG","13:41:51",10.2,-0.55,3000,3589600,"S"
"QCG","13:41:13",10.2,-0.55,1000,3586600,"S"
"QCG","13:41:07",10.2,-0.55,2600,3585600,"S"
"QCG","13:40:50",10.2,-0.55,2000,3583000,"S"
"QCG","13:40:35",10.2,-0.55,2000,3581000,"S"
"QCG","13:40:31",10.2,-0.55,2500,3579000,"S"
"QCG","13:40:23",10.15,-0.6,14000,3576500,"B"
"QCG","13:40:12",10.2,-0.55,3600,3562500,"S"
"QCG","13:40:10",10.2,-0.55,1500,3558900,"S"
"QCG","13:39:54",10.2,-0.55,300,3557400,"S"
"QCG","13:39:53",10.2,-0.55,2000,3557100,"S"
"QCG","13:39:15",10.2,-0.55,1200,3555100,"S"
"QCG","13:39:05",10.2,-0.55,100,3553900,"S"
"QCG","13:38:50",10.2,-0.55,200,3553800,"S"
"QCG","13:38:04",10.2,-0.55,700,3553600,"S"
"QCG","13:37:49",10.2,-0.55,1000,3552900,"S"
"QCG","13:37:37",10.15,-0.6,400,3551900,"B"
"QCG","13:37:19",10.15,-0.6,400,3551500,"B"
"QCG","13:37:01",10.15,-0.6,2300,3551100,"B"
"QCG","13:37:01",10.15,-0.6,1100,3548800,"B"
"QCG","13:36:30",10.15,-0.6,20000,3547700,"B"
"QCG","13:36:20",10.2,-0.55,1000,3527700,"S"
"QCG","13:35:58",10.2,-0.55,100,3526700,"S"
"QCG","13:34:38",10.15,-0.6,3000,3526600,"B"
"QCG","13:34:17",10.15,-0.6,200,3523600,"B"
"QCG","13:32:17",10.15,-0.6,100,3523400,"B"
"QCG","13:32:16",10.15,-0.6,4000,3523300,"B"
"QCG","13:31:30",10.15,-0.6,1000,3519300,"B"
"QCG","13:30:55",10.15,-0.6,3300,3518300,"B"
"QCG","13:30:26",10.15,-0.6,2000,3515000,"B"
"QCG","13:30:16",10.15,-0.6,2000,3513000,"B"
"QCG","13:30:15",10.15,-0.6,2000,3511000,"B"
"QCG","13:29:46",10.15,-0.6,6400,3509000,"B"
"QCG","13:28:02",10.15,-0.6,5000,3502600,"B"
"QCG","13:27:43",10.15,-0.6,8000,3497600,"B"
"QCG","13:26:46",10.15,-0.6,100,3489600,"B"
"QCG","13:26:25",10.2,-0.55,200,3489500,"S"
"QCG","13:26:24",10.15,-0.6,100,3489300,"B"
"QCG","13:26:15",10.2,-0.55,300,3489200,"S"
"QCG","13:26:07",10.2,-0.55,1000,3488900,"S"
"QCG","13:25:56",10.2,-0.55,2000,3487900,"S"
"QCG","13:25:26",10.2,-0.55,2000,3485900,"S"
"QCG","13:25:10",10.15,-0.6,1800,3483900,"B"
"QCG","13:25:10",10.2,-0.55,900,3482100,"S"
"QCG","13:25:01",10.2,-0.55,10000,3481200,"S"
"QCG","13:24:35",10.2,-0.55,3000,3471200,"S"
"QCG","13:24:23",10.2,-0.55,1100,3468200,"S"
"QCG","13:24:10",10.15,-0.6,100,3467100,"B"
"QCG","13:24:01",10.2,-0.55,100,3467000,"S"
"QCG","13:23:57",10.2,-0.55,100,3466900,"S"
"QCG","13:23:42",10.2,-0.55,100,3466800,"S"
"QCG","13:23:36",10.2,-0.55,1000,3466700,"S"
"QCG","13:23:15",10.2,-0.55,200,3465700,"S"
"QCG","13:22:55",10.2,-0.55,200,3465500,"S"
"QCG","13:22:31",10.2,-0.55,1500,3465300,"S"
"QCG","13:21:51",10.2,-0.55,200,3463800,"S"
"QCG","13:21:44",10.15,-0.6,300,3463600,"B"
"QCG","13:21:32",10.2,-0.55,1000,3463300,"S"
"QCG","13:21:03",10.2,-0.55,100,3462300,"S"
"QCG","13:20:52",10.2,-0.55,300,3462200,"S"
"QCG","13:20:48",10.2,-0.55,300,3461900,"S"
"QCG","13:19:59",10.2,-0.55,100,3461600,"S"
"QCG","13:19:57",10.2,-0.55,1000,3461500,"S"
"QCG","13:19:37",10.2,-0.55,100,3460500,"S"
"QCG","13:19:10",10.2,-0.55,100,3460400,"S"
"QCG","13:18:38",10.15,-0.6,500,3460300,"B"
"QCG","13:17:42",10.15,-0.6,2000,3459800,"B"
"QCG","13:17:24",10.2,-0.55,1700,3457800,"B"
"QCG","13:17:07",10.2,-0.55,2000,3456100,"B"
"QCG","13:17:04",10.2,-0.55,300,3454100,"B"
"QCG","13:16:48",10.2,-0.55,200,3453800,"B"
"QCG","13:16:44",10.2,-0.55,300,3453600,"S"
"QCG","13:16:32",10.2,-0.55,1000,3453300,"S"
"QCG","13:16:22",10.2,-0.55,800,3452300,"S"
"QCG","13:16:19",10.2,-0.55,500,3451500,"S"
"QCG","13:16:08",10.2,-0.55,500,3451000,"S"
"QCG","13:15:57",10.2,-0.55,200,3450500,"S"
"QCG","13:15:56",10.2,-0.55,1000,3450300,"S"
"QCG","13:15:54",10.2,-0.55,2000,3449300,"S"
"QCG","13:15:46",10.2,-0.55,8000,3447300,"S"
"QCG","13:15:34",10.2,-0.55,200,3439300,"S"
"QCG","13:14:29",10.2,-0.55,1000,3439100,"S"
"QCG","13:14:22",10.2,-0.55,1000,3438100,"S"
"QCG","13:14:14",10.2,-0.55,1300,3437100,"S"
"QCG","13:14:09",10.2,-0.55,100,3435800,"S"
"QCG","13:14:07",10.2,-0.55,2100,3435700,"B"
"QCG","13:13:59",10.2,-0.55,100,3433600,"B"
"QCG","13:13:52",10.2,-0.55,2800,3433500,"S"
"QCG","13:13:37",10.2,-0.55,100,3430700,"S"
"QCG","13:13:35",10.2,-0.55,200,3430600,"S"
"QCG","13:13:18",10.15,-0.6,100,3430400,"B"
"QCG","13:13:03",10.2,-0.55,1000,3430300,"S"
"QCG","13:12:31",10.15,-0.6,600,3429300,"B"
"QCG","13:12:21",10.2,-0.55,500,3428700,"S"
"QCG","13:11:58",10.2,-0.55,3800,3428200,"B"
"QCG","13:11:39",10.2,-0.55,600,3424400,"B"
"QCG","13:11:21",10.2,-0.55,5800,3423800,"B"
"QCG","13:11:19",10.2,-0.55,6800,3418000,"B"
"QCG","13:11:12",10.2,-0.55,5000,3411200,"B"
"QCG","13:10:40",10.2,-0.55,2900,3406200,"B"
"QCG","13:10:14",10.2,-0.55,1700,3403300,"B"
"QCG","13:09:49",10.2,-0.55,400,3401600,"B"
"QCG","13:09:48",10.2,-0.55,1000,3401200,"B"
"QCG","13:09:38",10.2,-0.55,3000,3400200,"B"
"QCG","13:09:33",10.2,-0.55,500,3397200,"B"
"QCG","13:09:15",10.2,-0.55,900,3396700,"B"
"QCG","13:09:06",10.25,-0.5,100,3395800,"S"
"QCG","13:08:48",10.2,-0.55,600,3395700,"B"
"QCG","13:08:23",10.2,-0.55,2000,3395100,"B"
"QCG","13:08:15",10.2,-0.55,3000,3393100,"B"
"QCG","13:07:33",10.25,-0.5,500,3390100,"S"
"QCG","13:07:14",10.25,-0.5,2000,3389600,"S"
"QCG","13:07:01",10.25,-0.5,5000,3387600,"S"
"QCG","13:06:47",10.25,-0.5,900,3382600,"S"
"QCG","13:06:31",10.25,-0.5,100,3381700,"S"
"QCG","13:05:35",10.25,-0.5,3000,3381600,"S"
"QCG","13:05:26",10.25,-0.5,600,3378600,"S"
"QCG","13:05:24",10.25,-0.5,500,3378000,"S"
"QCG","13:04:45",10.25,-0.5,500,3377500,"S"
"QCG","13:04:37",10.2,-0.55,100,3377000,"B"
"QCG","13:04:14",10.2,-0.55,100,3376900,"B"
"QCG","13:04:09",10.25,-0.5,200,3376800,"S"
"QCG","13:03:34",10.25,-0.5,1000,3376600,"S"
"QCG","13:03:05",10.25,-0.5,1000,3375600,"S"
"QCG","13:01:49",10.2,-0.55,300,3374600,"B"
"QCG","13:01:21",10.25,-0.5,5000,3374300,"S"
"QCG","13:00:22",10.2,-0.55,1000,3369300,"B"
"QCG","13:00:22",10.25,-0.5,1000,3368300,"S"
"QCG","13:00:17",10.2,-0.55,1300,3367300,"B"
"QCG","13:00:16",10.2,-0.55,5000,3366000,"B"
"QCG","13:00:13",10.2,-0.55,5000,3361000,"B"
"QCG","13:00:10",10.2,-0.55,2500,3356000,"B"
"QCG","13:00:05",10.2,-0.55,3000,3353500,"B"
"QCG","13:00:02",10.2,-0.55,7400,3350500,"B"
"QCG","13:00:01",10.2,-0.55,2000,3343100,"B"
"QCG","13:00:00",10.2,-0.55,15000,3341100,"B"
"QCG","11:29:50",10.2,-0.55,300,3326100,"S"
"QCG","11:29:38",10.2,-0.55,100,3325800,"S"
"QCG","11:29:22",10.2,-0.55,200,3325700,"S"
"QCG","11:29:18",10.2,-0.55,400,3325500,"S"
"QCG","11:29:12",10.2,-0.55,400,3325100,"S"
"QCG","11:29:03",10.2,-0.55,500,3324700,"S"
"QCG","11:29:02",10.2,-0.55,100,3324200,"S"
"QCG","11:28:54",10.2,-0.55,3000,3324100,"S"
"QCG","11:28:51",10.2,-0.55,1000,3321100,"S"
"QCG","11:28:23",10.2,-0.55,100,3320100,"S"
"QCG","11:27:57",10.2,-0.55,900,3320000,"S"
"QCG","11:27:53",10.2,-0.55,100,3319100,"S"
"QCG","11:27:39",10.2,-0.55,100,3319000,"S"
"QCG","11:27:29",10.2,-0.55,100,3318900,"S"
"QCG","11:27:24",10.2,-0.55,92700,3318800,"B"
"QCG","11:26:07",10.2,-0.55,700,3226100,"B"
"QCG","11:26:06",10.2,-0.55,300,3225400,"B"
"QCG","11:25:57",10.2,-0.55,1000,3225100,"B"
"QCG","11:21:57",10.2,-0.55,2500,3224100,"B"
"QCG","11:21:33",10.25,-0.5,100,3221600,"S"
"QCG","11:21:31",10.25,-0.5,100,3221500,"S"
"QCG","11:21:09",10.25,-0.5,700,3221400,"S"
"QCG","11:21:04",10.25,-0.5,100,3220700,"S"
"QCG","11:20:36",10.25,-0.5,1800,3220600,"S"
"QCG","11:20:13",10.2,-0.55,1000,3218800,"B"
"QCG","11:19:59",10.25,-0.5,1000,3217800,"S"
"QCG","11:19:41",10.25,-0.5,900,3216800,"S"
"QCG","11:18:57",10.25,-0.5,5000,3215900,"S"
"QCG","11:18:38",10.25,-0.5,500,3210900,"S"
"QCG","11:18:33",10.25,-0.5,300,3210400,"S"
"QCG","11:18:09",10.25,-0.5,200,3210100,"S"
"QCG","11:18:06",10.25,-0.5,3000,3209900,"S"
"QCG","11:16:56",10.25,-0.5,100,3206900,"S"
"QCG","11:16:43",10.25,-0.5,2000,3206800,"S"
"QCG","11:16:00",10.25,-0.5,1000,3204800,"S"
"QCG","11:14:20",10.25,-0.5,100,3203800,"S"
"QCG","11:13:32",10.25,-0.5,100,3203700,"S"
"QCG","11:11:56",10.25,-0.5,500,3203600,"S"
"QCG","11:09:13",10.25,-0.5,500,3203100,"S"
"QCG","11:08:58",10.25,-0.5,500,3202600,"S"
"QCG","11:08:09",10.25,-0.5,100,3202100,"S"
"QCG","11:07:38",10.25,-0.5,300,3202000,"S"
"QCG","11:07:28",10.25,-0.5,300,3201700,"S"
"QCG","11:07:17",10.25,-0.5,2000,3201400,"S"
"QCG","11:07:14",10.25,-0.5,200,3199400,"S"
"QCG","11:07:06",10.25,-0.5,100,3199200,"S"
"QCG","11:06:59",10.25,-0.5,1500,3199100,"S"
"QCG","11:06:35",10.25,-0.5,500,3197600,"S"
"QCG","11:06:23",10.25,-0.5,300,3197100,"S"
"QCG","11:06:05",10.25,-0.5,500,3196800,"S"
"QCG","11:05:44",10.25,-0.5,100,3196300,"S"
"QCG","11:04:03",10.2,-0.55,2500,3196200,"B"
"QCG","11:02:51",10.25,-0.5,100,3193700,"S"
"QCG","11:02:49",10.25,-0.5,1000,3193600,"S"
"QCG","11:02:29",10.25,-0.5,100,3192600,"S"
"QCG","11:02:19",10.25,-0.5,3000,3192500,"S"
"QCG","11:01:39",10.25,-0.5,1000,3189500,"S"
"QCG","11:01:38",10.25,-0.5,100,3188500,"S"
"QCG","11:01:34",10.25,-0.5,200,3188400,"S"
"QCG","11:00:29",10.2,-0.55,3500,3188200,"B"
"QCG","11:00:16",10.2,-0.55,500,3184700,"B"
"QCG","10:59:53",10.2,-0.55,2000,3184200,"B"
"QCG","10:58:50",10.2,-0.55,5000,3182200,"B"
"QCG","10:58:31",10.25,-0.5,100,3177200,"S"
"QCG","10:58:08",10.25,-0.5,100,3177100,"S"
"QCG","10:57:44",10.25,-0.5,100,3177000,"S"
"QCG","10:56:41",10.25,-0.5,100,3176900,"S"
"QCG","10:55:57",10.25,-0.5,200,3176800,"S"
"QCG","10:55:18",10.25,-0.5,100,3176600,"S"
"QCG","10:54:48",10.2,-0.55,4600,3176500,"S"
"QCG","10:54:30",10.2,-0.55,200,3171900,"S"
"QCG","10:54:05",10.2,-0.55,5100,3171700,"B"
"QCG","10:53:52",10.2,-0.55,200,3166600,"B"
"QCG","10:51:09",10.2,-0.55,3500,3166400,"B"
"QCG","10:50:39",10.25,-0.5,1000,3162900,"S"
"QCG","10:50:17",10.2,-0.55,500,3161900,"B"
"QCG","10:49:17",10.2,-0.55,1000,3161400,"B"
"QCG","10:48:12",10.2,-0.55,2700,3160400,"S"
"QCG","10:48:06",10.2,-0.55,500,3157700,"S"
"QCG","10:47:43",10.2,-0.55,1000,3157200,"S"
"QCG","10:47:40",10.2,-0.55,5000,3156200,"S"
"QCG","10:47:37",10.2,-0.55,600,3151200,"S"
"QCG","10:47:23",10.2,-0.55,500,3150600,"S"
"QCG","10:47:08",10.2,-0.55,700,3150100,"B"
"QCG","10:46:59",10.2,-0.55,1300,3149400,"S"
"QCG","10:46:54",10.2,-0.55,1000,3148100,"S"
"QCG","10:46:47",10.2,-0.55,500,3147100,"S"
"QCG","10:46:18",10.2,-0.55,4700,3146600,"S"
"QCG","10:46:04",10.15,-0.6,200,3141900,"B"
"QCG","10:45:43",10.2,-0.55,1000,3141700,"S"
"QCG","10:45:02",10.15,-0.6,100,3140700,"B"
"QCG","10:44:24",10.15,-0.6,200,3140600,"B"
"QCG","10:44:05",10.2,-0.55,1900,3140400,"S"
"QCG","10:43:19",10.2,-0.55,200,3138500,"S"
"QCG","10:43:15",10.2,-0.55,1800,3138300,"S"
"QCG","10:43:04",10.2,-0.55,10700,3136500,"B"
"QCG","10:42:53",10.2,-0.55,1000,3125800,"B"
"QCG","10:42:41",10.2,-0.55,3500,3124800,"B"
"QCG","10:42:40",10.2,-0.55,1400,3121300,"B"
"QCG","10:42:13",10.2,-0.55,2000,3119900,"B"
"QCG","10:42:02",10.25,-0.5,400,3117900,"S"
"QCG","10:41:51",10.25,-0.5,200,3117500,"S"
"QCG","10:40:35",10.25,-0.5,700,3117300,"S"
"QCG","10:40:19",10.2,-0.55,300,3116600,"S"
"QCG","10:40:16",10.2,-0.55,200,3116300,"S"
"QCG","10:39:53",10.2,-0.55,2100,3116100,"S"
"QCG","10:39:51",10.2,-0.55,300,3114000,"S"
"QCG","10:39:45",10.2,-0.55,700,3113700,"S"
"QCG","10:39:42",10.2,-0.55,100,3113000,"S"
"QCG","10:39:37",10.2,-0.55,500,3112900,"S"
"QCG","10:39:33",10.2,-0.55,3300,3112400,"S"
"QCG","10:39:18",10.2,-0.55,300,3109100,"S"
"QCG","10:39:16",10.2,-0.55,1000,3108800,"S"
"QCG","10:39:01",10.2,-0.55,1500,3107800,"S"
"QCG","10:38:57",10.2,-0.55,2000,3106300,"S"
"QCG","10:38:32",10.2,-0.55,1000,3104300,"S"
"QCG","10:38:19",10.2,-0.55,200,3103300,"S"
"QCG","10:37:46",10.2,-0.55,200,3103100,"S"
"QCG","10:37:32",10.2,-0.55,1000,3102900,"S"
"QCG","10:37:30",10.2,-0.55,9800,3101900,"S"
"QCG","10:37:25",10.2,-0.55,2000,3092100,"S"
"QCG","10:37:00",10.2,-0.55,100,3090100,"S"
"QCG","10:35:55",10.2,-0.55,100,3090000,"S"
"QCG","10:35:44",10.2,-0.55,100,3089900,"S"
"QCG","10:35:41",10.2,-0.55,2000,3089800,"S"
"QCG","10:35:28",10.2,-0.55,3800,3087800,"S"
"QCG","10:34:47",10.2,-0.55,1500,3084000,"S"
"QCG","10:33:31",10.15,-0.6,100,3082500,"B"
"QCG","10:32:42",10.15,-0.6,100,3082400,"B"
"QCG","10:32:40",10.2,-0.55,2000,3082300,"S"
"QCG","10:31:00",10.15,-0.6,600,3080300,"B"
"QCG","10:30:57",10.2,-0.55,1900,3079700,"S"
"QCG","10:30:54",10.2,-0.55,2000,3077800,"S"
"QCG","10:30:25",10.2,-0.55,200,3075800,"S"
"QCG","10:30:20",10.2,-0.55,100,3075600,"S"
"QCG","10:30:16",10.2,-0.55,4000,3075500,"S"
"QCG","10:30:11",10.2,-0.55,100,3071500,"S"
"QCG","10:30:03",10.2,-0.55,2800,3071400,"S"
"QCG","10:29:59",10.2,-0.55,1000,3068600,"S"
"QCG","10:29:55",10.2,-0.55,5000,3067600,"S"
"QCG","10:29:52",10.2,-0.55,100,3062600,"S"
"QCG","10:29:44",10.2,-0.55,200,3062500,"S"
"QCG","10:29:18",10.2,-0.55,100,3062300,"S"
"QCG","10:29:09",10.2,-0.55,200,3062200,"S"
"QCG","10:29:00",10.2,-0.55,300,3062000,"S"
"QCG","10:28:57",10.2,-0.55,700,3061700,"S"
"QCG","10:28:37",10.2,-0.55,200,3061000,"S"
"QCG","10:28:00",10.2,-0.55,5000,3060800,"S"
"QCG","10:25:58",10.2,-0.55,100,3055800,"S"
"QCG","10:25:34",10.2,-0.55,200,3055700,"S"
"QCG","10:25:06",10.2,-0.55,1000,3055500,"S"
"QCG","10:25:05",10.15,-0.6,1000,3054500,"B"
"QCG","10:24:49",10.2,-0.55,400,3053500,"S"
"QCG","10:24:07",10.15,-0.6,1600,3053100,"B"
"QCG","10:23:55",10.15,-0.6,3000,3051500,"B"
"QCG","10:23:44",10.15,-0.6,5000,3048500,"B"
"QCG","10:23:17",10.15,-0.6,1000,3043500,"B"
"QCG","10:22:52",10.15,-0.6,9000,3042500,"B"
"QCG","10:22:36",10.15,-0.6,3000,3033500,"B"
"QCG","10:22:31",10.2,-0.55,1000,3030500,"S"
"QCG","10:22:30",10.2,-0.55,100,3029500,"S"
"QCG","10:22:01",10.2,-0.55,800,3029400,"S"
"QCG","10:21:56",10.2,-0.55,1400,3028600,"S"
"QCG","10:21:36",10.2,-0.55,900,3027200,"S"
"QCG","10:21:25",10.2,-0.55,100,3026300,"S"
"QCG","10:21:15",10.2,-0.55,600,3026200,"S"
"QCG","10:21:12",10.2,-0.55,100,3025600,"S"
"QCG","10:21:09",10.2,-0.55,1300,3025500,"S"
"QCG","10:20:30",10.2,-0.55,100,3024200,"S"
"QCG","10:20:30",10.15,-0.6,2000,3024100,"B"
"QCG","10:20:05",10.15,-0.6,3000,3022100,"B"
"QCG","10:19:16",10.15,-0.6,1500,3019100,"B"
"QCG","10:19:16",10.2,-0.55,200,3017600,"S"
"QCG","10:18:53",10.2,-0.55,200,3017400,"S"
"QCG","10:17:58",10.2,-0.55,600,3017200,"S"
"QCG","10:17:57",10.2,-0.55,100,3016600,"S"
"QCG","10:17:49",10.2,-0.55,100,3016500,"S"
"QCG","10:17:46",10.2,-0.55,3300,3016400,"S"
"QCG","10:17:31",10.2,-0.55,500,3013100,"S"
"QCG","10:17:17",10.2,-0.55,5900,3012600,"S"
"QCG","10:17:16",10.2,-0.55,100,3006700,"S"
"QCG","10:17:08",10.2,-0.55,300,3006600,"S"
"QCG","10:16:58",10.2,-0.55,300,3006300,"S"
"QCG","10:16:32",10.2,-0.55,900,3006000,"S"
"QCG","10:15:02",10.15,-0.6,5100,3005100,"S"
"QCG","10:14:59",10.15,-0.6,500,3000000,"S"
"QCG","10:14:56",10.15,-0.6,300,2999500,"S"
"QCG","10:14:53",10.15,-0.6,100,2999200,"S"
"QCG","10:14:46",10.15,-0.6,800,2999100,"S"
"QCG","10:14:40",10.15,-0.6,600,2998300,"S"
"QCG","10:14:26",10.15,-0.6,100,2997700,"S"
"QCG","10:14:21",10.1,-0.65,1000,2997600,"B"
"QCG","10:13:59",10.1,-0.65,500,2996600,"B"
"QCG","10:13:05",10.1,-0.65,100,2996100,"B"
"QCG","10:13:04",10.15,-0.6,300,2996000,"S"
"QCG","10:12:52",10.1,-0.65,10000,2995700,"B"
"QCG","10:12:49",10.1,-0.65,1000,2985700,"B"
"QCG","10:12:40",10.1,-0.65,3000,2984700,"B"
"QCG","10:12:24",10.1,-0.65,100,2981700,"B"
"QCG","10:12:19",10.1,-0.65,2500,2981600,"B"
"QCG","10:12:15",10.1,-0.65,1000,2979100,"B"
"QCG","10:12:06",10.1,-0.65,50200,2978100,"B"
"QCG","10:11:50",10.1,-0.65,1400,2927900,"B"
"QCG","10:11:13",10.1,-0.65,100,2926500,"B"
"QCG","10:10:55",10.15,-0.6,500,2926400,"S"
"QCG","10:10:51",10.1,-0.65,10000,2925900,"B"
"QCG","10:10:26",10.15,-0.6,1500,2915900,"S"
"QCG","10:10:20",10.15,-0.6,6000,2914400,"S"
"QCG","10:09:56",10.15,-0.6,1500,2908400,"S"
"QCG","10:09:24",10.15,-0.6,400,2906900,"S"
"QCG","10:09:22",10.1,-0.65,10000,2906500,"B"
"QCG","10:09:22",10.15,-0.6,100,2896500,"S"
"QCG","10:09:12",10.15,-0.6,100,2896400,"S"
"QCG","10:09:03",10.15,-0.6,500,2896300,"S"
"QCG","10:08:57",10.15,-0.6,500,2895800,"S"
"QCG","10:08:25",10.15,-0.6,2000,2895300,"S"
"QCG","10:08:19",10.15,-0.6,500,2893300,"S"
"QCG","10:08:09",10.15,-0.6,100,2892800,"S"
"QCG","10:08:02",10.15,-0.6,1000,2892700,"S"
"QCG","10:07:59",10.1,-0.65,4000,2891700,"B"
"QCG","10:07:45",10.15,-0.6,2500,2887700,"S"
"QCG","10:07:45",10.15,-0.6,5000,2885200,"S"
"QCG","10:07:32",10.15,-0.6,1000,2880200,"S"
"QCG","10:07:31",10.15,-0.6,2000,2879200,"S"
"QCG","10:07:30",10.15,-0.6,200,2877200,"S"
"QCG","10:07:25",10.15,-0.6,100,2877000,"S"
"QCG","10:06:42",10.15,-0.6,300,2876900,"S"
"QCG","10:06:25",10.15,-0.6,100,2876600,"S"
"QCG","10:06:09",10.15,-0.6,22200,2876500,"B"
"QCG","10:05:56",10.15,-0.6,600,2854300,"B"
"QCG","10:05:48",10.15,-0.6,1800,2853700,"B"
"QCG","10:05:16",10.15,-0.6,1000,2851900,"B"
"QCG","10:04:16",10.15,-0.6,48500,2850900,"B"
"QCG","10:04:16",10.2,-0.55,1500,2802400,"B"
"QCG","10:03:57",10.2,-0.55,400,2800900,"B"
"QCG","10:02:52",10.2,-0.55,5000,2800500,"B"
"QCG","10:01:49",10.2,-0.55,50000,2795500,"B"
"QCG","10:01:43",10.25,-0.5,500,2745500,"S"
"QCG","10:01:38",10.25,-0.5,4500,2745000,"S"
"QCG","10:01:37",10.25,-0.5,1000,2740500,"S"
"QCG","10:01:35",10.25,-0.5,1500,2739500,"S"
"QCG","10:00:56",10.25,-0.5,300,2738000,"S"
"QCG","10:00:37",10.25,-0.5,19700,2737700,"B"
"QCG","10:00:24",10.25,-0.5,2000,2718000,"B"
"QCG","09:59:13",10.25,-0.5,1000,2716000,"B"
"QCG","09:59:09",10.3,-0.45,100,2715000,"S"
"QCG","09:58:56",10.25,-0.5,300,2714900,"B"
"QCG","09:58:38",10.25,-0.5,3500,2714600,"S"
"QCG","09:58:22",10.25,-0.5,3500,2711100,"B"
"QCG","09:58:18",10.3,-0.45,5000,2707600,"S"
"QCG","09:58:15",10.3,-0.45,1600,2702600,"S"
"QCG","09:58:14",10.3,-0.45,2000,2701000,"S"
"QCG","09:58:10",10.3,-0.45,1000,2699000,"S"
"QCG","09:58:09",10.3,-0.45,1000,2698000,"S"
"QCG","09:58:06",10.25,-0.5,500,2697000,"B"
"QCG","09:57:43",10.3,-0.45,5000,2696500,"S"
"QCG","09:57:20",10.25,-0.5,100,2691500,"S"
"QCG","09:57:19",10.25,-0.5,100,2691400,"S"
"QCG","09:57:13",10.25,-0.5,300,2691300,"S"
"QCG","09:57:11",10.25,-0.5,500,2691000,"S"
"QCG","09:57:08",10.25,-0.5,4900,2690500,"S"
"QCG","09:57:06",10.25,-0.5,3000,2685600,"S"
"QCG","09:56:58",10.25,-0.5,3000,2682600,"S"
"QCG","09:56:55",10.25,-0.5,100,2679600,"S"
"QCG","09:56:54",10.25,-0.5,100,2679500,"S"
"QCG","09:56:41",10.25,-0.5,1000,2679400,"S"
"QCG","09:56:33",10.25,-0.5,400,2678400,"S"
"QCG","09:56:26",10.25,-0.5,300,2678000,"S"
"QCG","09:56:19",10.25,-0.5,1200,2677700,"S"
"QCG","09:56:03",10.25,-0.5,100,2676500,"S"
"QCG","09:55:59",10.2,-0.55,100,2676400,"B"
"QCG","09:55:49",10.25,-0.5,100,2676300,"S"
"QCG","09:55:25",10.25,-0.5,200,2676200,"S"
"QCG","09:54:36",10.2,-0.55,100,2676000,"S"
"QCG","09:54:33",10.2,-0.55,1300,2675900,"S"
"QCG","09:54:31",10.2,-0.55,1000,2674600,"S"
"QCG","09:54:30",10.2,-0.55,300,2673600,"S"
"QCG","09:54:27",10.2,-0.55,1000,2673300,"S"
"QCG","09:54:18",10.2,-0.55,6900,2672300,"S"
"QCG","09:54:16",10.2,-0.55,20000,2665400,"S"
"QCG","09:54:03",10.2,-0.55,1000,2645400,"S"
"QCG","09:53:37",10.2,-0.55,700,2644400,"S"
"QCG","09:53:28",10.2,-0.55,100,2643700,"S"
"QCG","09:53:14",10.15,-0.6,200,2643600,"B"
"QCG","09:53:02",10.2,-0.55,2400,2643400,"S"
"QCG","09:52:46",10.15,-0.6,900,2641000,"B"
"QCG","09:52:38",10.2,-0.55,3600,2640100,"S"
"QCG","09:52:01",10.15,-0.6,2600,2636500,"S"
"QCG","09:51:58",10.15,-0.6,100,2633900,"S"
"QCG","09:51:55",10.15,-0.6,2000,2633800,"S"
"QCG","09:51:45",10.15,-0.6,1800,2631800,"S"
"QCG","09:51:27",10.15,-0.6,100,2630000,"S"
"QCG","09:51:22",10.15,-0.6,200,2629900,"S"
"QCG","09:51:19",10.15,-0.6,5000,2629700,"S"
"QCG","09:51:05",10.15,-0.6,5000,2624700,"S"
"QCG","09:50:54",10.1,-0.65,1500,2619700,"B"
"QCG","09:50:28",10.15,-0.6,300,2618200,"S"
"QCG","09:50:12",10.15,-0.6,1100,2617900,"S"
"QCG","09:49:53",10.15,-0.6,100,2616800,"S"
"QCG","09:49:44",10.15,-0.6,200,2616700,"S"
"QCG","09:49:40",10.1,-0.65,300,2616500,"B"
"QCG","09:49:34",10.15,-0.6,2000,2616200,"S"
"QCG","09:49:17",10.15,-0.6,2000,2614200,"S"
"QCG","09:49:10",10.15,-0.6,2000,2612200,"S"
"QCG","09:48:47",10.15,-0.6,300,2610200,"S"
"QCG","09:48:42",10.15,-0.6,100,2609900,"S"
"QCG","09:48:40",10.1,-0.65,5000,2609800,"B"
"QCG","09:48:21",10.1,-0.65,100,2604800,"B"
"QCG","09:48:20",10.1,-0.65,3000,2604700,"B"
"QCG","09:48:13",10.15,-0.6,1000,2601700,"S"
"QCG","09:47:56",10.15,-0.6,3000,2600700,"S"
"QCG","09:47:45",10.15,-0.6,5000,2597700,"S"
"QCG","09:47:37",10.1,-0.65,2000,2592700,"B"
"QCG","09:47:05",10.1,-0.65,200,2590700,"B"
"QCG","09:46:49",10.15,-0.6,900,2590500,"S"
"QCG","09:46:34",10.15,-0.6,1000,2589600,"S"
"QCG","09:46:27",10.15,-0.6,2000,2588600,"S"
"QCG","09:46:25",10.15,-0.6,2000,2586600,"S"
"QCG","09:46:09",10.15,-0.6,100,2584600,"S"
"QCG","09:46:06",10.1,-0.65,3000,2584500,"B"
"QCG","09:45:32",10.1,-0.65,200,2581500,"B"
"QCG","09:45:30",10.15,-0.6,1500,2581300,"S"
"QCG","09:45:28",10.15,-0.6,200,2579800,"S"
"QCG","09:45:20",10.15,-0.6,100,2579600,"S"
"QCG","09:45:17",10.15,-0.6,200,2579500,"S"
"QCG","09:44:40",10.15,-0.6,4000,2579300,"S"
"QCG","09:44:32",10.15,-0.6,200,2575300,"S"
"QCG","09:44:29",10.15,-0.6,500,2575100,"S"
"QCG","09:44:24",10.15,-0.6,1000,2574600,"S"
"QCG","09:44:12",10.15,-0.6,100,2573600,"S"
"QCG","09:44:11",10.15,-0.6,100,2573500,"S"
"QCG","09:44:10",10.15,-0.6,900,2573400,"S"
"QCG","09:44:09",10.15,-0.6,100,2572500,"S"
"QCG","09:43:43",10.15,-0.6,400,2572400,"S"
"QCG","09:43:39",10.15,-0.6,1000,2572000,"S"
"QCG","09:42:53",10.1,-0.65,1200,2571000,"S"
"QCG","09:42:51",10.1,-0.65,100,2569800,"S"
"QCG","09:42:50",10.1,-0.65,3000,2569700,"S"
"QCG","09:42:48",10.1,-0.65,200,2566700,"S"
"QCG","09:42:47",10.1,-0.65,600,2566500,"S"
"QCG","09:42:41",10.1,-0.65,10000,2565900,"S"
"QCG","09:42:40",10.1,-0.65,100,2555900,"S"
"QCG","09:42:40",10.1,-0.65,200,2555800,"S"
"QCG","09:42:35",10.1,-0.65,3000,2555600,"S"
"QCG","09:42:35",10.1,-0.65,2800,2552600,"S"
"QCG","09:42:32",10.1,-0.65,200,2549800,"S"
"QCG","09:42:28",10.1,-0.65,1000,2549600,"S"
"QCG","09:42:25",10.1,-0.65,10000,2548600,"S"
"QCG","09:42:23",10.1,-0.65,10200,2538600,"S"
"QCG","09:42:20",10.1,-0.65,1000,2528400,"S"
"QCG","09:42:15",10.1,-0.65,2000,2527400,"S"
"QCG","09:42:00",10.1,-0.65,2500,2525400,"S"
"QCG","09:41:57",10.1,-0.65,200,2522900,"S"
"QCG","09:41:46",10.1,-0.65,2000,2522700,"S"
"QCG","09:41:42",10.1,-0.65,100,2520700,"S"
"QCG","09:41:40",10.1,-0.65,4000,2520600,"S"
"QCG","09:41:39",10.1,-0.65,700,2516600,"S"
"QCG","09:41:23",10.1,-0.65,100,2515900,"S"
"QCG","09:41:14",10.1,-0.65,300,2515800,"S"
"QCG","09:41:02",10.1,-0.65,1500,2515500,"S"
"QCG","09:40:57",10.1,-0.65,900,2514000,"S"
"QCG","09:40:53",10.1,-0.65,800,2513100,"S"
"QCG","09:40:52",10.1,-0.65,15500,2512300,"S"
"QCG","09:40:49",10.1,-0.65,200,2496800,"S"
"QCG","09:40:47",10.1,-0.65,3800,2496600,"S"
"QCG","09:40:44",10.1,-0.65,900,2492800,"S"
"QCG","09:40:42",10.1,-0.65,200,2491900,"S"
"QCG","09:40:40",10.1,-0.65,100,2491700,"S"
"QCG","09:40:39",10.1,-0.65,4000,2491600,"S"
"QCG","09:40:38",10.1,-0.65,300,2487600,"S"
"QCG","09:40:34",10.1,-0.65,3000,2487300,"S"
"QCG","09:40:34",10.05,-0.7,5400,2484300,"B"
"QCG","09:40:34",10.05,-0.7,94600,2478900,"B"
"QCG","09:40:33",10.1,-0.65,100,2384300,"S"
"QCG","09:40:32",10.1,-0.65,1500,2384200,"S"
"QCG","09:40:27",10.1,-0.65,2000,2382700,"S"
"QCG","09:40:24",10.1,-0.65,200,2380700,"S"
"QCG","09:40:22",10.1,-0.65,100,2380500,"S"
"QCG","09:40:20",10.1,-0.65,5000,2380400,"S"
"QCG","09:40:18",10.1,-0.65,3500,2375400,"S"
"QCG","09:40:12",10.1,-0.65,3000,2371900,"S"
"QCG","09:40:10",10.1,-0.65,700,2368900,"S"
"QCG","09:40:07",10.1,-0.65,10000,2368200,"S"
"QCG","09:40:05",10.1,-0.65,900,2358200,"S"
"QCG","09:40:03",10.1,-0.65,100,2357300,"S"
"QCG","09:39:51",10.1,-0.65,900,2357200,"S"
"QCG","09:39:46",10.1,-0.65,100,2356300,"S"
"QCG","09:39:37",10.1,-0.65,1000,2356200,"S"
"QCG","09:39:35",10.1,-0.65,200,2355200,"S"
"QCG","09:39:31",10.1,-0.65,200,2355000,"S"
"QCG","09:39:27",10.1,-0.65,1000,2354800,"S"
"QCG","09:39:21",10.1,-0.65,500,2353800,"S"
"QCG","09:39:16",10.05,-0.7,5000,2353300,"B"
"QCG","09:39:12",10.1,-0.65,7500,2348300,"S"
"QCG","09:39:11",10.1,-0.65,500,2340800,"S"
"QCG","09:39:07",10.1,-0.65,2000,2340300,"S"
"QCG","09:39:03",10.1,-0.65,1200,2338300,"S"
"QCG","09:38:47",10.1,-0.65,1000,2337100,"S"
"QCG","09:38:41",10.1,-0.65,300,2336100,"S"
"QCG","09:38:38",10.1,-0.65,400,2335800,"S"
"QCG","09:38:33",10.1,-0.65,1800,2335400,"S"
"QCG","09:38:11",10.1,-0.65,300,2333600,"S"
"QCG","09:38:07",10.05,-0.7,200,2333300,"B"
"QCG","09:38:05",10.1,-0.65,2000,2333100,"S"
"QCG","09:38:04",10.1,-0.65,100,2331100,"S"
"QCG","09:37:54",10.1,-0.65,5100,2331000,"S"
"QCG","09:37:50",10.1,-0.65,8300,2325900,"S"
"QCG","09:37:42",10.1,-0.65,100,2317600,"S"
"QCG","09:37:38",10.1,-0.65,1000,2317500,"S"
"QCG","09:37:29",10.1,-0.65,1000,2316500,"S"
"QCG","09:37:28",10.1,-0.65,500,2315500,"S"
"QCG","09:37:27",10.1,-0.65,2500,2315000,"S"
"QCG","09:37:24",10.1,-0.65,600,2312500,"S"
"QCG","09:37:21",10.1,-0.65,2700,2311900,"S"
"QCG","09:37:20",10.1,-0.65,2500,2309200,"S"
"QCG","09:37:18",10.1,-0.65,2000,2306700,"S"
"QCG","09:37:17",10.05,-0.7,1000,2304700,"B"
"QCG","09:36:59",10.1,-0.65,500,2303700,"S"
"QCG","09:36:52",10.1,-0.65,800,2303200,"S"
"QCG","09:36:50",10.1,-0.65,2000,2302400,"S"
"QCG","09:36:47",10.1,-0.65,100,2300400,"S"
"QCG","09:36:45",10.1,-0.65,300,2300300,"S"
"QCG","09:36:29",10.1,-0.65,600,2300000,"S"
"QCG","09:36:24",10.05,-0.7,600,2299400,"B"
"QCG","09:36:23",10.1,-0.65,7200,2298800,"S"
"QCG","09:36:20",10.1,-0.65,600,2291600,"S"
"QCG","09:36:17",10.1,-0.65,100,2291000,"S"
"QCG","09:36:15",10.1,-0.65,10000,2290900,"S"
"QCG","09:36:07",10.1,-0.65,100,2280900,"S"
"QCG","09:35:59",10.1,-0.65,2000,2280800,"S"
"QCG","09:35:58",10.1,-0.65,100,2278800,"S"
"QCG","09:35:51",10.05,-0.7,18800,2278700,"B"
"QCG","09:35:41",10.1,-0.65,1000,2259900,"S"
"QCG","09:35:26",10.1,-0.65,10200,2258900,"S"
"QCG","09:35:24",10.1,-0.65,500,2248700,"S"
"QCG","09:35:19",10.1,-0.65,100,2248200,"S"
"QCG","09:35:18",10.05,-0.7,5700,2248100,"B"
"QCG","09:35:15",10.1,-0.65,200,2242400,"S"
"QCG","09:35:13",10.1,-0.65,500,2242200,"S"
"QCG","09:35:12",10.05,-0.7,8000,2241700,"B"
"QCG","09:35:09",10.1,-0.65,1000,2233700,"S"
"QCG","09:35:01",10.1,-0.65,3000,2232700,"S"
"QCG","09:34:56",10.1,-0.65,400,2229700,"S"
"QCG","09:34:51",10.05,-0.7,1000,2229300,"B"
"QCG","09:34:48",10.1,-0.65,2000,2228300,"S"
"QCG","09:34:46",10.05,-0.7,5000,2226300,"B"
"QCG","09:34:42",10.1,-0.65,4800,2221300,"S"
"QCG","09:34:39",10.1,-0.65,1000,2216500,"S"
"QCG","09:34:36",10.1,-0.65,600,2215500,"S"
"QCG","09:34:34",10.05,-0.7,10000,2214900,"B"
"QCG","09:34:34",10.05,-0.7,31400,2204900,"B"
"QCG","09:34:30",10.05,-0.7,5000,2173500,"B"
"QCG","09:34:26",10.05,-0.7,300,2168500,"B"
"QCG","09:34:26",10.1,-0.65,100,2168200,"S"
"QCG","09:34:23",10.05,-0.7,1000,2168100,"B"
"QCG","09:34:19",10.1,-0.65,500,2167100,"S"
"QCG","09:34:17",10.1,-0.65,47600,2166600,"B"
"QCG","09:34:16",10.15,-0.6,3600,2119000,"S"
"QCG","09:34:05",10.15,-0.6,400,2115400,"S"
"QCG","09:34:03",10.15,-0.6,100,2115000,"S"
"QCG","09:34:00",10.15,-0.6,500,2114900,"S"
"QCG","09:33:57",10.1,-0.65,1000,2114400,"B"
"QCG","09:33:56",10.1,-0.65,1000,2113400,"B"
"QCG","09:33:48",10.1,-0.65,1500,2112400,"B"
"QCG","09:33:41",10.1,-0.65,4000,2110900,"B"
"QCG","09:33:30",10.1,-0.65,5000,2106900,"B"
"QCG","09:33:29",10.15,-0.6,800,2101900,"S"
"QCG","09:33:26",10.1,-0.65,3000,2101100,"B"
"QCG","09:33:23",10.1,-0.65,4500,2098100,"B"
"QCG","09:33:16",10.15,-0.6,5000,2093600,"B"
"QCG","09:33:12",10.15,-0.6,10000,2088600,"B"
"QCG","09:33:10",10.15,-0.6,2300,2078600,"B"
"QCG","09:33:09",10.2,-0.55,100,2076300,"S"
"QCG","09:33:03",10.15,-0.6,3000,2076200,"B"
"QCG","09:32:54",10.2,-0.55,200,2073200,"S"
"QCG","09:32:50",10.2,-0.55,500,2073000,"S"
"QCG","09:32:46",10.2,-0.55,200,2072500,"S"
"QCG","09:32:45",10.2,-0.55,100,2072300,"S"
"QCG","09:32:33",10.2,-0.55,9200,2072200,"B"
"QCG","09:32:25",10.2,-0.55,4200,2063000,"B"
"QCG","09:32:25",10.3,-0.45,800,2058800,"B"
"QCG","09:31:54",10.3,-0.45,300,2058000,"S"
"QCG","09:31:54",10.3,-0.45,2400,2057700,"S"
"QCG","09:31:42",10.3,-0.45,300,2055300,"S"
"QCG","09:31:41",10.2,-0.55,500,2053500,"B"
"QCG","09:31:40",10.2,-0.55,5000,2053000,"B"
"QCG","09:31:39",10.2,-0.55,5000,2048000,"B"
"QCG","09:31:38",10.3,-0.45,400,2043000,"S"
"QCG","09:31:33",10.3,-0.45,100,2042600,"S"
"QCG","09:31:31",10.3,-0.45,100,2042500,"S"
"QCG","09:31:25",10.2,-0.55,100,2042400,"B"
"QCG","09:31:23",10.3,-0.45,100,2042300,"S"
"QCG","09:31:07",10.35,-0.4,100,2042200,"S"
"QCG","09:30:49",10.2,-0.55,100,2042100,"B"
"QCG","09:30:49",10.25,-0.5,8500,2042000,"B"
"QCG","09:30:49",10.3,-0.45,26400,2033500,"B"
"QCG","09:30:46",10.3,-0.45,100,2007100,"B"
"QCG","09:30:44",10.3,-0.45,5000,2007000,"B"
"QCG","09:30:40",10.3,-0.45,500,2002000,"B"
"QCG","09:30:34",10.3,-0.45,20000,2001500,"B"
"QCG","09:30:29",10.3,-0.45,700,1981500,"B"
"QCG","09:30:06",10.35,-0.4,1300,1980800,"B"
"QCG","09:29:48",10.4,-0.35,1400,1979500,"B"
"QCG","09:29:47",10.4,-0.35,9500,1978100,"B"
"QCG","09:29:46",10.4,-0.35,14000,1968600,"B"
"QCG","09:29:45",10.4,-0.35,2000,1954600,"B"
"QCG","09:29:43",10.4,-0.35,3000,1952600,"B"
"QCG","09:29:42",10.4,-0.35,700,1949600,"B"
"QCG","09:29:40",10.4,-0.35,1700,1948900,"B"
"QCG","09:29:39",10.4,-0.35,5100,1947200,"B"
"QCG","09:29:33",10.4,-0.35,300,1942100,"B"
"QCG","09:29:31",10.4,-0.35,30200,1941800,"B"
"QCG","09:29:27",10.4,-0.35,3500,1911600,"B"
"QCG","09:29:22",10.4,-0.35,20000,1908100,"B"
"QCG","09:29:21",10.4,-0.35,9000,1888100,"B"
"QCG","09:29:21",10.45,-0.3,10000,1879100,"S"
"QCG","09:29:10",10.4,-0.35,100,1869100,"B"
"QCG","09:29:07",10.45,-0.3,100,1869000,"S"
"QCG","09:28:53",10.45,-0.3,1000,1868900,"S"
"QCG","09:28:52",10.45,-0.3,100,1867900,"S"
"QCG","09:28:49",10.45,-0.3,500,1867800,"S"
"QCG","09:28:41",10.45,-0.3,500,1867300,"S"
"QCG","09:28:39",10.4,-0.35,5000,1866800,"B"
"QCG","09:28:39",10.45,-0.3,100,1861800,"S"
"QCG","09:28:26",10.4,-0.35,200,1861700,"B"
"QCG","09:28:11",10.45,-0.3,4000,1861500,"S"
"QCG","09:28:07",10.45,-0.3,200,1857500,"S"
"QCG","09:28:04",10.45,-0.3,500,1857300,"S"
"QCG","09:28:01",10.45,-0.3,1000,1856800,"S"
"QCG","09:28:00",10.45,-0.3,400,1855800,"S"
"QCG","09:27:55",10.45,-0.3,700,1855400,"S"
"QCG","09:27:51",10.45,-0.3,200,1854700,"S"
"QCG","09:27:45",10.45,-0.3,500,1854500,"S"
"QCG","09:27:41",10.45,-0.3,3600,1854000,"B"
"QCG","09:27:40",10.45,-0.3,800,1850400,"S"
"QCG","09:27:39",10.45,-0.3,1200,1849600,"B"
"QCG","09:27:32",10.45,-0.3,1900,1848400,"B"
"QCG","09:27:30",10.45,-0.3,100,1846500,"B"
"QCG","09:27:29",10.45,-0.3,100,1846400,"B"
"QCG","09:27:27",10.45,-0.3,23600,1846300,"S"
"QCG","09:27:25",10.4,-0.35,4000,1822700,"B"
"QCG","09:27:20",10.4,-0.35,6500,1818700,"S"
"QCG","09:27:17",10.35,-0.4,3800,1812200,"B"
"QCG","09:27:14",10.35,-0.4,200,1808400,"B"
"QCG","09:27:13",10.4,-0.35,3600,1808200,"S"
"QCG","09:27:10",10.4,-0.35,700,1804600,"S"
"QCG","09:27:05",10.4,-0.35,800,1803900,"S"
"QCG","09:27:04",10.4,-0.35,200,1803100,"S"
"QCG","09:27:03",10.4,-0.35,1000,1802900,"S"
"QCG","09:27:03",10.4,-0.35,9500,1801900,"S"
"QCG","09:27:02",10.4,-0.35,5700,1792400,"S"
"QCG","09:27:01",10.4,-0.35,100,1786600,"S"
"QCG","09:27:00",10.4,-0.35,300,1786500,"S"
"QCG","09:27:00",10.4,-0.35,200,1786200,"S"
"QCG","09:26:56",10.4,-0.35,300,1786000,"S"
"QCG","09:26:53",10.4,-0.35,200,1785700,"S"
"QCG","09:26:53",10.4,-0.35,400,1785500,"S"
"QCG","09:26:52",10.4,-0.35,100,1785100,"S"
"QCG","09:26:48",10.4,-0.35,2200,1785000,"S"
"QCG","09:26:47",10.4,-0.35,2000,1782800,"S"
"QCG","09:26:44",10.4,-0.35,9600,1780800,"S"
"QCG","09:26:39",10.4,-0.35,100,1771200,"S"
"QCG","09:26:38",10.4,-0.35,1700,1771100,"S"
"QCG","09:26:37",10.4,-0.35,100,1769400,"S"
"QCG","09:26:24",10.35,-0.4,7900,1769300,"S"
"QCG","09:26:24",10.3,-0.45,1000,1761400,"B"
"QCG","09:26:23",10.35,-0.4,1900,1760400,"S"
"QCG","09:26:19",10.3,-0.45,100,1758400,"B"
"QCG","09:26:19",10.35,-0.4,6900,1758300,"S"
"QCG","09:26:17",10.3,-0.45,500,1751400,"S"
"QCG","09:26:16",10.3,-0.45,100,1750900,"S"
"QCG","09:26:12",10.3,-0.45,200,1750800,"S"
"QCG","09:26:06",10.25,-0.5,700,1750600,"S"
"QCG","09:26:00",10.25,-0.5,100,1749900,"S"
"QCG","09:25:58",10.25,-0.5,200,1749800,"B"
"QCG","09:25:56",10.3,-0.45,500,1749600,"S"
"QCG","09:25:55",10.3,-0.45,400,1749100,"S"
"QCG","09:25:55",10.2,-0.55,6500,1748700,"B"
"QCG","09:25:44",10.2,-0.55,3200,1742200,"S"
"QCG","09:25:43",10.2,-0.55,3100,1739000,"S"
"QCG","09:25:40",10.2,-0.55,5000,1735900,"S"
"QCG","09:25:37",10.2,-0.55,1000,1730900,"S"
"QCG","09:25:35",10.2,-0.55,400,1729900,"S"
"QCG","09:25:31",10.2,-0.55,300,1729500,"S"
"QCG","09:25:24",10.2,-0.55,1000,1729200,"S"
"QCG","09:25:16",10.2,-0.55,1200,1728200,"S"
"QCG","09:25:13",10.2,-0.55,200,1727000,"S"
"QCG","09:25:11",10.2,-0.55,5000,1726800,"S"
"QCG","09:25:02",10.2,-0.55,4000,1721800,"S"
"QCG","09:24:33",10.1,-0.65,8000,1717800,"S"
"QCG","09:24:31",10.1,-0.65,500,1709800,"S"
"QCG","09:24:26",10.1,-0.65,400,1708300,"S"
"QCG","09:24:23",10.1,-0.65,1000,1707900,"S"
"QCG","09:24:21",10.1,-0.65,200,1706900,"S"
"QCG","09:24:17",10.1,-0.65,1000,1706700,"S"
"QCG","09:24:16",10.1,-0.65,500,1705700,"S"
"QCG","09:24:14",10.1,-0.65,200,1705200,"S"
"QCG","09:24:11",10.1,-0.65,300,1705000,"S"
"QCG","09:24:09",10.1,-0.65,5000,1704700,"S"
"QCG","09:24:06",10.1,-0.65,100,1699700,"S"
"QCG","09:24:03",10.05,-0.7,3000,1699600,"B"
"QCG","09:23:50",10.05,-0.7,16300,1696600,"S"
"QCG","09:23:46",10.05,-0.7,1500,1680300,"S"
"QCG","09:23:43",10.05,-0.7,3000,1678800,"S"
"QCG","09:23:43",10.05,-0.7,5000,1675800,"S"
"QCG","09:23:42",10.05,-0.7,2000,1670800,"S"
"QCG","09:23:41",10.05,-0.7,300,1668800,"S"
"QCG","09:23:41",10.05,-0.7,100,1668500,"S"
"QCG","09:23:40",10.05,-0.7,1000,1668400,"S"
"QCG","09:23:38",10.05,-0.7,200,1667400,"S"
"QCG","09:23:36",10.05,-0.7,700,1667200,"S"
"QCG","09:23:33",10.05,-0.7,700,1666500,"S"
"QCG","09:23:32",10.05,-0.7,100,1665800,"S"
"QCG","09:23:30",10.05,-0.7,400,1665700,"S"
"QCG","09:23:27",10.05,-0.7,300,1665300,"S"
"QCG","09:23:19",10.05,-0.7,200,1665000,"S"
"QCG","09:23:14",10,-0.75,500,1664800,"B"
"QCG","09:23:02",10,-0.75,1700,1664300,"B"
"QCG","09:22:54",10,-0.75,400,1662600,"S"
"QCG","09:22:54",10,-0.75,600,1662200,"S"
"QCG","09:22:53",10,-0.75,200,1638100,"S"
"QCG","09:22:52",10,-0.75,3000,1637900,"S"
"QCG","09:22:52",10,-0.75,300,1634900,"S"
"QCG","09:22:51",10,-0.75,1900,1634600,"S"
"QCG","09:22:50",10,-0.75,400,1632700,"S"
"QCG","09:22:50",10,-0.75,500,1632300,"S"
"QCG","09:22:49",10,-0.75,100,1631800,"S"
"QCG","09:22:48",10,-0.75,2600,1631700,"S"
"QCG","09:22:47",10,-0.75,5200,1629100,"S"
"QCG","09:22:46",10,-0.75,600,1623900,"S"
"QCG","09:22:45",10,-0.75,14500,1623300,"S"
"QCG","09:22:44",10,-0.75,10000,1608800,"S"
"QCG","09:22:42",10,-0.75,400,1598800,"S"
"QCG","09:22:41",10,-0.75,10000,1598400,"S"
"QCG","09:22:39",10,-0.75,3000,1588400,"S"
"QCG","09:22:38",10,-0.75,11000,1585400,"S"
"QCG","09:22:36",10,-0.75,3200,1574400,"S"
"QCG","09:22:35",10,-0.75,15000,1571200,"S"
"QCG","09:22:34",10,-0.75,1000,1556200,"S"
"QCG","09:22:33",10,-0.75,1000,1555200,"S"
"QCG","09:22:32",10,-0.75,1500,1554200,"S"
"QCG","09:22:31",10,-0.75,200,1552700,"S"
"QCG","09:22:30",10,-0.75,5000,1552500,"S"
"QCG","09:22:30",10,-0.75,5700,1547500,"S"
"QCG","09:22:29",10,-0.75,200,1541800,"S"
"QCG","09:22:29",10,-0.75,100,1541600,"S"
"QCG","09:22:28",10,-0.75,400,1541500,"S"
"QCG","09:22:26",10,-0.75,12000,1541100,"S"
"QCG","09:22:25",10,-0.75,1700,1529100,"S"
"QCG","09:22:24",10,-0.75,100,1527400,"S"
"QCG","09:22:23",10,-0.75,1000,1527300,"S"
"QCG","09:22:22",10,-0.75,500,1526300,"S"
"QCG","09:22:18",10,-0.75,2000,1525800,"S"
"QCG","09:22:17",10,-0.75,3000,1523800,"S"
"QCG","09:22:17",10,-0.75,1000,1520800,"S"
"QCG","09:22:16",10,-0.75,2000,1519800,"S"
"QCG","09:22:14",10,-0.75,100,1517800,"S"
"QCG","09:22:12",10,-0.75,1300,1517700,"S"
"QCG","09:22:10",10,-0.75,100,1516400,"S"
"QCG","09:22:10",10,-0.75,5000,1516300,"S"
"QCG","09:22:09",10,-0.75,5000,1511300,"S"
"QCG","09:22:08",10,-0.75,100,1506300,"S"
"QCG","09:22:08",10,-0.75,3000,1506200,"S"
"QCG","09:22:02",10,-0.75,200,1503200,"S"
"QCG","09:22:02",10,-0.75,1400,1503000,"S"
"QCG","09:22:00",10,-0.75,4100,1501600,"S"
"QCG","09:21:59",10,-0.75,1000,1497500,"S"
"QCG","09:21:58",10,-0.75,5000,1496500,"S"
"QCG","09:21:56",10,-0.75,2000,1491500,"S"
"QCG","09:21:54",10,-0.75,500,1489500,"S"
"QCG","09:21:52",10,-0.75,200,1489000,"S"
"QCG","09:21:52",10,-0.75,700,1488800,"S"
"QCG","09:21:50",10,-0.75,100,1488100,"S"
"QCG","09:21:49",10,-0.75,300,1488000,"S"
"QCG","09:21:48",10,-0.75,1100,1487700,"S"
"QCG","09:21:47",10,-0.75,6200,1486600,"S"
"QCG","09:21:45",10,-0.75,2500,1480400,"S"
"QCG","09:21:44",10,-0.75,500,1477900,"S"
"QCG","09:21:42",10,-0.75,500,1477400,"S"
"QCG","09:21:40",10,-0.75,100,1476900,"S"
"QCG","09:21:37",10,-0.75,1700,1476800,"S"
"QCG","09:21:34",10,-0.75,1000,1475100,"S"
"QCG","09:21:32",10,-0.75,900,1474100,"S"
"QCG","09:21:30",10,-0.75,1400,1473200,"S"
"QCG","09:21:29",10,-0.75,1200,1471800,"S"
"QCG","09:21:28",10,-0.75,2000,1470600,"S"
"QCG","09:21:25",10,-0.75,1000,1468600,"S"
"QCG","09:21:23",10,-0.75,5000,1467600,"S"
"QCG","09:21:23",10,-0.75,1400,1462600,"S"
"QCG","09:21:22",10,-0.75,4000,1461200,"S"
"QCG","09:21:21",10,-0.75,1000,1457200,"S"
"QCG","09:21:19",10,-0.75,5000,1455900,"S"
"QCG","09:21:18",10,-0.75,300,1450900,"S"
"QCG","09:21:18",10,-0.75,1000,1450600,"S"
"QCG","09:21:17",10,-0.75,2000,1449600,"S"
"QCG","09:21:16",10,-0.75,5000,1447600,"S"
"QCG","09:21:14",10,-0.75,500,1442600,"S"
"QCG","09:21:13",10,-0.75,400,1442100,"S"
"QCG","09:21:12",10,-0.75,1000,1441700,"S"
"QCG","09:21:10",10,-0.75,400,1437700,"S"
"QCG","09:21:08",10,-0.75,1400,1437300,"S"
"QCG","09:21:07",10,-0.75,1600,1435900,"S"
"QCG","09:21:04",10,-0.75,20200,1434300,"S"
"QCG","09:21:03",10,-0.75,2000,1414100,"S"
"QCG","09:21:02",10,-0.75,2000,1412100,"S"
"QCG","09:21:01",10,-0.75,20000,1410100,"S"
"QCG","09:21:00",10,-0.75,500,1388600,"S"
"QCG","09:20:59",10,-0.75,1500,1388100,"S"
"QCG","09:20:56",10,-0.75,2300,1386600,"S"
"QCG","09:20:55",10,-0.75,500,1384300,"S"
"QCG","09:20:55",10,-0.75,2000,1383800,"S"
"QCG","09:20:54",10,-0.75,6500,1381800,"S"
"QCG","09:20:52",10,-0.75,800,1375300,"S"
"QCG","09:20:51",10,-0.75,10000,1374500,"S"
"QCG","09:20:50",10,-0.75,2000,1364500,"S"
"QCG","09:20:49",10,-0.75,500,1362500,"S"
"QCG","09:20:48",10,-0.75,100,1362000,"S"
"QCG","09:20:47",10,-0.75,100,1361900,"S"
"QCG","09:20:44",10,-0.75,6000,1361800,"S"
"QCG","09:20:43",10,-0.75,100,1355800,"S"
"QCG","09:20:42",10,-0.75,100,1355700,"S"
"QCG","09:20:41",10,-0.75,400,1355600,"S"
"QCG","09:20:41",10,-0.75,200,1355200,"S"
"QCG","09:20:40",10,-0.75,500,1355000,"S"
"QCG","09:20:39",10,-0.75,400,1354500,"S"
"QCG","09:20:38",10,-0.75,2000,1354100,"S"
"QCG","09:20:38",10,-0.75,10400,1352100,"S"
"QCG","09:20:37",10,-0.75,2000,1341700,"S"
"QCG","09:20:36",10,-0.75,200,1339700,"S"
"QCG","09:20:35",10,-0.75,300,1339500,"S"
"QCG","09:20:34",10,-0.75,2000,1339200,"S"
"QCG","09:20:32",10,-0.75,1000,1337200,"S"
"QCG","09:20:31",10,-0.75,500,1336200,"S"
"QCG","09:20:30",10,-0.75,800,1335700,"S"
"QCG","09:20:29",10,-0.75,5200,1334900,"S"
"QCG","09:20:28",10,-0.75,25200,1329700,"B"
"QCG","09:20:24",10,-0.75,5000,1304500,"B"
"QCG","09:20:22",10,-0.75,100,1299500,"B"
"QCG","09:20:16",10,-0.75,1300,1299400,"B"
"QCG","09:20:13",10,-0.75,9200,1298100,"S"
"QCG","09:20:12",10,-0.75,5000,1288900,"S"
"QCG","09:20:11",10,-0.75,300,1283900,"S"
"QCG","09:20:10",10,-0.75,100,1283600,"S"
"QCG","09:20:09",10,-0.75,100,1283500,"S"
"QCG","09:20:07",10,-0.75,700,1283400,"S"
"QCG","09:20:06",10,-0.75,2400,1282700,"S"
"QCG","09:20:05",10,-0.75,1100,1280300,"S"
"QCG","09:20:04",10,-0.75,100,1279200,"S"
"QCG","09:20:03",10,-0.75,600,1279100,"S"
"QCG","09:20:02",10,-0.75,1100,1278500,"S"
"QCG","09:20:02",10,-0.75,3100,1277400,"S"
"QCG","09:20:01",10,-0.75,15000,1274300,"S"
"QCG","09:20:00",10,-0.75,4800,1259300,"S"
"QCG","09:19:58",10,-0.75,100,1254500,"S"
"QCG","09:19:57",10,-0.75,500,1254400,"S"
"QCG","09:19:57",10,-0.75,100,1253900,"S"
"QCG","09:19:56",10,-0.75,1500,1253800,"S"
"QCG","09:19:56",10,-0.75,1000,1252300,"S"
"QCG","09:19:55",10,-0.75,100,1251300,"S"
"QCG","09:19:54",10,-0.75,100,1251200,"S"
"QCG","09:19:53",10,-0.75,2600,1251100,"S"
"QCG","09:19:52",10,-0.75,5700,1248500,"S"
"QCG","09:19:51",10,-0.75,2000,1242800,"S"
"QCG","09:19:51",10,-0.75,4100,1240800,"S"
"QCG","09:19:49",10,-0.75,10500,1236700,"S"
"QCG","09:19:49",10,-0.75,1000,1226200,"S"
"QCG","09:19:48",10,-0.75,2500,1225200,"B"
"QCG","09:19:47",10,-0.75,2800,1222700,"S"
"QCG","09:19:46",10,-0.75,2600,1219900,"S"
"QCG","09:19:46",10,-0.75,300,1217300,"S"
"QCG","09:19:45",10,-0.75,1900,1217000,"S"
"QCG","09:19:45",10,-0.75,100,1215100,"S"
"QCG","09:19:43",10,-0.75,2100,1215000,"S"
"QCG","09:19:43",10,-0.75,1200,1212900,"S"
"QCG","09:19:42",10,-0.75,6100,1211700,"B"
"QCG","09:19:41",10,-0.75,500,1205600,"B"
"QCG","09:19:41",10,-0.75,200,1205100,"B"
"QCG","09:19:40",10,-0.75,2900,1204900,"B"
"QCG","09:19:39",10,-0.75,700,1202000,"B"
"QCG","09:19:39",10,-0.75,200,1201300,"B"
"QCG","09:19:38",10,-0.75,6500,1201100,"B"
"QCG","09:19:37",10,-0.75,700,1194600,"S"
"QCG","09:19:36",10,-0.75,14300,1193900,"B"
"QCG","09:19:34",10,-0.75,50000,1179600,"B"
"QCG","09:19:25",10,-0.75,100,1129600,"B"
"QCG","09:19:24",10,-0.75,3500,1129500,"B"
"QCG","09:19:24",10,-0.75,30000,1126000,"B"
"QCG","09:19:21",10,-0.75,600,1096000,"B"
"QCG","09:19:20",10,-0.75,11600,1095400,"B"
"QCG","09:19:20",10,-0.75,1000,1083800,"B"
"QCG","09:19:19",10,-0.75,34800,1082800,"B"
"QCG","09:19:18",10,-0.75,1000,1048000,"B"
"QCG","09:19:15",10,-0.75,69900,1047000,"B"
"QCG","09:19:15",10,-0.75,2500,977100,"B"
"QCG","09:19:15",10.05,-0.7,1000,974600,"S"
"QCG","09:19:13",10.05,-0.7,6000,973600,"S"
"QCG","09:19:12",10,-0.75,1500,967600,"B"
"QCG","09:19:11",10.05,-0.7,100,966100,"S"
"QCG","09:19:10",10.05,-0.7,100,966000,"S"
"QCG","09:19:05",10,-0.75,4000,965900,"B"
"QCG","09:19:03",10.05,-0.7,2400,961900,"B"
"QCG","09:19:02",10.1,-0.65,3300,959500,"S"
"QCG","09:18:59",10.1,-0.65,1000,956200,"S"
"QCG","09:18:59",10,-0.75,190700,955200,"B"
"QCG","09:18:59",10.05,-0.7,9300,764500,"B"
"QCG","09:18:58",10.05,-0.7,30000,755200,"B"
"QCG","09:18:58",10.1,-0.65,200,725200,"S"
"QCG","09:18:55",10.1,-0.65,2100,725000,"S"
"QCG","09:18:55",10.05,-0.7,7200,722900,"B"
"QCG","09:18:54",10.05,-0.7,1000,715700,"B"
"QCG","09:18:53",10.1,-0.65,2000,714700,"S"
"QCG","09:18:52",10.1,-0.65,2000,712700,"S"
"QCG","09:18:50",10.05,-0.7,3000,710700,"B"
"QCG","09:18:46",10.1,-0.65,6200,707700,"B"
"QCG","09:18:43",10.1,-0.65,20000,701500,"B"
"QCG","09:18:35",10.15,-0.6,200,681500,"S"
"QCG","09:18:33",10.15,-0.6,100,681300,"S"
"QCG","09:18:32",10.1,-0.65,100,681200,"B"
"QCG","09:18:27",10.1,-0.65,1000,681100,"B"
"QCG","09:18:20",10.15,-0.6,100,680100,"B"
"QCG","09:18:14",10.1,-0.65,3900,680000,"B"
"QCG","09:18:14",10.15,-0.6,4100,676100,"B"
"QCG","09:18:11",10.15,-0.6,5000,672000,"B"
"QCG","09:18:04",10.2,-0.55,200,667000,"S"
"QCG","09:17:59",10.15,-0.6,5000,666800,"B"
"QCG","09:17:59",10.2,-0.55,100,661800,"S"
"QCG","09:17:56",10.2,-0.55,100,661700,"S"
"QCG","09:17:50",10.2,-0.55,300,661600,"S"
"QCG","09:17:50",10.2,-0.55,100,661300,"S"
"QCG","09:17:47",10.2,-0.55,300,661200,"S"
"QCG","09:17:46",10.2,-0.55,5000,660900,"S"
"QCG","09:17:45",10.2,-0.55,500,655900,"S"
"QCG","09:17:40",10.2,-0.55,21100,655400,"B"
"QCG","09:17:40",10.3,-0.45,900,634100,"B"
"QCG","09:17:38",10.3,-0.45,1100,633200,"S"
"QCG","09:17:37",10.3,-0.45,3100,632100,"S"
"QCG","09:17:37",10.3,-0.45,1000,629000,"S"
"QCG","09:17:35",10.3,-0.45,100,628000,"S"
"QCG","09:17:35",10.3,-0.45,4700,627900,"B"
"QCG","09:17:33",10.35,-0.4,100,623200,"S"
"QCG","09:17:32",10.35,-0.4,4900,623100,"S"
"QCG","09:17:32",10.3,-0.45,5000,618200,"B"
"QCG","09:17:23",10.35,-0.4,500,613200,"S"
"QCG","09:17:21",10.35,-0.4,2700,612700,"S"
"QCG","09:17:19",10.35,-0.4,500,610000,"S"
"QCG","09:17:09",10.4,-0.35,100,609500,"S"
"QCG","09:17:09",10.4,-0.35,900,609400,"S"
"QCG","09:17:09",10.35,-0.4,100,608500,"S"
"QCG","09:17:08",10.35,-0.4,1700,608400,"B"
"QCG","09:17:08",10.4,-0.35,1000,606700,"S"
"QCG","09:17:07",10.4,-0.35,200,605700,"S"
"QCG","09:16:52",10.4,-0.35,400,605500,"B"
"QCG","09:16:45",10.4,-0.35,3700,605100,"S"
"QCG","09:16:45",10.35,-0.4,1000,601400,"S"
"QCG","09:16:45",10.2,-0.55,400,600400,"S"
"QCG","09:16:44",10.2,-0.55,5000,600000,"S"
"QCG","09:16:43",10.2,-0.55,400,595000,"S"
"QCG","09:16:42",10.2,-0.55,2100,594600,"S"
"QCG","09:16:38",10.2,-0.55,500,592500,"S"
"QCG","09:16:37",10.2,-0.55,1100,592000,"S"
"QCG","09:16:36",10.2,-0.55,2000,590900,"S"
"QCG","09:16:35",10.2,-0.55,8500,588900,"B"
"QCG","09:16:29",10.2,-0.55,700,580400,"S"
"QCG","09:16:28",10.2,-0.55,100,579700,"S"
"QCG","09:16:27",10.2,-0.55,100,579600,"S"
"QCG","09:16:25",10.2,-0.55,1000,579500,"S"
"QCG","09:16:22",10.2,-0.55,100,578500,"S"
"QCG","09:16:20",10.2,-0.55,600,578400,"S"
"QCG","09:16:19",10.1,-0.65,2000,577800,"B"
"QCG","09:16:19",10.15,-0.6,2000,575800,"B"
"QCG","09:16:18",10.2,-0.55,1000,573800,"S"
"QCG","09:16:18",10.2,-0.55,100,572800,"S"
"QCG","09:16:14",10.2,-0.55,1800,572700,"S"
"QCG","09:16:01",10.1,-0.65,2700,570900,"S"
"QCG","09:15:59",10.1,-0.65,10200,568200,"S"
"QCG","09:15:57",10.1,-0.65,2000,558000,"S"
"QCG","09:15:55",10.1,-0.65,1300,556000,"S"
"QCG","09:15:54",10.1,-0.65,2000,554700,"S"
"QCG","09:15:53",10.1,-0.65,2000,552700,"S"
"QCG","09:15:52",10.1,-0.65,1700,550700,"S"
"QCG","09:15:51",10.1,-0.65,600,549000,"S"
"QCG","09:15:50",10.05,-0.7,1000,548400,"B"
"QCG","09:15:50",10.1,-0.65,2000,547400,"S"
"QCG","09:15:49",10.1,-0.65,300,545400,"S"
"QCG","09:15:47",10.1,-0.65,4900,545100,"S"
"QCG","09:15:46",10.1,-0.65,10000,540200,"S"
"QCG","09:15:45",10.1,-0.65,14000,530200,"S"
"QCG","09:15:45",10.05,-0.7,7000,516200,"B"
"QCG","09:15:43",10.1,-0.65,1000,509200,"S"
"QCG","09:15:41",10.1,-0.65,1100,508200,"S"
"QCG","09:15:39",10.1,-0.65,500,507100,"S"
"QCG","09:15:35",10.1,-0.65,300,506600,"S"
"QCG","09:15:32",10.1,-0.65,5200,506300,"S"
"QCG","09:15:24",10.1,-0.65,200,501100,"S"
"QCG","09:15:22",10.05,-0.7,1000,500900,"S"
"QCG","09:15:20",10.05,-0.7,2000,499900,"S"
"QCG","09:15:19",10.05,-0.7,100,497900,"S"
"QCG","09:15:14",10.05,-0.7,1100,497800,"S"
"QCG","09:15:05",10,-0.75,1000,496700,"B"
"QCG","09:15:01",10,-0.75,495700,495700,
