"Stockcode","Package","TradingDate","Price","Vol","TotalVol","TotalVal","Change","IsBuy","PerChange"
"FPT",144424,"/Date(1702280700000)/",95000,67600,1564500,148856000000,800,false,0.85
"FPT",142913,"/Date(1702279786000)/",94800,5000,1496900,142434000000,600,true,0.64
"FPT",142851,"/Date(1702279763000)/",94900,200,1491900,141960000000,700,false,0.74
"FPT",142851,"/Date(1702279763000)/",94900,100,1491700,141941000000,700,false,0.74
"FPT",142851,"/Date(1702279763000)/",94900,100,1491600,141931000000,700,false,0.74
"FPT",142851,"/Date(1702279763000)/",94900,100,1491500,141922000000,700,false,0.74
"FPT",142851,"/Date(1702279763000)/",94900,200,1491400,141912000000,700,false,0.74
"FPT",142851,"/Date(1702279763000)/",94900,1300,1491200,141893000000,700,false,0.74
"FPT",142841,"/Date(1702279756000)/",94900,200,1489900,141770000000,700,false,0.74
"FPT",142834,"/Date(1702279750000)/",94900,100,1489700,141751000000,700,false,0.74
"FPT",142828,"/Date(1702279741000)/",94800,100,1489600,141741000000,600,true,0.64
"FPT",142803,"/Date(1702279715000)/",94900,400,1489500,141732000000,700,false,0.74
"FPT",142803,"/Date(1702279715000)/",94900,400,1489100,141694000000,700,false,0.74
"FPT",142803,"/Date(1702279715000)/",94900,300,1488700,141656000000,700,false,0.74
"FPT",142737,"/Date(1702279690000)/",94900,100,1488400,141627000000,700,false,0.74
"FPT",142721,"/Date(1702279677000)/",94800,2400,1488300,141618000000,600,true,0.64
"FPT",142721,"/Date(1702279677000)/",94800,100,1485900,141390000000,600,true,0.64
"FPT",142721,"/Date(1702279677000)/",94800,500,1485800,141381000000,600,true,0.64
"FPT",142721,"/Date(1702279677000)/",94800,200,1485300,141334000000,600,true,0.64
"FPT",142721,"/Date(1702279677000)/",94800,200,1485100,141315000000,600,true,0.64
"FPT",142721,"/Date(1702279677000)/",94800,100,1484900,141296000000,600,true,0.64
"FPT",142721,"/Date(1702279677000)/",94800,200,1484800,141286000000,600,true,0.64
"FPT",142721,"/Date(1702279677000)/",94800,1000,1484600,141267000000,600,true,0.64
"FPT",142721,"/Date(1702279677000)/",94800,100,1483600,141172000000,600,true,0.64
"FPT",142721,"/Date(1702279677000)/",94800,200,1483500,141163000000,600,true,0.64
"FPT",142711,"/Date(1702279667000)/",94900,200,1483300,141144000000,700,false,0.74
"FPT",142708,"/Date(1702279661000)/",94800,100,1483100,141125000000,600,true,0.64
"FPT",142705,"/Date(1702279659000)/",94900,300,1483000,141115000000,700,false,0.74
"FPT",142655,"/Date(1702279651000)/",94900,100,1482700,141087000000,700,false,0.74
"FPT",142652,"/Date(1702279645000)/",94800,1000,1482600,141078000000,600,true,0.64
"FPT",142630,"/Date(1702279625000)/",94900,300,1481600,140983000000,700,false,0.74
"FPT",142551,"/Date(1702279586000)/",94900,500,1481300,140954000000,700,false,0.74
"FPT",142541,"/Date(1702279575000)/",94900,300,1480800,140907000000,700,false,0.74
"FPT",142510,"/Date(1702279545000)/",94900,200,1480500,140878000000,700,false,0.74
"FPT",142510,"/Date(1702279542000)/",94900,1200,1480300,140859000000,700,false,0.74
"FPT",142510,"/Date(1702279542000)/",94900,4000,1479100,140745000000,700,false,0.74
"FPT",142510,"/Date(1702279542000)/",94900,1600,1475100,140366000000,700,false,0.74
"FPT",142457,"/Date(1702279532000)/",94800,300,1473500,140214000000,600,true,0.64
"FPT",142434,"/Date(1702279510000)/",94900,200,1473200,140186000000,700,false,0.74
"FPT",142425,"/Date(1702279498000)/",94900,200,1473000,140167000000,700,false,0.74
"FPT",142327,"/Date(1702279441000)/",94800,500,1472800,140148000000,600,true,0.64
"FPT",142317,"/Date(1702279431000)/",94800,2100,1472300,140100000000,600,true,0.64
"FPT",142317,"/Date(1702279431000)/",94800,2900,1470200,139901000000,600,true,0.64
"FPT",142314,"/Date(1702279428000)/",94900,100,1467300,139626000000,700,false,0.74
"FPT",142314,"/Date(1702279428000)/",94900,1900,1467200,139617000000,700,false,0.74
"FPT",142314,"/Date(1702279428000)/",94900,100,1465300,139436000000,700,false,0.74
"FPT",142242,"/Date(1702279397000)/",94800,100,1465200,139427000000,600,true,0.64
"FPT",142233,"/Date(1702279387000)/",94800,500,1465100,139417000000,600,true,0.64
"FPT",142151,"/Date(1702279343000)/",94800,2000,1464600,139370000000,600,true,0.64
"FPT",142138,"/Date(1702279331000)/",94800,100,1462600,139180000000,600,true,0.64
"FPT",142135,"/Date(1702279329000)/",94800,100,1462500,139171000000,600,true,0.64
"FPT",142135,"/Date(1702279329000)/",94800,1300,1462400,139162000000,600,true,0.64
"FPT",142132,"/Date(1702279325000)/",94800,700,1461100,139038000000,600,false,0.64
"FPT",142132,"/Date(1702279325000)/",94800,1000,1460400,138972000000,600,false,0.64
"FPT",142132,"/Date(1702279325000)/",94800,100,1459400,138877000000,600,false,0.64
"FPT",142132,"/Date(1702279325000)/",94800,1200,1459300,138868000000,600,false,0.64
"FPT",142132,"/Date(1702279325000)/",94700,100,1458100,138754000000,500,true,0.53
"FPT",142125,"/Date(1702279318000)/",94700,100,1458000,138744000000,500,true,0.53
"FPT",142125,"/Date(1702279318000)/",94700,300,1457900,138735000000,500,true,0.53
"FPT",142125,"/Date(1702279318000)/",94700,500,1457600,138707000000,500,true,0.53
"FPT",142116,"/Date(1702279311000)/",94800,100,1457100,138659000000,600,false,0.64
"FPT",142057,"/Date(1702279289000)/",94700,100,1457000,138650000000,500,true,0.53
"FPT",142018,"/Date(1702279252000)/",94700,100,1456900,138640000000,500,true,0.53
"FPT",141953,"/Date(1702279226000)/",94800,100,1456800,138631000000,600,false,0.64
"FPT",141943,"/Date(1702279216000)/",94700,100,1456700,138621000000,500,true,0.53
"FPT",141937,"/Date(1702279210000)/",94800,600,1456600,138612000000,600,false,0.64
"FPT",141937,"/Date(1702279210000)/",94800,100,1456000,138555000000,600,false,0.64
"FPT",141937,"/Date(1702279210000)/",94800,500,1455900,138545000000,600,false,0.64
"FPT",141937,"/Date(1702279210000)/",94800,3000,1455400,138498000000,600,false,0.64
"FPT",141937,"/Date(1702279210000)/",94800,800,1452400,138214000000,600,false,0.64
"FPT",141908,"/Date(1702279181000)/",94800,1000,1451600,138138000000,600,false,0.64
"FPT",141908,"/Date(1702279181000)/",94700,100,1450600,138043000000,500,true,0.53
"FPT",141849,"/Date(1702279161000)/",94800,100,1450500,138034000000,600,false,0.64
"FPT",141833,"/Date(1702279147000)/",94700,100,1450400,138024000000,500,true,0.53
"FPT",141820,"/Date(1702279133000)/",94800,100,1450300,138015000000,600,false,0.64
"FPT",141758,"/Date(1702279111000)/",94700,100,1450200,138005000000,500,true,0.53
"FPT",141723,"/Date(1702279077000)/",94700,100,1450100,137996000000,500,true,0.53
"FPT",141723,"/Date(1702279076000)/",94800,3000,1450000,137986000000,600,true,0.64
"FPT",141720,"/Date(1702279072000)/",94800,1500,1447000,137702000000,600,true,0.64
"FPT",141713,"/Date(1702279067000)/",94800,5500,1445500,137560000000,600,true,0.64
"FPT",141713,"/Date(1702279067000)/",94800,100,1440000,137038000000,600,true,0.64
"FPT",141713,"/Date(1702279067000)/",94800,400,1439900,137029000000,600,true,0.64
"FPT",141700,"/Date(1702279053000)/",94900,100,1439500,136991000000,700,false,0.74
"FPT",141651,"/Date(1702279043000)/",94800,100,1439400,136981000000,600,true,0.64
"FPT",141619,"/Date(1702279012000)/",94900,100,1439300,136972000000,700,false,0.74
"FPT",141616,"/Date(1702279009000)/",94800,100,1439200,136962000000,600,true,0.64
"FPT",141612,"/Date(1702279006000)/",94900,300,1439100,136953000000,700,false,0.74
"FPT",141612,"/Date(1702279006000)/",94900,100,1438800,136924000000,700,false,0.74
"FPT",141612,"/Date(1702279006000)/",94900,3500,1438700,136915000000,700,false,0.74
"FPT",141612,"/Date(1702279006000)/",94900,2500,1435200,136583000000,700,false,0.74
"FPT",141612,"/Date(1702279006000)/",94900,100,1432700,136345000000,700,false,0.74
"FPT",141612,"/Date(1702279006000)/",94900,1000,1432600,136336000000,700,false,0.74
"FPT",141612,"/Date(1702279006000)/",94900,5000,1431600,136241000000,700,false,0.74
"FPT",141612,"/Date(1702279006000)/",94900,600,1426600,135767000000,700,false,0.74
"FPT",141612,"/Date(1702279006000)/",94900,200,1426000,135710000000,700,false,0.74
"FPT",141609,"/Date(1702279001000)/",94900,1000,1425800,135691000000,700,true,0.74
"FPT",141609,"/Date(1702279001000)/",94900,1000,1424800,135596000000,700,true,0.74
"FPT",141609,"/Date(1702279001000)/",94900,2100,1423800,135501000000,700,true,0.74
"FPT",141553,"/Date(1702278985000)/",95000,100,1421700,135302000000,800,false,0.85
"FPT",141540,"/Date(1702278975000)/",94900,100,1421600,135292000000,700,true,0.74
"FPT",141540,"/Date(1702278973000)/",95000,100,1421500,135283000000,800,false,0.85
"FPT",141531,"/Date(1702278964000)/",94900,200,1421400,135273000000,700,true,0.74
"FPT",141521,"/Date(1702278953000)/",95000,100,1421200,135254000000,800,false,0.85
"FPT",141508,"/Date(1702278942000)/",94900,100,1421100,135245000000,700,true,0.74
"FPT",141446,"/Date(1702278918000)/",95000,100,1421000,135235000000,800,false,0.85
"FPT",141437,"/Date(1702278909000)/",94900,100,1420900,135226000000,700,true,0.74
"FPT",141427,"/Date(1702278900000)/",95000,7000,1420800,135216000000,800,false,0.85
"FPT",141414,"/Date(1702278886000)/",95000,100,1413800,134551000000,800,false,0.85
"FPT",141405,"/Date(1702278877000)/",94900,100,1413700,134542000000,700,true,0.74
"FPT",141339,"/Date(1702278853000)/",95000,100,1413600,134532000000,800,false,0.85
"FPT",141333,"/Date(1702278844000)/",94900,100,1413500,134523000000,700,true,0.74
"FPT",141323,"/Date(1702278835000)/",94900,2000,1413400,134513000000,700,true,0.74
"FPT",141323,"/Date(1702278835000)/",95000,100,1411400,134323000000,800,false,0.85
"FPT",141310,"/Date(1702278823000)/",94900,1000,1411300,134314000000,700,true,0.74
"FPT",141310,"/Date(1702278822000)/",95000,100,1410300,134219000000,800,false,0.85
"FPT",141257,"/Date(1702278812000)/",94900,100,1410200,134209000000,700,true,0.74
"FPT",141254,"/Date(1702278807000)/",95000,100,1410100,134200000000,800,false,0.85
"FPT",141235,"/Date(1702278789000)/",95000,100,1410000,134190000000,800,false,0.85
"FPT",141225,"/Date(1702278778000)/",94900,100,1409900,134181000000,700,true,0.74
"FPT",141156,"/Date(1702278749000)/",95000,100,1409800,134171000000,800,false,0.85
"FPT",141153,"/Date(1702278746000)/",94900,100,1409700,134162000000,700,true,0.74
"FPT",141153,"/Date(1702278745000)/",95000,200,1409600,134152000000,800,false,0.85
"FPT",141153,"/Date(1702278745000)/",95000,100,1409400,134133000000,800,false,0.85
"FPT",141153,"/Date(1702278745000)/",95000,700,1409300,134124000000,800,false,0.85
"FPT",141147,"/Date(1702278738000)/",94900,500,1408600,134057000000,700,true,0.74
"FPT",141144,"/Date(1702278737000)/",95000,3600,1408100,134010000000,800,false,0.85
"FPT",141137,"/Date(1702278730000)/",95000,100,1404500,133668000000,800,false,0.85
"FPT",141121,"/Date(1702278713000)/",94900,100,1404400,133659000000,700,true,0.74
"FPT",141118,"/Date(1702278711000)/",95000,1000,1404300,133649000000,800,false,0.85
"FPT",141115,"/Date(1702278708000)/",95000,400,1403300,133554000000,800,false,0.85
"FPT",141112,"/Date(1702278706000)/",95000,4200,1402900,133516000000,800,false,0.85
"FPT",141112,"/Date(1702278706000)/",95000,200,1398700,133117000000,800,false,0.85
"FPT",141112,"/Date(1702278706000)/",95000,200,1398500,133098000000,800,false,0.85
"FPT",141112,"/Date(1702278706000)/",95000,100,1398300,133079000000,800,false,0.85
"FPT",141112,"/Date(1702278706000)/",95000,100,1398200,133070000000,800,false,0.85
"FPT",141112,"/Date(1702278706000)/",95000,200,1398100,133060000000,800,false,0.85
"FPT",141109,"/Date(1702278701000)/",95000,800,1397900,133041000000,800,false,0.85
"FPT",141109,"/Date(1702278701000)/",95000,100,1397100,132965000000,800,false,0.85
"FPT",141102,"/Date(1702278694000)/",95000,100,1397000,132956000000,800,false,0.85
"FPT",141102,"/Date(1702278694000)/",95000,100,1396900,132946000000,800,false,0.85
"FPT",141053,"/Date(1702278685000)/",95000,100,1396800,132937000000,800,false,0.85
"FPT",141049,"/Date(1702278681000)/",94900,100,1396700,132927000000,700,true,0.74
"FPT",141037,"/Date(1702278669000)/",95000,100,1396600,132918000000,800,false,0.85
"FPT",141030,"/Date(1702278661000)/",95000,100,1396500,132908000000,800,false,0.85
"FPT",141030,"/Date(1702278661000)/",95000,100,1396400,132899000000,800,false,0.85
"FPT",141030,"/Date(1702278661000)/",95000,1000,1396300,132889000000,800,false,0.85
"FPT",141030,"/Date(1702278661000)/",95000,100,1395300,132794000000,800,false,0.85
"FPT",141030,"/Date(1702278661000)/",95000,700,1395200,132785000000,800,false,0.85
"FPT",141014,"/Date(1702278646000)/",95000,100,1394500,132718000000,800,false,0.85
"FPT",140955,"/Date(1702278628000)/",95000,100,1394400,132709000000,800,false,0.85
"FPT",140952,"/Date(1702278624000)/",94900,100,1394300,132699000000,700,false,0.74
"FPT",140952,"/Date(1702278624000)/",94900,500,1394200,132690000000,700,false,0.74
"FPT",140952,"/Date(1702278624000)/",94900,300,1393700,132642000000,700,false,0.74
"FPT",140952,"/Date(1702278624000)/",94900,1000,1393400,132614000000,700,false,0.74
"FPT",140952,"/Date(1702278624000)/",94900,1000,1392400,132519000000,700,false,0.74
"FPT",140952,"/Date(1702278624000)/",94900,100,1391400,132424000000,700,false,0.74
"FPT",140952,"/Date(1702278624000)/",94900,2000,1391300,132414000000,700,false,0.74
"FPT",140952,"/Date(1702278624000)/",94900,5000,1389300,132225000000,700,false,0.74
"FPT",140952,"/Date(1702278624000)/",94900,100,1384300,131750000000,700,false,0.74
"FPT",140952,"/Date(1702278624000)/",94900,5000,1384200,131741000000,700,false,0.74
"FPT",140952,"/Date(1702278624000)/",94900,1000,1379200,131266000000,700,false,0.74
"FPT",140952,"/Date(1702278624000)/",94900,2000,1378200,131171000000,700,false,0.74
"FPT",140952,"/Date(1702278624000)/",94900,100,1376200,130981000000,700,false,0.74
"FPT",140945,"/Date(1702278617000)/",94800,100,1376100,130972000000,600,true,0.64
"FPT",140933,"/Date(1702278605000)/",94900,100,1376000,130962000000,700,false,0.74
"FPT",140933,"/Date(1702278605000)/",94900,100,1375900,130953000000,700,false,0.74
"FPT",140933,"/Date(1702278605000)/",94900,800,1375800,130943000000,700,false,0.74
"FPT",140923,"/Date(1702278596000)/",94900,100,1375000,130867000000,700,false,0.74
"FPT",140914,"/Date(1702278585000)/",94800,100,1374900,130858000000,600,true,0.64
"FPT",140848,"/Date(1702278562000)/",94900,100,1374800,130849000000,700,false,0.74
"FPT",140842,"/Date(1702278554000)/",94800,100,1374700,130839000000,600,true,0.64
"FPT",140832,"/Date(1702278544000)/",94800,1500,1374600,130830000000,600,true,0.64
"FPT",140832,"/Date(1702278544000)/",94900,200,1373100,130687000000,700,false,0.74
"FPT",140822,"/Date(1702278535000)/",94900,100,1372900,130668000000,700,false,0.74
"FPT",140819,"/Date(1702278530000)/",94900,100,1372800,130659000000,700,false,0.74
"FPT",140810,"/Date(1702278522000)/",94800,100,1372700,130649000000,600,true,0.64
"FPT",140757,"/Date(1702278509000)/",94900,200,1372600,130640000000,700,false,0.74
"FPT",140738,"/Date(1702278491000)/",94800,100,1372400,130621000000,600,true,0.64
"FPT",140709,"/Date(1702278460000)/",94800,100,1372300,130611000000,600,true,0.64
"FPT",140646,"/Date(1702278437000)/",94800,900,1372200,130602000000,600,true,0.64
"FPT",140637,"/Date(1702278429000)/",94800,100,1371300,130517000000,600,true,0.64
"FPT",140546,"/Date(1702278379000)/",94800,100,1371200,130507000000,600,false,0.64
"FPT",140546,"/Date(1702278379000)/",94800,500,1371100,130498000000,600,false,0.64
"FPT",140546,"/Date(1702278379000)/",94800,100,1370600,130450000000,600,false,0.64
"FPT",140539,"/Date(1702278371000)/",94800,400,1370500,130441000000,600,false,0.64
"FPT",140539,"/Date(1702278371000)/",94800,600,1370100,130403000000,600,false,0.64
"FPT",140536,"/Date(1702278367000)/",94700,100,1369500,130346000000,500,true,0.53
"FPT",140527,"/Date(1702278358000)/",94700,100,1369400,130337000000,500,true,0.53
"FPT",140520,"/Date(1702278353000)/",94800,2000,1369300,130327000000,600,false,0.64
"FPT",140520,"/Date(1702278352000)/",94700,100,1367300,130137000000,500,true,0.53
"FPT",140511,"/Date(1702278343000)/",94800,100,1367200,130128000000,600,false,0.64
"FPT",140504,"/Date(1702278336000)/",94700,100,1367100,130119000000,500,true,0.53
"FPT",140501,"/Date(1702278332000)/",94800,1000,1367000,130109000000,600,false,0.64
"FPT",140436,"/Date(1702278307000)/",94800,300,1366000,130014000000,600,false,0.64
"FPT",140432,"/Date(1702278306000)/",94700,100,1365700,129986000000,500,true,0.53
"FPT",140413,"/Date(1702278284000)/",94800,100,1365600,129976000000,600,false,0.64
"FPT",140404,"/Date(1702278275000)/",94700,100,1365500,129967000000,500,true,0.53
"FPT",140332,"/Date(1702278245000)/",94700,100,1365400,129957000000,500,true,0.53
"FPT",140303,"/Date(1702278214000)/",94700,100,1365300,129948000000,500,true,0.53
"FPT",140237,"/Date(1702278189000)/",94800,1100,1365200,129938000000,600,false,0.64
"FPT",140234,"/Date(1702278185000)/",94700,500,1364100,129834000000,500,true,0.53
"FPT",140224,"/Date(1702278176000)/",94700,400,1363600,129787000000,500,true,0.53
"FPT",140224,"/Date(1702278176000)/",94700,3600,1363200,129749000000,500,true,0.53
"FPT",140202,"/Date(1702278154000)/",94700,100,1359600,129408000000,500,false,0.53
"FPT",140202,"/Date(1702278154000)/",94700,100,1359500,129399000000,500,false,0.53
"FPT",140202,"/Date(1702278154000)/",94700,100,1359400,129389000000,500,false,0.53
"FPT",140202,"/Date(1702278154000)/",94700,1100,1359300,129380000000,500,false,0.53
"FPT",140140,"/Date(1702278132000)/",94700,1000,1358200,129275000000,500,false,0.53
"FPT",140133,"/Date(1702278124000)/",94600,100,1357200,129181000000,400,true,0.42
"FPT",140127,"/Date(1702278118000)/",94700,200,1357100,129171000000,500,false,0.53
"FPT",140124,"/Date(1702278114000)/",94700,200,1356900,129152000000,500,false,0.53
"FPT",140124,"/Date(1702278114000)/",94700,200,1356700,129133000000,500,false,0.53
"FPT",140124,"/Date(1702278114000)/",94700,600,1356500,129114000000,500,false,0.53
"FPT",140124,"/Date(1702278114000)/",94700,100,1355900,129058000000,500,false,0.53
"FPT",140124,"/Date(1702278114000)/",94700,1000,1355800,129048000000,500,false,0.53
"FPT",140124,"/Date(1702278114000)/",94700,100,1354800,128953000000,500,false,0.53
"FPT",140124,"/Date(1702278114000)/",94700,500,1354700,128944000000,500,false,0.53
"FPT",140121,"/Date(1702278114000)/",94700,600,1354200,128897000000,500,true,0.53
"FPT",140121,"/Date(1702278114000)/",94700,100,1353600,128840000000,500,true,0.53
"FPT",140121,"/Date(1702278114000)/",94700,100,1353500,128830000000,500,true,0.53
"FPT",140121,"/Date(1702278114000)/",94700,500,1353400,128821000000,500,true,0.53
"FPT",140121,"/Date(1702278114000)/",94700,200,1352900,128774000000,500,true,0.53
"FPT",140101,"/Date(1702278094000)/",94700,100,1352700,128755000000,500,true,0.53
"FPT",140033,"/Date(1702278064000)/",94700,100,1352600,128745000000,500,true,0.53
"FPT",140023,"/Date(1702278053000)/",94700,700,1352500,128736000000,500,true,0.53
"FPT",140010,"/Date(1702278042000)/",94700,300,1351800,128669000000,500,true,0.53
"FPT",140010,"/Date(1702278042000)/",94700,500,1351500,128641000000,500,true,0.53
"FPT",140004,"/Date(1702278034000)/",94700,100,1351000,128594000000,500,true,0.53
"FPT",135932,"/Date(1702278004000)/",94700,100,1350900,128584000000,500,true,0.53
"FPT",135916,"/Date(1702277988000)/",94700,1000,1350800,128575000000,500,true,0.53
"FPT",135903,"/Date(1702277974000)/",94700,100,1349800,128480000000,500,true,0.53
"FPT",135900,"/Date(1702277970000)/",94700,1700,1349700,128470000000,500,true,0.53
"FPT",135834,"/Date(1702277945000)/",94700,100,1348000,128309000000,500,true,0.53
"FPT",135831,"/Date(1702277942000)/",94800,500,1347900,128300000000,600,false,0.64
"FPT",135818,"/Date(1702277930000)/",94700,1000,1347400,128253000000,500,true,0.53
"FPT",135809,"/Date(1702277919000)/",94800,5000,1346400,128158000000,600,true,0.64
"FPT",135809,"/Date(1702277919000)/",94800,500,1341400,127684000000,600,true,0.64
"FPT",135809,"/Date(1702277919000)/",94800,200,1340900,127637000000,600,true,0.64
"FPT",135809,"/Date(1702277919000)/",94800,500,1340700,127618000000,600,true,0.64
"FPT",135809,"/Date(1702277919000)/",94800,100,1340200,127570000000,600,true,0.64
"FPT",135802,"/Date(1702277915000)/",94800,100,1340100,127561000000,600,true,0.64
"FPT",135753,"/Date(1702277903000)/",94800,500,1340000,127551000000,600,true,0.64
"FPT",135747,"/Date(1702277898000)/",94800,300,1339500,127504000000,600,true,0.64
"FPT",135747,"/Date(1702277898000)/",94800,100,1339200,127475000000,600,true,0.64
"FPT",135747,"/Date(1702277898000)/",94800,1600,1339100,127466000000,600,true,0.64
"FPT",135734,"/Date(1702277886000)/",94800,100,1337500,127314000000,600,true,0.64
"FPT",135705,"/Date(1702277857000)/",94800,100,1337400,127305000000,600,true,0.64
"FPT",135659,"/Date(1702277851000)/",94800,3200,1337300,127295000000,600,true,0.64
"FPT",135659,"/Date(1702277851000)/",94800,400,1334100,126992000000,600,true,0.64
"FPT",135659,"/Date(1702277851000)/",94800,100,1333700,126954000000,600,true,0.64
"FPT",135659,"/Date(1702277851000)/",94800,1300,1333600,126944000000,600,true,0.64
"FPT",135643,"/Date(1702277832000)/",94800,100,1332300,126821000000,600,true,0.64
"FPT",135636,"/Date(1702277826000)/",94800,100,1332200,126812000000,600,true,0.64
"FPT",135607,"/Date(1702277797000)/",94900,500,1332100,126802000000,700,false,0.74
"FPT",135604,"/Date(1702277797000)/",94800,100,1331600,126755000000,600,true,0.64
"FPT",135536,"/Date(1702277768000)/",94900,2000,1331500,126745000000,700,false,0.74
"FPT",135536,"/Date(1702277768000)/",94800,100,1329500,126556000000,600,true,0.64
"FPT",135526,"/Date(1702277757000)/",94800,1300,1329400,126546000000,600,true,0.64
"FPT",135526,"/Date(1702277757000)/",94800,1000,1328100,126423000000,600,true,0.64
"FPT",135526,"/Date(1702277757000)/",94800,700,1327100,126328000000,600,true,0.64
"FPT",135507,"/Date(1702277738000)/",94800,100,1326400,126262000000,600,true,0.64
"FPT",135500,"/Date(1702277733000)/",94800,200,1326300,126252000000,600,true,0.64
"FPT",135500,"/Date(1702277733000)/",94800,600,1326100,126233000000,600,true,0.64
"FPT",135438,"/Date(1702277709000)/",94800,100,1325500,126176000000,600,true,0.64
"FPT",135432,"/Date(1702277702000)/",94900,5000,1325400,126167000000,700,false,0.74
"FPT",135409,"/Date(1702277680000)/",94800,100,1320400,125692000000,600,true,0.64
"FPT",135400,"/Date(1702277670000)/",94900,100,1320300,125683000000,700,false,0.74
"FPT",135341,"/Date(1702277650000)/",94800,100,1320200,125673000000,600,true,0.64
"FPT",135259,"/Date(1702277611000)/",94900,200,1320100,125664000000,700,true,0.74
"FPT",135243,"/Date(1702277594000)/",94900,100,1319900,125645000000,700,false,0.74
"FPT",135243,"/Date(1702277594000)/",94900,200,1319800,125635000000,700,false,0.74
"FPT",135243,"/Date(1702277593000)/",94800,100,1319600,125616000000,600,true,0.64
"FPT",135217,"/Date(1702277569000)/",94900,100,1319500,125607000000,700,false,0.74
"FPT",135217,"/Date(1702277569000)/",94900,300,1319400,125598000000,700,false,0.74
"FPT",135217,"/Date(1702277569000)/",94900,200,1319100,125569000000,700,false,0.74
"FPT",135211,"/Date(1702277563000)/",94900,100,1318900,125550000000,700,true,0.74
"FPT",135201,"/Date(1702277551000)/",94900,500,1318800,125541000000,700,true,0.74
"FPT",135142,"/Date(1702277534000)/",94900,100,1318300,125493000000,700,true,0.74
"FPT",135139,"/Date(1702277531000)/",94900,100,1318200,125484000000,700,true,0.74
"FPT",135139,"/Date(1702277531000)/",94900,200,1318100,125474000000,700,true,0.74
"FPT",135139,"/Date(1702277531000)/",94900,1500,1317900,125455000000,700,true,0.74
"FPT",135132,"/Date(1702277523000)/",94900,1000,1316400,125313000000,700,true,0.74
"FPT",135120,"/Date(1702277511000)/",94900,100,1315400,125218000000,700,true,0.74
"FPT",135116,"/Date(1702277507000)/",94900,2400,1315300,125208000000,700,true,0.74
"FPT",135116,"/Date(1702277507000)/",94900,2600,1312900,124981000000,700,true,0.74
"FPT",135110,"/Date(1702277500000)/",94900,400,1310300,124734000000,700,true,0.74
"FPT",135057,"/Date(1702277488000)/",94900,100,1309900,124696000000,700,false,0.74
"FPT",135057,"/Date(1702277488000)/",94900,100,1309800,124686000000,700,false,0.74
"FPT",135057,"/Date(1702277488000)/",94900,800,1309700,124677000000,700,false,0.74
"FPT",135057,"/Date(1702277488000)/",94900,100,1308900,124601000000,700,false,0.74
"FPT",135044,"/Date(1702277476000)/",94800,100,1308800,124592000000,600,true,0.64
"FPT",135032,"/Date(1702277462000)/",94900,200,1308700,124582000000,700,false,0.74
"FPT",135032,"/Date(1702277461000)/",94900,700,1308500,124563000000,700,false,0.74
"FPT",135032,"/Date(1702277461000)/",94900,100,1307800,124497000000,700,false,0.74
"FPT",135032,"/Date(1702277461000)/",94900,200,1307700,124487000000,700,false,0.74
"FPT",135019,"/Date(1702277449000)/",94900,200,1307500,124468000000,700,false,0.74
"FPT",135016,"/Date(1702277447000)/",94800,500,1307300,124449000000,600,true,0.64
"FPT",135016,"/Date(1702277447000)/",94800,100,1306800,124402000000,600,true,0.64
"FPT",135012,"/Date(1702277443000)/",94900,1000,1306700,124392000000,700,false,0.74
"FPT",135009,"/Date(1702277438000)/",94900,1000,1305700,124297000000,700,false,0.74
"FPT",134953,"/Date(1702277424000)/",94800,300,1304700,124203000000,600,false,0.64
"FPT",134943,"/Date(1702277415000)/",94800,100,1304400,124174000000,600,true,0.64
"FPT",134943,"/Date(1702277415000)/",94800,200,1304300,124165000000,600,true,0.64
"FPT",134943,"/Date(1702277415000)/",94800,600,1304100,124146000000,600,true,0.64
"FPT",134924,"/Date(1702277394000)/",94800,100,1303500,124089000000,600,true,0.64
"FPT",134924,"/Date(1702277394000)/",94800,200,1303400,124079000000,600,true,0.64
"FPT",134924,"/Date(1702277394000)/",94800,100,1303200,124060000000,600,true,0.64
"FPT",134918,"/Date(1702277389000)/",94800,100,1303100,124051000000,600,false,0.64
"FPT",134915,"/Date(1702277386000)/",94800,100,1303000,124041000000,600,false,0.64
"FPT",134915,"/Date(1702277385000)/",94700,100,1302900,124032000000,500,true,0.53
"FPT",134915,"/Date(1702277384000)/",94800,5000,1302800,124022000000,600,false,0.64
"FPT",134859,"/Date(1702277370000)/",94800,1400,1297800,123548000000,600,false,0.64
"FPT",134859,"/Date(1702277370000)/",94800,300,1296400,123416000000,600,false,0.64
"FPT",134859,"/Date(1702277370000)/",94800,200,1296100,123387000000,600,false,0.64
"FPT",134859,"/Date(1702277370000)/",94800,100,1295900,123368000000,600,false,0.64
"FPT",134859,"/Date(1702277368000)/",94800,500,1295800,123359000000,600,false,0.64
"FPT",134846,"/Date(1702277356000)/",94700,100,1295300,123311000000,500,true,0.53
"FPT",134842,"/Date(1702277353000)/",94800,1000,1295200,123302000000,600,false,0.64
"FPT",134829,"/Date(1702277341000)/",94700,100,1294200,123207000000,500,true,0.53
"FPT",134816,"/Date(1702277327000)/",94700,100,1294100,123198000000,500,true,0.53
"FPT",134747,"/Date(1702277298000)/",94700,100,1294000,123188000000,500,true,0.53
"FPT",134719,"/Date(1702277269000)/",94700,100,1293900,123179000000,500,true,0.53
"FPT",134650,"/Date(1702277240000)/",94700,100,1293800,123169000000,500,true,0.53
"FPT",134630,"/Date(1702277220000)/",94800,800,1293700,123160000000,600,false,0.64
"FPT",134620,"/Date(1702277212000)/",94700,100,1292900,123084000000,500,true,0.53
"FPT",134601,"/Date(1702277193000)/",94700,100,1292800,123075000000,500,true,0.53
"FPT",134601,"/Date(1702277193000)/",94700,200,1292700,123065000000,500,true,0.53
"FPT",134601,"/Date(1702277192000)/",94700,400,1292500,123046000000,500,true,0.53
"FPT",134601,"/Date(1702277192000)/",94700,100,1292100,123008000000,500,true,0.53
"FPT",134551,"/Date(1702277183000)/",94700,100,1292000,122999000000,500,true,0.53
"FPT",134542,"/Date(1702277172000)/",94800,800,1291900,122989000000,600,false,0.64
"FPT",134522,"/Date(1702277154000)/",94700,100,1291100,122913000000,500,true,0.53
"FPT",134456,"/Date(1702277127000)/",94800,100,1291000,122904000000,600,false,0.64
"FPT",134456,"/Date(1702277125000)/",94700,100,1290900,122894000000,500,true,0.53
"FPT",134431,"/Date(1702277100000)/",94800,2700,1290800,122885000000,600,false,0.64
"FPT",134355,"/Date(1702277067000)/",94700,100,1288100,122629000000,500,false,0.53
"FPT",134355,"/Date(1702277067000)/",94700,300,1288000,122620000000,500,false,0.53
"FPT",134355,"/Date(1702277065000)/",94600,100,1287700,122591000000,400,true,0.42
"FPT",134326,"/Date(1702277035000)/",94600,100,1287600,122582000000,400,true,0.42
"FPT",134316,"/Date(1702277027000)/",94700,1000,1287500,122572000000,500,false,0.53
"FPT",134310,"/Date(1702277019000)/",94700,200,1286500,122478000000,500,false,0.53
"FPT",134257,"/Date(1702277008000)/",94700,2800,1286300,122459000000,500,true,0.53
"FPT",134254,"/Date(1702277005000)/",94700,300,1283500,122193000000,500,true,0.53
"FPT",134254,"/Date(1702277004000)/",94700,100,1283200,122165000000,500,true,0.53
"FPT",134244,"/Date(1702276995000)/",94700,100,1283100,122156000000,500,true,0.53
"FPT",134241,"/Date(1702276992000)/",94700,1000,1283000,122146000000,500,true,0.53
"FPT",134241,"/Date(1702276992000)/",94700,100,1282000,122051000000,500,true,0.53
"FPT",134241,"/Date(1702276992000)/",94700,300,1281900,122042000000,500,true,0.53
"FPT",134241,"/Date(1702276992000)/",94700,700,1281600,122014000000,500,true,0.53
"FPT",134241,"/Date(1702276992000)/",94700,100,1280900,121947000000,500,true,0.53
"FPT",134241,"/Date(1702276992000)/",94700,4100,1280800,121938000000,500,true,0.53
"FPT",134234,"/Date(1702276985000)/",94700,100,1276700,121549000000,500,false,0.53
"FPT",134225,"/Date(1702276975000)/",94600,100,1276600,121540000000,400,true,0.42
"FPT",134156,"/Date(1702276945000)/",94600,100,1276500,121531000000,400,true,0.42
"FPT",134146,"/Date(1702276935000)/",94700,100,1276400,121521000000,500,true,0.53
"FPT",134146,"/Date(1702276935000)/",94700,1000,1276300,121512000000,500,true,0.53
"FPT",134146,"/Date(1702276935000)/",94700,200,1275300,121417000000,500,true,0.53
"FPT",134146,"/Date(1702276935000)/",94700,500,1275100,121398000000,500,true,0.53
"FPT",134146,"/Date(1702276935000)/",94700,1000,1274600,121351000000,500,true,0.53
"FPT",134146,"/Date(1702276935000)/",94700,100,1273600,121256000000,500,true,0.53
"FPT",134146,"/Date(1702276935000)/",94700,100,1273500,121246000000,500,true,0.53
"FPT",134146,"/Date(1702276935000)/",94700,100,1273400,121237000000,500,true,0.53
"FPT",134146,"/Date(1702276935000)/",94700,100,1273300,121228000000,500,true,0.53
"FPT",134146,"/Date(1702276935000)/",94700,1000,1273200,121218000000,500,true,0.53
"FPT",134146,"/Date(1702276935000)/",94700,100,1272200,121123000000,500,true,0.53
"FPT",134146,"/Date(1702276935000)/",94700,1000,1272100,121114000000,500,true,0.53
"FPT",134146,"/Date(1702276935000)/",94700,200,1271100,121019000000,500,true,0.53
"FPT",134146,"/Date(1702276935000)/",94700,100,1270900,121000000000,500,true,0.53
"FPT",134146,"/Date(1702276935000)/",94700,1000,1270800,120991000000,500,true,0.53
"FPT",134146,"/Date(1702276935000)/",94700,500,1269800,120896000000,500,true,0.53
"FPT",134146,"/Date(1702276935000)/",94700,1000,1269300,120849000000,500,true,0.53
"FPT",134146,"/Date(1702276935000)/",94700,500,1268300,120754000000,500,true,0.53
"FPT",134146,"/Date(1702276935000)/",94700,500,1267800,120707000000,500,true,0.53
"FPT",134146,"/Date(1702276935000)/",94700,500,1267300,120659000000,500,true,0.53
"FPT",134130,"/Date(1702276921000)/",94700,200,1266800,120612000000,500,true,0.53
"FPT",134127,"/Date(1702276917000)/",94700,100,1266600,120593000000,500,true,0.53
"FPT",134123,"/Date(1702276913000)/",94700,100,1266500,120584000000,500,true,0.53
"FPT",134114,"/Date(1702276904000)/",94700,100,1266400,120574000000,500,true,0.53
"FPT",134114,"/Date(1702276904000)/",94700,300,1266300,120565000000,500,true,0.53
"FPT",134114,"/Date(1702276904000)/",94700,100,1266000,120536000000,500,true,0.53
"FPT",134107,"/Date(1702276897000)/",94700,100,1265900,120527000000,500,true,0.53
"FPT",134107,"/Date(1702276897000)/",94700,500,1265800,120517000000,500,true,0.53
"FPT",134058,"/Date(1702276889000)/",94700,100,1265300,120470000000,500,true,0.53
"FPT",134029,"/Date(1702276860000)/",94700,100,1265200,120460000000,500,true,0.53
"FPT",134013,"/Date(1702276843000)/",94800,1000,1265100,120451000000,600,false,0.64
"FPT",134006,"/Date(1702276836000)/",94800,500,1264100,120356000000,600,false,0.64
"FPT",134006,"/Date(1702276836000)/",94800,2500,1263600,120309000000,600,false,0.64
"FPT",134003,"/Date(1702276831000)/",94800,100,1261100,120072000000,600,true,0.64
"FPT",134000,"/Date(1702276829000)/",94800,200,1261000,120062000000,600,true,0.64
"FPT",133947,"/Date(1702276816000)/",94800,100,1260800,120043000000,600,true,0.64
"FPT",133924,"/Date(1702276794000)/",94800,100,1260700,120034000000,600,false,0.64
"FPT",133924,"/Date(1702276794000)/",94800,1000,1260600,120024000000,600,false,0.64
"FPT",133924,"/Date(1702276794000)/",94800,1000,1259600,119930000000,600,false,0.64
"FPT",133902,"/Date(1702276771000)/",94700,100,1258600,119835000000,500,true,0.53
"FPT",133832,"/Date(1702276743000)/",94700,200,1258500,119825000000,500,true,0.53
"FPT",133832,"/Date(1702276743000)/",94700,300,1258300,119806000000,500,true,0.53
"FPT",133832,"/Date(1702276742000)/",94700,100,1258000,119778000000,500,true,0.53
"FPT",133803,"/Date(1702276714000)/",94700,100,1257900,119769000000,500,true,0.53
"FPT",133757,"/Date(1702276707000)/",94800,100,1257800,119759000000,600,false,0.64
"FPT",133738,"/Date(1702276686000)/",94800,100,1257700,119750000000,600,true,0.64
"FPT",133709,"/Date(1702276657000)/",94800,100,1257600,119740000000,600,true,0.64
"FPT",133709,"/Date(1702276657000)/",94800,2700,1257500,119731000000,600,true,0.64
"FPT",133709,"/Date(1702276657000)/",94800,100,1254800,119475000000,600,true,0.64
"FPT",133709,"/Date(1702276657000)/",94800,100,1254700,119465000000,600,true,0.64
"FPT",133709,"/Date(1702276657000)/",94800,400,1254600,119456000000,600,true,0.64
"FPT",133705,"/Date(1702276654000)/",94800,100,1254200,119418000000,600,true,0.64
"FPT",133639,"/Date(1702276629000)/",94800,100,1254100,119408000000,600,true,0.64
"FPT",133633,"/Date(1702276621000)/",94800,400,1254000,119399000000,600,true,0.64
"FPT",133633,"/Date(1702276621000)/",94800,600,1253600,119361000000,600,true,0.64
"FPT",133620,"/Date(1702276610000)/",94800,500,1253000,119304000000,600,true,0.64
"FPT",133610,"/Date(1702276601000)/",94800,100,1252500,119257000000,600,true,0.64
"FPT",133522,"/Date(1702276552000)/",94800,100,1252400,119247000000,600,false,0.64
"FPT",133522,"/Date(1702276552000)/",94800,400,1252300,119238000000,600,false,0.64
"FPT",133522,"/Date(1702276552000)/",94800,300,1251900,119200000000,600,false,0.64
"FPT",133519,"/Date(1702276547000)/",94800,400,1251600,119171000000,600,false,0.64
"FPT",133512,"/Date(1702276540000)/",94700,100,1251200,119133000000,500,true,0.53
"FPT",133443,"/Date(1702276514000)/",94800,100,1251100,119124000000,600,false,0.64
"FPT",133443,"/Date(1702276512000)/",94700,100,1251000,119114000000,500,true,0.53
"FPT",133437,"/Date(1702276508000)/",94800,1200,1250900,119105000000,600,false,0.64
"FPT",133414,"/Date(1702276484000)/",94800,100,1249700,118991000000,600,true,0.64
"FPT",133401,"/Date(1702276469000)/",94800,200,1249600,118982000000,600,true,0.64
"FPT",133348,"/Date(1702276456000)/",94800,100,1249400,118963000000,600,true,0.64
"FPT",133319,"/Date(1702276430000)/",94800,900,1249300,118953000000,600,true,0.64
"FPT",133319,"/Date(1702276428000)/",94800,100,1248400,118868000000,600,true,0.64
"FPT",133313,"/Date(1702276422000)/",94800,1000,1248300,118858000000,600,true,0.64
"FPT",133303,"/Date(1702276411000)/",94900,500,1247300,118764000000,700,false,0.74
"FPT",133253,"/Date(1702276403000)/",94800,300,1246800,118716000000,600,true,0.64
"FPT",133250,"/Date(1702276400000)/",94800,100,1246500,118688000000,600,true,0.64
"FPT",133244,"/Date(1702276393000)/",94800,100,1246400,118678000000,600,true,0.64
"FPT",133244,"/Date(1702276393000)/",94800,200,1246300,118669000000,600,true,0.64
"FPT",133240,"/Date(1702276391000)/",94800,800,1246100,118650000000,600,true,0.64
"FPT",133240,"/Date(1702276391000)/",94800,100,1245300,118574000000,600,true,0.64
"FPT",133240,"/Date(1702276391000)/",94800,100,1245200,118565000000,600,true,0.64
"FPT",133240,"/Date(1702276391000)/",94800,300,1245100,118555000000,600,true,0.64
"FPT",133240,"/Date(1702276391000)/",94800,700,1244800,118527000000,600,true,0.64
"FPT",133231,"/Date(1702276379000)/",94800,300,1244100,118460000000,600,true,0.64
"FPT",133231,"/Date(1702276379000)/",94800,400,1243800,118432000000,600,true,0.64
"FPT",133231,"/Date(1702276379000)/",94800,300,1243400,118394000000,600,true,0.64
"FPT",133224,"/Date(1702276374000)/",94800,2000,1243100,118365000000,600,true,0.64
"FPT",133224,"/Date(1702276372000)/",94800,100,1241100,118176000000,600,true,0.64
"FPT",133155,"/Date(1702276344000)/",94800,100,1241000,118166000000,600,true,0.64
"FPT",133126,"/Date(1702276316000)/",94800,100,1240900,118157000000,600,true,0.64
"FPT",133107,"/Date(1702276296000)/",94800,1000,1240800,118147000000,600,true,0.64
"FPT",133103,"/Date(1702276294000)/",94800,100,1239800,118053000000,600,true,0.64
"FPT",133100,"/Date(1702276288000)/",94800,100,1239700,118043000000,600,true,0.64
"FPT",133031,"/Date(1702276260000)/",94800,100,1239600,118034000000,600,true,0.64
"FPT",133002,"/Date(1702276232000)/",94800,100,1239500,118024000000,600,true,0.64
"FPT",132946,"/Date(1702276216000)/",94800,100,1239400,118015000000,600,true,0.64
"FPT",132936,"/Date(1702276204000)/",94800,100,1239300,118005000000,600,true,0.64
"FPT",132933,"/Date(1702276201000)/",94900,100,1239200,117996000000,700,false,0.74
"FPT",132907,"/Date(1702276176000)/",94800,100,1239100,117986000000,600,true,0.64
"FPT",132841,"/Date(1702276149000)/",94800,100,1239000,117977000000,600,true,0.64
"FPT",132812,"/Date(1702276121000)/",94800,100,1238900,117967000000,600,true,0.64
"FPT",132747,"/Date(1702276094000)/",94800,100,1238800,117958000000,600,true,0.64
"FPT",132743,"/Date(1702276093000)/",94800,100,1238700,117948000000,600,true,0.64
"FPT",132730,"/Date(1702276078000)/",94800,300,1238600,117939000000,600,true,0.64
"FPT",132730,"/Date(1702276078000)/",94800,100,1238300,117910000000,600,true,0.64
"FPT",132730,"/Date(1702276078000)/",94800,100,1238200,117901000000,600,true,0.64
"FPT",132730,"/Date(1702276078000)/",94800,400,1238100,117891000000,600,true,0.64
"FPT",132730,"/Date(1702276078000)/",94800,100,1237700,117854000000,600,true,0.64
"FPT",132717,"/Date(1702276065000)/",94800,100,1237600,117844000000,600,true,0.64
"FPT",132648,"/Date(1702276038000)/",94800,100,1237500,117835000000,600,true,0.64
"FPT",132623,"/Date(1702276010000)/",94800,100,1237400,117825000000,600,true,0.64
"FPT",132554,"/Date(1702275983000)/",94800,100,1237300,117816000000,600,true,0.64
"FPT",132525,"/Date(1702275955000)/",94800,100,1237200,117806000000,600,true,0.64
"FPT",132446,"/Date(1702275915000)/",94800,100,1237100,117797000000,600,false,0.64
"FPT",132446,"/Date(1702275915000)/",94800,100,1237000,117787000000,600,false,0.64
"FPT",132427,"/Date(1702275894000)/",94700,100,1236900,117778000000,500,true,0.53
"FPT",132414,"/Date(1702275882000)/",94800,100,1236800,117768000000,600,false,0.64
"FPT",132404,"/Date(1702275873000)/",94700,100,1236700,117759000000,500,true,0.53
"FPT",132358,"/Date(1702275867000)/",94800,100,1236600,117749000000,600,false,0.64
"FPT",132358,"/Date(1702275866000)/",94800,100,1236500,117740000000,600,false,0.64
"FPT",132358,"/Date(1702275866000)/",94800,300,1236400,117730000000,600,false,0.64
"FPT",132358,"/Date(1702275866000)/",94800,1800,1236100,117702000000,600,false,0.64
"FPT",132358,"/Date(1702275866000)/",94800,100,1234300,117531000000,600,false,0.64
"FPT",132358,"/Date(1702275866000)/",94800,500,1234200,117522000000,600,false,0.64
"FPT",132358,"/Date(1702275866000)/",94800,600,1233700,117474000000,600,false,0.64
"FPT",132358,"/Date(1702275866000)/",94800,1000,1233100,117417000000,600,false,0.64
"FPT",132358,"/Date(1702275866000)/",94800,100,1232100,117323000000,600,false,0.64
"FPT",132358,"/Date(1702275866000)/",94800,500,1232000,117313000000,600,false,0.64
"FPT",132341,"/Date(1702275851000)/",94800,500,1231500,117266000000,600,true,0.64
"FPT",132341,"/Date(1702275851000)/",94800,100,1231000,117218000000,600,true,0.64
"FPT",132332,"/Date(1702275839000)/",94800,100,1230900,117209000000,600,true,0.64
"FPT",132306,"/Date(1702275815000)/",94800,1000,1230800,117199000000,600,true,0.64
"FPT",132306,"/Date(1702275815000)/",94800,100,1229800,117105000000,600,true,0.64
"FPT",132306,"/Date(1702275815000)/",94800,400,1229700,117095000000,600,true,0.64
"FPT",132303,"/Date(1702275811000)/",94800,100,1229300,117057000000,600,true,0.64
"FPT",132247,"/Date(1702275794000)/",94800,400,1229200,117048000000,600,true,0.64
"FPT",132234,"/Date(1702275784000)/",94800,100,1228800,117010000000,600,true,0.64
"FPT",132221,"/Date(1702275768000)/",94900,1000,1228700,117000000000,700,true,0.74
"FPT",132221,"/Date(1702275768000)/",94900,2000,1227700,116905000000,700,true,0.74
"FPT",132208,"/Date(1702275756000)/",94900,100,1225700,116716000000,700,true,0.74
"FPT",132205,"/Date(1702275754000)/",94900,300,1225600,116706000000,700,true,0.74
"FPT",132142,"/Date(1702275729000)/",94900,100,1225300,116678000000,700,true,0.74
"FPT",132113,"/Date(1702275701000)/",94900,100,1225200,116668000000,700,true,0.74
"FPT",132113,"/Date(1702275700000)/",94900,100,1225100,116659000000,700,true,0.74
"FPT",132051,"/Date(1702275679000)/",94900,200,1225000,116649000000,700,true,0.74
"FPT",132051,"/Date(1702275679000)/",94900,1000,1224800,116630000000,700,true,0.74
"FPT",132051,"/Date(1702275679000)/",94900,400,1223800,116535000000,700,true,0.74
"FPT",132051,"/Date(1702275679000)/",94900,500,1223400,116497000000,700,true,0.74
"FPT",132051,"/Date(1702275679000)/",94900,100,1222900,116450000000,700,true,0.74
"FPT",132051,"/Date(1702275679000)/",94900,300,1222800,116440000000,700,true,0.74
"FPT",132051,"/Date(1702275679000)/",94900,200,1222500,116412000000,700,true,0.74
"FPT",132051,"/Date(1702275679000)/",94900,1000,1222300,116393000000,700,true,0.74
"FPT",132051,"/Date(1702275679000)/",94900,300,1221300,116298000000,700,true,0.74
"FPT",132044,"/Date(1702275674000)/",94900,100,1221000,116270000000,700,true,0.74
"FPT",132041,"/Date(1702275669000)/",94900,300,1220900,116260000000,700,true,0.74
"FPT",132018,"/Date(1702275647000)/",94900,100,1220600,116232000000,700,true,0.74
"FPT",131952,"/Date(1702275620000)/",94900,100,1220500,116222000000,700,true,0.74
"FPT",131943,"/Date(1702275612000)/",94900,9700,1220400,116213000000,700,true,0.74
"FPT",131924,"/Date(1702275592000)/",94900,100,1210700,115292000000,700,true,0.74
"FPT",131914,"/Date(1702275583000)/",94900,200,1210600,115283000000,700,true,0.74
"FPT",131858,"/Date(1702275564000)/",94900,100,1210400,115264000000,700,true,0.74
"FPT",131829,"/Date(1702275537000)/",94900,100,1210300,115254000000,700,true,0.74
"FPT",131826,"/Date(1702275532000)/",95000,100,1210200,115245000000,800,false,0.85
"FPT",131803,"/Date(1702275510000)/",95000,100,1210100,115235000000,800,true,0.85
"FPT",131757,"/Date(1702275505000)/",95000,900,1210000,115226000000,800,true,0.85
"FPT",131757,"/Date(1702275505000)/",95000,2000,1209100,115140000000,800,true,0.85
"FPT",131757,"/Date(1702275505000)/",95000,1000,1207100,114950000000,800,true,0.85
"FPT",131757,"/Date(1702275505000)/",95000,2000,1206100,114855000000,800,true,0.85
"FPT",131757,"/Date(1702275505000)/",95000,500,1204100,114665000000,800,true,0.85
"FPT",131757,"/Date(1702275505000)/",95000,3000,1203600,114618000000,800,true,0.85
"FPT",131757,"/Date(1702275505000)/",95000,600,1200600,114333000000,800,true,0.85
"FPT",131754,"/Date(1702275500000)/",95000,1000,1200000,114276000000,800,true,0.85
"FPT",131734,"/Date(1702275480000)/",95000,2000,1199000,114181000000,800,true,0.85
"FPT",131715,"/Date(1702275463000)/",95000,100,1197000,113991000000,800,false,0.85
"FPT",131715,"/Date(1702275463000)/",95000,100,1196900,113981000000,800,false,0.85
"FPT",131715,"/Date(1702275463000)/",95000,200,1196800,113972000000,800,false,0.85
"FPT",131715,"/Date(1702275463000)/",95000,800,1196600,113953000000,800,false,0.85
"FPT",131715,"/Date(1702275463000)/",95000,200,1195800,113877000000,800,false,0.85
"FPT",131715,"/Date(1702275462000)/",95000,200,1195600,113858000000,800,false,0.85
"FPT",131715,"/Date(1702275462000)/",95000,100,1195400,113839000000,800,false,0.85
"FPT",131715,"/Date(1702275462000)/",95000,700,1195300,113829000000,800,false,0.85
"FPT",131715,"/Date(1702275462000)/",95000,500,1194600,113763000000,800,false,0.85
"FPT",131715,"/Date(1702275462000)/",95000,500,1194100,113715000000,800,false,0.85
"FPT",131712,"/Date(1702275461000)/",95000,500,1193600,113668000000,800,false,0.85
"FPT",131712,"/Date(1702275461000)/",95000,500,1193100,113620000000,800,false,0.85
"FPT",131712,"/Date(1702275459000)/",95000,500,1192600,113573000000,800,false,0.85
"FPT",131712,"/Date(1702275459000)/",95000,500,1192100,113525000000,800,false,0.85
"FPT",131708,"/Date(1702275457000)/",95000,500,1191600,113478000000,800,false,0.85
"FPT",131708,"/Date(1702275457000)/",95000,200,1191100,113430000000,800,false,0.85
"FPT",131708,"/Date(1702275457000)/",95000,100,1190900,113411000000,800,false,0.85
"FPT",131708,"/Date(1702275457000)/",95000,200,1190800,113402000000,800,false,0.85
"FPT",131708,"/Date(1702275455000)/",95000,1000,1190600,113383000000,800,false,0.85
"FPT",131702,"/Date(1702275450000)/",94900,100,1189600,113288000000,700,true,0.74
"FPT",131702,"/Date(1702275448000)/",95000,700,1189500,113278000000,800,false,0.85
"FPT",131702,"/Date(1702275448000)/",95000,500,1188800,113212000000,800,false,0.85
"FPT",131702,"/Date(1702275448000)/",95000,200,1188300,113164000000,800,false,0.85
"FPT",131702,"/Date(1702275448000)/",95000,100,1188100,113145000000,800,false,0.85
"FPT",131702,"/Date(1702275448000)/",95000,100,1188000,113136000000,800,false,0.85
"FPT",131702,"/Date(1702275448000)/",95000,1400,1187900,113126000000,800,false,0.85
"FPT",131656,"/Date(1702275443000)/",95000,1000,1186500,112993000000,800,false,0.85
"FPT",131623,"/Date(1702275411000)/",95000,100,1185500,112898000000,800,false,0.85
"FPT",131623,"/Date(1702275411000)/",95000,500,1185400,112889000000,800,false,0.85
"FPT",131623,"/Date(1702275411000)/",95000,100,1184900,112841000000,800,false,0.85
"FPT",131623,"/Date(1702275411000)/",95000,300,1184800,112832000000,800,false,0.85
"FPT",131604,"/Date(1702275390000)/",94900,100,1184500,112803000000,700,false,0.74
"FPT",131604,"/Date(1702275390000)/",94900,500,1184400,112794000000,700,false,0.74
"FPT",131604,"/Date(1702275390000)/",94900,1000,1183900,112746000000,700,false,0.74
"FPT",131604,"/Date(1702275390000)/",94900,3000,1182900,112651000000,700,false,0.74
"FPT",131604,"/Date(1702275390000)/",94900,1000,1179900,112367000000,700,false,0.74
"FPT",131604,"/Date(1702275390000)/",94900,100,1178900,112272000000,700,false,0.74
"FPT",131604,"/Date(1702275390000)/",94900,1000,1178800,112262000000,700,false,0.74
"FPT",131604,"/Date(1702275390000)/",94900,100,1177800,112167000000,700,false,0.74
"FPT",131604,"/Date(1702275390000)/",94900,2000,1177700,112158000000,700,false,0.74
"FPT",131604,"/Date(1702275390000)/",94800,100,1175700,111968000000,600,true,0.64
"FPT",131535,"/Date(1702275363000)/",94800,100,1175600,111959000000,600,true,0.64
"FPT",131516,"/Date(1702275343000)/",94800,100,1175500,111949000000,600,true,0.64
"FPT",131509,"/Date(1702275335000)/",94800,100,1175400,111940000000,600,true,0.64
"FPT",131440,"/Date(1702275308000)/",94800,100,1175300,111930000000,600,true,0.64
"FPT",131440,"/Date(1702275308000)/",94900,1000,1175200,111921000000,700,false,0.74
"FPT",131437,"/Date(1702275305000)/",94800,400,1174200,111826000000,600,true,0.64
"FPT",131430,"/Date(1702275296000)/",94800,800,1173800,111788000000,600,true,0.64
"FPT",131414,"/Date(1702275282000)/",94800,100,1173000,111712000000,600,true,0.64
"FPT",131405,"/Date(1702275271000)/",94800,700,1172900,111703000000,600,true,0.64
"FPT",131345,"/Date(1702275254000)/",94800,100,1172200,111636000000,600,true,0.64
"FPT",131320,"/Date(1702275227000)/",94800,100,1172100,111627000000,600,true,0.64
"FPT",131251,"/Date(1702275200000)/",94800,100,1172000,111617000000,600,true,0.64
"FPT",131225,"/Date(1702275172000)/",94800,100,1171900,111608000000,600,true,0.64
"FPT",131159,"/Date(1702275145000)/",94800,100,1171800,111598000000,600,true,0.64
"FPT",131140,"/Date(1702275128000)/",94900,100,1171700,111589000000,700,false,0.74
"FPT",131136,"/Date(1702275124000)/",94900,100,1171600,111579000000,700,false,0.74
"FPT",131130,"/Date(1702275118000)/",94800,100,1171500,111570000000,600,true,0.64
"FPT",131104,"/Date(1702275091000)/",94800,100,1171400,111560000000,600,true,0.64
"FPT",131035,"/Date(1702275064000)/",94800,100,1171300,111551000000,600,true,0.64
"FPT",131019,"/Date(1702275046000)/",94800,500,1171200,111541000000,600,true,0.64
"FPT",131016,"/Date(1702275043000)/",94800,500,1170700,111494000000,600,true,0.64
"FPT",131000,"/Date(1702275027000)/",94800,200,1170200,111447000000,600,true,0.64
"FPT",130947,"/Date(1702275013000)/",94800,100,1170000,111428000000,600,true,0.64
"FPT",130947,"/Date(1702275013000)/",94800,200,1169900,111418000000,600,true,0.64
"FPT",130947,"/Date(1702275013000)/",94800,1000,1169700,111399000000,600,true,0.64
"FPT",130947,"/Date(1702275013000)/",94800,400,1168700,111304000000,600,true,0.64
"FPT",130944,"/Date(1702275010000)/",94700,100,1168300,111266000000,500,true,0.53
"FPT",130937,"/Date(1702275006000)/",94800,100,1168200,111257000000,600,false,0.64
"FPT",130931,"/Date(1702274997000)/",94800,500,1168100,111247000000,600,false,0.64
"FPT",130915,"/Date(1702274983000)/",94700,100,1167600,111200000000,500,true,0.53
"FPT",130849,"/Date(1702274957000)/",94700,300,1167500,111191000000,500,true,0.53
"FPT",130849,"/Date(1702274956000)/",94700,100,1167200,111162000000,500,true,0.53
"FPT",130823,"/Date(1702274929000)/",94800,100,1167100,111153000000,600,false,0.64
"FPT",130823,"/Date(1702274928000)/",94800,100,1167000,111143000000,600,false,0.64
"FPT",130817,"/Date(1702274924000)/",94800,100,1166900,111134000000,600,true,0.64
"FPT",130807,"/Date(1702274915000)/",94800,100,1166800,111124000000,600,true,0.64
"FPT",130807,"/Date(1702274915000)/",94800,400,1166700,111115000000,600,true,0.64
"FPT",130807,"/Date(1702274915000)/",94800,500,1166300,111077000000,600,true,0.64
"FPT",130807,"/Date(1702274912000)/",94800,500,1165800,111029000000,600,true,0.64
"FPT",130800,"/Date(1702274908000)/",94800,1000,1165300,110982000000,600,true,0.64
"FPT",130800,"/Date(1702274908000)/",94800,1000,1164300,110887000000,600,true,0.64
"FPT",130800,"/Date(1702274908000)/",94800,500,1163300,110792000000,600,true,0.64
"FPT",130800,"/Date(1702274908000)/",94800,200,1162800,110745000000,600,true,0.64
"FPT",130800,"/Date(1702274908000)/",94800,300,1162600,110726000000,600,true,0.64
"FPT",130757,"/Date(1702274905000)/",94800,100,1162300,110698000000,600,true,0.64
"FPT",130754,"/Date(1702274902000)/",94800,100,1162200,110688000000,600,true,0.64
"FPT",130741,"/Date(1702274889000)/",94800,100,1162100,110679000000,600,true,0.64
"FPT",130738,"/Date(1702274885000)/",94800,400,1162000,110669000000,600,true,0.64
"FPT",130738,"/Date(1702274885000)/",94800,200,1161600,110631000000,600,true,0.64
"FPT",130738,"/Date(1702274885000)/",94800,400,1161400,110612000000,600,true,0.64
"FPT",130734,"/Date(1702274880000)/",94800,100,1161000,110574000000,600,true,0.64
"FPT",130734,"/Date(1702274880000)/",94800,900,1160900,110565000000,600,true,0.64
"FPT",130734,"/Date(1702274880000)/",94800,500,1160000,110480000000,600,true,0.64
"FPT",130734,"/Date(1702274880000)/",94800,200,1159500,110432000000,600,true,0.64
"FPT",130734,"/Date(1702274880000)/",94800,8300,1159300,110413000000,600,true,0.64
"FPT",130728,"/Date(1702274875000)/",94800,100,1151000,109626000000,600,true,0.64
"FPT",130725,"/Date(1702274871000)/",94800,100,1150900,109617000000,600,true,0.64
"FPT",130712,"/Date(1702274859000)/",94900,100,1150800,109607000000,700,false,0.74
"FPT",130702,"/Date(1702274848000)/",94800,100,1150700,109598000000,600,true,0.64
"FPT",130653,"/Date(1702274841000)/",94800,100,1150600,109589000000,600,true,0.64
"FPT",130637,"/Date(1702274824000)/",94800,100,1150500,109579000000,600,true,0.64
"FPT",130637,"/Date(1702274822000)/",94800,200,1150400,109570000000,600,true,0.64
"FPT",130633,"/Date(1702274821000)/",94800,100,1150200,109551000000,600,true,0.64
"FPT",130633,"/Date(1702274820000)/",94900,1800,1150100,109541000000,700,false,0.74
"FPT",130624,"/Date(1702274810000)/",94900,2000,1148300,109370000000,700,false,0.74
"FPT",130617,"/Date(1702274805000)/",94800,100,1146300,109181000000,600,true,0.64
"FPT",130614,"/Date(1702274800000)/",94900,1000,1146200,109171000000,700,false,0.74
"FPT",130608,"/Date(1702274794000)/",94800,100,1145200,109076000000,600,true,0.64
"FPT",130555,"/Date(1702274781000)/",94800,700,1145100,109067000000,600,true,0.64
"FPT",130555,"/Date(1702274781000)/",94800,1800,1144400,109000000000,600,true,0.64
"FPT",130551,"/Date(1702274778000)/",94800,100,1142600,108830000000,600,true,0.64
"FPT",130551,"/Date(1702274777000)/",94800,100,1142500,108820000000,600,true,0.64
"FPT",130551,"/Date(1702274777000)/",94800,100,1142400,108811000000,600,true,0.64
"FPT",130551,"/Date(1702274777000)/",94800,200,1142300,108801000000,600,true,0.64
"FPT",130551,"/Date(1702274777000)/",94800,100,1142100,108782000000,600,true,0.64
"FPT",130539,"/Date(1702274767000)/",94800,100,1142000,108773000000,600,true,0.64
"FPT",130526,"/Date(1702274753000)/",94900,2000,1141900,108763000000,700,false,0.74
"FPT",130526,"/Date(1702274753000)/",94800,200,1139900,108573000000,600,true,0.64
"FPT",130513,"/Date(1702274740000)/",94800,100,1139700,108555000000,600,true,0.64
"FPT",130454,"/Date(1702274719000)/",94900,500,1139600,108545000000,700,true,0.74
"FPT",130454,"/Date(1702274719000)/",94900,100,1139100,108498000000,700,true,0.74
"FPT",130454,"/Date(1702274719000)/",94900,1500,1139000,108488000000,700,true,0.74
"FPT",130454,"/Date(1702274719000)/",94900,2000,1137500,108346000000,700,true,0.74
"FPT",130454,"/Date(1702274719000)/",94900,2000,1135500,108156000000,700,true,0.74
"FPT",130454,"/Date(1702274719000)/",94900,1500,1133500,107966000000,700,true,0.74
"FPT",130454,"/Date(1702274719000)/",94900,100,1132000,107824000000,700,true,0.74
"FPT",130454,"/Date(1702274719000)/",94900,100,1131900,107814000000,700,true,0.74
"FPT",130454,"/Date(1702274719000)/",94900,500,1131800,107805000000,700,true,0.74
"FPT",130454,"/Date(1702274719000)/",94900,1600,1131300,107757000000,700,true,0.74
"FPT",130450,"/Date(1702274717000)/",94900,22200,1129700,107606000000,700,true,0.74
"FPT",130450,"/Date(1702274717000)/",94900,100,1107500,105499000000,700,true,0.74
"FPT",130450,"/Date(1702274717000)/",94900,100,1107400,105489000000,700,true,0.74
"FPT",130450,"/Date(1702274717000)/",94900,200,1107300,105480000000,700,true,0.74
"FPT",130450,"/Date(1702274717000)/",94900,1000,1107100,105461000000,700,true,0.74
"FPT",130450,"/Date(1702274717000)/",94900,3000,1106100,105366000000,700,true,0.74
"FPT",130450,"/Date(1702274717000)/",94900,100,1103100,105081000000,700,true,0.74
"FPT",130450,"/Date(1702274717000)/",94900,100,1103000,105072000000,700,true,0.74
"FPT",130450,"/Date(1702274717000)/",94900,1000,1102900,105062000000,700,true,0.74
"FPT",130450,"/Date(1702274717000)/",94900,2000,1101900,104967000000,700,true,0.74
"FPT",130450,"/Date(1702274717000)/",94900,100,1099900,104778000000,700,true,0.74
"FPT",130450,"/Date(1702274717000)/",94900,100,1099800,104768000000,700,true,0.74
"FPT",130447,"/Date(1702274713000)/",94900,100,1099700,104759000000,700,true,0.74
"FPT",130444,"/Date(1702274710000)/",94900,500,1099600,104749000000,700,true,0.74
"FPT",130441,"/Date(1702274709000)/",94900,100,1099100,104702000000,700,true,0.74
"FPT",130441,"/Date(1702274706000)/",95000,200,1099000,104692000000,800,false,0.85
"FPT",130418,"/Date(1702274685000)/",94900,100,1098800,104673000000,700,true,0.74
"FPT",130412,"/Date(1702274679000)/",94900,100,1098700,104664000000,700,true,0.74
"FPT",130408,"/Date(1702274675000)/",94900,700,1098600,104654000000,700,true,0.74
"FPT",130352,"/Date(1702274658000)/",94900,100,1097900,104588000000,700,true,0.74
"FPT",130349,"/Date(1702274655000)/",94900,300,1097800,104578000000,700,true,0.74
"FPT",130327,"/Date(1702274631000)/",94900,100,1097500,104550000000,700,true,0.74
"FPT",130323,"/Date(1702274628000)/",94900,5000,1097400,104540000000,700,true,0.74
"FPT",130320,"/Date(1702274626000)/",95000,100,1092400,104066000000,800,false,0.85
"FPT",130301,"/Date(1702274606000)/",94900,100,1092300,104056000000,700,true,0.74
"FPT",130258,"/Date(1702274604000)/",94900,100,1092200,104047000000,700,true,0.74
"FPT",130258,"/Date(1702274603000)/",95000,1000,1092100,104037000000,800,false,0.85
"FPT",130251,"/Date(1702274598000)/",95000,200,1091100,103942000000,800,false,0.85
"FPT",130232,"/Date(1702274577000)/",94900,100,1090900,103923000000,700,true,0.74
"FPT",130213,"/Date(1702274559000)/",95000,2000,1090800,103914000000,800,true,0.85
"FPT",130213,"/Date(1702274559000)/",95000,200,1088800,103724000000,800,true,0.85
"FPT",130213,"/Date(1702274559000)/",95000,6600,1088600,103705000000,800,true,0.85
"FPT",130203,"/Date(1702274550000)/",95000,100,1082000,103078000000,800,true,0.85
"FPT",130203,"/Date(1702274550000)/",95000,1200,1081900,103068000000,800,true,0.85
"FPT",130200,"/Date(1702274547000)/",95000,300,1080700,102954000000,800,true,0.85
"FPT",130200,"/Date(1702274544000)/",95000,100,1080400,102926000000,800,true,0.85
"FPT",130144,"/Date(1702274531000)/",95000,12000,1080300,102916000000,800,true,0.85
"FPT",130140,"/Date(1702274528000)/",95000,200,1068300,101776000000,800,true,0.85
"FPT",130131,"/Date(1702274516000)/",95000,1100,1068100,101757000000,800,true,0.85
"FPT",130121,"/Date(1702274508000)/",95000,2000,1067000,101653000000,800,false,0.85
"FPT",130121,"/Date(1702274508000)/",95000,100,1065000,101463000000,800,false,0.85
"FPT",130121,"/Date(1702274508000)/",95000,500,1064900,101453000000,800,false,0.85
"FPT",130121,"/Date(1702274508000)/",95000,100,1064400,101406000000,800,false,0.85
"FPT",130121,"/Date(1702274508000)/",95000,700,1064300,101396000000,800,false,0.85
"FPT",130108,"/Date(1702274493000)/",94900,100,1063600,101330000000,700,true,0.74
"FPT",130052,"/Date(1702274477000)/",95000,800,1063500,101320000000,800,true,0.85
"FPT",130048,"/Date(1702274473000)/",95000,200,1062700,101244000000,800,false,0.85
"FPT",130042,"/Date(1702274468000)/",95000,200,1062500,101225000000,800,false,0.85
"FPT",130039,"/Date(1702274466000)/",95000,600,1062300,101206000000,800,true,0.85
"FPT",130039,"/Date(1702274463000)/",95000,500,1061700,101149000000,800,true,0.85
"FPT",130026,"/Date(1702274451000)/",95000,100,1061200,101102000000,800,true,0.85
"FPT",130010,"/Date(1702274435000)/",95000,900,1061100,101092000000,800,true,0.85
"FPT",130010,"/Date(1702274433000)/",95000,300,1060200,101007000000,800,true,0.85
"FPT",130010,"/Date(1702274429000)/",95000,200,1059900,100978000000,800,true,0.85
"FPT",130010,"/Date(1702274428000)/",95000,200,1059700,100959000000,800,true,0.85
"FPT",130006,"/Date(1702274422000)/",95000,100,1059500,100940000000,800,true,0.85
"FPT",130003,"/Date(1702274416000)/",95000,100,1059400,100931000000,800,false,0.85
"FPT",130003,"/Date(1702274416000)/",95000,500,1059300,100921000000,800,false,0.85
"FPT",130003,"/Date(1702274416000)/",95000,200,1058800,100874000000,800,false,0.85
"FPT",130003,"/Date(1702274416000)/",95000,100,1058600,100855000000,800,false,0.85
"FPT",130003,"/Date(1702274416000)/",95000,100,1058500,100845000000,800,false,0.85
"FPT",130003,"/Date(1702274416000)/",95000,100,1058400,100836000000,800,false,0.85
"FPT",130003,"/Date(1702274416000)/",95000,100,1058300,100826000000,800,false,0.85
"FPT",130003,"/Date(1702274416000)/",95000,400,1058200,100817000000,800,false,0.85
"FPT",130003,"/Date(1702274416000)/",95000,100,1057800,100779000000,800,false,0.85
"FPT",130003,"/Date(1702274416000)/",95000,3000,1057700,100769000000,800,false,0.85
"FPT",130003,"/Date(1702274416000)/",95000,1000,1054700,100484000000,800,false,0.85
"FPT",130003,"/Date(1702274416000)/",95000,200,1053700,100389000000,800,false,0.85
"FPT",130003,"/Date(1702274416000)/",95000,1000,1053500,100370000000,800,false,0.85
"FPT",130003,"/Date(1702274415000)/",94900,500,1052500,100275000000,700,true,0.74
"FPT",130000,"/Date(1702274408000)/",95000,100,1052000,100228000000,800,false,0.85
"FPT",125957,"/Date(1702274405000)/",95000,100,1051900,100218000000,800,false,0.85
"FPT",125950,"/Date(1702274400000)/",94900,2000,1051800,100209000000,700,true,0.74
"FPT",125947,"/Date(1702274400000)/",94900,900,1049800,100019000000,700,true,0.74
"FPT",125947,"/Date(1702274400000)/",94900,100,1048900,99934000000,700,true,0.74
"FPT",125947,"/Date(1702274400000)/",94900,100,1048800,99924000000,700,true,0.74
"FPT",112852,"/Date(1702268951000)/",94900,1000,1048700,99915000000,700,true,0.74
"FPT",112820,"/Date(1702268918000)/",95000,100,1047700,99820000000,800,false,0.85
"FPT",112807,"/Date(1702268906000)/",94900,100,1047600,99810000000,700,true,0.74
"FPT",112742,"/Date(1702268879000)/",94900,1100,1047500,99801000000,700,true,0.74
"FPT",112635,"/Date(1702268814000)/",95000,100,1046400,99696000000,800,false,0.85
"FPT",112629,"/Date(1702268805000)/",95100,300,1046300,99687000000,900,false,0.96
"FPT",112606,"/Date(1702268785000)/",95000,100,1046000,99658000000,800,true,0.85
"FPT",112606,"/Date(1702268785000)/",95000,600,1045900,99649000000,800,true,0.85
"FPT",112606,"/Date(1702268785000)/",95000,400,1045300,99592000000,800,true,0.85
"FPT",112606,"/Date(1702268785000)/",95000,1100,1044900,99554000000,800,true,0.85
"FPT",112547,"/Date(1702268764000)/",95000,100,1043800,99449000000,800,false,0.85
"FPT",112544,"/Date(1702268761000)/",94900,100,1043700,99440000000,700,true,0.74
"FPT",112515,"/Date(1702268734000)/",94900,100,1043600,99430000000,700,true,0.74
"FPT",112450,"/Date(1702268707000)/",94900,100,1043500,99421000000,700,true,0.74
"FPT",112421,"/Date(1702268680000)/",94900,100,1043400,99411000000,700,true,0.74
"FPT",112355,"/Date(1702268653000)/",94900,100,1043300,99402000000,700,true,0.74
"FPT",112330,"/Date(1702268626000)/",94900,100,1043200,99392000000,700,true,0.74
"FPT",112301,"/Date(1702268599000)/",94900,100,1043100,99383000000,700,true,0.74
"FPT",112248,"/Date(1702268586000)/",95000,100,1043000,99373000000,800,true,0.85
"FPT",112248,"/Date(1702268586000)/",95000,100,1042900,99364000000,800,true,0.85
"FPT",112248,"/Date(1702268586000)/",95000,500,1042800,99354000000,800,true,0.85
"FPT",112248,"/Date(1702268586000)/",95000,1000,1042300,99307000000,800,true,0.85
"FPT",112248,"/Date(1702268586000)/",95000,100,1041300,99212000000,800,true,0.85
"FPT",112248,"/Date(1702268586000)/",95000,900,1041200,99202000000,800,true,0.85
"FPT",112248,"/Date(1702268586000)/",95000,500,1040300,99117000000,800,true,0.85
"FPT",112235,"/Date(1702268572000)/",95000,100,1039800,99069000000,800,true,0.85
"FPT",112223,"/Date(1702268559000)/",95000,100,1039700,99060000000,800,true,0.85
"FPT",112223,"/Date(1702268559000)/",95000,1000,1039600,99050000000,800,true,0.85
"FPT",112223,"/Date(1702268559000)/",95000,200,1038600,98955000000,800,true,0.85
"FPT",112223,"/Date(1702268559000)/",95000,100,1038400,98936000000,800,true,0.85
"FPT",112223,"/Date(1702268559000)/",95000,600,1038300,98927000000,800,true,0.85
"FPT",112207,"/Date(1702268545000)/",95000,100,1037700,98870000000,800,true,0.85
"FPT",112112,"/Date(1702268491000)/",95000,100,1037600,98860000000,800,true,0.85
"FPT",112050,"/Date(1702268468000)/",95000,100,1037500,98851000000,800,true,0.85
"FPT",112047,"/Date(1702268464000)/",95000,100,1037400,98841000000,800,true,0.85
"FPT",112031,"/Date(1702268448000)/",95000,2000,1037300,98832000000,800,true,0.85
"FPT",112028,"/Date(1702268445000)/",95000,500,1035300,98642000000,800,true,0.85
"FPT",112028,"/Date(1702268445000)/",95000,200,1034800,98594000000,800,true,0.85
"FPT",112028,"/Date(1702268445000)/",95000,300,1034600,98575000000,800,true,0.85
"FPT",112021,"/Date(1702268437000)/",95000,100,1034300,98547000000,800,true,0.85
"FPT",111953,"/Date(1702268410000)/",95000,100,1034200,98537000000,800,true,0.85
"FPT",111901,"/Date(1702268357000)/",95000,100,1034100,98528000000,800,true,0.85
"FPT",111807,"/Date(1702268304000)/",95000,100,1034000,98518000000,800,true,0.85
"FPT",111742,"/Date(1702268279000)/",95000,100,1033900,98509000000,800,true,0.85
"FPT",111732,"/Date(1702268268000)/",95000,500,1033800,98499000000,800,true,0.85
"FPT",111719,"/Date(1702268257000)/",95000,100,1033300,98452000000,800,true,0.85
"FPT",111638,"/Date(1702268215000)/",95000,100,1033200,98442000000,800,true,0.85
"FPT",111625,"/Date(1702268203000)/",95000,500,1033100,98433000000,800,true,0.85
"FPT",111559,"/Date(1702268178000)/",95000,5300,1032600,98385000000,800,true,0.85
"FPT",111505,"/Date(1702268121000)/",95100,1000,1027300,97882000000,900,false,0.96
"FPT",111449,"/Date(1702268105000)/",95100,200,1026300,97787000000,900,false,0.96
"FPT",111443,"/Date(1702268098000)/",95100,100,1026100,97768000000,900,true,0.96
"FPT",111436,"/Date(1702268093000)/",95100,100,1026000,97758000000,900,true,0.96
"FPT",111436,"/Date(1702268092000)/",95100,100,1025900,97749000000,900,true,0.96
"FPT",111401,"/Date(1702268059000)/",95100,100,1025800,97739000000,900,true,0.96
"FPT",111355,"/Date(1702268053000)/",95100,5400,1025700,97730000000,900,true,0.96
"FPT",111349,"/Date(1702268046000)/",95100,5400,1020300,97216000000,900,true,0.96
"FPT",111333,"/Date(1702268030000)/",95200,500,1014900,96703000000,1000,false,1.06
"FPT",111333,"/Date(1702268030000)/",95200,500,1014400,96655000000,1000,false,1.06
"FPT",111333,"/Date(1702268030000)/",95200,200,1013900,96607000000,1000,false,1.06
"FPT",111333,"/Date(1702268030000)/",95200,100,1013700,96588000000,1000,false,1.06
"FPT",111333,"/Date(1702268030000)/",95200,100,1013600,96579000000,1000,false,1.06
"FPT",111333,"/Date(1702268030000)/",95200,500,1013500,96569000000,1000,false,1.06
"FPT",111333,"/Date(1702268030000)/",95200,100,1013000,96522000000,1000,false,1.06
"FPT",111333,"/Date(1702268030000)/",95200,100,1012900,96512000000,1000,false,1.06
"FPT",111333,"/Date(1702268030000)/",95200,1300,1012800,96503000000,1000,false,1.06
"FPT",111333,"/Date(1702268030000)/",95200,100,1011500,96379000000,1000,false,1.06
"FPT",111333,"/Date(1702268030000)/",95200,100,1011400,96369000000,1000,false,1.06
"FPT",111333,"/Date(1702268030000)/",95200,1400,1011300,96360000000,1000,false,1.06
"FPT",111314,"/Date(1702268009000)/",95200,100,1009900,96227000000,1000,false,1.06
"FPT",111310,"/Date(1702268006000)/",95100,100,1009800,96217000000,900,true,0.96
"FPT",111307,"/Date(1702268003000)/",95100,3300,1009700,96208000000,900,true,0.96
"FPT",111251,"/Date(1702267987000)/",95100,3500,1006400,95894000000,900,true,0.96
"FPT",111248,"/Date(1702267985000)/",95100,800,1002900,95561000000,900,true,0.96
"FPT",111245,"/Date(1702267981000)/",95100,800,1002100,95485000000,900,false,0.96
"FPT",111245,"/Date(1702267980000)/",95100,100,1001300,95409000000,900,false,0.96
"FPT",111245,"/Date(1702267980000)/",95100,100,1001200,95399000000,900,false,0.96
"FPT",111245,"/Date(1702267980000)/",95100,100,1001100,95390000000,900,false,0.96
"FPT",111147,"/Date(1702267924000)/",95000,500,1001000,95380000000,800,true,0.85
"FPT",111135,"/Date(1702267911000)/",95000,200,1000500,95333000000,800,true,0.85
"FPT",111056,"/Date(1702267872000)/",95100,100,1000300,95314000000,900,true,0.96
"FPT",111050,"/Date(1702267867000)/",95100,100,1000200,95304000000,900,true,0.96
"FPT",111021,"/Date(1702267838000)/",95100,100,1000100,95295000000,900,false,0.96
"FPT",111021,"/Date(1702267838000)/",95100,800,1000000,95285000000,900,false,0.96
"FPT",110858,"/Date(1702267753000)/",95100,100,999200,95209000000,900,true,0.96
"FPT",110858,"/Date(1702267753000)/",95100,100,999100,95200000000,900,true,0.96
"FPT",110814,"/Date(1702267709000)/",95100,200,999000,95190000000,900,true,0.96
"FPT",110739,"/Date(1702267675000)/",95100,100,998800,95171000000,900,true,0.96
"FPT",110648,"/Date(1702267624000)/",95000,200,998700,95162000000,800,true,0.85
"FPT",110648,"/Date(1702267624000)/",95100,1100,998500,95143000000,900,true,0.96
"FPT",110635,"/Date(1702267610000)/",95200,300,997400,95038000000,1000,false,1.06
"FPT",110612,"/Date(1702267587000)/",95100,100,997100,95009000000,900,true,0.96
"FPT",110600,"/Date(1702267574000)/",95100,700,997000,95000000000,900,false,0.96
"FPT",110557,"/Date(1702267574000)/",95100,300,996300,94933000000,900,false,0.96
"FPT",110557,"/Date(1702267574000)/",95100,200,996000,94905000000,900,false,0.96
"FPT",110553,"/Date(1702267568000)/",95000,200,995800,94886000000,800,true,0.85
"FPT",110537,"/Date(1702267555000)/",95100,2000,995600,94867000000,900,true,0.96
"FPT",110537,"/Date(1702267555000)/",95100,2800,993600,94677000000,900,true,0.96
"FPT",110512,"/Date(1702267529000)/",95100,400,990800,94410000000,900,true,0.96
"FPT",110431,"/Date(1702267486000)/",95100,500,990400,94372000000,900,true,0.96
"FPT",110427,"/Date(1702267482000)/",95100,100,989900,94325000000,900,true,0.96
"FPT",110411,"/Date(1702267468000)/",95100,1000,989800,94315000000,900,true,0.96
"FPT",110405,"/Date(1702267462000)/",95100,200,988800,94220000000,900,true,0.96
"FPT",110405,"/Date(1702267462000)/",95100,500,988600,94201000000,900,true,0.96
"FPT",110405,"/Date(1702267462000)/",95100,300,988100,94153000000,900,true,0.96
"FPT",110327,"/Date(1702267424000)/",95100,100,987800,94125000000,900,true,0.96
"FPT",110255,"/Date(1702267390000)/",95100,500,987700,94115000000,900,true,0.96
"FPT",110255,"/Date(1702267390000)/",95100,500,987200,94068000000,900,true,0.96
"FPT",110255,"/Date(1702267390000)/",95100,200,986700,94020000000,900,true,0.96
"FPT",110255,"/Date(1702267390000)/",95100,100,986500,94001000000,900,true,0.96
"FPT",110255,"/Date(1702267390000)/",95100,100,986400,93992000000,900,true,0.96
"FPT",110255,"/Date(1702267390000)/",95100,100,986300,93982000000,900,true,0.96
"FPT",110255,"/Date(1702267390000)/",95100,100,986200,93973000000,900,true,0.96
"FPT",110223,"/Date(1702267359000)/",95100,900,986100,93963000000,900,false,0.96
"FPT",110223,"/Date(1702267359000)/",95100,900,985200,93878000000,900,false,0.96
"FPT",110217,"/Date(1702267352000)/",95000,600,984300,93792000000,800,true,0.85
"FPT",105921,"/Date(1702267177000)/",95000,100,983700,93735000000,800,true,0.85
"FPT",105921,"/Date(1702267176000)/",95100,4100,983600,93726000000,900,false,0.96
"FPT",105921,"/Date(1702267176000)/",95100,500,979500,93336000000,900,false,0.96
"FPT",105921,"/Date(1702267176000)/",95100,400,979000,93288000000,900,false,0.96
"FPT",105912,"/Date(1702267167000)/",95000,5000,978600,93250000000,800,true,0.85
"FPT",105902,"/Date(1702267157000)/",95000,3000,973600,92775000000,800,false,0.85
"FPT",105902,"/Date(1702267157000)/",95000,500,970600,92490000000,800,false,0.85
"FPT",105902,"/Date(1702267157000)/",95000,2400,970100,92443000000,800,false,0.85
"FPT",105859,"/Date(1702267155000)/",95000,3200,967700,92215000000,800,false,0.85
"FPT",105859,"/Date(1702267155000)/",95000,500,964500,91911000000,800,false,0.85
"FPT",105859,"/Date(1702267155000)/",95000,1300,964000,91863000000,800,false,0.85
"FPT",105843,"/Date(1702267139000)/",95000,700,962700,91740000000,800,false,0.85
"FPT",105843,"/Date(1702267139000)/",95000,4300,962000,91673000000,800,false,0.85
"FPT",105821,"/Date(1702267116000)/",95000,300,957700,91265000000,800,false,0.85
"FPT",105415,"/Date(1702266868000)/",94900,600,957400,91236000000,700,true,0.74
"FPT",105324,"/Date(1702266818000)/",94900,300,956800,91179000000,700,true,0.74
"FPT",105305,"/Date(1702266799000)/",95000,400,956500,91151000000,800,true,0.85
"FPT",105305,"/Date(1702266799000)/",95000,600,956100,91113000000,800,true,0.85
"FPT",105305,"/Date(1702266799000)/",95000,1000,955500,91056000000,800,true,0.85
"FPT",105305,"/Date(1702266799000)/",95000,300,954500,90961000000,800,true,0.85
"FPT",105305,"/Date(1702266799000)/",95000,200,954200,90932000000,800,true,0.85
"FPT",105305,"/Date(1702266799000)/",95000,100,954000,90913000000,800,true,0.85
"FPT",105305,"/Date(1702266799000)/",95000,200,953900,90904000000,800,true,0.85
"FPT",105305,"/Date(1702266799000)/",95000,100,953700,90885000000,800,true,0.85
"FPT",105305,"/Date(1702266799000)/",95000,100,953600,90875000000,800,true,0.85
"FPT",105305,"/Date(1702266799000)/",95000,100,953500,90866000000,800,true,0.85
"FPT",105305,"/Date(1702266799000)/",95000,1300,953400,90856000000,800,true,0.85
"FPT",105233,"/Date(1702266768000)/",95000,100,952100,90733000000,800,true,0.85
"FPT",105220,"/Date(1702266755000)/",95000,200,952000,90723000000,800,true,0.85
"FPT",105107,"/Date(1702266680000)/",95000,400,951800,90704000000,800,true,0.85
"FPT",105107,"/Date(1702266680000)/",95000,4000,951400,90666000000,800,true,0.85
"FPT",105107,"/Date(1702266680000)/",95000,600,947400,90286000000,800,true,0.85
"FPT",105057,"/Date(1702266671000)/",95000,100,946800,90229000000,800,true,0.85
"FPT",105035,"/Date(1702266648000)/",95000,100,946700,90220000000,800,true,0.85
"FPT",105035,"/Date(1702266648000)/",95000,200,946600,90210000000,800,true,0.85
"FPT",104928,"/Date(1702266584000)/",95100,100,946400,90191000000,900,false,0.96
"FPT",104856,"/Date(1702266552000)/",95000,1300,946300,90182000000,800,true,0.85
"FPT",104856,"/Date(1702266552000)/",95100,100,945000,90058000000,900,true,0.96
"FPT",104856,"/Date(1702266552000)/",95100,100,944900,90049000000,900,true,0.96
"FPT",104856,"/Date(1702266552000)/",95100,100,944800,90039000000,900,true,0.96
"FPT",104856,"/Date(1702266552000)/",95100,800,944700,90030000000,900,true,0.96
"FPT",104850,"/Date(1702266543000)/",95100,4200,943900,89954000000,900,true,0.96
"FPT",104850,"/Date(1702266543000)/",95100,800,939700,89554000000,900,true,0.96
"FPT",104818,"/Date(1702266511000)/",95100,1900,938900,89478000000,900,true,0.96
"FPT",104818,"/Date(1702266511000)/",95100,3000,937000,89297000000,900,true,0.96
"FPT",104818,"/Date(1702266511000)/",95100,100,934000,89012000000,900,true,0.96
"FPT",104740,"/Date(1702266472000)/",95200,100,933900,89003000000,1000,false,1.06
"FPT",104730,"/Date(1702266464000)/",95100,100,933800,88993000000,900,true,0.96
"FPT",104655,"/Date(1702266428000)/",95100,200,933700,88984000000,900,true,0.96
"FPT",104623,"/Date(1702266398000)/",95200,100,933500,88964000000,1000,false,1.06
"FPT",104535,"/Date(1702266351000)/",95100,100,933400,88955000000,900,true,0.96
"FPT",104507,"/Date(1702266320000)/",95100,500,933300,88945000000,900,true,0.96
"FPT",104500,"/Date(1702266314000)/",95100,100,932800,88898000000,900,true,0.96
"FPT",104448,"/Date(1702266300000)/",95100,800,932700,88888000000,900,true,0.96
"FPT",104441,"/Date(1702266294000)/",95100,800,931900,88812000000,900,true,0.96
"FPT",104416,"/Date(1702266271000)/",95200,100,931100,88736000000,1000,false,1.06
"FPT",104416,"/Date(1702266271000)/",95200,400,931000,88727000000,1000,false,1.06
"FPT",104400,"/Date(1702266255000)/",95200,100,930600,88689000000,1000,false,1.06
"FPT",104400,"/Date(1702266252000)/",95100,200,930500,88679000000,900,true,0.96
"FPT",104344,"/Date(1702266238000)/",95100,100,930300,88660000000,900,true,0.96
"FPT",104344,"/Date(1702266238000)/",95100,100,930200,88651000000,900,true,0.96
"FPT",104344,"/Date(1702266238000)/",95100,100,930100,88641000000,900,true,0.96
"FPT",104344,"/Date(1702266238000)/",95100,700,930000,88632000000,900,true,0.96
"FPT",104341,"/Date(1702266234000)/",95100,1700,929300,88565000000,900,true,0.96
"FPT",104328,"/Date(1702266220000)/",95100,4100,927600,88403000000,900,true,0.96
"FPT",104328,"/Date(1702266220000)/",95100,1600,923500,88013000000,900,true,0.96
"FPT",104253,"/Date(1702266185000)/",95200,100,921900,87861000000,1000,false,1.06
"FPT",104253,"/Date(1702266185000)/",95200,100,921800,87852000000,1000,false,1.06
"FPT",104253,"/Date(1702266185000)/",95200,100,921700,87842000000,1000,false,1.06
"FPT",104253,"/Date(1702266185000)/",95200,100,921600,87833000000,1000,false,1.06
"FPT",104253,"/Date(1702266185000)/",95200,100,921500,87823000000,1000,false,1.06
"FPT",104247,"/Date(1702266180000)/",95100,100,921400,87814000000,900,true,0.96
"FPT",104221,"/Date(1702266154000)/",95100,500,921300,87804000000,900,true,0.96
"FPT",104156,"/Date(1702266131000)/",95200,100,920800,87757000000,1000,false,1.06
"FPT",104130,"/Date(1702266104000)/",95100,100,920700,87747000000,900,true,0.96
"FPT",104127,"/Date(1702266100000)/",95200,2400,920600,87738000000,1000,false,1.06
"FPT",104124,"/Date(1702266099000)/",95200,100,918200,87509000000,1000,false,1.06
"FPT",104121,"/Date(1702266094000)/",95200,2300,918100,87500000000,1000,false,1.06
"FPT",104121,"/Date(1702266094000)/",95200,500,915800,87281000000,1000,false,1.06
"FPT",104121,"/Date(1702266094000)/",95200,2000,915300,87233000000,1000,false,1.06
"FPT",104121,"/Date(1702266094000)/",95200,200,913300,87043000000,1000,false,1.06
"FPT",104114,"/Date(1702266087000)/",95200,100,913100,87024000000,1000,false,1.06
"FPT",104058,"/Date(1702266070000)/",95100,500,913000,87014000000,900,false,0.96
"FPT",104058,"/Date(1702266070000)/",95100,100,912500,86967000000,900,false,0.96
"FPT",104058,"/Date(1702266070000)/",95100,200,912400,86957000000,900,false,0.96
"FPT",104058,"/Date(1702266070000)/",95100,2000,912200,86938000000,900,false,0.96
"FPT",104058,"/Date(1702266070000)/",95100,24900,910200,86748000000,900,false,0.96
"FPT",104010,"/Date(1702266025000)/",95100,100,885300,84380000000,900,false,0.96
"FPT",104001,"/Date(1702266016000)/",95000,200,885200,84370000000,800,false,0.85
"FPT",104001,"/Date(1702266016000)/",95000,100,885000,84351000000,800,false,0.85
"FPT",104001,"/Date(1702266016000)/",95000,100,884900,84342000000,800,false,0.85
"FPT",104001,"/Date(1702266016000)/",95000,100,884800,84332000000,800,false,0.85
"FPT",104001,"/Date(1702266016000)/",95000,300,884700,84323000000,800,false,0.85
"FPT",104001,"/Date(1702266016000)/",95000,400,884400,84294000000,800,false,0.85
"FPT",104001,"/Date(1702266016000)/",95000,100,884000,84256000000,800,false,0.85
"FPT",104001,"/Date(1702266016000)/",95000,500,883900,84247000000,800,false,0.85
"FPT",104001,"/Date(1702266016000)/",95000,100,883400,84199000000,800,false,0.85
"FPT",104001,"/Date(1702266016000)/",95000,600,883300,84190000000,800,false,0.85
"FPT",103958,"/Date(1702266011000)/",95000,300,882700,84133000000,800,false,0.85
"FPT",103954,"/Date(1702266007000)/",95000,100,882400,84104000000,800,false,0.85
"FPT",103954,"/Date(1702266007000)/",95000,200,882300,84095000000,800,false,0.85
"FPT",103954,"/Date(1702266007000)/",95000,300,882100,84076000000,800,false,0.85
"FPT",103954,"/Date(1702266007000)/",95000,300,881800,84047000000,800,false,0.85
"FPT",103954,"/Date(1702266007000)/",95000,300,881500,84019000000,800,false,0.85
"FPT",103954,"/Date(1702266007000)/",95000,100,881200,83990000000,800,false,0.85
"FPT",103954,"/Date(1702266006000)/",95000,500,881100,83981000000,800,false,0.85
"FPT",103954,"/Date(1702266006000)/",95000,500,880600,83933000000,800,false,0.85
"FPT",103954,"/Date(1702266006000)/",95000,100,880100,83886000000,800,false,0.85
"FPT",103954,"/Date(1702266006000)/",95000,300,880000,83876000000,800,false,0.85
"FPT",103954,"/Date(1702266006000)/",95000,400,879700,83848000000,800,false,0.85
"FPT",103954,"/Date(1702266006000)/",95000,100,879300,83810000000,800,false,0.85
"FPT",103954,"/Date(1702266006000)/",95000,100,879200,83800000000,800,false,0.85
"FPT",103954,"/Date(1702266006000)/",95000,200,879100,83791000000,800,false,0.85
"FPT",103954,"/Date(1702266006000)/",95000,300,878900,83772000000,800,false,0.85
"FPT",103954,"/Date(1702266006000)/",95000,2000,878600,83743000000,800,false,0.85
"FPT",103954,"/Date(1702266006000)/",95000,500,876600,83553000000,800,false,0.85
"FPT",103951,"/Date(1702266006000)/",95000,200,876100,83506000000,800,false,0.85
"FPT",103951,"/Date(1702266005000)/",95000,500,875900,83487000000,800,false,0.85
"FPT",103945,"/Date(1702265999000)/",95000,1300,875400,83439000000,800,false,0.85
"FPT",103945,"/Date(1702265999000)/",95000,100,874100,83316000000,800,false,0.85
"FPT",103945,"/Date(1702265999000)/",95000,100,874000,83306000000,800,false,0.85
"FPT",103945,"/Date(1702265999000)/",95000,2200,873900,83297000000,800,false,0.85
"FPT",103945,"/Date(1702265999000)/",95000,100,871700,83088000000,800,false,0.85
"FPT",103945,"/Date(1702265999000)/",95000,200,871600,83078000000,800,false,0.85
"FPT",103945,"/Date(1702265999000)/",95000,500,871400,83059000000,800,false,0.85
"FPT",103945,"/Date(1702265999000)/",95000,500,870900,83012000000,800,false,0.85
"FPT",103942,"/Date(1702265995000)/",95000,1200,870400,82964000000,800,false,0.85
"FPT",103942,"/Date(1702265995000)/",95000,500,869200,82850000000,800,false,0.85
"FPT",103942,"/Date(1702265995000)/",95000,300,868700,82803000000,800,false,0.85
"FPT",103942,"/Date(1702265995000)/",95000,1000,868400,82774000000,800,false,0.85
"FPT",103939,"/Date(1702265993000)/",95000,3100,867400,82679000000,800,false,0.85
"FPT",103939,"/Date(1702265991000)/",95000,900,864300,82385000000,800,false,0.85
"FPT",103929,"/Date(1702265983000)/",95000,2200,863400,82299000000,800,false,0.85
"FPT",103929,"/Date(1702265983000)/",95000,2500,861200,82090000000,800,false,0.85
"FPT",103926,"/Date(1702265979000)/",95000,300,858700,81853000000,800,false,0.85
"FPT",103926,"/Date(1702265979000)/",95000,400,858400,81824000000,800,false,0.85
"FPT",103926,"/Date(1702265979000)/",95000,500,858000,81786000000,800,false,0.85
"FPT",103926,"/Date(1702265979000)/",95000,200,857500,81739000000,800,false,0.85
"FPT",103926,"/Date(1702265979000)/",95000,100,857300,81720000000,800,false,0.85
"FPT",103926,"/Date(1702265979000)/",95000,500,857200,81710000000,800,false,0.85
"FPT",103926,"/Date(1702265979000)/",95000,600,856700,81663000000,800,false,0.85
"FPT",103926,"/Date(1702265979000)/",95000,100,856100,81606000000,800,false,0.85
"FPT",103926,"/Date(1702265979000)/",95000,100,856000,81596000000,800,false,0.85
"FPT",103926,"/Date(1702265979000)/",95000,400,855900,81587000000,800,false,0.85
"FPT",103926,"/Date(1702265979000)/",95000,11800,855500,81549000000,800,false,0.85
"FPT",103857,"/Date(1702265949000)/",95000,3000,843700,80428000000,800,false,0.85
"FPT",103854,"/Date(1702265947000)/",95000,500,840700,80143000000,800,false,0.85
"FPT",103841,"/Date(1702265936000)/",95000,500,840200,80095000000,800,false,0.85
"FPT",103825,"/Date(1702265917000)/",94900,200,839700,80048000000,700,true,0.74
"FPT",103822,"/Date(1702265916000)/",94900,500,839500,80029000000,700,true,0.74
"FPT",103819,"/Date(1702265913000)/",94900,200,839000,79981000000,700,true,0.74
"FPT",103812,"/Date(1702265905000)/",94900,200,838800,79962000000,700,true,0.74
"FPT",103750,"/Date(1702265882000)/",94900,100,838600,79943000000,700,false,0.74
"FPT",103750,"/Date(1702265882000)/",94900,500,838500,79934000000,700,false,0.74
"FPT",103750,"/Date(1702265882000)/",94900,100,838000,79886000000,700,false,0.74
"FPT",103750,"/Date(1702265882000)/",94900,2700,837900,79877000000,700,false,0.74
"FPT",103747,"/Date(1702265879000)/",94800,100,835200,79621000000,600,true,0.64
"FPT",103627,"/Date(1702265800000)/",94900,500,835100,79611000000,700,false,0.74
"FPT",103601,"/Date(1702265775000)/",94900,200,834600,79564000000,700,false,0.74
"FPT",103514,"/Date(1702265725000)/",94900,100,834400,79545000000,700,false,0.74
"FPT",103432,"/Date(1702265684000)/",94900,100,834300,79535000000,700,true,0.74
"FPT",103432,"/Date(1702265684000)/",94900,400,834200,79526000000,700,true,0.74
"FPT",103429,"/Date(1702265682000)/",95000,200,833800,79488000000,800,false,0.85
"FPT",103426,"/Date(1702265680000)/",94900,200,833600,79469000000,700,true,0.74
"FPT",103413,"/Date(1702265667000)/",94900,300,833400,79450000000,700,true,0.74
"FPT",103410,"/Date(1702265664000)/",94900,1000,833100,79421000000,700,false,0.74
"FPT",103410,"/Date(1702265664000)/",94900,100,832100,79327000000,700,false,0.74
"FPT",103250,"/Date(1702265582000)/",94900,200,832000,79317000000,700,false,0.74
"FPT",103234,"/Date(1702265566000)/",94800,200,831800,79298000000,600,true,0.64
"FPT",103222,"/Date(1702265554000)/",94900,100,831600,79279000000,700,false,0.74
"FPT",103206,"/Date(1702265539000)/",94900,100,831500,79270000000,700,true,0.74
"FPT",103206,"/Date(1702265539000)/",94900,100,831400,79260000000,700,true,0.74
"FPT",103124,"/Date(1702265497000)/",94900,200,831300,79251000000,700,false,0.74
"FPT",103124,"/Date(1702265496000)/",94900,100,831100,79232000000,700,false,0.74
"FPT",103124,"/Date(1702265496000)/",94900,200,831000,79222000000,700,false,0.74
"FPT",103124,"/Date(1702265496000)/",94900,100,830800,79203000000,700,false,0.74
"FPT",103124,"/Date(1702265496000)/",94900,100,830700,79194000000,700,false,0.74
"FPT",103124,"/Date(1702265496000)/",94900,200,830600,79184000000,700,false,0.74
"FPT",103124,"/Date(1702265496000)/",94900,200,830400,79165000000,700,false,0.74
"FPT",103124,"/Date(1702265496000)/",94900,100,830200,79146000000,700,false,0.74
"FPT",103102,"/Date(1702265475000)/",94900,300,830100,79137000000,700,false,0.74
"FPT",103056,"/Date(1702265469000)/",94900,500,829800,79108000000,700,false,0.74
"FPT",103049,"/Date(1702265463000)/",94900,500,829300,79061000000,700,false,0.74
"FPT",102926,"/Date(1702265377000)/",94900,200,828800,79013000000,700,false,0.74
"FPT",102920,"/Date(1702265373000)/",94900,100,828600,78994000000,700,false,0.74
"FPT",102910,"/Date(1702265364000)/",94900,1000,828500,78985000000,700,true,0.74
"FPT",102910,"/Date(1702265364000)/",94900,2300,827500,78890000000,700,true,0.74
"FPT",102901,"/Date(1702265352000)/",94900,700,825200,78672000000,700,true,0.74
"FPT",102741,"/Date(1702265272000)/",94900,100,824500,78605000000,700,true,0.74
"FPT",102741,"/Date(1702265272000)/",94900,100,824400,78596000000,700,true,0.74
"FPT",102738,"/Date(1702265269000)/",94900,1000,824300,78586000000,700,true,0.74
"FPT",102715,"/Date(1702265249000)/",94900,100,823300,78491000000,700,false,0.74
"FPT",102715,"/Date(1702265249000)/",94900,1000,823200,78482000000,700,false,0.74
"FPT",102715,"/Date(1702265249000)/",94900,2000,822200,78387000000,700,false,0.74
"FPT",102715,"/Date(1702265249000)/",94900,1000,820200,78197000000,700,false,0.74
"FPT",102715,"/Date(1702265249000)/",94900,200,819200,78102000000,700,false,0.74
"FPT",102715,"/Date(1702265249000)/",94900,200,819000,78083000000,700,false,0.74
"FPT",102715,"/Date(1702265249000)/",94900,300,818800,78064000000,700,false,0.74
"FPT",102715,"/Date(1702265249000)/",94900,1000,818500,78036000000,700,false,0.74
"FPT",102608,"/Date(1702265181000)/",94800,100,817500,77941000000,600,true,0.64
"FPT",102556,"/Date(1702265168000)/",94800,100,817400,77932000000,600,true,0.64
"FPT",102543,"/Date(1702265155000)/",94900,100,817300,77922000000,700,false,0.74
"FPT",102458,"/Date(1702265111000)/",94800,100,817200,77913000000,600,true,0.64
"FPT",102351,"/Date(1702265043000)/",94800,500,817100,77903000000,600,true,0.64
"FPT",102351,"/Date(1702265043000)/",94800,400,816600,77856000000,600,true,0.64
"FPT",102351,"/Date(1702265043000)/",94800,100,816200,77818000000,600,true,0.64
"FPT",102351,"/Date(1702265043000)/",94800,100,816100,77808000000,600,true,0.64
"FPT",102351,"/Date(1702265043000)/",94800,1000,816000,77799000000,600,true,0.64
"FPT",102351,"/Date(1702265043000)/",94800,100,815000,77704000000,600,true,0.64
"FPT",102351,"/Date(1702265043000)/",94800,500,814900,77695000000,600,true,0.64
"FPT",102351,"/Date(1702265043000)/",94800,200,814400,77647000000,600,true,0.64
"FPT",102351,"/Date(1702265043000)/",94800,100,814200,77628000000,600,true,0.64
"FPT",102351,"/Date(1702265043000)/",94800,600,814100,77619000000,600,true,0.64
"FPT",102351,"/Date(1702265043000)/",94800,2000,813500,77562000000,600,true,0.64
"FPT",102351,"/Date(1702265043000)/",94800,4400,811500,77372000000,600,true,0.64
"FPT",102313,"/Date(1702265006000)/",94800,10000,807100,76955000000,600,true,0.64
"FPT",102251,"/Date(1702264983000)/",94800,200,797100,76007000000,600,true,0.64
"FPT",102238,"/Date(1702264970000)/",94800,5400,796900,75988000000,600,true,0.64
"FPT",102238,"/Date(1702264970000)/",94800,2000,791500,75476000000,600,true,0.64
"FPT",102238,"/Date(1702264970000)/",94800,100,789500,75287000000,600,true,0.64
"FPT",102238,"/Date(1702264970000)/",94800,100,789400,75277000000,600,true,0.64
"FPT",102238,"/Date(1702264970000)/",94800,500,789300,75268000000,600,true,0.64
"FPT",102238,"/Date(1702264970000)/",94800,1900,788800,75220000000,600,true,0.64
"FPT",102215,"/Date(1702264948000)/",94800,1000,786900,75040000000,600,true,0.64
"FPT",102209,"/Date(1702264941000)/",94900,100,785900,74945000000,700,false,0.74
"FPT",102143,"/Date(1702264915000)/",94900,100,785800,74936000000,700,false,0.74
"FPT",102134,"/Date(1702264906000)/",94800,2000,785700,74926000000,600,true,0.64
"FPT",102049,"/Date(1702264862000)/",94900,500,783700,74737000000,700,false,0.74
"FPT",102049,"/Date(1702264862000)/",94900,500,783200,74689000000,700,false,0.74
"FPT",102049,"/Date(1702264862000)/",94900,100,782700,74642000000,700,false,0.74
"FPT",102049,"/Date(1702264862000)/",94900,100,782600,74632000000,700,false,0.74
"FPT",102049,"/Date(1702264862000)/",94900,1000,782500,74623000000,700,false,0.74
"FPT",102049,"/Date(1702264862000)/",94900,200,781500,74528000000,700,false,0.74
"FPT",102049,"/Date(1702264862000)/",94900,100,781300,74509000000,700,false,0.74
"FPT",102049,"/Date(1702264862000)/",94900,100,781200,74499000000,700,false,0.74
"FPT",102049,"/Date(1702264862000)/",94900,100,781100,74490000000,700,false,0.74
"FPT",102008,"/Date(1702264819000)/",94900,100,781000,74481000000,700,true,0.74
"FPT",101958,"/Date(1702264810000)/",94900,100,780900,74471000000,700,true,0.74
"FPT",101958,"/Date(1702264810000)/",94900,400,780800,74462000000,700,true,0.74
"FPT",101946,"/Date(1702264797000)/",94900,100,780400,74424000000,700,true,0.74
"FPT",101813,"/Date(1702264704000)/",95000,1500,780300,74414000000,800,false,0.85
"FPT",101807,"/Date(1702264699000)/",94900,500,778800,74272000000,700,true,0.74
"FPT",101807,"/Date(1702264699000)/",94900,4900,778300,74224000000,700,true,0.74
"FPT",101757,"/Date(1702264689000)/",94900,400,773400,73759000000,700,true,0.74
"FPT",101729,"/Date(1702264658000)/",94900,200,773000,73721000000,700,true,0.74
"FPT",101625,"/Date(1702264597000)/",94900,100,772800,73702000000,700,true,0.74
"FPT",101452,"/Date(1702264503000)/",94900,100,772700,73693000000,700,true,0.74
"FPT",101427,"/Date(1702264478000)/",95000,100,772600,73683000000,800,false,0.85
"FPT",101417,"/Date(1702264467000)/",95000,1000,772500,73674000000,800,false,0.85
"FPT",101317,"/Date(1702264406000)/",95000,3700,771500,73579000000,800,false,0.85
"FPT",101128,"/Date(1702264298000)/",94900,700,767800,73227000000,700,true,0.74
"FPT",101116,"/Date(1702264287000)/",94900,3600,767100,73161000000,700,true,0.74
"FPT",101116,"/Date(1702264287000)/",94900,100,763500,72819000000,700,true,0.74
"FPT",101116,"/Date(1702264287000)/",94900,200,763400,72810000000,700,true,0.74
"FPT",101116,"/Date(1702264287000)/",94900,1000,763200,72791000000,700,true,0.74
"FPT",101116,"/Date(1702264287000)/",94900,100,762200,72696000000,700,true,0.74
"FPT",101116,"/Date(1702264287000)/",94900,2500,762100,72686000000,700,true,0.74
"FPT",101116,"/Date(1702264287000)/",94900,100,759600,72449000000,700,true,0.74
"FPT",101116,"/Date(1702264287000)/",94900,1000,759500,72440000000,700,true,0.74
"FPT",101116,"/Date(1702264287000)/",94900,1000,758500,72345000000,700,true,0.74
"FPT",101116,"/Date(1702264287000)/",94900,200,757500,72250000000,700,true,0.74
"FPT",101116,"/Date(1702264287000)/",94900,200,757300,72231000000,700,true,0.74
"FPT",101109,"/Date(1702264281000)/",94900,400,757100,72212000000,700,true,0.74
"FPT",101024,"/Date(1702264235000)/",94900,1900,756700,72174000000,700,true,0.74
"FPT",101024,"/Date(1702264235000)/",94900,100,754800,71993000000,700,true,0.74
"FPT",101024,"/Date(1702264235000)/",94900,1700,754700,71984000000,700,true,0.74
"FPT",101024,"/Date(1702264235000)/",94900,1300,753000,71823000000,700,true,0.74
"FPT",100956,"/Date(1702264207000)/",94900,700,751700,71699000000,700,true,0.74
"FPT",100956,"/Date(1702264207000)/",94900,300,751000,71633000000,700,true,0.74
"FPT",100855,"/Date(1702264147000)/",94900,500,750700,71604000000,700,true,0.74
"FPT",100855,"/Date(1702264147000)/",94900,3100,750200,71557000000,700,true,0.74
"FPT",100855,"/Date(1702264147000)/",94900,100,747100,71263000000,700,true,0.74
"FPT",100855,"/Date(1702264147000)/",94900,100,747000,71253000000,700,true,0.74
"FPT",100855,"/Date(1702264147000)/",94900,200,746900,71244000000,700,true,0.74
"FPT",100842,"/Date(1702264132000)/",94900,500,746700,71225000000,700,true,0.74
"FPT",100839,"/Date(1702264131000)/",95000,300,746200,71177000000,800,false,0.85
"FPT",100752,"/Date(1702264081000)/",94900,100,745900,71149000000,700,true,0.74
"FPT",100531,"/Date(1702263941000)/",94900,100,745800,71139000000,700,true,0.74
"FPT",100447,"/Date(1702263897000)/",94900,200,745700,71130000000,700,true,0.74
"FPT",100440,"/Date(1702263891000)/",94900,100,745500,71111000000,700,true,0.74
"FPT",100346,"/Date(1702263837000)/",94900,200,745400,71101000000,700,true,0.74
"FPT",100327,"/Date(1702263816000)/",95000,100,745200,71082000000,800,false,0.85
"FPT",100321,"/Date(1702263811000)/",95000,100,745100,71073000000,800,false,0.85
"FPT",100314,"/Date(1702263804000)/",95000,100,745000,71063000000,800,false,0.85
"FPT",100311,"/Date(1702263800000)/",94900,500,744900,71054000000,700,true,0.74
"FPT",100255,"/Date(1702263787000)/",94900,100,744400,71006000000,700,true,0.74
"FPT",100246,"/Date(1702263774000)/",95000,1000,744300,70997000000,800,false,0.85
"FPT",100226,"/Date(1702263758000)/",95000,500,743300,70902000000,800,false,0.85
"FPT",100223,"/Date(1702263753000)/",94900,1000,742800,70854000000,700,true,0.74
"FPT",100123,"/Date(1702263692000)/",94900,100,741800,70760000000,700,true,0.74
"FPT",100022,"/Date(1702263633000)/",94900,100,741700,70750000000,700,true,0.74
"FPT",100022,"/Date(1702263633000)/",94900,400,741600,70741000000,700,true,0.74
"FPT",100022,"/Date(1702263633000)/",94900,500,741200,70703000000,700,true,0.74
"FPT",100000,"/Date(1702263609000)/",95000,100,740700,70655000000,800,false,0.85
"FPT",95950,"/Date(1702263601000)/",95000,2800,740600,70646000000,800,false,0.85
"FPT",95947,"/Date(1702263597000)/",95000,200,737800,70380000000,800,false,0.85
"FPT",95934,"/Date(1702263584000)/",95000,2000,737600,70361000000,800,false,0.85
"FPT",95850,"/Date(1702263538000)/",94900,1600,735600,70171000000,700,true,0.74
"FPT",95752,"/Date(1702263483000)/",94900,1400,734000,70019000000,700,true,0.74
"FPT",95752,"/Date(1702263483000)/",94900,100,732600,69886000000,700,true,0.74
"FPT",95752,"/Date(1702263483000)/",94900,3900,732500,69877000000,700,true,0.74
"FPT",95717,"/Date(1702263447000)/",95000,300,728600,69506000000,800,false,0.85
"FPT",95717,"/Date(1702263446000)/",95000,100,728300,69478000000,800,false,0.85
"FPT",95658,"/Date(1702263429000)/",95000,1500,728200,69468000000,800,false,0.85
"FPT",95636,"/Date(1702263406000)/",94900,1000,726700,69326000000,700,true,0.74
"FPT",95627,"/Date(1702263396000)/",95000,400,725700,69231000000,800,false,0.85
"FPT",95548,"/Date(1702263359000)/",94900,1100,725300,69193000000,700,false,0.74
"FPT",95548,"/Date(1702263359000)/",94900,3900,724200,69089000000,700,false,0.74
"FPT",95548,"/Date(1702263359000)/",94900,500,720300,68718000000,700,false,0.74
"FPT",95548,"/Date(1702263359000)/",94900,2600,719800,68671000000,700,false,0.74
"FPT",95545,"/Date(1702263355000)/",94900,200,717200,68424000000,700,false,0.74
"FPT",95513,"/Date(1702263324000)/",94900,100,717000,68405000000,700,false,0.74
"FPT",95510,"/Date(1702263320000)/",94900,500,716900,68396000000,700,false,0.74
"FPT",95501,"/Date(1702263311000)/",94900,5000,716400,68348000000,700,false,0.74
"FPT",95448,"/Date(1702263297000)/",94800,100,711400,67874000000,600,true,0.64
"FPT",95448,"/Date(1702263297000)/",94800,500,711300,67864000000,600,true,0.64
"FPT",95448,"/Date(1702263297000)/",94800,200,710800,67817000000,600,true,0.64
"FPT",95448,"/Date(1702263297000)/",94800,200,710600,67798000000,600,true,0.64
"FPT",95448,"/Date(1702263296000)/",94800,300,710400,67779000000,600,true,0.64
"FPT",95448,"/Date(1702263296000)/",94800,100,710100,67751000000,600,true,0.64
"FPT",95435,"/Date(1702263284000)/",94900,500,710000,67741000000,700,false,0.74
"FPT",95435,"/Date(1702263284000)/",94900,500,709500,67694000000,700,false,0.74
"FPT",95435,"/Date(1702263284000)/",94900,600,709000,67646000000,700,false,0.74
"FPT",95435,"/Date(1702263283000)/",95000,2000,708400,67589000000,800,false,0.85
"FPT",95435,"/Date(1702263279000)/",94900,500,706400,67399000000,700,false,0.74
"FPT",95416,"/Date(1702263265000)/",94900,100,705900,67352000000,700,true,0.74
"FPT",95413,"/Date(1702263261000)/",94900,4000,705800,67342000000,700,false,0.74
"FPT",95413,"/Date(1702263261000)/",94900,100,701800,66963000000,700,false,0.74
"FPT",95413,"/Date(1702263261000)/",94900,2000,701700,66953000000,700,false,0.74
"FPT",95413,"/Date(1702263261000)/",94900,5000,699700,66763000000,700,false,0.74
"FPT",95413,"/Date(1702263261000)/",94900,2700,694700,66289000000,700,false,0.74
"FPT",95218,"/Date(1702263148000)/",94900,2000,692000,66033000000,700,true,0.74
"FPT",95218,"/Date(1702263148000)/",94900,300,690000,65843000000,700,true,0.74
"FPT",95150,"/Date(1702263118000)/",94900,1700,689700,65814000000,700,true,0.74
"FPT",95150,"/Date(1702263118000)/",94900,1000,688000,65653000000,700,true,0.74
"FPT",95150,"/Date(1702263118000)/",94900,2000,687000,65558000000,700,true,0.74
"FPT",95150,"/Date(1702263118000)/",94900,100,685000,65368000000,700,true,0.74
"FPT",95150,"/Date(1702263118000)/",94900,200,684900,65359000000,700,true,0.74
"FPT",95127,"/Date(1702263097000)/",94900,200,684700,65340000000,700,true,0.74
"FPT",95024,"/Date(1702263031000)/",95000,100,684500,65321000000,800,false,0.85
"FPT",94942,"/Date(1702262991000)/",95000,5000,684400,65312000000,800,false,0.85
"FPT",94933,"/Date(1702262981000)/",95000,300,679400,64837000000,800,false,0.85
"FPT",94926,"/Date(1702262973000)/",94900,100,679100,64808000000,700,true,0.74
"FPT",94926,"/Date(1702262973000)/",94900,2500,679000,64799000000,700,true,0.74
"FPT",94926,"/Date(1702262973000)/",94900,100,676500,64561000000,700,true,0.74
"FPT",94926,"/Date(1702262973000)/",94900,100,676400,64552000000,700,true,0.74
"FPT",94926,"/Date(1702262973000)/",94900,100,676300,64542000000,700,true,0.74
"FPT",94926,"/Date(1702262973000)/",94900,5100,676200,64533000000,700,true,0.74
"FPT",94920,"/Date(1702262969000)/",95000,500,671100,64049000000,800,false,0.85
"FPT",94901,"/Date(1702262950000)/",95000,3600,670600,64001000000,800,false,0.85
"FPT",94842,"/Date(1702262931000)/",95000,100,667000,63659000000,800,false,0.85
"FPT",94839,"/Date(1702262929000)/",94900,100,666900,63650000000,700,true,0.74
"FPT",94810,"/Date(1702262900000)/",94900,500,666800,63640000000,700,true,0.74
"FPT",94757,"/Date(1702262887000)/",94900,100,666300,63593000000,700,true,0.74
"FPT",94751,"/Date(1702262881000)/",94900,100,666200,63583000000,700,true,0.74
"FPT",94738,"/Date(1702262865000)/",94900,100,666100,63574000000,700,true,0.74
"FPT",94735,"/Date(1702262865000)/",94900,100,666000,63564000000,700,true,0.74
"FPT",94732,"/Date(1702262859000)/",94900,100,665900,63555000000,700,true,0.74
"FPT",94725,"/Date(1702262853000)/",94900,100,665800,63545000000,700,true,0.74
"FPT",94722,"/Date(1702262851000)/",94900,200,665700,63536000000,700,true,0.74
"FPT",94722,"/Date(1702262851000)/",94900,100,665500,63517000000,700,true,0.74
"FPT",94722,"/Date(1702262851000)/",94900,200,665400,63507000000,700,true,0.74
"FPT",94657,"/Date(1702262824000)/",94900,500,665200,63488000000,700,true,0.74
"FPT",94647,"/Date(1702262816000)/",95000,100,664700,63441000000,800,false,0.85
"FPT",94628,"/Date(1702262798000)/",95000,1500,664600,63432000000,800,true,0.85
"FPT",94628,"/Date(1702262798000)/",95000,100,663100,63289000000,800,true,0.85
"FPT",94628,"/Date(1702262798000)/",95000,500,663000,63280000000,800,true,0.85
"FPT",94628,"/Date(1702262798000)/",95000,500,662500,63232000000,800,true,0.85
"FPT",94628,"/Date(1702262798000)/",95000,400,662000,63185000000,800,true,0.85
"FPT",94628,"/Date(1702262798000)/",95000,3000,661600,63147000000,800,true,0.85
"FPT",94628,"/Date(1702262798000)/",95000,500,658600,62862000000,800,true,0.85
"FPT",94628,"/Date(1702262798000)/",95000,13200,658100,62814000000,800,true,0.85
"FPT",94628,"/Date(1702262798000)/",95000,300,644900,61560000000,800,true,0.85
