"Stockcode","Package","TradingDate","Price","Vol","TotalVol","TotalVal","Change","IsBuy","PerChange"
"LHG",144427,"/Date(1702280700000)/",30150,3000,37400,1130000000,-150,false,-0.5
"LHG",140958,"/Date(1702278631000)/",30500,100,34400,1040000000,200,false,0.66
"LHG",140949,"/Date(1702278621000)/",30300,100,34300,1037000000,0,false,0
"LHG",134859,"/Date(1702277370000)/",30200,1600,34200,1034000000,-100,true,-0.33
"LHG",134800,"/Date(1702277311000)/",30200,300,32600,985000000,-100,true,-0.33
"LHG",134555,"/Date(1702277185000)/",30250,200,32300,976000000,-50,false,-0.17
"LHG",134228,"/Date(1702276978000)/",30250,300,32100,970000000,-50,true,-0.17
"LHG",133842,"/Date(1702276750000)/",30250,500,31800,961000000,-50,true,-0.17
"LHG",133823,"/Date(1702276734000)/",30250,200,31300,946000000,-50,true,-0.17
"LHG",133702,"/Date(1702276650000)/",30200,100,31100,940000000,-100,true,-0.33
"LHG",133103,"/Date(1702276291000)/",30300,100,31000,937000000,0,false,0
"LHG",132907,"/Date(1702276177000)/",30200,100,30900,934000000,-100,false,-0.33
"LHG",132812,"/Date(1702276121000)/",30200,500,30800,931000000,-100,true,-0.33
"LHG",132812,"/Date(1702276121000)/",30200,500,30300,916000000,-100,true,-0.33
"LHG",132358,"/Date(1702275867000)/",30300,200,29800,901000000,0,false,0
"LHG",132139,"/Date(1702275728000)/",30300,100,29600,895000000,0,false,0
"LHG",131558,"/Date(1702275385000)/",30100,100,29500,892000000,-200,true,-0.66
"LHG",131323,"/Date(1702275230000)/",30200,500,29400,889000000,-100,true,-0.33
"LHG",131235,"/Date(1702275182000)/",30200,500,28900,874000000,-100,true,-0.33
"LHG",131032,"/Date(1702275058000)/",30100,100,28400,858000000,-200,true,-0.66
"LHG",131032,"/Date(1702275058000)/",30100,100,28300,855000000,-200,true,-0.66
"LHG",131032,"/Date(1702275058000)/",30100,200,28200,852000000,-200,true,-0.66
"LHG",130928,"/Date(1702274994000)/",30150,100,28000,846000000,-150,false,-0.5
"LHG",130513,"/Date(1702274739000)/",30100,300,27900,843000000,-200,true,-0.66
"LHG",130513,"/Date(1702274739000)/",30100,300,27600,834000000,-200,true,-0.66
"LHG",130503,"/Date(1702274729000)/",30100,200,27300,825000000,-200,true,-0.66
"LHG",130503,"/Date(1702274729000)/",30100,1500,27100,819000000,-200,true,-0.66
"LHG",130457,"/Date(1702274724000)/",30100,500,25600,774000000,-200,true,-0.66
"LHG",130457,"/Date(1702274724000)/",30100,300,25100,759000000,-200,true,-0.66
"LHG",130450,"/Date(1702274716000)/",30100,1400,24800,750000000,-200,true,-0.66
"LHG",130450,"/Date(1702274716000)/",30150,200,23400,708000000,-150,true,-0.5
"LHG",130438,"/Date(1702274704000)/",30150,600,23200,702000000,-150,true,-0.5
"LHG",130438,"/Date(1702274703000)/",30150,200,22600,684000000,-150,true,-0.5
"LHG",130431,"/Date(1702274698000)/",30200,400,22400,678000000,-100,true,-0.33
"LHG",130431,"/Date(1702274698000)/",30200,100,22000,666000000,-100,true,-0.33
"LHG",130418,"/Date(1702274686000)/",30200,400,21900,663000000,-100,true,-0.33
"LHG",130418,"/Date(1702274686000)/",30250,500,21500,651000000,-50,false,-0.17
"LHG",130418,"/Date(1702274686000)/",30250,300,21000,636000000,-50,false,-0.17
"LHG",130343,"/Date(1702274648000)/",30250,900,20700,626000000,-50,true,-0.17
"LHG",130336,"/Date(1702274643000)/",30250,500,19800,599000000,-50,false,-0.17
"LHG",130327,"/Date(1702274634000)/",30250,1500,19300,584000000,-50,false,-0.17
"LHG",130245,"/Date(1702274591000)/",30250,500,17800,539000000,-50,true,-0.17
"LHG",130245,"/Date(1702274591000)/",30250,100,17300,524000000,-50,true,-0.17
"LHG",130229,"/Date(1702274576000)/",30400,500,17200,521000000,100,true,0.33
"LHG",130029,"/Date(1702274457000)/",30600,400,16700,505000000,300,false,0.99
"LHG",130029,"/Date(1702274457000)/",30600,100,16300,493000000,300,false,0.99
"LHG",130029,"/Date(1702274457000)/",30600,100,16200,490000000,300,false,0.99
"LHG",130029,"/Date(1702274457000)/",30600,400,16100,487000000,300,false,0.99
"LHG",111408,"/Date(1702268063000)/",30600,100,15700,475000000,300,false,0.99
"LHG",110755,"/Date(1702267690000)/",30600,500,15600,472000000,300,true,0.99
"LHG",105135,"/Date(1702266710000)/",30650,400,15100,456000000,350,false,1.16
"LHG",105135,"/Date(1702266710000)/",30600,100,14700,444000000,300,false,0.99
"LHG",105135,"/Date(1702266710000)/",30600,400,14600,441000000,300,false,0.99
"LHG",104353,"/Date(1702266246000)/",30650,500,14200,429000000,350,false,1.16
"LHG",104007,"/Date(1702266022000)/",30700,1100,13700,414000000,400,false,1.32
"LHG",104007,"/Date(1702266022000)/",30700,800,12600,380000000,400,false,1.32
"LHG",104007,"/Date(1702266022000)/",30700,1000,11800,355000000,400,false,1.32
"LHG",104007,"/Date(1702266022000)/",30700,100,10800,325000000,400,false,1.32
"LHG",103954,"/Date(1702266007000)/",30700,100,10700,321000000,400,false,1.32
"LHG",101355,"/Date(1702264444000)/",30050,200,10600,318000000,-250,false,-0.83
"LHG",101342,"/Date(1702264433000)/",30050,100,10400,312000000,-250,true,-0.83
"LHG",101342,"/Date(1702264433000)/",30050,100,10300,309000000,-250,true,-0.83
"LHG",101018,"/Date(1702264228000)/",30050,100,10200,306000000,-250,true,-0.83
"LHG",101018,"/Date(1702264228000)/",30050,1000,10100,303000000,-250,true,-0.83
"LHG",101018,"/Date(1702264228000)/",30050,900,9100,273000000,-250,true,-0.83
"LHG",100846,"/Date(1702264137000)/",30050,1000,8200,246000000,-250,true,-0.83
"LHG",100239,"/Date(1702263769000)/",30050,100,7200,216000000,-250,true,-0.83
"LHG",100051,"/Date(1702263661000)/",30050,100,7100,213000000,-250,true,-0.83
"LHG",100051,"/Date(1702263661000)/",30050,100,7000,210000000,-250,true,-0.83
"LHG",100051,"/Date(1702263661000)/",30050,100,6900,207000000,-250,true,-0.83
"LHG",100051,"/Date(1702263661000)/",30050,2000,6800,204000000,-250,true,-0.83
"LHG",100051,"/Date(1702263661000)/",30100,100,4800,144000000,-200,true,-0.66
"LHG",100051,"/Date(1702263661000)/",30100,600,4700,141000000,-200,true,-0.66
"LHG",100051,"/Date(1702263661000)/",30100,1000,4100,123000000,-200,true,-0.66
"LHG",100051,"/Date(1702263661000)/",30100,200,3100,93000000,-200,true,-0.66
"LHG",100051,"/Date(1702263661000)/",30100,200,2900,87000000,-200,true,-0.66
"LHG",100051,"/Date(1702263661000)/",30100,100,2700,81000000,-200,true,-0.66
"LHG",100051,"/Date(1702263661000)/",30100,100,2600,78000000,-200,true,-0.66
"LHG",95507,"/Date(1702263317000)/",30100,200,2500,75000000,-200,true,-0.66
"LHG",95507,"/Date(1702263317000)/",30100,1000,2300,69000000,-200,true,-0.66
"LHG",95507,"/Date(1702263317000)/",30100,200,1300,39000000,-200,true,-0.66
"LHG",95507,"/Date(1702263317000)/",30100,400,1100,33000000,-200,true,-0.66
"LHG",95507,"/Date(1702263317000)/",30150,200,700,21000000,-150,true,-0.5
"LHG",93900,"/Date(1702262348000)/",30100,100,500,15000000,-200,true,-0.66
"LHG",93900,"/Date(1702262348000)/",30300,100,400,12000000,0,true,0
"LHG",93900,"/Date(1702262348000)/",30300,100,300,9000000,0,true,0
"LHG",93456,"/Date(1702262104000)/",30300,100,200,6000000,0,true,0
"LHG",91639,"/Date(1702261004000)/",30300,100,100,3000000,0,false,0
