"Stockcode","Package","TradingDate","Price","Vol","TotalVol","TotalVal","Change","IsBuy","PerChange"
"STB",144430,"/Date(1702280701000)/",27850,1166500,14345000,401518000000,-350,true,-1.24
"STB",142922,"/Date(1702279795000)/",27950,1000,13178500,369030000000,-250,true,-0.89
"STB",142922,"/Date(1702279792000)/",27950,200,13177500,369002000000,-250,true,-0.89
"STB",142922,"/Date(1702279792000)/",27950,10000,13177300,368997000000,-250,true,-0.89
"STB",142922,"/Date(1702279792000)/",27950,17700,13167300,368717000000,-250,true,-0.89
"STB",142922,"/Date(1702279788000)/",27950,5000,13149600,368222000000,-250,true,-0.89
"STB",142906,"/Date(1702279782000)/",27950,3000,13144600,368083000000,-250,false,-0.89
"STB",142906,"/Date(1702279781000)/",27950,200,13141600,367999000000,-250,false,-0.89
"STB",142906,"/Date(1702279780000)/",27950,900,13141400,367993000000,-250,false,-0.89
"STB",142903,"/Date(1702279779000)/",27950,200,13140500,367968000000,-250,true,-0.89
"STB",142903,"/Date(1702279778000)/",27950,1000,13140300,367962000000,-250,true,-0.89
"STB",142903,"/Date(1702279778000)/",27950,200,13139300,367935000000,-250,true,-0.89
"STB",142903,"/Date(1702279778000)/",27950,1800,13139100,367929000000,-250,true,-0.89
"STB",142900,"/Date(1702279776000)/",27950,200,13137300,367879000000,-250,true,-0.89
"STB",142900,"/Date(1702279775000)/",27950,1000,13137100,367873000000,-250,true,-0.89
"STB",142900,"/Date(1702279774000)/",27950,200,13136100,367845000000,-250,true,-0.89
"STB",142857,"/Date(1702279772000)/",27950,3800,13135900,367839000000,-250,false,-0.89
"STB",142857,"/Date(1702279771000)/",27950,200,13132100,367733000000,-250,false,-0.89
"STB",142857,"/Date(1702279771000)/",27900,100,13131900,367728000000,-300,true,-1.06
"STB",142857,"/Date(1702279771000)/",27950,800,13131800,367725000000,-250,false,-0.89
"STB",142857,"/Date(1702279771000)/",27950,3000,13131000,367703000000,-250,false,-0.89
"STB",142857,"/Date(1702279771000)/",27950,200,13128000,367619000000,-250,false,-0.89
"STB",142854,"/Date(1702279769000)/",27950,1500,13127800,367613000000,-250,false,-0.89
"STB",142854,"/Date(1702279769000)/",27950,500,13126300,367571000000,-250,false,-0.89
"STB",142854,"/Date(1702279769000)/",27950,400,13125800,367557000000,-250,false,-0.89
"STB",142851,"/Date(1702279765000)/",27900,500,13125400,367546000000,-300,true,-1.06
"STB",142851,"/Date(1702279763000)/",27950,600,13124900,367532000000,-250,true,-0.89
"STB",142847,"/Date(1702279762000)/",27950,400,13124300,367515000000,-250,false,-0.89
"STB",142844,"/Date(1702279760000)/",27900,100,13123900,367504000000,-300,true,-1.06
"STB",142844,"/Date(1702279759000)/",27950,100,13123800,367501000000,-250,false,-0.89
"STB",142844,"/Date(1702279759000)/",27950,1500,13123700,367499000000,-250,false,-0.89
"STB",142844,"/Date(1702279758000)/",27950,500,13122200,367457000000,-250,false,-0.89
"STB",142844,"/Date(1702279757000)/",27950,200,13121700,367443000000,-250,false,-0.89
"STB",142841,"/Date(1702279757000)/",27900,700,13121500,367437000000,-300,true,-1.06
"STB",142841,"/Date(1702279756000)/",27950,300,13120800,367418000000,-250,false,-0.89
"STB",142841,"/Date(1702279756000)/",27950,1600,13120500,367409000000,-250,false,-0.89
"STB",142841,"/Date(1702279756000)/",27950,1500,13118900,367364000000,-250,false,-0.89
"STB",142841,"/Date(1702279756000)/",27900,4000,13117400,367322000000,-300,true,-1.06
"STB",142841,"/Date(1702279754000)/",27950,900,13113400,367211000000,-250,false,-0.89
"STB",142841,"/Date(1702279754000)/",27950,100,13112500,367186000000,-250,false,-0.89
"STB",142841,"/Date(1702279754000)/",27950,30000,13112400,367183000000,-250,false,-0.89
"STB",142841,"/Date(1702279754000)/",27950,9000,13082400,366344000000,-250,false,-0.89
"STB",142841,"/Date(1702279754000)/",27950,200,13073400,366093000000,-250,false,-0.89
"STB",142838,"/Date(1702279752000)/",27900,100,13073200,366087000000,-300,true,-1.06
"STB",142838,"/Date(1702279751000)/",27950,800,13073100,366085000000,-250,false,-0.89
"STB",142838,"/Date(1702279751000)/",27950,200,13072300,366062000000,-250,false,-0.89
"STB",142834,"/Date(1702279747000)/",27900,100,13072100,366057000000,-300,true,-1.06
"STB",142831,"/Date(1702279747000)/",27950,1000,13072000,366054000000,-250,false,-0.89
"STB",142828,"/Date(1702279743000)/",27900,200,13071000,366026000000,-300,true,-1.06
"STB",142828,"/Date(1702279743000)/",27950,200,13070800,366020000000,-250,false,-0.89
"STB",142828,"/Date(1702279742000)/",27900,300,13070600,366015000000,-300,true,-1.06
"STB",142828,"/Date(1702279741000)/",27950,3100,13070300,366006000000,-250,false,-0.89
"STB",142825,"/Date(1702279738000)/",27900,500,13067200,365920000000,-300,true,-1.06
"STB",142822,"/Date(1702279737000)/",27950,5000,13066700,365906000000,-250,false,-0.89
"STB",142812,"/Date(1702279727000)/",27950,500,13061700,365766000000,-250,false,-0.89
"STB",142809,"/Date(1702279724000)/",27900,500,13061200,365752000000,-300,true,-1.06
"STB",142809,"/Date(1702279722000)/",27900,5000,13060700,365738000000,-300,true,-1.06
"STB",142806,"/Date(1702279720000)/",27900,100,13055700,365599000000,-300,true,-1.06
"STB",142806,"/Date(1702279719000)/",27900,1000,13055600,365596000000,-300,true,-1.06
"STB",142803,"/Date(1702279718000)/",27900,10000,13054600,365568000000,-300,true,-1.06
"STB",142803,"/Date(1702279716000)/",27900,100,13044600,365289000000,-300,true,-1.06
"STB",142759,"/Date(1702279715000)/",27900,1500,13044500,365286000000,-300,true,-1.06
"STB",142759,"/Date(1702279713000)/",28000,2500,13043000,365244000000,-200,false,-0.71
"STB",142759,"/Date(1702279713000)/",28000,2000,13040500,365174000000,-200,false,-0.71
"STB",142759,"/Date(1702279713000)/",28000,2000,13038500,365118000000,-200,false,-0.71
"STB",142759,"/Date(1702279713000)/",27950,8500,13036500,365062000000,-250,false,-0.89
"STB",142756,"/Date(1702279710000)/",27900,100,13028000,364825000000,-300,true,-1.06
"STB",142756,"/Date(1702279709000)/",27950,500,13027900,364822000000,-250,false,-0.89
"STB",142753,"/Date(1702279709000)/",27900,100,13027400,364808000000,-300,true,-1.06
"STB",142753,"/Date(1702279708000)/",27900,1800,13027300,364805000000,-300,true,-1.06
"STB",142753,"/Date(1702279708000)/",27900,1000,13025500,364755000000,-300,true,-1.06
"STB",142750,"/Date(1702279703000)/",27900,100,13024500,364727000000,-300,true,-1.06
"STB",142747,"/Date(1702279702000)/",27900,1500,13024400,364724000000,-300,true,-1.06
"STB",142740,"/Date(1702279696000)/",27900,100,13022900,364682000000,-300,true,-1.06
"STB",142740,"/Date(1702279695000)/",27900,100,13022800,364680000000,-300,true,-1.06
"STB",142740,"/Date(1702279694000)/",27950,1000,13022700,364677000000,-250,false,-0.89
"STB",142740,"/Date(1702279694000)/",27900,1000,13021700,364649000000,-300,true,-1.06
"STB",142737,"/Date(1702279692000)/",27900,10000,13020700,364621000000,-300,true,-1.06
"STB",142737,"/Date(1702279690000)/",27900,200,13010700,364342000000,-300,true,-1.06
"STB",142734,"/Date(1702279689000)/",27900,500,13010500,364336000000,-300,true,-1.06
"STB",142734,"/Date(1702279687000)/",27900,5000,13010000,364322000000,-300,true,-1.06
"STB",142734,"/Date(1702279687000)/",27900,100,13005000,364183000000,-300,true,-1.06
"STB",142731,"/Date(1702279686000)/",27900,1000,13004900,364180000000,-300,true,-1.06
"STB",142731,"/Date(1702279685000)/",27900,10000,13003900,364152000000,-300,true,-1.06
"STB",142731,"/Date(1702279684000)/",27950,8700,12993900,363873000000,-250,false,-0.89
"STB",142731,"/Date(1702279684000)/",27950,1000,12985200,363630000000,-250,false,-0.89
"STB",142731,"/Date(1702279684000)/",27950,5000,12984200,363602000000,-250,false,-0.89
"STB",142731,"/Date(1702279684000)/",27950,5000,12979200,363462000000,-250,false,-0.89
"STB",142731,"/Date(1702279684000)/",27950,1000,12974200,363323000000,-250,false,-0.89
"STB",142731,"/Date(1702279684000)/",27950,500,12973200,363295000000,-250,false,-0.89
"STB",142731,"/Date(1702279684000)/",27950,500,12972700,363281000000,-250,false,-0.89
"STB",142731,"/Date(1702279684000)/",27950,6000,12972200,363267000000,-250,false,-0.89
"STB",142731,"/Date(1702279684000)/",27950,4000,12966200,363099000000,-250,false,-0.89
"STB",142731,"/Date(1702279684000)/",27950,1000,12962200,362987000000,-250,false,-0.89
"STB",142731,"/Date(1702279684000)/",27950,10000,12961200,362959000000,-250,false,-0.89
"STB",142731,"/Date(1702279684000)/",27950,800,12951200,362680000000,-250,false,-0.89
"STB",142731,"/Date(1702279684000)/",27950,1000,12950400,362657000000,-250,false,-0.89
"STB",142731,"/Date(1702279684000)/",27950,10000,12949400,362629000000,-250,false,-0.89
"STB",142731,"/Date(1702279684000)/",27950,1000,12939400,362350000000,-250,false,-0.89
"STB",142731,"/Date(1702279684000)/",27950,100,12938400,362322000000,-250,false,-0.89
"STB",142731,"/Date(1702279684000)/",27950,4100,12938300,362319000000,-250,false,-0.89
"STB",142731,"/Date(1702279684000)/",27950,2000,12934200,362205000000,-250,false,-0.89
"STB",142731,"/Date(1702279684000)/",27950,5000,12932200,362149000000,-250,false,-0.89
"STB",142731,"/Date(1702279684000)/",27950,1000,12927200,362009000000,-250,false,-0.89
"STB",142731,"/Date(1702279684000)/",27950,10000,12926200,361981000000,-250,false,-0.89
"STB",142731,"/Date(1702279684000)/",27950,500,12916200,361701000000,-250,false,-0.89
"STB",142731,"/Date(1702279684000)/",27950,5000,12915700,361687000000,-250,false,-0.89
"STB",142731,"/Date(1702279684000)/",27950,5000,12910700,361548000000,-250,false,-0.89
"STB",142731,"/Date(1702279684000)/",27950,11800,12905700,361408000000,-250,false,-0.89
"STB",142724,"/Date(1702279680000)/",27900,200,12893900,361078000000,-300,true,-1.06
"STB",142724,"/Date(1702279679000)/",27900,2400,12893700,361073000000,-300,true,-1.06
"STB",142724,"/Date(1702279678000)/",27900,13300,12891300,361006000000,-300,true,-1.06
"STB",142724,"/Date(1702279678000)/",27900,300,12878000,360635000000,-300,true,-1.06
"STB",142724,"/Date(1702279678000)/",27900,5000,12877700,360626000000,-300,true,-1.06
"STB",142724,"/Date(1702279678000)/",27900,100,12872700,360487000000,-300,true,-1.06
"STB",142724,"/Date(1702279678000)/",27900,500,12872600,360484000000,-300,true,-1.06
"STB",142724,"/Date(1702279678000)/",27900,100,12872100,360470000000,-300,true,-1.06
"STB",142724,"/Date(1702279678000)/",27900,700,12872000,360467000000,-300,true,-1.06
"STB",142724,"/Date(1702279677000)/",27900,200,12871300,360448000000,-300,true,-1.06
"STB",142724,"/Date(1702279677000)/",27900,800,12871100,360442000000,-300,true,-1.06
"STB",142724,"/Date(1702279677000)/",27900,3700,12870300,360420000000,-300,true,-1.06
"STB",142721,"/Date(1702279675000)/",27900,100,12866600,360316000000,-300,true,-1.06
"STB",142721,"/Date(1702279674000)/",27900,300,12866500,360314000000,-300,true,-1.06
"STB",142721,"/Date(1702279674000)/",27900,100,12866200,360305000000,-300,true,-1.06
"STB",142721,"/Date(1702279674000)/",27900,700,12866100,360303000000,-300,true,-1.06
"STB",142718,"/Date(1702279672000)/",27900,300,12865400,360283000000,-300,true,-1.06
"STB",142718,"/Date(1702279672000)/",27900,5000,12865100,360275000000,-300,true,-1.06
"STB",142718,"/Date(1702279672000)/",27900,200,12860100,360135000000,-300,true,-1.06
"STB",142718,"/Date(1702279672000)/",27900,100,12859900,360130000000,-300,true,-1.06
"STB",142718,"/Date(1702279672000)/",27900,1000,12859800,360127000000,-300,true,-1.06
"STB",142718,"/Date(1702279672000)/",27900,400,12858800,360099000000,-300,true,-1.06
"STB",142718,"/Date(1702279672000)/",27900,100,12858400,360088000000,-300,true,-1.06
"STB",142718,"/Date(1702279672000)/",27900,900,12858300,360085000000,-300,true,-1.06
"STB",142715,"/Date(1702279668000)/",27900,100,12857400,360060000000,-300,true,-1.06
"STB",142711,"/Date(1702279666000)/",27900,500,12857300,360057000000,-300,true,-1.06
"STB",142711,"/Date(1702279666000)/",27950,1000,12856800,360043000000,-250,false,-0.89
"STB",142711,"/Date(1702279664000)/",27900,900,12855800,360015000000,-300,true,-1.06
"STB",142708,"/Date(1702279664000)/",27900,200,12854900,359990000000,-300,true,-1.06
"STB",142708,"/Date(1702279663000)/",27900,2000,12854700,359984000000,-300,true,-1.06
"STB",142708,"/Date(1702279663000)/",27900,400,12852700,359929000000,-300,true,-1.06
"STB",142708,"/Date(1702279663000)/",27900,500,12852300,359917000000,-300,true,-1.06
"STB",142708,"/Date(1702279662000)/",27900,200,12851800,359904000000,-300,true,-1.06
"STB",142708,"/Date(1702279662000)/",27900,9300,12851600,359898000000,-300,true,-1.06
"STB",142705,"/Date(1702279661000)/",27850,100,12842300,359638000000,-350,true,-1.24
"STB",142705,"/Date(1702279660000)/",27900,200,12842200,359636000000,-300,false,-1.06
"STB",142705,"/Date(1702279660000)/",27900,200,12842000,359630000000,-300,false,-1.06
"STB",142705,"/Date(1702279660000)/",27900,300,12841800,359625000000,-300,false,-1.06
"STB",142705,"/Date(1702279660000)/",27900,200,12841500,359616000000,-300,false,-1.06
"STB",142705,"/Date(1702279660000)/",27900,100,12841300,359611000000,-300,false,-1.06
"STB",142705,"/Date(1702279658000)/",27900,3000,12841200,359608000000,-300,false,-1.06
"STB",142702,"/Date(1702279654000)/",27900,100,12838200,359524000000,-300,true,-1.06
"STB",142659,"/Date(1702279653000)/",27900,600,12838100,359521000000,-300,false,-1.06
"STB",142659,"/Date(1702279653000)/",27900,1200,12837500,359505000000,-300,false,-1.06
"STB",142659,"/Date(1702279653000)/",27900,300,12836300,359471000000,-300,false,-1.06
"STB",142659,"/Date(1702279653000)/",27900,300,12836000,359463000000,-300,false,-1.06
"STB",142659,"/Date(1702279653000)/",27900,1000,12835700,359454000000,-300,false,-1.06
"STB",142659,"/Date(1702279653000)/",27900,3400,12834700,359426000000,-300,false,-1.06
"STB",142659,"/Date(1702279653000)/",27900,1000,12831300,359332000000,-300,false,-1.06
"STB",142659,"/Date(1702279652000)/",27900,200,12830300,359304000000,-300,false,-1.06
"STB",142659,"/Date(1702279652000)/",27850,100,12830100,359298000000,-350,true,-1.24
"STB",142655,"/Date(1702279650000)/",27900,200,12830000,359295000000,-300,false,-1.06
"STB",142655,"/Date(1702279650000)/",27900,1000,12829800,359290000000,-300,false,-1.06
"STB",142655,"/Date(1702279649000)/",27850,300,12828800,359262000000,-350,true,-1.24
"STB",142652,"/Date(1702279648000)/",27850,3000,12828500,359253000000,-350,true,-1.24
"STB",142652,"/Date(1702279647000)/",27900,30000,12825500,359170000000,-300,false,-1.06
"STB",142652,"/Date(1702279646000)/",27900,400,12795500,358333000000,-300,false,-1.06
"STB",142652,"/Date(1702279646000)/",27900,200,12795100,358322000000,-300,false,-1.06
"STB",142649,"/Date(1702279645000)/",27900,200,12794900,358316000000,-300,false,-1.06
"STB",142649,"/Date(1702279644000)/",27900,500,12794700,358311000000,-300,false,-1.06
"STB",142649,"/Date(1702279643000)/",27850,100,12794200,358297000000,-350,true,-1.24
"STB",142646,"/Date(1702279642000)/",27900,1000,12794100,358294000000,-300,false,-1.06
"STB",142646,"/Date(1702279641000)/",27850,100,12793100,358266000000,-350,true,-1.24
"STB",142646,"/Date(1702279640000)/",27900,1000,12793000,358263000000,-300,false,-1.06
"STB",142643,"/Date(1702279637000)/",27900,100,12792000,358235000000,-300,false,-1.06
"STB",142639,"/Date(1702279634000)/",27850,500,12791900,358232000000,-350,true,-1.24
"STB",142639,"/Date(1702279634000)/",27900,100,12791400,358219000000,-300,false,-1.06
"STB",142639,"/Date(1702279633000)/",27900,5000,12791300,358216000000,-300,false,-1.06
"STB",142639,"/Date(1702279633000)/",27850,400,12786300,358076000000,-350,true,-1.24
"STB",142636,"/Date(1702279632000)/",27900,100,12785900,358065000000,-300,false,-1.06
"STB",142636,"/Date(1702279632000)/",27850,400,12785800,358062000000,-350,true,-1.24
"STB",142636,"/Date(1702279631000)/",27900,4000,12785400,358051000000,-300,false,-1.06
"STB",142633,"/Date(1702279629000)/",27850,100,12781400,357940000000,-350,true,-1.24
"STB",142633,"/Date(1702279628000)/",27900,200,12781300,357937000000,-300,false,-1.06
"STB",142633,"/Date(1702279628000)/",27850,200,12781100,357931000000,-350,true,-1.24
"STB",142633,"/Date(1702279628000)/",27900,1000,12780900,357926000000,-300,false,-1.06
"STB",142633,"/Date(1702279628000)/",27900,400,12779900,357898000000,-300,false,-1.06
"STB",142633,"/Date(1702279626000)/",27900,100,12779500,357887000000,-300,false,-1.06
"STB",142630,"/Date(1702279625000)/",27900,1500,12779400,357884000000,-300,true,-1.06
"STB",142630,"/Date(1702279625000)/",27850,100,12777900,357842000000,-350,true,-1.24
"STB",142630,"/Date(1702279624000)/",27850,1000,12777800,357839000000,-350,true,-1.24
"STB",142630,"/Date(1702279622000)/",27850,8400,12776800,357811000000,-350,true,-1.24
"STB",142630,"/Date(1702279622000)/",27900,700,12768400,357577000000,-300,true,-1.06
"STB",142630,"/Date(1702279622000)/",27900,100,12767700,357558000000,-300,true,-1.06
"STB",142630,"/Date(1702279622000)/",27900,800,12767600,357555000000,-300,true,-1.06
"STB",142627,"/Date(1702279621000)/",27900,100,12766800,357533000000,-300,true,-1.06
"STB",142627,"/Date(1702279621000)/",27900,500,12766700,357530000000,-300,true,-1.06
"STB",142627,"/Date(1702279620000)/",27900,5000,12766200,357516000000,-300,true,-1.06
"STB",142623,"/Date(1702279617000)/",27900,400,12761200,357377000000,-300,true,-1.06
"STB",142620,"/Date(1702279616000)/",27900,3200,12760800,357365000000,-300,false,-1.06
"STB",142620,"/Date(1702279616000)/",27850,100,12757600,357276000000,-350,true,-1.24
"STB",142620,"/Date(1702279615000)/",27900,1000,12757500,357273000000,-300,false,-1.06
"STB",142620,"/Date(1702279615000)/",27900,300,12756500,357245000000,-300,false,-1.06
"STB",142620,"/Date(1702279615000)/",27900,500,12756200,357237000000,-300,false,-1.06
"STB",142620,"/Date(1702279615000)/",27900,200,12755700,357223000000,-300,false,-1.06
"STB",142620,"/Date(1702279615000)/",27900,100,12755500,357217000000,-300,false,-1.06
"STB",142620,"/Date(1702279615000)/",27900,200,12755400,357215000000,-300,false,-1.06
"STB",142620,"/Date(1702279614000)/",27850,100,12755200,357209000000,-350,true,-1.24
"STB",142620,"/Date(1702279613000)/",27900,500,12755100,357206000000,-300,false,-1.06
"STB",142617,"/Date(1702279613000)/",27850,500,12754600,357192000000,-350,true,-1.24
"STB",142617,"/Date(1702279611000)/",27900,5000,12754100,357178000000,-300,false,-1.06
"STB",142617,"/Date(1702279610000)/",27850,600,12749100,357039000000,-350,true,-1.24
"STB",142617,"/Date(1702279609000)/",27850,6000,12748500,357022000000,-350,true,-1.24
"STB",142614,"/Date(1702279608000)/",27850,600,12742500,356855000000,-350,true,-1.24
"STB",142614,"/Date(1702279608000)/",27900,2300,12741900,356838000000,-300,false,-1.06
"STB",142614,"/Date(1702279608000)/",27900,2700,12739600,356774000000,-300,false,-1.06
"STB",142614,"/Date(1702279608000)/",27850,1000,12736900,356699000000,-350,true,-1.24
"STB",142614,"/Date(1702279607000)/",27900,6300,12735900,356671000000,-300,false,-1.06
"STB",142614,"/Date(1702279607000)/",27900,300,12729600,356495000000,-300,false,-1.06
"STB",142614,"/Date(1702279607000)/",27900,3400,12729300,356487000000,-300,false,-1.06
"STB",142604,"/Date(1702279598000)/",27850,100,12725900,356392000000,-350,true,-1.24
"STB",142601,"/Date(1702279596000)/",27900,1000,12725800,356389000000,-300,false,-1.06
"STB",142601,"/Date(1702279596000)/",27900,200,12724800,356361000000,-300,false,-1.06
"STB",142601,"/Date(1702279596000)/",27900,100,12724600,356356000000,-300,false,-1.06
"STB",142601,"/Date(1702279596000)/",27900,100,12724500,356353000000,-300,false,-1.06
"STB",142601,"/Date(1702279596000)/",27900,200,12724400,356350000000,-300,false,-1.06
"STB",142558,"/Date(1702279592000)/",27900,100,12724200,356345000000,-300,true,-1.06
"STB",142558,"/Date(1702279591000)/",27900,200,12724100,356342000000,-300,true,-1.06
"STB",142558,"/Date(1702279590000)/",27900,1000,12723900,356336000000,-300,true,-1.06
"STB",142548,"/Date(1702279582000)/",27850,100,12722900,356308000000,-350,true,-1.24
"STB",142548,"/Date(1702279581000)/",27850,400,12722800,356306000000,-350,true,-1.24
"STB",142548,"/Date(1702279581000)/",27900,300,12722400,356294000000,-300,true,-1.06
"STB",142548,"/Date(1702279581000)/",27900,200,12722100,356286000000,-300,true,-1.06
"STB",142548,"/Date(1702279581000)/",27900,1000,12721900,356281000000,-300,true,-1.06
"STB",142545,"/Date(1702279580000)/",27900,5000,12720900,356253000000,-300,true,-1.06
"STB",142545,"/Date(1702279579000)/",27900,4500,12715900,356113000000,-300,true,-1.06
"STB",142545,"/Date(1702279578000)/",27900,1800,12711400,355988000000,-300,true,-1.06
"STB",142545,"/Date(1702279578000)/",27900,500,12709600,355937000000,-300,true,-1.06
"STB",142545,"/Date(1702279578000)/",27900,500,12709100,355923000000,-300,true,-1.06
"STB",142545,"/Date(1702279578000)/",27900,4400,12708600,355909000000,-300,true,-1.06
"STB",142545,"/Date(1702279578000)/",27900,200,12704200,355787000000,-300,true,-1.06
"STB",142545,"/Date(1702279578000)/",27900,1000,12704000,355781000000,-300,true,-1.06
"STB",142545,"/Date(1702279578000)/",27900,2000,12703000,355753000000,-300,true,-1.06
"STB",142545,"/Date(1702279578000)/",27900,200,12701000,355697000000,-300,true,-1.06
"STB",142545,"/Date(1702279578000)/",27900,2000,12700800,355692000000,-300,true,-1.06
"STB",142545,"/Date(1702279578000)/",27900,2100,12698800,355636000000,-300,true,-1.06
"STB",142545,"/Date(1702279578000)/",27900,2000,12696700,355577000000,-300,true,-1.06
"STB",142545,"/Date(1702279578000)/",27900,2000,12694700,355522000000,-300,true,-1.06
"STB",142545,"/Date(1702279578000)/",27900,22000,12692700,355466000000,-300,true,-1.06
"STB",142545,"/Date(1702279578000)/",27900,200,12670700,354852000000,-300,true,-1.06
"STB",142545,"/Date(1702279578000)/",27900,1000,12670500,354846000000,-300,true,-1.06
"STB",142545,"/Date(1702279578000)/",27900,1000,12669500,354819000000,-300,true,-1.06
"STB",142545,"/Date(1702279578000)/",27900,7100,12668500,354791000000,-300,true,-1.06
"STB",142541,"/Date(1702279575000)/",27900,200,12661400,354593000000,-300,true,-1.06
"STB",142538,"/Date(1702279574000)/",27900,1000,12661200,354587000000,-300,true,-1.06
"STB",142538,"/Date(1702279573000)/",27950,1000,12660200,354559000000,-250,false,-0.89
"STB",142532,"/Date(1702279565000)/",27900,300,12659200,354531000000,-300,true,-1.06
"STB",142525,"/Date(1702279560000)/",27900,3900,12658900,354523000000,-300,true,-1.06
"STB",142525,"/Date(1702279560000)/",27900,200,12655000,354414000000,-300,true,-1.06
"STB",142525,"/Date(1702279559000)/",27900,2000,12654800,354408000000,-300,true,-1.06
"STB",142522,"/Date(1702279558000)/",27900,600,12652800,354353000000,-300,true,-1.06
"STB",142522,"/Date(1702279556000)/",27950,6000,12652200,354336000000,-250,false,-0.89
"STB",142506,"/Date(1702279541000)/",27950,500,12646200,354168000000,-250,false,-0.89
"STB",142506,"/Date(1702279541000)/",27900,100,12645700,354154000000,-300,true,-1.06
"STB",142503,"/Date(1702279536000)/",27900,500,12645600,354151000000,-300,true,-1.06
"STB",142503,"/Date(1702279535000)/",27900,5000,12645100,354137000000,-300,true,-1.06
"STB",142500,"/Date(1702279534000)/",27900,39100,12640100,353998000000,-300,true,-1.06
"STB",142500,"/Date(1702279534000)/",27900,5000,12601000,352907000000,-300,true,-1.06
"STB",142500,"/Date(1702279534000)/",27900,600,12596000,352768000000,-300,true,-1.06
"STB",142500,"/Date(1702279534000)/",27900,4000,12595400,352751000000,-300,true,-1.06
"STB",142500,"/Date(1702279534000)/",27900,1300,12591400,352639000000,-300,true,-1.06
"STB",142457,"/Date(1702279531000)/",27900,200,12590100,352603000000,-300,true,-1.06
"STB",142457,"/Date(1702279530000)/",27900,100,12589900,352597000000,-300,true,-1.06
"STB",142454,"/Date(1702279528000)/",27900,1000,12589800,352595000000,-300,true,-1.06
"STB",142454,"/Date(1702279527000)/",27900,500,12588800,352567000000,-300,true,-1.06
"STB",142450,"/Date(1702279526000)/",27900,500,12588300,352553000000,-300,true,-1.06
"STB",142450,"/Date(1702279524000)/",27900,5000,12587800,352539000000,-300,true,-1.06
"STB",142450,"/Date(1702279523000)/",27900,100,12582800,352399000000,-300,true,-1.06
"STB",142447,"/Date(1702279522000)/",27900,1200,12582700,352396000000,-300,false,-1.06
"STB",142447,"/Date(1702279522000)/",27950,2000,12581500,352363000000,-250,false,-0.89
"STB",142447,"/Date(1702279521000)/",27900,1000,12579500,352307000000,-300,false,-1.06
"STB",142447,"/Date(1702279521000)/",27900,5000,12578500,352279000000,-300,false,-1.06
"STB",142447,"/Date(1702279521000)/",27900,4100,12573500,352140000000,-300,false,-1.06
"STB",142447,"/Date(1702279521000)/",27850,800,12569400,352025000000,-350,true,-1.24
"STB",142447,"/Date(1702279521000)/",27900,400,12568600,352003000000,-300,false,-1.06
"STB",142447,"/Date(1702279521000)/",27900,500,12568200,351992000000,-300,false,-1.06
"STB",142447,"/Date(1702279521000)/",27900,500,12567700,351978000000,-300,false,-1.06
"STB",142447,"/Date(1702279521000)/",27900,700,12567200,351964000000,-300,false,-1.06
"STB",142447,"/Date(1702279521000)/",27900,300,12566500,351944000000,-300,false,-1.06
"STB",142447,"/Date(1702279520000)/",27850,600,12566200,351936000000,-350,true,-1.24
"STB",142447,"/Date(1702279520000)/",27900,400,12565600,351919000000,-300,false,-1.06
"STB",142447,"/Date(1702279520000)/",27900,500,12565200,351908000000,-300,false,-1.06
"STB",142447,"/Date(1702279520000)/",27900,1000,12564700,351894000000,-300,false,-1.06
"STB",142447,"/Date(1702279520000)/",27900,3100,12563700,351866000000,-300,false,-1.06
"STB",142447,"/Date(1702279520000)/",27900,1000,12560600,351780000000,-300,false,-1.06
"STB",142444,"/Date(1702279519000)/",27900,900,12559600,351752000000,-300,false,-1.06
"STB",142444,"/Date(1702279519000)/",27900,100,12558700,351727000000,-300,false,-1.06
"STB",142444,"/Date(1702279519000)/",27900,3000,12558600,351724000000,-300,false,-1.06
"STB",142444,"/Date(1702279519000)/",27900,1600,12555600,351640000000,-300,false,-1.06
"STB",142441,"/Date(1702279516000)/",27850,900,12554000,351596000000,-350,true,-1.24
"STB",142441,"/Date(1702279515000)/",27900,3400,12553100,351571000000,-300,false,-1.06
"STB",142441,"/Date(1702279515000)/",27900,100,12549700,351476000000,-300,false,-1.06
"STB",142441,"/Date(1702279515000)/",27900,500,12549600,351473000000,-300,false,-1.06
"STB",142441,"/Date(1702279514000)/",27900,500,12549100,351459000000,-300,false,-1.06
"STB",142441,"/Date(1702279514000)/",27900,300,12548600,351445000000,-300,false,-1.06
"STB",142441,"/Date(1702279514000)/",27900,100,12548300,351437000000,-300,false,-1.06
"STB",142441,"/Date(1702279514000)/",27900,4100,12548200,351434000000,-300,false,-1.06
"STB",142437,"/Date(1702279513000)/",27850,300,12544100,351320000000,-350,true,-1.24
"STB",142437,"/Date(1702279512000)/",27850,3400,12543800,351311000000,-350,true,-1.24
"STB",142437,"/Date(1702279511000)/",27900,900,12540400,351216000000,-300,false,-1.06
"STB",142437,"/Date(1702279511000)/",27900,10000,12539500,351191000000,-300,false,-1.06
"STB",142437,"/Date(1702279511000)/",27900,5000,12529500,350912000000,-300,false,-1.06
"STB",142437,"/Date(1702279511000)/",27900,14600,12524500,350773000000,-300,false,-1.06
"STB",142437,"/Date(1702279511000)/",27900,3100,12509900,350366000000,-300,false,-1.06
"STB",142437,"/Date(1702279511000)/",27900,400,12506800,350279000000,-300,false,-1.06
"STB",142437,"/Date(1702279510000)/",27850,100,12506400,350268000000,-350,true,-1.24
"STB",142434,"/Date(1702279508000)/",27900,1000,12506300,350265000000,-300,false,-1.06
"STB",142434,"/Date(1702279508000)/",27900,100,12505300,350237000000,-300,false,-1.06
"STB",142431,"/Date(1702279505000)/",27900,300,12505200,350234000000,-300,false,-1.06
"STB",142431,"/Date(1702279504000)/",27850,500,12504900,350226000000,-350,true,-1.24
"STB",142428,"/Date(1702279503000)/",27900,5000,12504400,350212000000,-300,false,-1.06
"STB",142428,"/Date(1702279502000)/",27850,300,12499400,350073000000,-350,true,-1.24
"STB",142428,"/Date(1702279501000)/",27850,1400,12499100,350064000000,-350,true,-1.24
"STB",142428,"/Date(1702279500000)/",27900,2000,12497700,350025000000,-300,false,-1.06
"STB",142425,"/Date(1702279500000)/",27900,14000,12495700,349969000000,-300,false,-1.06
"STB",142425,"/Date(1702279499000)/",27900,100,12481700,349579000000,-300,false,-1.06
"STB",142415,"/Date(1702279490000)/",27900,500,12481600,349576000000,-300,false,-1.06
"STB",142356,"/Date(1702279469000)/",27900,100,12481100,349562000000,-300,false,-1.06
"STB",142353,"/Date(1702279468000)/",27850,400,12481000,349559000000,-350,true,-1.24
"STB",142353,"/Date(1702279467000)/",27900,400,12480600,349548000000,-300,false,-1.06
"STB",142353,"/Date(1702279466000)/",27850,3900,12480200,349537000000,-350,true,-1.24
"STB",142349,"/Date(1702279463000)/",27900,800,12476300,349428000000,-300,false,-1.06
"STB",142349,"/Date(1702279462000)/",27900,100,12475500,349406000000,-300,false,-1.06
"STB",142346,"/Date(1702279461000)/",27900,500,12475400,349403000000,-300,false,-1.06
"STB",142346,"/Date(1702279459000)/",27850,600,12474900,349389000000,-350,true,-1.24
"STB",142343,"/Date(1702279458000)/",27850,400,12474300,349373000000,-350,true,-1.24
"STB",142343,"/Date(1702279458000)/",27850,100,12473900,349362000000,-350,true,-1.24
"STB",142343,"/Date(1702279458000)/",27850,100,12473800,349359000000,-350,true,-1.24
"STB",142343,"/Date(1702279458000)/",27850,100,12473700,349356000000,-350,true,-1.24
"STB",142343,"/Date(1702279458000)/",27850,100,12473600,349353000000,-350,true,-1.24
"STB",142343,"/Date(1702279458000)/",27850,100,12473500,349350000000,-350,true,-1.24
"STB",142343,"/Date(1702279458000)/",27850,200,12473400,349348000000,-350,true,-1.24
"STB",142343,"/Date(1702279458000)/",27850,100,12473200,349342000000,-350,true,-1.24
"STB",142343,"/Date(1702279458000)/",27850,100,12473100,349339000000,-350,true,-1.24
"STB",142343,"/Date(1702279458000)/",27850,300,12473000,349336000000,-350,true,-1.24
"STB",142343,"/Date(1702279458000)/",27850,100,12472700,349328000000,-350,true,-1.24
"STB",142343,"/Date(1702279458000)/",27850,500,12472600,349325000000,-350,true,-1.24
"STB",142343,"/Date(1702279458000)/",27850,100,12472100,349311000000,-350,true,-1.24
"STB",142343,"/Date(1702279458000)/",27850,3700,12472000,349309000000,-350,true,-1.24
"STB",142343,"/Date(1702279457000)/",27850,1300,12468300,349206000000,-350,true,-1.24
"STB",142343,"/Date(1702279457000)/",27850,1000,12467000,349169000000,-350,true,-1.24
"STB",142343,"/Date(1702279457000)/",27850,20000,12466000,349141000000,-350,true,-1.24
"STB",142343,"/Date(1702279457000)/",27850,1000,12446000,348584000000,-350,true,-1.24
"STB",142343,"/Date(1702279457000)/",27850,200,12445000,348557000000,-350,true,-1.24
"STB",142343,"/Date(1702279457000)/",27850,100,12444800,348551000000,-350,true,-1.24
"STB",142343,"/Date(1702279457000)/",27850,900,12444700,348548000000,-350,true,-1.24
"STB",142343,"/Date(1702279457000)/",27850,1000,12443800,348523000000,-350,true,-1.24
"STB",142343,"/Date(1702279457000)/",27850,100,12442800,348495000000,-350,true,-1.24
"STB",142343,"/Date(1702279457000)/",27850,1000,12442700,348493000000,-350,true,-1.24
"STB",142343,"/Date(1702279457000)/",27850,19000,12441700,348465000000,-350,true,-1.24
"STB",142343,"/Date(1702279457000)/",27850,500,12422700,347936000000,-350,true,-1.24
"STB",142343,"/Date(1702279457000)/",27850,100,12422200,347922000000,-350,true,-1.24
"STB",142343,"/Date(1702279457000)/",27850,13800,12422100,347919000000,-350,true,-1.24
"STB",142337,"/Date(1702279451000)/",27850,400,12408300,347535000000,-350,true,-1.24
"STB",142337,"/Date(1702279449000)/",27900,1000,12407900,347523000000,-300,false,-1.06
"STB",142337,"/Date(1702279449000)/",27900,3000,12406900,347496000000,-300,false,-1.06
"STB",142330,"/Date(1702279445000)/",27850,500,12403900,347412000000,-350,true,-1.24
"STB",142330,"/Date(1702279444000)/",27850,5000,12403400,347398000000,-350,true,-1.24
"STB",142327,"/Date(1702279442000)/",27850,30300,12398400,347259000000,-350,true,-1.24
"STB",142327,"/Date(1702279442000)/",27850,500,12368100,346415000000,-350,true,-1.24
"STB",142327,"/Date(1702279442000)/",27850,100,12367600,346401000000,-350,true,-1.24
"STB",142327,"/Date(1702279442000)/",27850,200,12367500,346398000000,-350,true,-1.24
"STB",142327,"/Date(1702279442000)/",27850,1000,12367300,346393000000,-350,true,-1.24
"STB",142327,"/Date(1702279442000)/",27850,200,12366300,346365000000,-350,true,-1.24
"STB",142327,"/Date(1702279442000)/",27850,100,12366100,346359000000,-350,true,-1.24
"STB",142327,"/Date(1702279442000)/",27850,1000,12366000,346356000000,-350,true,-1.24
"STB",142327,"/Date(1702279442000)/",27850,1000,12365000,346328000000,-350,true,-1.24
"STB",142327,"/Date(1702279442000)/",27850,500,12364000,346301000000,-350,true,-1.24
"STB",142327,"/Date(1702279442000)/",27850,100,12363500,346287000000,-350,true,-1.24
"STB",142327,"/Date(1702279442000)/",27850,100,12363400,346284000000,-350,true,-1.24
"STB",142327,"/Date(1702279442000)/",27850,1300,12363300,346281000000,-350,true,-1.24
"STB",142327,"/Date(1702279442000)/",27850,200,12362000,346245000000,-350,true,-1.24
"STB",142327,"/Date(1702279442000)/",27850,200,12361800,346239000000,-350,true,-1.24
"STB",142327,"/Date(1702279442000)/",27850,500,12361600,346234000000,-350,true,-1.24
"STB",142327,"/Date(1702279442000)/",27850,12700,12361100,346220000000,-350,true,-1.24
"STB",142327,"/Date(1702279441000)/",27850,300,12348400,345866000000,-350,true,-1.24
"STB",142321,"/Date(1702279435000)/",27850,300,12348100,345858000000,-350,true,-1.24
"STB",142321,"/Date(1702279435000)/",27900,3100,12347800,345849000000,-300,false,-1.06
"STB",142311,"/Date(1702279424000)/",27850,700,12344700,345763000000,-350,true,-1.24
"STB",142308,"/Date(1702279423000)/",27850,300,12344000,345743000000,-350,true,-1.24
"STB",142308,"/Date(1702279422000)/",27900,3100,12343700,345735000000,-300,false,-1.06
"STB",142308,"/Date(1702279422000)/",27850,200,12340600,345649000000,-350,true,-1.24
"STB",142308,"/Date(1702279420000)/",27900,2000,12340400,345643000000,-300,false,-1.06
"STB",142305,"/Date(1702279418000)/",27900,500,12338400,345587000000,-300,false,-1.06
"STB",142305,"/Date(1702279417000)/",27900,100,12337900,345573000000,-300,false,-1.06
"STB",142301,"/Date(1702279416000)/",27850,100,12337800,345570000000,-350,true,-1.24
"STB",142301,"/Date(1702279415000)/",27850,1700,12337700,345568000000,-350,true,-1.24
"STB",142301,"/Date(1702279414000)/",27900,1000,12336000,345520000000,-300,false,-1.06
"STB",142301,"/Date(1702279414000)/",27900,500,12335000,345492000000,-300,false,-1.06
"STB",142301,"/Date(1702279414000)/",27900,100,12334500,345479000000,-300,false,-1.06
"STB",142301,"/Date(1702279414000)/",27900,5000,12334400,345476000000,-300,false,-1.06
"STB",142301,"/Date(1702279414000)/",27900,100,12329400,345336000000,-300,false,-1.06
"STB",142301,"/Date(1702279414000)/",27900,3000,12329300,345333000000,-300,false,-1.06
"STB",142301,"/Date(1702279414000)/",27900,2000,12326300,345250000000,-300,false,-1.06
"STB",142301,"/Date(1702279414000)/",27900,200,12324300,345194000000,-300,false,-1.06
"STB",142301,"/Date(1702279414000)/",27900,1800,12324100,345188000000,-300,false,-1.06
"STB",142301,"/Date(1702279414000)/",27900,100,12322300,345138000000,-300,false,-1.06
"STB",142301,"/Date(1702279414000)/",27900,600,12322200,345135000000,-300,false,-1.06
"STB",142301,"/Date(1702279414000)/",27900,100,12321600,345119000000,-300,false,-1.06
"STB",142301,"/Date(1702279414000)/",27900,100,12321500,345116000000,-300,false,-1.06
"STB",142301,"/Date(1702279414000)/",27900,2000,12321400,345113000000,-300,false,-1.06
"STB",142301,"/Date(1702279414000)/",27900,300,12319400,345057000000,-300,false,-1.06
"STB",142301,"/Date(1702279414000)/",27900,1000,12319100,345049000000,-300,false,-1.06
"STB",142258,"/Date(1702279413000)/",27900,3700,12318100,345021000000,-300,true,-1.06
"STB",142258,"/Date(1702279413000)/",27900,200,12314400,344918000000,-300,true,-1.06
"STB",142258,"/Date(1702279413000)/",27900,6100,12314200,344912000000,-300,true,-1.06
"STB",142258,"/Date(1702279413000)/",27900,300,12308100,344742000000,-300,true,-1.06
"STB",142258,"/Date(1702279413000)/",27900,100,12307800,344734000000,-300,true,-1.06
"STB",142258,"/Date(1702279412000)/",27900,1000,12307700,344731000000,-300,true,-1.06
"STB",142258,"/Date(1702279410000)/",27900,400,12306700,344703000000,-300,true,-1.06
"STB",142255,"/Date(1702279409000)/",27900,500,12306300,344692000000,-300,true,-1.06
"STB",142242,"/Date(1702279398000)/",27900,300,12305800,344678000000,-300,true,-1.06
"STB",142242,"/Date(1702279397000)/",27900,3500,12305500,344669000000,-300,true,-1.06
"STB",142242,"/Date(1702279396000)/",27900,100,12302000,344572000000,-300,true,-1.06
"STB",142242,"/Date(1702279396000)/",27900,500,12301900,344569000000,-300,true,-1.06
"STB",142242,"/Date(1702279395000)/",27900,300,12301400,344555000000,-300,true,-1.06
"STB",142242,"/Date(1702279394000)/",27900,5000,12301100,344547000000,-300,true,-1.06
"STB",142239,"/Date(1702279394000)/",27950,3100,12296100,344407000000,-250,false,-0.89
"STB",142236,"/Date(1702279389000)/",27900,200,12293000,344321000000,-300,true,-1.06
"STB",142229,"/Date(1702279382000)/",27900,100,12292800,344315000000,-300,true,-1.06
"STB",142226,"/Date(1702279380000)/",27900,1600,12292700,344312000000,-300,true,-1.06
"STB",142223,"/Date(1702279378000)/",27900,900,12291100,344267000000,-300,false,-1.06
"STB",142220,"/Date(1702279374000)/",27900,500,12290200,344242000000,-300,false,-1.06
"STB",142220,"/Date(1702279372000)/",27900,900,12289700,344228000000,-300,false,-1.06
"STB",142217,"/Date(1702279370000)/",27900,100,12288800,344203000000,-300,true,-1.06
"STB",142213,"/Date(1702279368000)/",27900,1000,12288700,344201000000,-300,true,-1.06
"STB",142213,"/Date(1702279367000)/",27850,100,12287700,344173000000,-350,true,-1.24
"STB",142213,"/Date(1702279366000)/",27900,900,12287600,344170000000,-300,true,-1.06
"STB",142213,"/Date(1702279366000)/",27850,200,12286700,344145000000,-350,true,-1.24
"STB",142210,"/Date(1702279365000)/",27900,2100,12286500,344139000000,-300,false,-1.06
"STB",142210,"/Date(1702279365000)/",27900,700,12284400,344081000000,-300,false,-1.06
"STB",142210,"/Date(1702279364000)/",27900,200,12283700,344061000000,-300,false,-1.06
"STB",142210,"/Date(1702279363000)/",27900,4000,12283500,344055000000,-300,false,-1.06
"STB",142210,"/Date(1702279363000)/",27900,3000,12279500,343944000000,-300,false,-1.06
"STB",142207,"/Date(1702279362000)/",27900,2000,12276500,343860000000,-300,false,-1.06
"STB",142207,"/Date(1702279361000)/",27850,100,12274500,343804000000,-350,true,-1.24
"STB",142207,"/Date(1702279359000)/",27850,1000,12274400,343802000000,-350,true,-1.24
"STB",142204,"/Date(1702279357000)/",27900,200,12273400,343774000000,-300,false,-1.06
"STB",142204,"/Date(1702279357000)/",27850,500,12273200,343768000000,-350,true,-1.24
"STB",142201,"/Date(1702279356000)/",27900,5000,12272700,343754000000,-300,false,-1.06
"STB",142201,"/Date(1702279355000)/",27900,300,12267700,343615000000,-300,false,-1.06
"STB",142201,"/Date(1702279354000)/",27900,100,12267400,343606000000,-300,false,-1.06
"STB",142157,"/Date(1702279353000)/",27850,400,12267300,343604000000,-350,true,-1.24
"STB",142157,"/Date(1702279351000)/",27900,500,12266900,343592000000,-300,true,-1.06
"STB",142157,"/Date(1702279351000)/",27900,100,12266400,343578000000,-300,true,-1.06
"STB",142157,"/Date(1702279351000)/",27900,500,12266300,343576000000,-300,true,-1.06
"STB",142157,"/Date(1702279351000)/",27900,1000,12265800,343562000000,-300,true,-1.06
"STB",142157,"/Date(1702279351000)/",27900,1000,12264800,343534000000,-300,true,-1.06
"STB",142157,"/Date(1702279351000)/",27900,100,12263800,343506000000,-300,true,-1.06
"STB",142157,"/Date(1702279351000)/",27900,100,12263700,343503000000,-300,true,-1.06
"STB",142157,"/Date(1702279351000)/",27900,1100,12263600,343500000000,-300,true,-1.06
"STB",142151,"/Date(1702279345000)/",27900,300,12262500,343470000000,-300,true,-1.06
"STB",142151,"/Date(1702279345000)/",27900,3000,12262200,343461000000,-300,true,-1.06
"STB",142141,"/Date(1702279334000)/",27900,400,12259200,343378000000,-300,true,-1.06
"STB",142138,"/Date(1702279332000)/",27900,3000,12258800,343366000000,-300,true,-1.06
"STB",142138,"/Date(1702279332000)/",27900,1900,12255800,343283000000,-300,true,-1.06
"STB",142138,"/Date(1702279331000)/",27850,100,12253900,343230000000,-350,true,-1.24
"STB",142135,"/Date(1702279330000)/",27900,300,12253800,343227000000,-300,false,-1.06
"STB",142135,"/Date(1702279330000)/",27900,500,12253500,343219000000,-300,false,-1.06
"STB",142135,"/Date(1702279330000)/",27900,100,12253000,343205000000,-300,false,-1.06
"STB",142135,"/Date(1702279330000)/",27900,100,12252900,343202000000,-300,false,-1.06
"STB",142135,"/Date(1702279330000)/",27900,100,12252800,343199000000,-300,false,-1.06
"STB",142132,"/Date(1702279326000)/",27900,500,12252700,343196000000,-300,true,-1.06
"STB",142132,"/Date(1702279324000)/",27900,400,12252200,343182000000,-300,true,-1.06
"STB",142132,"/Date(1702279324000)/",27900,4600,12251800,343171000000,-300,true,-1.06
"STB",142132,"/Date(1702279324000)/",27950,100,12247200,343043000000,-250,false,-0.89
"STB",142129,"/Date(1702279322000)/",27900,300,12247100,343040000000,-300,true,-1.06
"STB",142125,"/Date(1702279320000)/",27900,3000,12246800,343032000000,-300,true,-1.06
"STB",142109,"/Date(1702279305000)/",27900,500,12243800,342948000000,-300,true,-1.06
"STB",142109,"/Date(1702279303000)/",27900,1600,12243300,342934000000,-300,true,-1.06
"STB",142109,"/Date(1702279303000)/",27900,1000,12241700,342889000000,-300,true,-1.06
"STB",142109,"/Date(1702279303000)/",27900,100,12240700,342861000000,-300,true,-1.06
"STB",142109,"/Date(1702279303000)/",27900,2300,12240600,342859000000,-300,true,-1.06
"STB",142109,"/Date(1702279302000)/",27900,100,12238300,342794000000,-300,true,-1.06
"STB",142106,"/Date(1702279301000)/",27900,900,12238200,342792000000,-300,false,-1.06
"STB",142106,"/Date(1702279301000)/",27900,100,12237300,342767000000,-300,false,-1.06
"STB",142106,"/Date(1702279300000)/",27900,1500,12237200,342764000000,-300,false,-1.06
"STB",142106,"/Date(1702279299000)/",27900,200,12235700,342722000000,-300,false,-1.06
"STB",142106,"/Date(1702279298000)/",27900,5000,12235500,342716000000,-300,false,-1.06
"STB",142106,"/Date(1702279298000)/",27900,9900,12230500,342577000000,-300,false,-1.06
"STB",142103,"/Date(1702279298000)/",27900,100,12220600,342301000000,-300,true,-1.06
"STB",142103,"/Date(1702279298000)/",27900,2000,12220500,342298000000,-300,true,-1.06
"STB",142103,"/Date(1702279297000)/",27900,600,12218500,342242000000,-300,true,-1.06
"STB",142103,"/Date(1702279295000)/",27900,2400,12217900,342225000000,-300,true,-1.06
"STB",142103,"/Date(1702279295000)/",27900,500,12215500,342158000000,-300,true,-1.06
"STB",142103,"/Date(1702279295000)/",27900,600,12215000,342144000000,-300,true,-1.06
"STB",142103,"/Date(1702279295000)/",27900,2500,12214400,342128000000,-300,true,-1.06
"STB",142100,"/Date(1702279294000)/",27900,100,12211900,342058000000,-300,true,-1.06
"STB",142100,"/Date(1702279293000)/",27900,1000,12211800,342055000000,-300,true,-1.06
"STB",142057,"/Date(1702279291000)/",27900,500,12210800,342027000000,-300,true,-1.06
"STB",142057,"/Date(1702279289000)/",27900,300,12210300,342013000000,-300,true,-1.06
"STB",142053,"/Date(1702279288000)/",27900,200,12210000,342005000000,-300,false,-1.06
"STB",142053,"/Date(1702279288000)/",27900,1000,12209800,341999000000,-300,false,-1.06
"STB",142053,"/Date(1702279288000)/",27900,2000,12208800,341971000000,-300,false,-1.06
"STB",142053,"/Date(1702279286000)/",27850,500,12206800,341916000000,-350,true,-1.24
"STB",142050,"/Date(1702279284000)/",27900,5000,12206300,341902000000,-300,false,-1.06
"STB",142050,"/Date(1702279284000)/",27850,500,12201300,341762000000,-350,true,-1.24
"STB",142050,"/Date(1702279283000)/",27850,100,12200800,341748000000,-350,true,-1.24
"STB",142050,"/Date(1702279283000)/",27900,3000,12200700,341746000000,-300,false,-1.06
"STB",142050,"/Date(1702279283000)/",27900,2000,12197700,341662000000,-300,false,-1.06
"STB",142050,"/Date(1702279282000)/",27850,300,12195700,341606000000,-350,true,-1.24
"STB",142047,"/Date(1702279282000)/",27900,500,12195400,341598000000,-300,false,-1.06
"STB",142047,"/Date(1702279282000)/",27900,500,12194900,341584000000,-300,false,-1.06
"STB",142044,"/Date(1702279278000)/",27850,400,12194400,341570000000,-350,true,-1.24
"STB",142044,"/Date(1702279278000)/",27900,3500,12194000,341559000000,-300,false,-1.06
"STB",142044,"/Date(1702279278000)/",27900,500,12190500,341461000000,-300,false,-1.06
"STB",142044,"/Date(1702279277000)/",27850,300,12190000,341447000000,-350,true,-1.24
"STB",142044,"/Date(1702279276000)/",27900,100,12189700,341439000000,-300,false,-1.06
"STB",142041,"/Date(1702279275000)/",27900,400,12189600,341436000000,-300,true,-1.06
"STB",142041,"/Date(1702279275000)/",27900,3000,12189200,341425000000,-300,true,-1.06
"STB",142034,"/Date(1702279269000)/",27900,100,12186200,341341000000,-300,false,-1.06
"STB",142034,"/Date(1702279268000)/",27900,1900,12186100,341338000000,-300,false,-1.06
"STB",142034,"/Date(1702279267000)/",27850,500,12184200,341285000000,-350,true,-1.24
"STB",142034,"/Date(1702279266000)/",27900,100,12183700,341271000000,-300,false,-1.06
"STB",142031,"/Date(1702279266000)/",27900,5000,12183600,341268000000,-300,false,-1.06
"STB",142031,"/Date(1702279265000)/",27850,100,12178600,341129000000,-350,true,-1.24
"STB",142031,"/Date(1702279264000)/",27900,1000,12178500,341126000000,-300,false,-1.06
"STB",142031,"/Date(1702279263000)/",27900,600,12177500,341098000000,-300,false,-1.06
"STB",142028,"/Date(1702279263000)/",27900,4400,12176900,341082000000,-300,false,-1.06
"STB",142028,"/Date(1702279263000)/",27900,3800,12172500,340959000000,-300,false,-1.06
"STB",142028,"/Date(1702279263000)/",27900,1800,12168700,340853000000,-300,false,-1.06
"STB",142018,"/Date(1702279252000)/",27850,400,12166900,340803000000,-350,true,-1.24
"STB",142018,"/Date(1702279251000)/",27850,300,12166500,340791000000,-350,true,-1.24
"STB",142015,"/Date(1702279250000)/",27900,3200,12166200,340783000000,-300,false,-1.06
"STB",142015,"/Date(1702279250000)/",27900,800,12163000,340694000000,-300,false,-1.06
"STB",142015,"/Date(1702279250000)/",27850,1000,12162200,340671000000,-350,true,-1.24
"STB",142015,"/Date(1702279249000)/",27900,200,12161200,340644000000,-300,false,-1.06
"STB",142015,"/Date(1702279249000)/",27900,1900,12161000,340638000000,-300,false,-1.06
"STB",142015,"/Date(1702279249000)/",27900,3100,12159100,340585000000,-300,false,-1.06
"STB",142015,"/Date(1702279249000)/",27900,4000,12156000,340499000000,-300,false,-1.06
"STB",142015,"/Date(1702279249000)/",27900,2900,12152000,340387000000,-300,false,-1.06
"STB",142015,"/Date(1702279248000)/",27850,100,12149100,340306000000,-350,true,-1.24
"STB",142012,"/Date(1702279246000)/",27900,100,12149000,340303000000,-300,false,-1.06
"STB",142012,"/Date(1702279246000)/",27900,900,12148900,340300000000,-300,false,-1.06
"STB",142002,"/Date(1702279237000)/",27900,500,12148000,340275000000,-300,false,-1.06
"STB",141959,"/Date(1702279233000)/",27850,100,12147500,340261000000,-350,true,-1.24
"STB",141959,"/Date(1702279232000)/",27850,100,12147400,340259000000,-350,true,-1.24
"STB",141956,"/Date(1702279231000)/",27900,1000,12147300,340256000000,-300,true,-1.06
"STB",141956,"/Date(1702279231000)/",27850,200,12146300,340228000000,-350,true,-1.24
"STB",141956,"/Date(1702279230000)/",27900,1000,12146100,340222000000,-300,true,-1.06
"STB",141956,"/Date(1702279230000)/",27850,1500,12145100,340194000000,-350,true,-1.24
"STB",141956,"/Date(1702279229000)/",27850,3500,12143600,340153000000,-350,true,-1.24
"STB",141956,"/Date(1702279228000)/",27900,1000,12140100,340055000000,-300,true,-1.06
"STB",141956,"/Date(1702279228000)/",27900,500,12139100,340027000000,-300,true,-1.06
"STB",141956,"/Date(1702279228000)/",27900,1000,12138600,340013000000,-300,true,-1.06
"STB",141956,"/Date(1702279228000)/",27900,200,12137600,339985000000,-300,true,-1.06
"STB",141956,"/Date(1702279228000)/",27900,500,12137400,339980000000,-300,true,-1.06
"STB",141956,"/Date(1702279228000)/",27900,300,12136900,339966000000,-300,true,-1.06
"STB",141956,"/Date(1702279228000)/",27900,3000,12136600,339958000000,-300,true,-1.06
"STB",141956,"/Date(1702279228000)/",27900,400,12133600,339874000000,-300,true,-1.06
"STB",141956,"/Date(1702279228000)/",27900,200,12133200,339863000000,-300,true,-1.06
"STB",141956,"/Date(1702279228000)/",27900,100,12133000,339857000000,-300,true,-1.06
"STB",141956,"/Date(1702279228000)/",27900,2000,12132900,339854000000,-300,true,-1.06
"STB",141956,"/Date(1702279228000)/",27900,100,12130900,339799000000,-300,true,-1.06
"STB",141956,"/Date(1702279228000)/",27900,100,12130800,339796000000,-300,true,-1.06
"STB",141956,"/Date(1702279228000)/",27900,100,12130700,339793000000,-300,true,-1.06
"STB",141956,"/Date(1702279228000)/",27900,900,12130600,339790000000,-300,true,-1.06
"STB",141956,"/Date(1702279228000)/",27900,1000,12129700,339765000000,-300,true,-1.06
"STB",141956,"/Date(1702279228000)/",27900,100,12128700,339737000000,-300,true,-1.06
"STB",141956,"/Date(1702279228000)/",27900,1000,12128600,339734000000,-300,true,-1.06
"STB",141956,"/Date(1702279228000)/",27900,100,12127600,339706000000,-300,true,-1.06
"STB",141956,"/Date(1702279228000)/",27900,34000,12127500,339704000000,-300,true,-1.06
"STB",141953,"/Date(1702279227000)/",27900,100,12093500,338755000000,-300,true,-1.06
"STB",141953,"/Date(1702279226000)/",27900,100,12093400,338752000000,-300,true,-1.06
"STB",141953,"/Date(1702279226000)/",27900,1000,12093300,338749000000,-300,true,-1.06
"STB",141950,"/Date(1702279224000)/",27900,10000,12092300,338722000000,-300,true,-1.06
"STB",141950,"/Date(1702279224000)/",27900,700,12082300,338443000000,-300,true,-1.06
"STB",141950,"/Date(1702279224000)/",27900,500,12081600,338423000000,-300,true,-1.06
"STB",141950,"/Date(1702279223000)/",27900,3600,12081100,338409000000,-300,true,-1.06
"STB",141950,"/Date(1702279223000)/",27900,1400,12077500,338309000000,-300,true,-1.06
"STB",141950,"/Date(1702279222000)/",27900,500,12076100,338270000000,-300,true,-1.06
"STB",141950,"/Date(1702279222000)/",27900,700,12075600,338256000000,-300,true,-1.06
"STB",141946,"/Date(1702279221000)/",27900,2200,12074900,338236000000,-300,true,-1.06
"STB",141946,"/Date(1702279220000)/",27900,5000,12072700,338175000000,-300,true,-1.06
"STB",141946,"/Date(1702279220000)/",27900,200,12067700,338035000000,-300,true,-1.06
"STB",141943,"/Date(1702279218000)/",27900,2000,12067500,338030000000,-300,true,-1.06
"STB",141943,"/Date(1702279218000)/",27900,500,12065500,337974000000,-300,true,-1.06
"STB",141943,"/Date(1702279217000)/",27900,5000,12065000,337960000000,-300,true,-1.06
"STB",141943,"/Date(1702279215000)/",27900,100,12060000,337820000000,-300,true,-1.06
"STB",141940,"/Date(1702279215000)/",27900,1800,12059900,337818000000,-300,true,-1.06
"STB",141940,"/Date(1702279212000)/",27900,100,12058100,337767000000,-300,true,-1.06
"STB",141937,"/Date(1702279211000)/",27900,500,12058000,337765000000,-300,true,-1.06
"STB",141937,"/Date(1702279211000)/",27900,1100,12057500,337751000000,-300,true,-1.06
"STB",141937,"/Date(1702279210000)/",27900,900,12056400,337720000000,-300,true,-1.06
"STB",141937,"/Date(1702279210000)/",27900,15000,12055500,337695000000,-300,true,-1.06
"STB",141937,"/Date(1702279210000)/",27900,500,12040500,337276000000,-300,true,-1.06
"STB",141937,"/Date(1702279210000)/",27900,100,12040000,337262000000,-300,true,-1.06
"STB",141937,"/Date(1702279210000)/",27900,100,12039900,337260000000,-300,true,-1.06
"STB",141937,"/Date(1702279210000)/",27900,200,12039800,337257000000,-300,true,-1.06
"STB",141937,"/Date(1702279210000)/",27900,300,12039600,337251000000,-300,true,-1.06
"STB",141937,"/Date(1702279210000)/",27900,100,12039300,337243000000,-300,true,-1.06
"STB",141937,"/Date(1702279210000)/",27900,100,12039200,337240000000,-300,true,-1.06
"STB",141937,"/Date(1702279210000)/",27900,600,12039100,337237000000,-300,true,-1.06
"STB",141937,"/Date(1702279210000)/",27900,1700,12038500,337221000000,-300,true,-1.06
"STB",141937,"/Date(1702279210000)/",27900,300,12036800,337173000000,-300,true,-1.06
"STB",141937,"/Date(1702279210000)/",27900,100,12036500,337165000000,-300,true,-1.06
"STB",141937,"/Date(1702279210000)/",27900,50000,12036400,337162000000,-300,true,-1.06
"STB",141937,"/Date(1702279210000)/",27900,18000,11986400,335767000000,-300,true,-1.06
"STB",141937,"/Date(1702279210000)/",27900,100,11968400,335265000000,-300,true,-1.06
"STB",141937,"/Date(1702279210000)/",27900,2000,11968300,335262000000,-300,true,-1.06
"STB",141937,"/Date(1702279210000)/",27900,100,11966300,335206000000,-300,true,-1.06
"STB",141937,"/Date(1702279210000)/",27900,300,11966200,335203000000,-300,true,-1.06
"STB",141937,"/Date(1702279210000)/",27900,100,11965900,335195000000,-300,true,-1.06
"STB",141937,"/Date(1702279210000)/",27900,500,11965800,335192000000,-300,true,-1.06
"STB",141937,"/Date(1702279210000)/",27900,100,11965300,335178000000,-300,true,-1.06
"STB",141937,"/Date(1702279210000)/",27900,1000,11965200,335175000000,-300,true,-1.06
"STB",141937,"/Date(1702279210000)/",27900,900,11964200,335148000000,-300,true,-1.06
"STB",141937,"/Date(1702279210000)/",27900,4000,11963300,335122000000,-300,true,-1.06
"STB",141937,"/Date(1702279210000)/",27900,1000,11959300,335011000000,-300,true,-1.06
"STB",141937,"/Date(1702279210000)/",27900,100,11958300,334983000000,-300,true,-1.06
"STB",141937,"/Date(1702279210000)/",27900,1000,11958200,334980000000,-300,true,-1.06
"STB",141937,"/Date(1702279210000)/",27900,100,11957200,334952000000,-300,true,-1.06
"STB",141937,"/Date(1702279210000)/",27900,300,11957100,334950000000,-300,true,-1.06
"STB",141937,"/Date(1702279210000)/",27900,300,11956800,334941000000,-300,true,-1.06
"STB",141937,"/Date(1702279210000)/",27900,1000,11956500,334933000000,-300,true,-1.06
"STB",141937,"/Date(1702279210000)/",27900,1000,11955500,334905000000,-300,true,-1.06
"STB",141937,"/Date(1702279210000)/",27900,1000,11954500,334877000000,-300,true,-1.06
"STB",141937,"/Date(1702279210000)/",27900,100,11953500,334849000000,-300,true,-1.06
"STB",141937,"/Date(1702279210000)/",27900,500,11953400,334846000000,-300,true,-1.06
"STB",141937,"/Date(1702279210000)/",27900,500,11952900,334832000000,-300,true,-1.06
"STB",141937,"/Date(1702279210000)/",27900,1000,11952400,334818000000,-300,true,-1.06
"STB",141937,"/Date(1702279210000)/",27900,100,11951400,334790000000,-300,true,-1.06
"STB",141937,"/Date(1702279210000)/",27900,200,11951300,334788000000,-300,true,-1.06
"STB",141937,"/Date(1702279210000)/",27900,100,11951100,334782000000,-300,true,-1.06
"STB",141937,"/Date(1702279210000)/",27900,200,11951000,334779000000,-300,true,-1.06
"STB",141937,"/Date(1702279210000)/",27900,100,11950800,334774000000,-300,true,-1.06
"STB",141937,"/Date(1702279210000)/",27900,10000,11950700,334771000000,-300,true,-1.06
"STB",141937,"/Date(1702279210000)/",27900,1000,11940700,334492000000,-300,true,-1.06
"STB",141937,"/Date(1702279210000)/",27900,200,11939700,334464000000,-300,true,-1.06
"STB",141937,"/Date(1702279210000)/",27900,300,11939500,334458000000,-300,true,-1.06
"STB",141937,"/Date(1702279210000)/",27900,100,11939200,334450000000,-300,true,-1.06
"STB",141937,"/Date(1702279210000)/",27900,400,11939100,334447000000,-300,true,-1.06
"STB",141937,"/Date(1702279210000)/",27900,300,11938700,334436000000,-300,true,-1.06
"STB",141937,"/Date(1702279210000)/",27900,600,11938400,334428000000,-300,true,-1.06
"STB",141937,"/Date(1702279210000)/",27900,100,11937800,334411000000,-300,true,-1.06
"STB",141937,"/Date(1702279210000)/",27900,1000,11937700,334408000000,-300,true,-1.06
"STB",141937,"/Date(1702279210000)/",27900,9000,11936700,334380000000,-300,true,-1.06
"STB",141937,"/Date(1702279210000)/",27900,100,11927700,334129000000,-300,true,-1.06
"STB",141937,"/Date(1702279210000)/",27900,2000,11927600,334126000000,-300,true,-1.06
"STB",141937,"/Date(1702279210000)/",27900,3000,11925600,334071000000,-300,true,-1.06
"STB",141937,"/Date(1702279210000)/",27900,300,11922600,333987000000,-300,true,-1.06
"STB",141937,"/Date(1702279210000)/",27900,23300,11922300,333979000000,-300,true,-1.06
"STB",141937,"/Date(1702279210000)/",27900,500,11899000,333329000000,-300,true,-1.06
"STB",141937,"/Date(1702279210000)/",27900,500,11898500,333315000000,-300,true,-1.06
"STB",141937,"/Date(1702279210000)/",27900,100,11898000,333301000000,-300,true,-1.06
"STB",141937,"/Date(1702279210000)/",27900,500,11897900,333298000000,-300,true,-1.06
"STB",141937,"/Date(1702279210000)/",27900,4000,11897400,333284000000,-300,true,-1.06
"STB",141937,"/Date(1702279210000)/",27900,100,11893400,333172000000,-300,true,-1.06
"STB",141937,"/Date(1702279210000)/",27900,1000,11893300,333169000000,-300,true,-1.06
"STB",141937,"/Date(1702279210000)/",27900,300,11892300,333142000000,-300,true,-1.06
"STB",141937,"/Date(1702279210000)/",27900,100,11892000,333133000000,-300,true,-1.06
"STB",141937,"/Date(1702279210000)/",27900,1900,11891900,333130000000,-300,true,-1.06
"STB",141937,"/Date(1702279210000)/",27900,100,11890000,333077000000,-300,true,-1.06
"STB",141937,"/Date(1702279210000)/",27900,100,11889900,333075000000,-300,true,-1.06
"STB",141937,"/Date(1702279210000)/",27900,200,11889800,333072000000,-300,true,-1.06
"STB",141937,"/Date(1702279210000)/",27900,5000,11889600,333066000000,-300,true,-1.06
"STB",141937,"/Date(1702279210000)/",27900,500,11884600,332927000000,-300,true,-1.06
"STB",141937,"/Date(1702279210000)/",27900,4000,11884100,332913000000,-300,true,-1.06
"STB",141937,"/Date(1702279210000)/",27900,500,11880100,332801000000,-300,true,-1.06
"STB",141937,"/Date(1702279210000)/",27900,1000,11879600,332787000000,-300,true,-1.06
"STB",141937,"/Date(1702279210000)/",27900,100,11878600,332759000000,-300,true,-1.06
"STB",141937,"/Date(1702279210000)/",27900,500,11878500,332757000000,-300,true,-1.06
"STB",141937,"/Date(1702279210000)/",27900,2500,11878000,332743000000,-300,true,-1.06
"STB",141937,"/Date(1702279210000)/",27900,300,11875500,332673000000,-300,true,-1.06
"STB",141937,"/Date(1702279210000)/",27900,400,11875200,332664000000,-300,true,-1.06
"STB",141937,"/Date(1702279210000)/",27900,500,11874800,332653000000,-300,true,-1.06
"STB",141937,"/Date(1702279210000)/",27900,200,11874300,332639000000,-300,true,-1.06
"STB",141937,"/Date(1702279210000)/",27900,800,11874100,332634000000,-300,true,-1.06
"STB",141924,"/Date(1702279198000)/",27900,100,11873300,332611000000,-300,true,-1.06
"STB",141924,"/Date(1702279197000)/",27900,100,11873200,332609000000,-300,true,-1.06
"STB",141924,"/Date(1702279197000)/",27900,500,11873100,332606000000,-300,true,-1.06
"STB",141924,"/Date(1702279197000)/",27900,400,11872600,332592000000,-300,true,-1.06
"STB",141924,"/Date(1702279196000)/",27900,600,11872200,332581000000,-300,true,-1.06
"STB",141924,"/Date(1702279196000)/",27900,500,11871600,332564000000,-300,true,-1.06
"STB",141924,"/Date(1702279196000)/",27900,8900,11871100,332550000000,-300,true,-1.06
"STB",141915,"/Date(1702279187000)/",27900,300,11862200,332302000000,-300,true,-1.06
"STB",141911,"/Date(1702279185000)/",27900,800,11861900,332293000000,-300,true,-1.06
"STB",141911,"/Date(1702279185000)/",27900,100,11861100,332271000000,-300,true,-1.06
"STB",141911,"/Date(1702279185000)/",27900,500,11861000,332268000000,-300,true,-1.06
"STB",141911,"/Date(1702279185000)/",27900,100,11860500,332254000000,-300,true,-1.06
"STB",141911,"/Date(1702279185000)/",27900,1000,11860400,332252000000,-300,true,-1.06
"STB",141911,"/Date(1702279185000)/",27900,1400,11859400,332224000000,-300,true,-1.06
"STB",141852,"/Date(1702279167000)/",27950,100,11858000,332185000000,-250,false,-0.89
"STB",141852,"/Date(1702279166000)/",27900,200,11857900,332182000000,-300,true,-1.06
"STB",141852,"/Date(1702279165000)/",27900,400,11857700,332176000000,-300,true,-1.06
"STB",141852,"/Date(1702279165000)/",27900,500,11857300,332165000000,-300,true,-1.06
"STB",141852,"/Date(1702279165000)/",27900,100,11856800,332151000000,-300,true,-1.06
"STB",141852,"/Date(1702279165000)/",27900,200,11856700,332148000000,-300,true,-1.06
"STB",141852,"/Date(1702279165000)/",27900,800,11856500,332143000000,-300,true,-1.06
"STB",141849,"/Date(1702279164000)/",27900,100,11855700,332120000000,-300,true,-1.06
"STB",141849,"/Date(1702279163000)/",27900,1000,11855600,332118000000,-300,true,-1.06
"STB",141846,"/Date(1702279159000)/",27900,400,11854600,332090000000,-300,true,-1.06
"STB",141846,"/Date(1702279158000)/",27900,2700,11854200,332079000000,-300,true,-1.06
"STB",141846,"/Date(1702279158000)/",27900,500,11851500,332003000000,-300,true,-1.06
"STB",141846,"/Date(1702279158000)/",27900,400,11851000,331989000000,-300,true,-1.06
"STB",141846,"/Date(1702279158000)/",27900,400,11850600,331978000000,-300,true,-1.06
"STB",141843,"/Date(1702279157000)/",27950,200,11850200,331967000000,-250,false,-0.89
"STB",141843,"/Date(1702279156000)/",27950,100,11850000,331961000000,-250,false,-0.89
"STB",141843,"/Date(1702279155000)/",27900,400,11849900,331959000000,-300,true,-1.06
"STB",141839,"/Date(1702279154000)/",27900,200,11849500,331947000000,-300,true,-1.06
"STB",141839,"/Date(1702279154000)/",27900,300,11849300,331942000000,-300,true,-1.06
"STB",141839,"/Date(1702279153000)/",27900,4000,11849000,331933000000,-300,true,-1.06
"STB",141839,"/Date(1702279153000)/",27900,5000,11845000,331822000000,-300,true,-1.06
"STB",141839,"/Date(1702279153000)/",27900,100,11840000,331682000000,-300,true,-1.06
"STB",141839,"/Date(1702279152000)/",27900,600,11839900,331680000000,-300,true,-1.06
"STB",141839,"/Date(1702279152000)/",27900,400,11839300,331663000000,-300,true,-1.06
"STB",141836,"/Date(1702279151000)/",27900,500,11838900,331652000000,-300,true,-1.06
"STB",141836,"/Date(1702279149000)/",27950,500,11838400,331638000000,-250,false,-0.89
"STB",141836,"/Date(1702279149000)/",27950,5000,11837900,331624000000,-250,false,-0.89
"STB",141830,"/Date(1702279143000)/",27900,500,11832900,331484000000,-300,true,-1.06
"STB",141830,"/Date(1702279141000)/",27900,5000,11832400,331470000000,-300,true,-1.06
"STB",141827,"/Date(1702279141000)/",27900,100,11827400,331331000000,-300,true,-1.06
"STB",141827,"/Date(1702279140000)/",27950,1500,11827300,331328000000,-250,false,-0.89
"STB",141817,"/Date(1702279131000)/",27900,900,11825800,331286000000,-300,true,-1.06
"STB",141817,"/Date(1702279129000)/",27900,100,11824900,331261000000,-300,true,-1.06
"STB",141814,"/Date(1702279127000)/",27900,1000,11824800,331258000000,-300,true,-1.06
"STB",141807,"/Date(1702279121000)/",27900,500,11823800,331230000000,-300,true,-1.06
"STB",141807,"/Date(1702279121000)/",27900,1000,11823300,331216000000,-300,true,-1.06
"STB",141807,"/Date(1702279121000)/",27900,4000,11822300,331188000000,-300,true,-1.06
"STB",141758,"/Date(1702279113000)/",27900,100,11818300,331077000000,-300,true,-1.06
"STB",141758,"/Date(1702279112000)/",27900,1000,11818200,331074000000,-300,true,-1.06
"STB",141758,"/Date(1702279111000)/",27900,10000,11817200,331046000000,-300,true,-1.06
"STB",141758,"/Date(1702279111000)/",27900,900,11807200,330767000000,-300,true,-1.06
"STB",141758,"/Date(1702279110000)/",27900,9200,11806300,330742000000,-300,true,-1.06
"STB",141755,"/Date(1702279109000)/",27900,14900,11797100,330485000000,-300,true,-1.06
"STB",141755,"/Date(1702279108000)/",27900,59900,11782200,330069000000,-300,true,-1.06
"STB",141755,"/Date(1702279108000)/",27900,800,11722300,328398000000,-300,true,-1.06
"STB",141755,"/Date(1702279108000)/",27900,100,11721500,328376000000,-300,true,-1.06
"STB",141755,"/Date(1702279108000)/",27900,1000,11721400,328373000000,-300,true,-1.06
"STB",141755,"/Date(1702279108000)/",27900,200,11720400,328345000000,-300,true,-1.06
"STB",141755,"/Date(1702279108000)/",27900,1000,11720200,328340000000,-300,true,-1.06
"STB",141755,"/Date(1702279108000)/",27900,1000,11719200,328312000000,-300,true,-1.06
"STB",141755,"/Date(1702279108000)/",27900,100,11718200,328284000000,-300,true,-1.06
"STB",141755,"/Date(1702279108000)/",27900,200,11718100,328281000000,-300,true,-1.06
"STB",141755,"/Date(1702279108000)/",27900,100,11717900,328275000000,-300,true,-1.06
"STB",141755,"/Date(1702279108000)/",27900,1000,11717800,328273000000,-300,true,-1.06
"STB",141755,"/Date(1702279108000)/",27900,100,11716800,328245000000,-300,true,-1.06
"STB",141755,"/Date(1702279108000)/",27900,100,11716700,328242000000,-300,true,-1.06
"STB",141755,"/Date(1702279108000)/",27900,2000,11716600,328239000000,-300,true,-1.06
"STB",141755,"/Date(1702279108000)/",27900,100,11714600,328183000000,-300,true,-1.06
"STB",141755,"/Date(1702279108000)/",27900,100,11714500,328181000000,-300,true,-1.06
"STB",141755,"/Date(1702279108000)/",27900,100,11714400,328178000000,-300,true,-1.06
"STB",141755,"/Date(1702279108000)/",27900,100,11714300,328175000000,-300,true,-1.06
"STB",141755,"/Date(1702279108000)/",27900,700,11714200,328172000000,-300,true,-1.06
"STB",141755,"/Date(1702279108000)/",27900,500,11713500,328153000000,-300,true,-1.06
"STB",141755,"/Date(1702279108000)/",27900,1900,11713000,328139000000,-300,true,-1.06
"STB",141755,"/Date(1702279108000)/",27900,300,11711100,328086000000,-300,true,-1.06
"STB",141755,"/Date(1702279108000)/",27900,100,11710800,328077000000,-300,true,-1.06
"STB",141755,"/Date(1702279108000)/",27900,100,11710700,328075000000,-300,true,-1.06
"STB",141755,"/Date(1702279108000)/",27900,700,11710600,328072000000,-300,true,-1.06
"STB",141755,"/Date(1702279108000)/",27900,200,11709900,328052000000,-300,true,-1.06
"STB",141755,"/Date(1702279108000)/",27900,100,11709700,328047000000,-300,true,-1.06
"STB",141755,"/Date(1702279108000)/",27900,200,11709600,328044000000,-300,true,-1.06
"STB",141755,"/Date(1702279108000)/",27900,3000,11709400,328038000000,-300,true,-1.06
"STB",141755,"/Date(1702279108000)/",27900,600,11706400,327955000000,-300,true,-1.06
"STB",141755,"/Date(1702279108000)/",27900,100,11705800,327938000000,-300,true,-1.06
"STB",141755,"/Date(1702279108000)/",27900,200,11705700,327935000000,-300,true,-1.06
"STB",141755,"/Date(1702279108000)/",27900,800,11705500,327929000000,-300,true,-1.06
"STB",141751,"/Date(1702279106000)/",27900,200,11704700,327907000000,-300,true,-1.06
"STB",141751,"/Date(1702279105000)/",27900,2000,11704500,327902000000,-300,true,-1.06
"STB",141751,"/Date(1702279104000)/",27900,200,11702500,327846000000,-300,true,-1.06
"STB",141748,"/Date(1702279103000)/",27900,2000,11702300,327840000000,-300,true,-1.06
"STB",141745,"/Date(1702279098000)/",27900,500,11700300,327784000000,-300,true,-1.06
"STB",141745,"/Date(1702279097000)/",27900,300,11699800,327770000000,-300,true,-1.06
"STB",141745,"/Date(1702279097000)/",27900,700,11699500,327762000000,-300,true,-1.06
"STB",141745,"/Date(1702279097000)/",27900,4300,11698800,327743000000,-300,true,-1.06
"STB",141742,"/Date(1702279096000)/",27900,300,11694500,327623000000,-300,true,-1.06
"STB",141742,"/Date(1702279095000)/",27900,3000,11694200,327614000000,-300,true,-1.06
"STB",141739,"/Date(1702279093000)/",27900,300,11691200,327531000000,-300,true,-1.06
"STB",141739,"/Date(1702279091000)/",27900,2100,11690900,327522000000,-300,true,-1.06
"STB",141739,"/Date(1702279091000)/",27900,1800,11688800,327464000000,-300,true,-1.06
"STB",141735,"/Date(1702279089000)/",27900,500,11687000,327413000000,-300,true,-1.06
"STB",141735,"/Date(1702279087000)/",27900,700,11686500,327399000000,-300,true,-1.06
"STB",141735,"/Date(1702279087000)/",27900,200,11685800,327380000000,-300,true,-1.06
"STB",141735,"/Date(1702279087000)/",27900,4100,11685600,327374000000,-300,true,-1.06
"STB",141729,"/Date(1702279084000)/",27900,300,11681500,327260000000,-300,true,-1.06
"STB",141729,"/Date(1702279082000)/",27900,600,11681200,327252000000,-300,true,-1.06
"STB",141729,"/Date(1702279082000)/",27900,2400,11680600,327235000000,-300,true,-1.06
"STB",141710,"/Date(1702279063000)/",27900,200,11678200,327168000000,-300,true,-1.06
"STB",141710,"/Date(1702279062000)/",27900,2400,11678000,327162000000,-300,true,-1.06
"STB",141707,"/Date(1702279061000)/",27900,200,11675600,327095000000,-300,true,-1.06
"STB",141707,"/Date(1702279059000)/",27900,2000,11675400,327090000000,-300,true,-1.06
"STB",141703,"/Date(1702279057000)/",27950,200,11673400,327034000000,-250,false,-0.89
"STB",141654,"/Date(1702279048000)/",27900,100,11673200,327028000000,-300,true,-1.06
"STB",141654,"/Date(1702279047000)/",27900,1000,11673100,327026000000,-300,true,-1.06
"STB",141644,"/Date(1702279038000)/",27900,100,11672100,326998000000,-300,true,-1.06
"STB",141644,"/Date(1702279036000)/",27950,1000,11672000,326995000000,-250,false,-0.89
"STB",141638,"/Date(1702279033000)/",27900,900,11671000,326967000000,-300,true,-1.06
"STB",141638,"/Date(1702279032000)/",27900,700,11670100,326942000000,-300,true,-1.06
"STB",141638,"/Date(1702279032000)/",27900,100,11669400,326922000000,-300,true,-1.06
"STB",141638,"/Date(1702279032000)/",27900,800,11669300,326919000000,-300,true,-1.06
"STB",141638,"/Date(1702279032000)/",27900,1000,11668500,326897000000,-300,true,-1.06
"STB",141638,"/Date(1702279032000)/",27900,100,11667500,326869000000,-300,true,-1.06
"STB",141638,"/Date(1702279032000)/",27900,1000,11667400,326866000000,-300,true,-1.06
"STB",141638,"/Date(1702279032000)/",27900,100,11666400,326839000000,-300,true,-1.06
"STB",141638,"/Date(1702279032000)/",27900,500,11666300,326836000000,-300,true,-1.06
"STB",141638,"/Date(1702279032000)/",27900,1000,11665800,326822000000,-300,true,-1.06
"STB",141638,"/Date(1702279032000)/",27900,100,11664800,326794000000,-300,true,-1.06
"STB",141638,"/Date(1702279032000)/",27900,100,11664700,326791000000,-300,true,-1.06
"STB",141638,"/Date(1702279032000)/",27900,200,11664600,326788000000,-300,true,-1.06
"STB",141638,"/Date(1702279032000)/",27900,1000,11664400,326783000000,-300,true,-1.06
"STB",141638,"/Date(1702279032000)/",27900,100,11663400,326755000000,-300,true,-1.06
"STB",141638,"/Date(1702279032000)/",27900,200,11663300,326752000000,-300,true,-1.06
"STB",141638,"/Date(1702279032000)/",27900,2000,11663100,326746000000,-300,true,-1.06
"STB",141638,"/Date(1702279031000)/",27950,200,11661100,326691000000,-250,false,-0.89
"STB",141638,"/Date(1702279031000)/",27900,100,11660900,326685000000,-300,true,-1.06
"STB",141638,"/Date(1702279030000)/",27900,1000,11660800,326682000000,-300,true,-1.06
"STB",141635,"/Date(1702279028000)/",27950,10000,11659800,326654000000,-250,false,-0.89
"STB",141622,"/Date(1702279016000)/",27900,100,11649800,326375000000,-300,true,-1.06
"STB",141622,"/Date(1702279015000)/",27950,600,11649700,326372000000,-250,false,-0.89
"STB",141622,"/Date(1702279015000)/",27900,1000,11649100,326355000000,-300,true,-1.06
"STB",141622,"/Date(1702279014000)/",27950,100,11648100,326327000000,-250,false,-0.89
"STB",141622,"/Date(1702279014000)/",27900,5800,11648000,326325000000,-300,true,-1.06
"STB",141622,"/Date(1702279014000)/",27900,500,11642200,326163000000,-300,true,-1.06
"STB",141622,"/Date(1702279014000)/",27900,500,11641700,326149000000,-300,true,-1.06
"STB",141622,"/Date(1702279014000)/",27900,1800,11641200,326135000000,-300,true,-1.06
"STB",141622,"/Date(1702279014000)/",27900,100,11639400,326085000000,-300,true,-1.06
"STB",141622,"/Date(1702279014000)/",27900,200,11639300,326082000000,-300,true,-1.06
"STB",141622,"/Date(1702279014000)/",27900,200,11639100,326076000000,-300,true,-1.06
"STB",141622,"/Date(1702279014000)/",27900,400,11638900,326071000000,-300,true,-1.06
"STB",141622,"/Date(1702279014000)/",27900,200,11638500,326060000000,-300,true,-1.06
"STB",141622,"/Date(1702279014000)/",27900,300,11638300,326054000000,-300,true,-1.06
"STB",141619,"/Date(1702279013000)/",27950,100,11638000,326046000000,-250,false,-0.89
"STB",141619,"/Date(1702279013000)/",27900,100,11637900,326043000000,-300,true,-1.06
"STB",141619,"/Date(1702279012000)/",27900,4600,11637800,326040000000,-300,true,-1.06
"STB",141619,"/Date(1702279012000)/",27900,95400,11633200,325912000000,-300,true,-1.06
"STB",141619,"/Date(1702279012000)/",27950,1000,11537800,323250000000,-250,false,-0.89
"STB",141619,"/Date(1702279012000)/",27900,100,11536800,323222000000,-300,true,-1.06
"STB",141619,"/Date(1702279011000)/",27900,500,11536700,323219000000,-300,true,-1.06
"STB",141619,"/Date(1702279011000)/",27900,700,11536200,323205000000,-300,true,-1.06
"STB",141616,"/Date(1702279010000)/",27950,3900,11535500,323186000000,-250,false,-0.89
"STB",141616,"/Date(1702279010000)/",27950,3100,11531600,323077000000,-250,false,-0.89
"STB",141609,"/Date(1702279004000)/",27900,600,11528500,322990000000,-300,true,-1.06
"STB",141609,"/Date(1702279003000)/",27950,100,11527900,322973000000,-250,false,-0.89
"STB",141609,"/Date(1702279003000)/",27950,5000,11527800,322971000000,-250,false,-0.89
"STB",141609,"/Date(1702279003000)/",27950,700,11522800,322831000000,-250,false,-0.89
"STB",141609,"/Date(1702279003000)/",27950,300,11522100,322811000000,-250,false,-0.89
"STB",141609,"/Date(1702279003000)/",27950,100,11521800,322803000000,-250,false,-0.89
"STB",141609,"/Date(1702279003000)/",27950,100,11521700,322800000000,-250,false,-0.89
"STB",141609,"/Date(1702279003000)/",27950,600,11521600,322797000000,-250,false,-0.89
"STB",141606,"/Date(1702278999000)/",27950,200,11521000,322781000000,-250,true,-0.89
"STB",141606,"/Date(1702278999000)/",27950,200,11520800,322775000000,-250,true,-0.89
"STB",141606,"/Date(1702278998000)/",28000,200,11520600,322769000000,-200,false,-0.71
"STB",141603,"/Date(1702278997000)/",27950,3900,11520400,322764000000,-250,true,-0.89
"STB",141603,"/Date(1702278997000)/",27950,300,11516500,322655000000,-250,true,-0.89
"STB",141603,"/Date(1702278995000)/",27950,300,11516200,322646000000,-250,true,-0.89
"STB",141600,"/Date(1702278994000)/",27950,1000,11515900,322638000000,-250,true,-0.89
"STB",141600,"/Date(1702278993000)/",27950,1200,11514900,322610000000,-250,true,-0.89
"STB",141600,"/Date(1702278993000)/",27950,800,11513700,322577000000,-250,true,-0.89
"STB",141550,"/Date(1702278985000)/",27950,900,11512900,322554000000,-250,true,-0.89
"STB",141550,"/Date(1702278983000)/",27950,8300,11512000,322529000000,-250,true,-0.89
"STB",141550,"/Date(1702278983000)/",27950,100,11503700,322297000000,-250,true,-0.89
"STB",141550,"/Date(1702278983000)/",27950,100,11503600,322294000000,-250,true,-0.89
"STB",141550,"/Date(1702278983000)/",27950,100,11503500,322291000000,-250,true,-0.89
"STB",141550,"/Date(1702278983000)/",27950,800,11503400,322289000000,-250,true,-0.89
"STB",141550,"/Date(1702278982000)/",27950,500,11502600,322266000000,-250,true,-0.89
"STB",141547,"/Date(1702278981000)/",28000,5400,11502100,322252000000,-200,false,-0.71
"STB",141537,"/Date(1702278971000)/",28000,200,11496700,322101000000,-200,false,-0.71
"STB",141537,"/Date(1702278969000)/",27950,500,11496500,322096000000,-250,true,-0.89
"STB",141534,"/Date(1702278967000)/",27950,200,11496000,322082000000,-250,true,-0.89
"STB",141534,"/Date(1702278967000)/",27950,200,11495800,322076000000,-250,true,-0.89
"STB",141534,"/Date(1702278967000)/",27950,4600,11495600,322070000000,-250,true,-0.89
"STB",141524,"/Date(1702278958000)/",27950,200,11491000,321942000000,-250,true,-0.89
"STB",141524,"/Date(1702278957000)/",28000,2000,11490800,321936000000,-200,false,-0.71
"STB",141521,"/Date(1702278955000)/",27950,100,11488800,321880000000,-250,true,-0.89
"STB",141521,"/Date(1702278954000)/",27950,1000,11488700,321877000000,-250,true,-0.89
"STB",141512,"/Date(1702278945000)/",27950,100,11487700,321849000000,-250,true,-0.89
"STB",141508,"/Date(1702278941000)/",27950,100,11487600,321847000000,-250,true,-0.89
"STB",141508,"/Date(1702278940000)/",27950,100,11487500,321844000000,-250,true,-0.89
"STB",141505,"/Date(1702278940000)/",27950,1700,11487400,321841000000,-250,true,-0.89
"STB",141505,"/Date(1702278938000)/",27950,17000,11485700,321794000000,-250,true,-0.89
"STB",141502,"/Date(1702278936000)/",27950,400,11468700,321318000000,-250,true,-0.89
"STB",141502,"/Date(1702278935000)/",27950,2000,11468300,321307000000,-250,true,-0.89
"STB",141502,"/Date(1702278935000)/",27950,2700,11466300,321251000000,-250,true,-0.89
"STB",141502,"/Date(1702278934000)/",27950,1900,11463600,321176000000,-250,true,-0.89
"STB",141459,"/Date(1702278933000)/",27950,2000,11461700,321123000000,-250,false,-0.89
"STB",141459,"/Date(1702278933000)/",27950,1000,11459700,321067000000,-250,false,-0.89
"STB",141459,"/Date(1702278933000)/",27950,2000,11458700,321039000000,-250,false,-0.89
"STB",141459,"/Date(1702278933000)/",27950,2000,11456700,320983000000,-250,false,-0.89
"STB",141459,"/Date(1702278933000)/",27950,4000,11454700,320927000000,-250,false,-0.89
"STB",141459,"/Date(1702278933000)/",27950,7100,11450700,320815000000,-250,false,-0.89
"STB",141456,"/Date(1702278928000)/",27900,500,11443600,320617000000,-300,true,-1.06
"STB",141453,"/Date(1702278927000)/",27950,2000,11443100,320603000000,-250,false,-0.89
"STB",141453,"/Date(1702278926000)/",27900,2200,11441100,320547000000,-300,true,-1.06
"STB",141453,"/Date(1702278926000)/",27900,1000,11438900,320486000000,-300,true,-1.06
"STB",141453,"/Date(1702278926000)/",27900,500,11437900,320458000000,-300,true,-1.06
"STB",141446,"/Date(1702278921000)/",27900,300,11437400,320444000000,-300,true,-1.06
"STB",141446,"/Date(1702278920000)/",27950,100,11437100,320435000000,-250,false,-0.89
"STB",141446,"/Date(1702278920000)/",27900,200,11437000,320433000000,-300,true,-1.06
"STB",141446,"/Date(1702278920000)/",27900,100,11436800,320427000000,-300,true,-1.06
"STB",141446,"/Date(1702278920000)/",27900,2900,11436700,320424000000,-300,true,-1.06
"STB",141443,"/Date(1702278916000)/",27900,100,11433800,320343000000,-300,true,-1.06
"STB",141443,"/Date(1702278915000)/",27950,1300,11433700,320341000000,-250,false,-0.89
"STB",141440,"/Date(1702278914000)/",27900,400,11432400,320304000000,-300,true,-1.06
"STB",141440,"/Date(1702278913000)/",27950,100,11432000,320293000000,-250,true,-0.89
"STB",141440,"/Date(1702278913000)/",27950,3000,11431900,320290000000,-250,true,-0.89
"STB",141440,"/Date(1702278913000)/",27950,1400,11428900,320206000000,-250,true,-0.89
"STB",141433,"/Date(1702278907000)/",27950,500,11427500,320167000000,-250,false,-0.89
"STB",141433,"/Date(1702278906000)/",27950,100,11427000,320153000000,-250,false,-0.89
"STB",141430,"/Date(1702278905000)/",27900,600,11426900,320151000000,-300,true,-1.06
"STB",141430,"/Date(1702278904000)/",27950,1600,11426300,320134000000,-250,true,-0.89
"STB",141430,"/Date(1702278904000)/",27950,500,11424700,320089000000,-250,true,-0.89
"STB",141430,"/Date(1702278904000)/",27950,800,11424200,320075000000,-250,true,-0.89
"STB",141430,"/Date(1702278903000)/",27950,600,11423400,320053000000,-250,true,-0.89
"STB",141430,"/Date(1702278903000)/",27950,300,11422800,320036000000,-250,true,-0.89
"STB",141430,"/Date(1702278903000)/",27950,3100,11422500,320028000000,-250,true,-0.89
"STB",141424,"/Date(1702278896000)/",27950,100,11419400,319941000000,-250,true,-0.89
"STB",141421,"/Date(1702278895000)/",27950,1100,11419300,319938000000,-250,true,-0.89
"STB",141421,"/Date(1702278894000)/",27950,2000,11418200,319907000000,-250,true,-0.89
"STB",141421,"/Date(1702278893000)/",27950,9000,11416200,319851000000,-250,true,-0.89
"STB",141417,"/Date(1702278891000)/",27950,200,11407200,319600000000,-250,true,-0.89
"STB",141417,"/Date(1702278890000)/",27950,1000,11407000,319594000000,-250,true,-0.89
"STB",141417,"/Date(1702278889000)/",27950,1000,11406000,319566000000,-250,true,-0.89
"STB",141408,"/Date(1702278881000)/",27950,500,11405000,319538000000,-250,true,-0.89
"STB",141405,"/Date(1702278879000)/",27950,5000,11404500,319524000000,-250,false,-0.89
"STB",141405,"/Date(1702278879000)/",27950,700,11399500,319385000000,-250,false,-0.89
"STB",141405,"/Date(1702278878000)/",27950,7600,11398800,319365000000,-250,false,-0.89
"STB",141401,"/Date(1702278876000)/",27950,400,11391200,319153000000,-250,false,-0.89
"STB",141358,"/Date(1702278872000)/",27900,200,11390800,319142000000,-300,true,-1.06
"STB",141358,"/Date(1702278872000)/",27950,700,11390600,319136000000,-250,false,-0.89
"STB",141358,"/Date(1702278871000)/",27950,300,11389900,319116000000,-250,false,-0.89
"STB",141358,"/Date(1702278871000)/",27950,3700,11389600,319108000000,-250,false,-0.89
"STB",141358,"/Date(1702278870000)/",27950,2300,11385900,319005000000,-250,false,-0.89
"STB",141358,"/Date(1702278870000)/",27950,2700,11383600,318940000000,-250,false,-0.89
"STB",141355,"/Date(1702278867000)/",27950,200,11380900,318865000000,-250,true,-0.89
"STB",141352,"/Date(1702278864000)/",27950,100,11380700,318859000000,-250,true,-0.89
"STB",141349,"/Date(1702278863000)/",27950,200,11380600,318856000000,-250,false,-0.89
"STB",141349,"/Date(1702278863000)/",27950,1700,11380400,318851000000,-250,false,-0.89
"STB",141349,"/Date(1702278860000)/",27950,100,11378700,318803000000,-250,false,-0.89
"STB",141345,"/Date(1702278859000)/",27900,800,11378600,318801000000,-300,true,-1.06
"STB",141345,"/Date(1702278859000)/",27900,1000,11377800,318778000000,-300,true,-1.06
"STB",141345,"/Date(1702278859000)/",27900,300,11376800,318750000000,-300,true,-1.06
"STB",141345,"/Date(1702278859000)/",27900,200,11376500,318742000000,-300,true,-1.06
"STB",141345,"/Date(1702278859000)/",27900,3500,11376300,318736000000,-300,true,-1.06
"STB",141345,"/Date(1702278859000)/",27900,300,11372800,318639000000,-300,true,-1.06
"STB",141345,"/Date(1702278859000)/",27950,200,11372500,318630000000,-250,true,-0.89
"STB",141345,"/Date(1702278859000)/",27950,1000,11372300,318625000000,-250,true,-0.89
"STB",141345,"/Date(1702278859000)/",27950,1000,11371300,318597000000,-250,true,-0.89
"STB",141345,"/Date(1702278859000)/",27950,100,11370300,318569000000,-250,true,-0.89
"STB",141345,"/Date(1702278859000)/",27950,700,11370200,318566000000,-250,true,-0.89
"STB",141345,"/Date(1702278859000)/",27950,600,11369500,318547000000,-250,true,-0.89
"STB",141345,"/Date(1702278858000)/",27950,5000,11368900,318530000000,-250,true,-0.89
"STB",141345,"/Date(1702278858000)/",27950,300,11363900,318390000000,-250,true,-0.89
"STB",141345,"/Date(1702278858000)/",27950,5000,11363600,318382000000,-250,true,-0.89
"STB",141345,"/Date(1702278858000)/",27950,500,11358600,318242000000,-250,true,-0.89
"STB",141345,"/Date(1702278858000)/",27950,200,11358100,318228000000,-250,true,-0.89
"STB",141345,"/Date(1702278858000)/",27950,100,11357900,318222000000,-250,true,-0.89
"STB",141345,"/Date(1702278858000)/",27950,700,11357800,318220000000,-250,true,-0.89
"STB",141345,"/Date(1702278858000)/",27950,100,11357100,318200000000,-250,true,-0.89
"STB",141345,"/Date(1702278858000)/",27950,1000,11357000,318197000000,-250,true,-0.89
"STB",141345,"/Date(1702278858000)/",27950,300,11356000,318169000000,-250,true,-0.89
"STB",141345,"/Date(1702278858000)/",27950,500,11355700,318161000000,-250,true,-0.89
"STB",141345,"/Date(1702278858000)/",27950,500,11355200,318147000000,-250,true,-0.89
"STB",141345,"/Date(1702278858000)/",27950,200,11354700,318133000000,-250,true,-0.89
"STB",141345,"/Date(1702278858000)/",27950,900,11354500,318127000000,-250,true,-0.89
"STB",141345,"/Date(1702278858000)/",27950,100,11353600,318102000000,-250,true,-0.89
"STB",141345,"/Date(1702278858000)/",27950,100,11353500,318099000000,-250,true,-0.89
"STB",141345,"/Date(1702278858000)/",27950,1000,11353400,318097000000,-250,true,-0.89
"STB",141345,"/Date(1702278858000)/",27950,200,11352400,318069000000,-250,true,-0.89
"STB",141345,"/Date(1702278858000)/",27950,500,11352200,318063000000,-250,true,-0.89
"STB",141345,"/Date(1702278858000)/",27950,200,11351700,318049000000,-250,true,-0.89
"STB",141345,"/Date(1702278858000)/",27950,200,11351500,318043000000,-250,true,-0.89
"STB",141345,"/Date(1702278858000)/",27950,100,11351300,318038000000,-250,true,-0.89
"STB",141345,"/Date(1702278858000)/",27950,5000,11351200,318035000000,-250,true,-0.89
"STB",141345,"/Date(1702278858000)/",27950,500,11346200,317895000000,-250,true,-0.89
"STB",141345,"/Date(1702278858000)/",27950,500,11345700,317881000000,-250,true,-0.89
"STB",141345,"/Date(1702278858000)/",27950,10000,11345200,317867000000,-250,true,-0.89
"STB",141345,"/Date(1702278858000)/",27950,500,11335200,317588000000,-250,true,-0.89
"STB",141345,"/Date(1702278858000)/",27950,10000,11334700,317574000000,-250,true,-0.89
"STB",141345,"/Date(1702278858000)/",27950,1000,11324700,317294000000,-250,true,-0.89
"STB",141345,"/Date(1702278858000)/",27950,1000,11323700,317266000000,-250,true,-0.89
"STB",141345,"/Date(1702278858000)/",27950,500,11322700,317238000000,-250,true,-0.89
"STB",141345,"/Date(1702278858000)/",27950,200,11322200,317224000000,-250,true,-0.89
"STB",141345,"/Date(1702278858000)/",27950,500,11322000,317219000000,-250,true,-0.89
"STB",141345,"/Date(1702278858000)/",27950,100,11321500,317205000000,-250,true,-0.89
"STB",141345,"/Date(1702278858000)/",27950,1000,11321400,317202000000,-250,true,-0.89
"STB",141345,"/Date(1702278858000)/",27950,200,11320400,317174000000,-250,true,-0.89
"STB",141345,"/Date(1702278858000)/",27950,500,11320200,317169000000,-250,true,-0.89
"STB",141345,"/Date(1702278858000)/",27950,800,11319700,317155000000,-250,true,-0.89
"STB",141342,"/Date(1702278856000)/",27950,100,11318900,317132000000,-250,true,-0.89
"STB",141342,"/Date(1702278855000)/",27950,900,11318800,317129000000,-250,true,-0.89
"STB",141342,"/Date(1702278855000)/",27950,200,11317900,317104000000,-250,true,-0.89
"STB",141342,"/Date(1702278854000)/",27950,2000,11317700,317099000000,-250,true,-0.89
"STB",141342,"/Date(1702278854000)/",27950,300,11315700,317043000000,-250,true,-0.89
"STB",141339,"/Date(1702278853000)/",27950,700,11315400,317034000000,-250,true,-0.89
"STB",141339,"/Date(1702278853000)/",27950,100,11314700,317015000000,-250,true,-0.89
"STB",141339,"/Date(1702278853000)/",27950,2700,11314600,317012000000,-250,true,-0.89
"STB",141339,"/Date(1702278853000)/",27950,300,11311900,316937000000,-250,true,-0.89
"STB",141339,"/Date(1702278852000)/",27950,1000,11311600,316928000000,-250,true,-0.89
"STB",141339,"/Date(1702278852000)/",27950,600,11310600,316900000000,-250,true,-0.89
"STB",141339,"/Date(1702278852000)/",27950,600,11310000,316884000000,-250,true,-0.89
"STB",141339,"/Date(1702278851000)/",27950,400,11309400,316867000000,-250,true,-0.89
"STB",141339,"/Date(1702278851000)/",27950,1100,11309000,316856000000,-250,true,-0.89
"STB",141329,"/Date(1702278844000)/",27950,200,11307900,316825000000,-250,true,-0.89
"STB",141329,"/Date(1702278842000)/",28000,2000,11307700,316819000000,-200,false,-0.71
"STB",141326,"/Date(1702278839000)/",27950,700,11305700,316763000000,-250,true,-0.89
"STB",141326,"/Date(1702278838000)/",27950,3000,11305000,316744000000,-250,true,-0.89
"STB",141326,"/Date(1702278838000)/",27950,100,11302000,316660000000,-250,true,-0.89
"STB",141326,"/Date(1702278838000)/",27950,2000,11301900,316657000000,-250,true,-0.89
"STB",141326,"/Date(1702278838000)/",27950,500,11299900,316601000000,-250,true,-0.89
"STB",141326,"/Date(1702278838000)/",27950,100,11299400,316587000000,-250,true,-0.89
"STB",141326,"/Date(1702278838000)/",27950,1500,11299300,316584000000,-250,true,-0.89
"STB",141323,"/Date(1702278837000)/",27950,300,11297800,316542000000,-250,true,-0.89
"STB",141323,"/Date(1702278835000)/",27950,700,11297500,316534000000,-250,true,-0.89
"STB",141323,"/Date(1702278835000)/",27950,300,11296800,316514000000,-250,true,-0.89
"STB",141323,"/Date(1702278835000)/",27950,2800,11296500,316506000000,-250,true,-0.89
"STB",141320,"/Date(1702278833000)/",27950,300,11293700,316428000000,-250,true,-0.89
"STB",141320,"/Date(1702278832000)/",27950,900,11293400,316419000000,-250,true,-0.89
"STB",141320,"/Date(1702278832000)/",27950,500,11292500,316394000000,-250,true,-0.89
"STB",141320,"/Date(1702278832000)/",27950,1600,11292000,316380000000,-250,true,-0.89
"STB",141317,"/Date(1702278831000)/",27950,3400,11290400,316336000000,-250,true,-0.89
"STB",141317,"/Date(1702278831000)/",27950,10000,11287000,316241000000,-250,true,-0.89
"STB",141317,"/Date(1702278831000)/",27950,100,11277000,315961000000,-250,true,-0.89
"STB",141317,"/Date(1702278831000)/",27950,1000,11276900,315958000000,-250,true,-0.89
"STB",141317,"/Date(1702278831000)/",27950,100,11275900,315930000000,-250,true,-0.89
"STB",141317,"/Date(1702278831000)/",27950,5000,11275800,315928000000,-250,true,-0.89
"STB",141317,"/Date(1702278831000)/",27950,2000,11270800,315788000000,-250,true,-0.89
"STB",141317,"/Date(1702278831000)/",27950,100,11268800,315732000000,-250,true,-0.89
"STB",141317,"/Date(1702278831000)/",27950,100,11268700,315729000000,-250,true,-0.89
"STB",141317,"/Date(1702278831000)/",27950,3000,11268600,315726000000,-250,true,-0.89
"STB",141317,"/Date(1702278831000)/",27950,200,11265600,315642000000,-250,true,-0.89
"STB",141317,"/Date(1702278831000)/",27950,100,11265400,315637000000,-250,true,-0.89
"STB",141317,"/Date(1702278831000)/",27950,2000,11265300,315634000000,-250,true,-0.89
"STB",141317,"/Date(1702278831000)/",27950,1000,11263300,315578000000,-250,true,-0.89
"STB",141317,"/Date(1702278831000)/",27950,200,11262300,315550000000,-250,true,-0.89
"STB",141317,"/Date(1702278831000)/",27950,100,11262100,315545000000,-250,true,-0.89
"STB",141317,"/Date(1702278831000)/",27950,500,11262000,315542000000,-250,true,-0.89
"STB",141317,"/Date(1702278831000)/",27950,1100,11261500,315528000000,-250,true,-0.89
"STB",141313,"/Date(1702278827000)/",28000,200,11260400,315497000000,-200,false,-0.71
"STB",141310,"/Date(1702278825000)/",27950,200,11260200,315491000000,-250,true,-0.89
"STB",141310,"/Date(1702278824000)/",27950,2000,11260000,315486000000,-250,true,-0.89
"STB",141310,"/Date(1702278823000)/",27950,20000,11258000,315430000000,-250,true,-0.89
"STB",141301,"/Date(1702278814000)/",27950,500,11238000,314871000000,-250,true,-0.89
"STB",141301,"/Date(1702278813000)/",27950,200,11237500,314857000000,-250,true,-0.89
"STB",141301,"/Date(1702278812000)/",27950,5000,11237300,314851000000,-250,true,-0.89
"STB",141301,"/Date(1702278812000)/",27950,1000,11232300,314712000000,-250,true,-0.89
"STB",141301,"/Date(1702278812000)/",27950,1600,11231300,314684000000,-250,true,-0.89
"STB",141257,"/Date(1702278811000)/",28000,100,11229700,314639000000,-200,false,-0.71
"STB",141257,"/Date(1702278811000)/",27950,700,11229600,314636000000,-250,true,-0.89
"STB",141257,"/Date(1702278809000)/",27950,7600,11228900,314617000000,-250,true,-0.89
"STB",141254,"/Date(1702278806000)/",27950,100,11221300,314404000000,-250,true,-0.89
"STB",141254,"/Date(1702278806000)/",27950,400,11221200,314401000000,-250,true,-0.89
"STB",141251,"/Date(1702278803000)/",27950,300,11220800,314390000000,-250,true,-0.89
"STB",141251,"/Date(1702278802000)/",28000,3500,11220500,314382000000,-200,false,-0.71
"STB",141248,"/Date(1702278801000)/",27950,300,11217000,314284000000,-250,true,-0.89
"STB",141248,"/Date(1702278801000)/",27950,500,11216700,314275000000,-250,true,-0.89
"STB",141248,"/Date(1702278800000)/",27950,1500,11216200,314262000000,-250,true,-0.89
"STB",141248,"/Date(1702278800000)/",27950,100,11214700,314220000000,-250,true,-0.89
"STB",141248,"/Date(1702278800000)/",27950,1300,11214600,314217000000,-250,true,-0.89
"STB",141248,"/Date(1702278800000)/",27950,1000,11213300,314180000000,-250,true,-0.89
"STB",141248,"/Date(1702278800000)/",27950,100,11212300,314152000000,-250,true,-0.89
"STB",141248,"/Date(1702278800000)/",27950,4300,11212200,314150000000,-250,true,-0.89
"STB",141248,"/Date(1702278799000)/",28000,200,11207900,314030000000,-200,false,-0.71
"STB",141245,"/Date(1702278797000)/",27950,100,11207700,314024000000,-250,true,-0.89
"STB",141242,"/Date(1702278795000)/",28000,1000,11207600,314021000000,-200,false,-0.71
"STB",141242,"/Date(1702278793000)/",27950,100,11206600,313993000000,-250,true,-0.89
"STB",141238,"/Date(1702278793000)/",28000,200,11206500,313990000000,-200,true,-0.71
"STB",141238,"/Date(1702278792000)/",27950,1800,11206300,313985000000,-250,true,-0.89
"STB",141238,"/Date(1702278791000)/",28000,300,11204500,313934000000,-200,true,-0.71
"STB",141238,"/Date(1702278791000)/",28000,10000,11204200,313926000000,-200,true,-0.71
"STB",141238,"/Date(1702278791000)/",28000,200,11194200,313646000000,-200,true,-0.71
"STB",141238,"/Date(1702278791000)/",28000,5000,11194000,313640000000,-200,true,-0.71
"STB",141238,"/Date(1702278791000)/",28000,3000,11189000,313500000000,-200,true,-0.71
"STB",141225,"/Date(1702278780000)/",27950,200,11186000,313416000000,-250,true,-0.89
"STB",141225,"/Date(1702278780000)/",28000,100,11185800,313411000000,-200,false,-0.71
"STB",141225,"/Date(1702278780000)/",28000,100,11185700,313408000000,-200,false,-0.71
"STB",141225,"/Date(1702278779000)/",28000,4000,11185600,313405000000,-200,false,-0.71
"STB",141225,"/Date(1702278778000)/",28000,900,11181600,313293000000,-200,false,-0.71
"STB",141225,"/Date(1702278778000)/",28000,100,11180700,313268000000,-200,false,-0.71
"STB",141219,"/Date(1702278772000)/",27950,100,11180600,313265000000,-250,true,-0.89
"STB",141219,"/Date(1702278771000)/",27950,1000,11180500,313262000000,-250,true,-0.89
"STB",141213,"/Date(1702278766000)/",27950,200,11179500,313234000000,-250,true,-0.89
"STB",141213,"/Date(1702278765000)/",27950,2200,11179300,313229000000,-250,true,-0.89
"STB",141213,"/Date(1702278765000)/",27950,200,11177100,313167000000,-250,true,-0.89
"STB",141213,"/Date(1702278765000)/",27950,100,11176900,313162000000,-250,true,-0.89
"STB",141213,"/Date(1702278765000)/",28000,400,11176800,313159000000,-200,false,-0.71
"STB",141213,"/Date(1702278764000)/",28000,1500,11176400,313148000000,-200,false,-0.71
"STB",141213,"/Date(1702278764000)/",28000,2000,11174900,313106000000,-200,false,-0.71
"STB",141213,"/Date(1702278764000)/",28000,1200,11172900,313050000000,-200,false,-0.71
"STB",141213,"/Date(1702278764000)/",28000,200,11171700,313016000000,-200,false,-0.71
"STB",141213,"/Date(1702278764000)/",28000,1000,11171500,313011000000,-200,false,-0.71
"STB",141213,"/Date(1702278764000)/",28000,8300,11170500,312983000000,-200,false,-0.71
"STB",141213,"/Date(1702278764000)/",28000,15400,11162200,312750000000,-200,false,-0.71
"STB",141200,"/Date(1702278754000)/",27950,400,11146800,312319000000,-250,true,-0.89
"STB",141200,"/Date(1702278754000)/",27950,100,11146400,312308000000,-250,true,-0.89
"STB",141200,"/Date(1702278752000)/",27950,200,11146300,312305000000,-250,true,-0.89
"STB",141200,"/Date(1702278752000)/",27950,1000,11146100,312299000000,-250,true,-0.89
"STB",141200,"/Date(1702278752000)/",27950,500,11145100,312272000000,-250,true,-0.89
"STB",141200,"/Date(1702278752000)/",27950,3600,11144600,312258000000,-250,true,-0.89
"STB",141147,"/Date(1702278740000)/",27950,200,11141000,312157000000,-250,true,-0.89
"STB",141147,"/Date(1702278738000)/",28000,2000,11140800,312151000000,-200,false,-0.71
"STB",141140,"/Date(1702278733000)/",28000,500,11138800,312095000000,-200,false,-0.71
"STB",141140,"/Date(1702278732000)/",27950,200,11138300,312081000000,-250,true,-0.89
"STB",141137,"/Date(1702278730000)/",28000,2400,11138100,312076000000,-200,false,-0.71
"STB",141131,"/Date(1702278724000)/",28000,200,11135700,312009000000,-200,false,-0.71
"STB",141125,"/Date(1702278716000)/",27950,700,11135500,312003000000,-250,true,-0.89
"STB",141121,"/Date(1702278715000)/",27950,5300,11134800,311983000000,-250,true,-0.89
"STB",141121,"/Date(1702278715000)/",27950,2000,11129500,311835000000,-250,true,-0.89
"STB",141121,"/Date(1702278715000)/",27950,400,11127500,311779000000,-250,true,-0.89
"STB",141121,"/Date(1702278713000)/",27950,500,11127100,311768000000,-250,true,-0.89
"STB",141118,"/Date(1702278711000)/",28000,5000,11126600,311754000000,-200,false,-0.71
"STB",141118,"/Date(1702278711000)/",27950,100,11121600,311614000000,-250,true,-0.89
"STB",141118,"/Date(1702278710000)/",28000,100,11121500,311611000000,-200,false,-0.71
"STB",141118,"/Date(1702278710000)/",27950,300,11121400,311609000000,-250,true,-0.89
"STB",141115,"/Date(1702278709000)/",28000,1000,11121100,311600000000,-200,false,-0.71
"STB",141115,"/Date(1702278707000)/",27950,2700,11120100,311572000000,-250,true,-0.89
"STB",141115,"/Date(1702278707000)/",27950,500,11117400,311497000000,-250,true,-0.89
"STB",141115,"/Date(1702278707000)/",27950,300,11116900,311483000000,-250,true,-0.89
"STB",141112,"/Date(1702278706000)/",27950,100,11116600,311474000000,-250,true,-0.89
"STB",141112,"/Date(1702278705000)/",28000,23400,11116500,311472000000,-200,false,-0.71
"STB",141112,"/Date(1702278705000)/",28000,800,11093100,310816000000,-200,false,-0.71
"STB",141112,"/Date(1702278705000)/",28000,11500,11092300,310794000000,-200,false,-0.71
"STB",141112,"/Date(1702278704000)/",28000,1000,11080800,310472000000,-200,false,-0.71
"STB",141112,"/Date(1702278704000)/",27950,500,11079800,310444000000,-250,true,-0.89
"STB",141109,"/Date(1702278703000)/",28000,5000,11079300,310430000000,-200,false,-0.71
"STB",141105,"/Date(1702278697000)/",27950,100,11074300,310290000000,-250,true,-0.89
"STB",141105,"/Date(1702278697000)/",27950,100,11074200,310287000000,-250,true,-0.89
"STB",141102,"/Date(1702278696000)/",28000,500,11074100,310284000000,-200,false,-0.71
"STB",141102,"/Date(1702278696000)/",28000,2000,11073600,310270000000,-200,false,-0.71
"STB",141056,"/Date(1702278689000)/",27950,200,11071600,310214000000,-250,true,-0.89
"STB",141056,"/Date(1702278688000)/",27950,2000,11071400,310209000000,-250,true,-0.89
"STB",141053,"/Date(1702278686000)/",27950,2500,11069400,310153000000,-250,true,-0.89
"STB",141053,"/Date(1702278686000)/",27950,1300,11066900,310083000000,-250,true,-0.89
"STB",141053,"/Date(1702278686000)/",27950,100,11065600,310047000000,-250,true,-0.89
"STB",141053,"/Date(1702278686000)/",27950,200,11065500,310044000000,-250,true,-0.89
"STB",141053,"/Date(1702278686000)/",27950,300,11065300,310038000000,-250,true,-0.89
"STB",141053,"/Date(1702278686000)/",27950,900,11065000,310030000000,-250,true,-0.89
"STB",141053,"/Date(1702278686000)/",27950,100,11064100,310005000000,-250,true,-0.89
"STB",141053,"/Date(1702278686000)/",27950,2000,11064000,310002000000,-250,true,-0.89
"STB",141053,"/Date(1702278686000)/",27950,1400,11062000,309946000000,-250,true,-0.89
"STB",141053,"/Date(1702278686000)/",28000,500,11060600,309907000000,-200,true,-0.71
"STB",141053,"/Date(1702278686000)/",28000,800,11060100,309893000000,-200,true,-0.71
"STB",141053,"/Date(1702278686000)/",28000,9900,11059300,309871000000,-200,true,-0.71
"STB",141049,"/Date(1702278683000)/",28000,100,11049400,309593000000,-200,true,-0.71
"STB",141046,"/Date(1702278680000)/",27950,100,11049300,309591000000,-250,true,-0.89
"STB",141046,"/Date(1702278679000)/",27950,1300,11049200,309588000000,-250,true,-0.89
"STB",141046,"/Date(1702278678000)/",27950,200,11047900,309551000000,-250,true,-0.89
"STB",141046,"/Date(1702278678000)/",27950,2800,11047700,309546000000,-250,true,-0.89
"STB",141046,"/Date(1702278678000)/",27950,2200,11044900,309468000000,-250,true,-0.89
"STB",141046,"/Date(1702278678000)/",27950,4800,11042700,309406000000,-250,true,-0.89
"STB",141046,"/Date(1702278678000)/",27950,400,11037900,309272000000,-250,true,-0.89
"STB",141043,"/Date(1702278677000)/",28050,300,11037500,309261000000,-150,false,-0.53
"STB",141043,"/Date(1702278677000)/",27950,800,11037200,309252000000,-250,true,-0.89
"STB",141043,"/Date(1702278677000)/",27950,2000,11036400,309230000000,-250,true,-0.89
"STB",141043,"/Date(1702278677000)/",27950,2900,11034400,309174000000,-250,true,-0.89
"STB",141043,"/Date(1702278677000)/",27950,700,11031500,309093000000,-250,true,-0.89
"STB",141043,"/Date(1702278677000)/",28000,1200,11030800,309073000000,-200,false,-0.71
"STB",141043,"/Date(1702278676000)/",28000,1000,11029600,309040000000,-200,false,-0.71
"STB",141043,"/Date(1702278676000)/",28000,4500,11028600,309012000000,-200,false,-0.71
"STB",141043,"/Date(1702278676000)/",28000,1500,11024100,308886000000,-200,false,-0.71
"STB",141043,"/Date(1702278676000)/",28000,200,11022600,308844000000,-200,false,-0.71
"STB",141043,"/Date(1702278676000)/",28000,400,11022400,308838000000,-200,false,-0.71
"STB",141043,"/Date(1702278676000)/",28000,100,11022000,308827000000,-200,false,-0.71
"STB",141043,"/Date(1702278676000)/",28000,300,11021900,308824000000,-200,false,-0.71
"STB",141043,"/Date(1702278676000)/",28000,3000,11021600,308816000000,-200,false,-0.71
"STB",141043,"/Date(1702278676000)/",28000,2200,11018600,308732000000,-200,false,-0.71
