"Stockcode","Package","TradingDate","Price","Vol","TotalVol","TotalVal","Change","IsBuy","PerChange"
"EVF",144420,"/Date(1703144700000)/",16100,285700,5149600,82768000000,50,true,0.31
"EVF",142817,"/Date(1703143738000)/",16000,100,4863900,78169000000,-50,true,-0.31
"EVF",142807,"/Date(1703143727000)/",16000,5000,4863800,78168000000,-50,false,-0.31
"EVF",142801,"/Date(1703143721000)/",15950,200,4858800,78088000000,-100,true,-0.62
"EVF",142801,"/Date(1703143721000)/",15950,300,4858600,78084000000,-100,true,-0.62
"EVF",142801,"/Date(1703143721000)/",15950,1000,4858300,78080000000,-100,true,-0.62
"EVF",142801,"/Date(1703143721000)/",15950,6500,4857300,78064000000,-100,true,-0.62
"EVF",142751,"/Date(1703143713000)/",16000,4900,4850800,77960000000,-50,false,-0.31
"EVF",142751,"/Date(1703143713000)/",16000,100,4845900,77882000000,-50,false,-0.31
"EVF",142615,"/Date(1703143617000)/",15950,1500,4845800,77880000000,-100,true,-0.62
"EVF",142606,"/Date(1703143607000)/",15950,32000,4844300,77856000000,-100,true,-0.62
"EVF",142606,"/Date(1703143607000)/",15950,100000,4812300,77346000000,-100,true,-0.62
"EVF",142606,"/Date(1703143607000)/",15950,60000,4712300,75751000000,-100,true,-0.62
"EVF",142606,"/Date(1703143607000)/",15950,200,4652300,74794000000,-100,true,-0.62
"EVF",142606,"/Date(1703143607000)/",15950,2000,4652100,74790000000,-100,true,-0.62
"EVF",142606,"/Date(1703143607000)/",15950,5800,4650100,74759000000,-100,true,-0.62
"EVF",142521,"/Date(1703143560000)/",15950,5000,4644300,74666000000,-100,true,-0.62
"EVF",142511,"/Date(1703143554000)/",16000,200,4639300,74586000000,-50,false,-0.31
"EVF",142449,"/Date(1703143531000)/",16000,200,4639100,74583000000,-50,true,-0.31
"EVF",142436,"/Date(1703143517000)/",16000,600,4638900,74580000000,-50,false,-0.31
"EVF",142420,"/Date(1703143500000)/",16000,800,4638300,74570000000,-50,true,-0.31
"EVF",142401,"/Date(1703143481000)/",16000,200,4637500,74558000000,-50,false,-0.31
"EVF",142352,"/Date(1703143472000)/",16000,800,4637300,74554000000,-50,true,-0.31
"EVF",142352,"/Date(1703143472000)/",16000,2000,4636500,74542000000,-50,true,-0.31
"EVF",142352,"/Date(1703143472000)/",16000,47000,4634500,74510000000,-50,true,-0.31
"EVF",142342,"/Date(1703143463000)/",16000,100,4587500,73758000000,-50,false,-0.31
"EVF",142342,"/Date(1703143462000)/",16000,100,4587400,73756000000,-50,false,-0.31
"EVF",142342,"/Date(1703143462000)/",16000,100,4587300,73754000000,-50,false,-0.31
"EVF",142342,"/Date(1703143462000)/",16000,100,4587200,73753000000,-50,false,-0.31
"EVF",142342,"/Date(1703143462000)/",16000,2600,4587100,73751000000,-50,false,-0.31
"EVF",142313,"/Date(1703143432000)/",16000,1000,4584500,73710000000,-50,false,-0.31
"EVF",142257,"/Date(1703143418000)/",16000,2000,4583500,73694000000,-50,false,-0.31
"EVF",142257,"/Date(1703143418000)/",16000,44400,4581500,73662000000,-50,false,-0.31
"EVF",142254,"/Date(1703143414000)/",16000,100,4537100,72951000000,-50,true,-0.31
"EVF",142235,"/Date(1703143395000)/",16000,100,4537000,72950000000,-50,true,-0.31
"EVF",142235,"/Date(1703143395000)/",16000,5400,4536900,72948000000,-50,true,-0.31
"EVF",142225,"/Date(1703143386000)/",16000,1000,4531500,72862000000,-50,false,-0.31
"EVF",142222,"/Date(1703143384000)/",16000,10000,4530500,72846000000,-50,false,-0.31
"EVF",142200,"/Date(1703143359000)/",16000,5000,4520500,72686000000,-50,true,-0.31
"EVF",142200,"/Date(1703143359000)/",16000,400,4515500,72606000000,-50,true,-0.31
"EVF",142200,"/Date(1703143359000)/",16000,3200,4515100,72599000000,-50,true,-0.31
"EVF",141924,"/Date(1703143202000)/",16000,1800,4511900,72548000000,-50,true,-0.31
"EVF",141920,"/Date(1703143201000)/",16000,13800,4510100,72519000000,-50,false,-0.31
"EVF",141920,"/Date(1703143199000)/",16000,5000,4496300,72298000000,-50,false,-0.31
"EVF",141911,"/Date(1703143189000)/",16000,400,4491300,72218000000,-50,false,-0.31
"EVF",141911,"/Date(1703143189000)/",16000,600,4490900,72212000000,-50,false,-0.31
"EVF",141754,"/Date(1703143115000)/",16000,100,4490300,72202000000,-50,false,-0.31
"EVF",141748,"/Date(1703143108000)/",16000,49300,4490200,72201000000,-50,true,-0.31
"EVF",141741,"/Date(1703143101000)/",16000,700,4440900,71412000000,-50,true,-0.31
"EVF",141741,"/Date(1703143101000)/",16000,500,4440200,71401000000,-50,true,-0.31
"EVF",141741,"/Date(1703143101000)/",16000,500,4439700,71393000000,-50,true,-0.31
"EVF",141741,"/Date(1703143101000)/",16000,1000,4439200,71385000000,-50,true,-0.31
"EVF",141741,"/Date(1703143101000)/",16000,1300,4438200,71369000000,-50,true,-0.31
"EVF",141641,"/Date(1703143039000)/",16000,2700,4436900,71348000000,-50,true,-0.31
"EVF",141641,"/Date(1703143039000)/",16000,10000,4434200,71305000000,-50,true,-0.31
"EVF",141641,"/Date(1703143039000)/",16000,80000,4424200,71145000000,-50,true,-0.31
"EVF",141641,"/Date(1703143039000)/",16000,1000,4344200,69865000000,-50,true,-0.31
"EVF",141641,"/Date(1703143039000)/",16000,41000,4343200,69849000000,-50,true,-0.31
"EVF",141641,"/Date(1703143039000)/",16000,29000,4302200,69193000000,-50,true,-0.31
"EVF",141641,"/Date(1703143039000)/",16000,36300,4273200,68729000000,-50,true,-0.31
"EVF",141241,"/Date(1703142801000)/",16050,1000,4236900,68148000000,0,false,0
"EVF",141131,"/Date(1703142731000)/",16050,2900,4235900,68132000000,0,false,0
"EVF",141005,"/Date(1703142644000)/",16050,900,4233000,68085000000,0,false,0
"EVF",140930,"/Date(1703142609000)/",16050,100,4232100,68071000000,0,false,0
"EVF",140924,"/Date(1703142604000)/",16050,1700,4232000,68069000000,0,false,0
"EVF",140852,"/Date(1703142571000)/",16050,100,4230300,68042000000,0,true,0
"EVF",140852,"/Date(1703142571000)/",16050,50000,4230200,68040000000,0,true,0
"EVF",140852,"/Date(1703142571000)/",16050,115200,4180200,67238000000,0,true,0
"EVF",140836,"/Date(1703142556000)/",16100,8800,4065000,65389000000,50,true,0.31
"EVF",140832,"/Date(1703142552000)/",16100,50000,4056200,65247000000,50,true,0.31
"EVF",140823,"/Date(1703142543000)/",16100,10000,4006200,64442000000,50,true,0.31
"EVF",140810,"/Date(1703142530000)/",16100,1800,3996200,64281000000,50,true,0.31
"EVF",140804,"/Date(1703142524000)/",16100,6000,3994400,64252000000,50,true,0.31
"EVF",140800,"/Date(1703142520000)/",16100,1500,3988400,64156000000,50,true,0.31
"EVF",140757,"/Date(1703142517000)/",16100,500,3986900,64131000000,50,true,0.31
"EVF",140757,"/Date(1703142516000)/",16100,400,3986400,64123000000,50,true,0.31
"EVF",140757,"/Date(1703142515000)/",16100,10000,3986000,64117000000,50,true,0.31
"EVF",140751,"/Date(1703142509000)/",16100,5000,3976000,63956000000,50,true,0.31
"EVF",140738,"/Date(1703142497000)/",16100,3000,3971000,63876000000,50,true,0.31
"EVF",140735,"/Date(1703142493000)/",16100,5000,3968000,63827000000,50,true,0.31
"EVF",140725,"/Date(1703142484000)/",16100,98000,3963000,63747000000,50,true,0.31
"EVF",140725,"/Date(1703142484000)/",16100,200,3865000,62169000000,50,true,0.31
"EVF",140725,"/Date(1703142484000)/",16100,100000,3864800,62166000000,50,true,0.31
"EVF",140725,"/Date(1703142484000)/",16100,1800,3764800,60556000000,50,true,0.31
"EVF",140725,"/Date(1703142483000)/",16100,1700,3763000,60527000000,50,true,0.31
"EVF",140722,"/Date(1703142482000)/",16100,96500,3761300,60499000000,50,true,0.31
"EVF",140722,"/Date(1703142482000)/",16100,3500,3664800,58946000000,50,true,0.31
"EVF",140653,"/Date(1703142451000)/",16100,400,3661300,58889000000,50,true,0.31
"EVF",140647,"/Date(1703142447000)/",16100,6300,3660900,58883000000,50,true,0.31
"EVF",140631,"/Date(1703142429000)/",16100,200,3654600,58781000000,50,true,0.31
"EVF",140621,"/Date(1703142419000)/",16150,5500,3654400,58778000000,100,false,0.62
"EVF",140521,"/Date(1703142360000)/",16150,100,3648900,58689000000,100,false,0.62
"EVF",140458,"/Date(1703142337000)/",16150,200,3648800,58688000000,100,false,0.62
"EVF",140446,"/Date(1703142325000)/",16100,10000,3648600,58685000000,50,true,0.31
"EVF",140326,"/Date(1703142245000)/",16150,200,3638600,58524000000,100,false,0.62
"EVF",140313,"/Date(1703142230000)/",16100,100,3638400,58520000000,50,true,0.31
"EVF",140244,"/Date(1703142204000)/",16100,100,3638300,58519000000,50,true,0.31
"EVF",140153,"/Date(1703142151000)/",16100,30000,3638200,58517000000,50,true,0.31
"EVF",140131,"/Date(1703142128000)/",16100,200,3608200,58034000000,50,true,0.31
"EVF",140124,"/Date(1703142123000)/",16100,1000,3608000,58031000000,50,true,0.31
"EVF",140124,"/Date(1703142121000)/",16100,300,3607000,58015000000,50,true,0.31
"EVF",140118,"/Date(1703142117000)/",16100,30000,3606700,58010000000,50,true,0.31
"EVF",140111,"/Date(1703142110000)/",16100,16000,3576700,57527000000,50,true,0.31
"EVF",140102,"/Date(1703142102000)/",16100,50000,3560700,57269000000,50,true,0.31
"EVF",140033,"/Date(1703142071000)/",16100,3000,3510700,56464000000,50,true,0.31
"EVF",135942,"/Date(1703142020000)/",16100,300,3507700,56416000000,50,true,0.31
"EVF",135910,"/Date(1703141987000)/",16100,100,3507400,56411000000,50,true,0.31
"EVF",135756,"/Date(1703141916000)/",16100,48500,3507300,56410000000,50,true,0.31
"EVF",135756,"/Date(1703141916000)/",16100,6100,3458800,55629000000,50,true,0.31
"EVF",135728,"/Date(1703141887000)/",16150,100,3452700,55531000000,100,false,0.62
"EVF",135715,"/Date(1703141872000)/",16100,100,3452600,55529000000,50,true,0.31
"EVF",135617,"/Date(1703141814000)/",16100,10000,3452500,55527000000,50,true,0.31
"EVF",135614,"/Date(1703141812000)/",16100,5000,3442500,55366000000,50,true,0.31
"EVF",135542,"/Date(1703141780000)/",16100,48800,3437500,55286000000,50,true,0.31
"EVF",135542,"/Date(1703141780000)/",16100,1200,3388700,54500000000,50,true,0.31
"EVF",135536,"/Date(1703141772000)/",16100,28800,3387500,54481000000,50,true,0.31
"EVF",135517,"/Date(1703141754000)/",16100,21200,3358700,54017000000,50,false,0.31
"EVF",135451,"/Date(1703141729000)/",16100,100,3337500,53676000000,50,true,0.31
"EVF",135451,"/Date(1703141729000)/",16100,1400,3337400,53674000000,50,true,0.31
"EVF",135451,"/Date(1703141729000)/",16100,27300,3336000,53652000000,50,true,0.31
"EVF",135429,"/Date(1703141706000)/",16100,10000,3308700,53212000000,50,false,0.31
"EVF",135426,"/Date(1703141704000)/",16100,10000,3298700,53051000000,50,false,0.31
"EVF",135422,"/Date(1703141700000)/",16100,2700,3288700,52890000000,50,false,0.31
"EVF",135422,"/Date(1703141700000)/",16100,1800,3286000,52847000000,50,false,0.31
"EVF",135422,"/Date(1703141700000)/",16100,14500,3284200,52818000000,50,false,0.31
"EVF",135357,"/Date(1703141675000)/",16100,12000,3269700,52584000000,50,false,0.31
"EVF",135354,"/Date(1703141672000)/",16100,20000,3257700,52391000000,50,false,0.31
"EVF",135351,"/Date(1703141670000)/",16100,18000,3237700,52069000000,50,false,0.31
"EVF",135347,"/Date(1703141663000)/",16100,30000,3219700,51779000000,50,false,0.31
"EVF",135253,"/Date(1703141610000)/",16050,100,3189700,51296000000,0,true,0
"EVF",135253,"/Date(1703141610000)/",16050,84700,3189600,51295000000,0,true,0
"EVF",135247,"/Date(1703141605000)/",16050,100,3104900,49935000000,0,false,0
"EVF",135231,"/Date(1703141587000)/",16050,15200,3104800,49934000000,0,false,0
"EVF",135231,"/Date(1703141587000)/",16050,34800,3089600,49690000000,0,false,0
"EVF",135149,"/Date(1703141545000)/",16050,15200,3054800,49131000000,0,false,0
"EVF",135149,"/Date(1703141545000)/",16050,2000,3039600,48887000000,0,false,0
"EVF",135149,"/Date(1703141545000)/",16050,1800,3037600,48855000000,0,false,0
"EVF",135149,"/Date(1703141545000)/",16050,1000,3035800,48826000000,0,false,0
"EVF",135149,"/Date(1703141545000)/",16050,1000,3034800,48810000000,0,false,0
"EVF",135149,"/Date(1703141545000)/",16050,4000,3033800,48794000000,0,false,0
"EVF",135149,"/Date(1703141545000)/",16050,5000,3029800,48730000000,0,false,0
"EVF",135140,"/Date(1703141537000)/",16050,10000,3024800,48650000000,0,false,0
"EVF",135140,"/Date(1703141536000)/",16050,15000,3014800,48489000000,0,false,0
"EVF",135058,"/Date(1703141497000)/",16000,2000,2999800,48248000000,-50,false,-0.31
"EVF",135058,"/Date(1703141494000)/",16000,1700,2997800,48216000000,-50,false,-0.31
"EVF",135058,"/Date(1703141494000)/",16000,5000,2996100,48189000000,-50,false,-0.31
"EVF",135058,"/Date(1703141494000)/",16000,1000,2991100,48109000000,-50,false,-0.31
"EVF",135058,"/Date(1703141494000)/",16000,4000,2990100,48093000000,-50,false,-0.31
"EVF",135051,"/Date(1703141489000)/",16000,5300,2986100,48029000000,-50,false,-0.31
"EVF",134535,"/Date(1703141172000)/",15950,4000,2980800,47944000000,-100,true,-0.62
"EVF",134523,"/Date(1703141161000)/",16000,100,2976800,47881000000,-50,false,-0.31
"EVF",134419,"/Date(1703141094000)/",15950,35200,2976700,47879000000,-100,true,-0.62
"EVF",134419,"/Date(1703141094000)/",15950,4800,2941500,47318000000,-100,true,-0.62
"EVF",134353,"/Date(1703141069000)/",15950,200,2936700,47241000000,-100,true,-0.62
"EVF",134353,"/Date(1703141069000)/",15950,100,2936500,47238000000,-100,true,-0.62
"EVF",134353,"/Date(1703141069000)/",15950,200,2936400,47236000000,-100,true,-0.62
"EVF",134353,"/Date(1703141069000)/",15950,1000,2936200,47233000000,-100,true,-0.62
"EVF",134353,"/Date(1703141069000)/",15950,48500,2935200,47217000000,-100,true,-0.62
"EVF",134337,"/Date(1703141054000)/",15950,31500,2886700,46443000000,-100,true,-0.62
"EVF",134337,"/Date(1703141054000)/",15950,100,2855200,45941000000,-100,true,-0.62
"EVF",134337,"/Date(1703141054000)/",15950,800,2855100,45939000000,-100,true,-0.62
"EVF",134337,"/Date(1703141054000)/",15950,20000,2854300,45927000000,-100,true,-0.62
"EVF",134337,"/Date(1703141054000)/",15950,200,2834300,45608000000,-100,true,-0.62
"EVF",134337,"/Date(1703141054000)/",15950,47400,2834100,45605000000,-100,true,-0.62
"EVF",134321,"/Date(1703141037000)/",15950,2800,2786700,44848000000,-100,true,-0.62
"EVF",134211,"/Date(1703140967000)/",16000,2500,2783900,44804000000,-50,false,-0.31
"EVF",134146,"/Date(1703140941000)/",16000,15000,2781400,44764000000,-50,false,-0.31
"EVF",134142,"/Date(1703140940000)/",16000,700,2766400,44524000000,-50,false,-0.31
"EVF",134139,"/Date(1703140935000)/",16000,10000,2765700,44513000000,-50,false,-0.31
"EVF",134136,"/Date(1703140931000)/",16000,8000,2755700,44353000000,-50,false,-0.31
"EVF",134126,"/Date(1703140922000)/",16000,4400,2747700,44225000000,-50,false,-0.31
"EVF",134126,"/Date(1703140922000)/",16000,600,2743300,44154000000,-50,false,-0.31
"EVF",134013,"/Date(1703140848000)/",16000,9400,2742700,44145000000,-50,true,-0.31
"EVF",134004,"/Date(1703140839000)/",16000,600,2733300,43994000000,-50,true,-0.31
"EVF",134000,"/Date(1703140835000)/",16000,2000,2732700,43985000000,-50,true,-0.31
"EVF",134000,"/Date(1703140835000)/",16000,2300,2730700,43953000000,-50,true,-0.31
"EVF",133853,"/Date(1703140769000)/",16000,200,2728400,43916000000,-50,false,-0.31
"EVF",133844,"/Date(1703140761000)/",16000,100,2728200,43913000000,-50,false,-0.31
"EVF",133822,"/Date(1703140739000)/",16000,100,2728100,43911000000,-50,false,-0.31
"EVF",133806,"/Date(1703140723000)/",16000,100,2728000,43909000000,-50,false,-0.31
"EVF",133753,"/Date(1703140709000)/",16000,100,2727900,43908000000,-50,false,-0.31
"EVF",133633,"/Date(1703140630000)/",16000,100,2727800,43906000000,-50,false,-0.31
"EVF",133633,"/Date(1703140630000)/",16000,100,2727700,43905000000,-50,false,-0.31
"EVF",133633,"/Date(1703140630000)/",16000,100,2727600,43903000000,-50,false,-0.31
"EVF",133633,"/Date(1703140630000)/",16000,800,2727500,43901000000,-50,false,-0.31
"EVF",133633,"/Date(1703140630000)/",16000,800,2726700,43889000000,-50,false,-0.31
"EVF",133633,"/Date(1703140630000)/",16000,1000,2725900,43876000000,-50,false,-0.31
"EVF",133633,"/Date(1703140630000)/",16000,100,2724900,43860000000,-50,false,-0.31
"EVF",133633,"/Date(1703140630000)/",16000,400,2724800,43858000000,-50,false,-0.31
"EVF",133504,"/Date(1703140539000)/",16000,100,2724400,43852000000,-50,true,-0.31
"EVF",133429,"/Date(1703140504000)/",16000,5000,2724300,43850000000,-50,true,-0.31
"EVF",133357,"/Date(1703140471000)/",16000,10000,2719300,43770000000,-50,false,-0.31
"EVF",133357,"/Date(1703140471000)/",16000,4500,2709300,43610000000,-50,false,-0.31
"EVF",133312,"/Date(1703140429000)/",16000,1000,2704800,43538000000,-50,true,-0.31
"EVF",133312,"/Date(1703140429000)/",16000,44500,2703800,43522000000,-50,true,-0.31
"EVF",133303,"/Date(1703140419000)/",16000,3500,2659300,42810000000,-50,true,-0.31
"EVF",133303,"/Date(1703140419000)/",16000,1000,2655800,42754000000,-50,true,-0.31
"EVF",133303,"/Date(1703140419000)/",16000,500,2654800,42738000000,-50,true,-0.31
"EVF",133224,"/Date(1703140378000)/",16000,900,2654300,42730000000,-50,false,-0.31
"EVF",133215,"/Date(1703140369000)/",16000,200,2653400,42716000000,-50,false,-0.31
"EVF",133149,"/Date(1703140344000)/",16000,1000,2653200,42713000000,-50,false,-0.31
"EVF",133124,"/Date(1703140318000)/",16000,1000,2652200,42697000000,-50,true,-0.31
"EVF",133124,"/Date(1703140318000)/",16000,500,2651200,42681000000,-50,true,-0.31
"EVF",133124,"/Date(1703140318000)/",16000,700,2650700,42673000000,-50,true,-0.31
"EVF",133124,"/Date(1703140318000)/",16000,5000,2650000,42661000000,-50,true,-0.31
"EVF",133124,"/Date(1703140318000)/",16000,200,2645000,42581000000,-50,true,-0.31
"EVF",133124,"/Date(1703140318000)/",16000,1000,2644800,42578000000,-50,true,-0.31
"EVF",133124,"/Date(1703140318000)/",16000,2000,2643800,42562000000,-50,true,-0.31
"EVF",133124,"/Date(1703140318000)/",16000,100000,2641800,42530000000,-50,true,-0.31
"EVF",133124,"/Date(1703140318000)/",16000,800,2541800,40930000000,-50,true,-0.31
"EVF",133124,"/Date(1703140318000)/",16000,10000,2541000,40917000000,-50,true,-0.31
"EVF",133124,"/Date(1703140318000)/",16000,2000,2531000,40757000000,-50,true,-0.31
"EVF",133124,"/Date(1703140318000)/",16000,100,2529000,40725000000,-50,true,-0.31
"EVF",133124,"/Date(1703140318000)/",16000,200,2528900,40724000000,-50,true,-0.31
"EVF",133124,"/Date(1703140318000)/",16000,1000,2528700,40721000000,-50,true,-0.31
"EVF",133124,"/Date(1703140318000)/",16000,100,2527700,40705000000,-50,true,-0.31
"EVF",133124,"/Date(1703140318000)/",16000,50000,2527600,40703000000,-50,true,-0.31
"EVF",133124,"/Date(1703140318000)/",16000,5000,2477600,39903000000,-50,true,-0.31
"EVF",133124,"/Date(1703140318000)/",16000,500,2472600,39823000000,-50,true,-0.31
"EVF",133124,"/Date(1703140318000)/",16000,17800,2472100,39815000000,-50,true,-0.31
"EVF",133105,"/Date(1703140299000)/",16050,200,2454300,39530000000,0,false,0
"EVF",132907,"/Date(1703140181000)/",16050,100,2454100,39527000000,0,false,0
"EVF",132903,"/Date(1703140178000)/",16050,100,2454000,39525000000,0,false,0
"EVF",132900,"/Date(1703140176000)/",16050,100,2453900,39524000000,0,false,0
"EVF",132857,"/Date(1703140173000)/",16050,100,2453800,39522000000,0,false,0
"EVF",132851,"/Date(1703140165000)/",16050,100,2453700,39521000000,0,false,0
"EVF",132844,"/Date(1703140160000)/",16050,100,2453600,39519000000,0,false,0
"EVF",132838,"/Date(1703140154000)/",16050,100,2453500,39517000000,0,false,0
"EVF",132835,"/Date(1703140150000)/",16050,100,2453400,39516000000,0,false,0
"EVF",132828,"/Date(1703140142000)/",16050,100,2453300,39514000000,0,false,0
"EVF",132825,"/Date(1703140139000)/",16050,100,2453200,39513000000,0,false,0
"EVF",132816,"/Date(1703140129000)/",16050,200,2453100,39511000000,0,false,0
"EVF",132806,"/Date(1703140122000)/",16050,200,2452900,39508000000,0,false,0
"EVF",132715,"/Date(1703140071000)/",16050,100,2452700,39505000000,0,false,0
"EVF",132614,"/Date(1703140008000)/",16050,3000,2452600,39503000000,0,false,0
"EVF",132555,"/Date(1703139989000)/",16050,300,2449600,39455000000,0,false,0
"EVF",132523,"/Date(1703139958000)/",16050,100,2449300,39450000000,0,false,0
"EVF",132344,"/Date(1703139857000)/",16050,10000,2449200,39448000000,0,false,0
"EVF",132244,"/Date(1703139796000)/",16050,600,2439200,39288000000,0,false,0
"EVF",132244,"/Date(1703139796000)/",16050,9400,2438600,39278000000,0,false,0
"EVF",132225,"/Date(1703139778000)/",16000,2000,2429200,39127000000,-50,true,-0.31
"EVF",132102,"/Date(1703139695000)/",16050,200,2427200,39095000000,0,false,0
"EVF",132046,"/Date(1703139681000)/",16050,15000,2427000,39092000000,0,false,0
"EVF",131627,"/Date(1703139422000)/",16050,500,2412000,38851000000,0,false,0
"EVF",131618,"/Date(1703139411000)/",16050,24900,2411500,38843000000,0,true,0
"EVF",131559,"/Date(1703139393000)/",16050,100,2386600,38444000000,0,false,0
"EVF",131543,"/Date(1703139377000)/",16050,500,2386500,38442000000,0,false,0
"EVF",131517,"/Date(1703139350000)/",16050,800,2386000,38434000000,0,false,0
"EVF",131517,"/Date(1703139350000)/",16050,100,2385200,38421000000,0,false,0
"EVF",131517,"/Date(1703139350000)/",16050,100,2385100,38420000000,0,false,0
"EVF",131517,"/Date(1703139350000)/",16050,5000,2385000,38418000000,0,false,0
"EVF",131517,"/Date(1703139350000)/",16050,75000,2380000,38338000000,0,false,0
"EVF",131517,"/Date(1703139350000)/",16050,18400,2305000,37134000000,0,false,0
"EVF",131128,"/Date(1703139119000)/",16050,2000,2286600,36839000000,0,true,0
"EVF",131128,"/Date(1703139119000)/",16050,2000,2284600,36807000000,0,true,0
"EVF",131128,"/Date(1703139119000)/",16050,11600,2282600,36775000000,0,true,0
"EVF",131128,"/Date(1703139119000)/",16050,200,2271000,36588000000,0,true,0
"EVF",131128,"/Date(1703139119000)/",16050,700,2270800,36585000000,0,true,0
"EVF",131128,"/Date(1703139119000)/",16050,10000,2270100,36574000000,0,true,0
"EVF",131128,"/Date(1703139119000)/",16050,100,2260100,36413000000,0,true,0
"EVF",131128,"/Date(1703139119000)/",16050,5000,2260000,36412000000,0,true,0
"EVF",131112,"/Date(1703139103000)/",16050,100,2255000,36332000000,0,false,0
"EVF",131056,"/Date(1703139088000)/",16050,100,2254900,36330000000,0,false,0
"EVF",130923,"/Date(1703138995000)/",16050,400,2254800,36328000000,0,false,0
"EVF",130807,"/Date(1703138920000)/",16000,800,2254400,36322000000,-50,true,-0.31
"EVF",130807,"/Date(1703138920000)/",16000,100,2253600,36309000000,-50,true,-0.31
"EVF",130807,"/Date(1703138920000)/",16000,500,2253500,36308000000,-50,true,-0.31
"EVF",130807,"/Date(1703138920000)/",16000,500,2253000,36300000000,-50,true,-0.31
"EVF",130807,"/Date(1703138920000)/",16000,3000,2252500,36292000000,-50,true,-0.31
"EVF",130807,"/Date(1703138920000)/",16000,100,2249500,36244000000,-50,true,-0.31
"EVF",130807,"/Date(1703138920000)/",16000,1000,2249400,36242000000,-50,true,-0.31
"EVF",130800,"/Date(1703138914000)/",16000,1000,2248400,36226000000,-50,true,-0.31
"EVF",130738,"/Date(1703138892000)/",16050,100,2247400,36210000000,0,false,0
"EVF",130719,"/Date(1703138871000)/",16050,500,2247300,36208000000,0,false,0
"EVF",130706,"/Date(1703138858000)/",16000,500,2246800,36200000000,-50,true,-0.31
"EVF",130706,"/Date(1703138858000)/",16000,400,2246300,36192000000,-50,true,-0.31
"EVF",130706,"/Date(1703138858000)/",16000,300,2245900,36186000000,-50,true,-0.31
"EVF",130647,"/Date(1703138839000)/",16050,4800,2245600,36181000000,0,false,0
"EVF",130647,"/Date(1703138839000)/",16050,1000,2240800,36104000000,0,false,0
"EVF",130556,"/Date(1703138790000)/",16050,2000,2239800,36088000000,0,false,0
"EVF",130549,"/Date(1703138782000)/",16050,500,2237800,36056000000,0,false,0
"EVF",130518,"/Date(1703138748000)/",16050,1400,2237300,36048000000,0,false,0
"EVF",130518,"/Date(1703138748000)/",16050,1600,2235900,36025000000,0,false,0
"EVF",130449,"/Date(1703138721000)/",16050,5000,2234300,36000000000,0,false,0
"EVF",130433,"/Date(1703138704000)/",16050,500,2229300,35919000000,0,true,0
"EVF",130433,"/Date(1703138704000)/",16050,200,2228800,35911000000,0,true,0
"EVF",130411,"/Date(1703138683000)/",16050,800,2228600,35908000000,0,true,0
"EVF",130411,"/Date(1703138683000)/",16050,500,2227800,35895000000,0,true,0
"EVF",130411,"/Date(1703138683000)/",16050,100,2227300,35887000000,0,true,0
"EVF",130411,"/Date(1703138683000)/",16050,3600,2227200,35886000000,0,true,0
"EVF",130407,"/Date(1703138679000)/",16050,5500,2223600,35828000000,0,true,0
"EVF",130401,"/Date(1703138672000)/",16050,12000,2218100,35740000000,0,true,0
"EVF",130358,"/Date(1703138670000)/",16050,5000,2206100,35547000000,0,true,0
"EVF",130355,"/Date(1703138667000)/",16050,300,2201100,35467000000,0,true,0
"EVF",130352,"/Date(1703138664000)/",16050,2100,2200800,35462000000,0,true,0
"EVF",130348,"/Date(1703138661000)/",16050,15000,2198700,35428000000,0,true,0
"EVF",130345,"/Date(1703138658000)/",16050,6500,2183700,35188000000,0,true,0
"EVF",130345,"/Date(1703138658000)/",16050,2700,2177200,35083000000,0,true,0
"EVF",130342,"/Date(1703138655000)/",16050,5300,2174500,35040000000,0,true,0
"EVF",130342,"/Date(1703138655000)/",16050,400,2169200,34955000000,0,true,0
"EVF",130339,"/Date(1703138652000)/",16050,3600,2168800,34948000000,0,true,0
"EVF",130336,"/Date(1703138647000)/",16050,10000,2165200,34891000000,0,true,0
"EVF",130137,"/Date(1703138529000)/",16050,16000,2155200,34730000000,0,false,0
"EVF",130131,"/Date(1703138524000)/",16050,1000,2139200,34473000000,0,false,0
"EVF",130040,"/Date(1703138473000)/",16050,100,2138200,34457000000,0,false,0
"EVF",125946,"/Date(1703138402000)/",16050,1000,2138100,34456000000,0,true,0
"EVF",125946,"/Date(1703138402000)/",16050,400,2137100,34440000000,0,true,0
"EVF",125946,"/Date(1703138402000)/",16050,1000,2136700,34433000000,0,true,0
"EVF",125946,"/Date(1703138402000)/",16050,300,2135700,34417000000,0,true,0
"EVF",125946,"/Date(1703138402000)/",16050,16700,2135400,34412000000,0,true,0
"EVF",125943,"/Date(1703138401000)/",16050,400,2118700,34144000000,0,true,0
"EVF",125943,"/Date(1703138401000)/",16050,100,2118300,34138000000,0,true,0
"EVF",125943,"/Date(1703138401000)/",16050,200,2118200,34136000000,0,true,0
"EVF",125943,"/Date(1703138400000)/",16050,700,2118000,34133000000,0,true,0
"EVF",125943,"/Date(1703138400000)/",16050,100,2117300,34122000000,0,true,0
"EVF",112830,"/Date(1703132932000)/",16050,100,2117200,34120000000,0,true,0
"EVF",112729,"/Date(1703132870000)/",16050,5100,2117100,34119000000,0,true,0
"EVF",112713,"/Date(1703132855000)/",16050,6600,2112000,34037000000,0,true,0
"EVF",112713,"/Date(1703132855000)/",16050,43400,2105400,33931000000,0,true,0
"EVF",112554,"/Date(1703132776000)/",16050,5000,2062000,33234000000,0,true,0
"EVF",112531,"/Date(1703132752000)/",16050,100,2057000,33154000000,0,true,0
"EVF",112217,"/Date(1703132558000)/",16050,1500,2056900,33152000000,0,true,0
"EVF",112010,"/Date(1703132430000)/",16100,3100,2055400,33128000000,50,true,0.31
"EVF",112010,"/Date(1703132430000)/",16100,2400,2052300,33078000000,50,true,0.31
"EVF",111922,"/Date(1703132382000)/",16100,15000,2049900,33040000000,50,true,0.31
"EVF",111919,"/Date(1703132378000)/",16100,12600,2034900,32798000000,50,true,0.31
"EVF",111919,"/Date(1703132378000)/",16100,12400,2022300,32595000000,50,true,0.31
"EVF",111916,"/Date(1703132378000)/",16100,1200,2009900,32396000000,50,true,0.31
"EVF",111912,"/Date(1703132375000)/",16100,10000,2008700,32377000000,50,true,0.31
"EVF",111912,"/Date(1703132373000)/",16100,1500,1998700,32216000000,50,true,0.31
"EVF",111909,"/Date(1703132370000)/",16100,5600,1997200,32191000000,50,true,0.31
"EVF",111903,"/Date(1703132363000)/",16100,4900,1991600,32101000000,50,true,0.31
"EVF",111900,"/Date(1703132360000)/",16100,18700,1986700,32022000000,50,true,0.31
"EVF",111853,"/Date(1703132353000)/",16100,5700,1968000,31721000000,50,true,0.31
"EVF",111853,"/Date(1703132353000)/",16100,4300,1962300,31629000000,50,true,0.31
"EVF",111850,"/Date(1703132350000)/",16100,5200,1958000,31560000000,50,true,0.31
"EVF",111844,"/Date(1703132343000)/",16100,400,1952800,31477000000,50,true,0.31
"EVF",111828,"/Date(1703132329000)/",16100,3000,1952400,31470000000,50,true,0.31
"EVF",111747,"/Date(1703132287000)/",16150,100,1949400,31422000000,100,false,0.62
"EVF",111614,"/Date(1703132196000)/",16150,200,1949300,31420000000,100,false,0.62
"EVF",111611,"/Date(1703132192000)/",16150,3000,1949100,31417000000,100,false,0.62
"EVF",111611,"/Date(1703132192000)/",16150,2000,1946100,31368000000,100,false,0.62
"EVF",111608,"/Date(1703132188000)/",16150,10000,1944100,31336000000,100,false,0.62
"EVF",111436,"/Date(1703132097000)/",16100,500,1934100,31175000000,50,false,0.31
"EVF",111436,"/Date(1703132097000)/",16100,1300,1933600,31167000000,50,false,0.31
"EVF",111436,"/Date(1703132097000)/",16100,35300,1932300,31146000000,50,false,0.31
"EVF",111125,"/Date(1703131904000)/",16100,10000,1897000,30577000000,50,false,0.31
"EVF",111053,"/Date(1703131874000)/",16050,600,1887000,30416000000,0,true,0
"EVF",111053,"/Date(1703131874000)/",16050,200,1886400,30407000000,0,true,0
"EVF",111053,"/Date(1703131874000)/",16050,700,1886200,30404000000,0,true,0
"EVF",111005,"/Date(1703131825000)/",16100,4700,1885500,30392000000,50,false,0.31
"EVF",111005,"/Date(1703131825000)/",16100,25300,1880800,30317000000,50,false,0.31
"EVF",110959,"/Date(1703131819000)/",16100,20000,1855500,29909000000,50,false,0.31
"EVF",110745,"/Date(1703131684000)/",16100,5000,1835500,29587000000,50,false,0.31
"EVF",110739,"/Date(1703131678000)/",16100,9700,1830500,29507000000,50,false,0.31
"EVF",110739,"/Date(1703131678000)/",16100,5300,1820800,29351000000,50,false,0.31
"EVF",110509,"/Date(1703131530000)/",16050,300,1815500,29265000000,0,true,0
"EVF",110509,"/Date(1703131530000)/",16050,700,1815200,29260000000,0,true,0
"EVF",110359,"/Date(1703131458000)/",16050,300,1814500,29249000000,0,true,0
"EVF",110359,"/Date(1703131458000)/",16050,200,1814200,29244000000,0,true,0
"EVF",110359,"/Date(1703131458000)/",16050,800,1814000,29241000000,0,true,0
"EVF",110205,"/Date(1703131343000)/",16050,200,1813200,29228000000,0,true,0
"EVF",110130,"/Date(1703131308000)/",16050,10000,1813000,29225000000,0,true,0
"EVF",110036,"/Date(1703131254000)/",16050,500,1803000,29065000000,0,true,0
"EVF",110036,"/Date(1703131254000)/",16050,1000,1802500,29057000000,0,true,0
"EVF",110036,"/Date(1703131254000)/",16050,500,1801500,29041000000,0,true,0
"EVF",105552,"/Date(1703130971000)/",16100,200,1801000,29033000000,50,false,0.31
"EVF",105501,"/Date(1703130919000)/",16050,1500,1800800,29029000000,0,true,0
"EVF",105501,"/Date(1703130919000)/",16050,1400,1799300,29005000000,0,true,0
"EVF",105442,"/Date(1703130901000)/",16050,600,1797900,28983000000,0,true,0
"EVF",105442,"/Date(1703130901000)/",16050,100,1797300,28973000000,0,true,0
"EVF",105442,"/Date(1703130901000)/",16050,200,1797200,28972000000,0,true,0
"EVF",105442,"/Date(1703130901000)/",16050,500,1797000,28968000000,0,true,0
"EVF",105442,"/Date(1703130901000)/",16050,3600,1796500,28960000000,0,true,0
"EVF",105439,"/Date(1703130898000)/",16050,6400,1792900,28903000000,0,true,0
"EVF",105439,"/Date(1703130898000)/",16050,2100,1786500,28800000000,0,true,0
"EVF",105436,"/Date(1703130895000)/",16050,16000,1784400,28766000000,0,true,0
"EVF",105436,"/Date(1703130893000)/",16050,3300,1768400,28509000000,0,true,0
"EVF",105432,"/Date(1703130890000)/",16050,5100,1765100,28456000000,0,true,0
"EVF",105429,"/Date(1703130888000)/",16050,10000,1760000,28375000000,0,true,0
"EVF",105426,"/Date(1703130885000)/",16050,4200,1750000,28214000000,0,true,0
"EVF",105423,"/Date(1703130882000)/",16050,6900,1745800,28147000000,0,true,0
"EVF",105420,"/Date(1703130880000)/",16050,5700,1738900,28036000000,0,true,0
"EVF",105416,"/Date(1703130877000)/",16050,2000,1733200,27944000000,0,true,0
"EVF",105413,"/Date(1703130873000)/",16050,16500,1731200,27912000000,0,true,0
"EVF",105410,"/Date(1703130869000)/",16050,20000,1714700,27647000000,0,true,0
"EVF",105407,"/Date(1703130865000)/",16050,5500,1694700,27326000000,0,true,0
"EVF",105404,"/Date(1703130861000)/",16050,2700,1689200,27238000000,0,true,0
"EVF",105404,"/Date(1703130861000)/",16050,3000,1686500,27195000000,0,true,0
"EVF",105404,"/Date(1703130861000)/",16050,14300,1683500,27147000000,0,true,0
"EVF",105400,"/Date(1703130858000)/",16050,15000,1669200,26917000000,0,true,0
"EVF",105348,"/Date(1703130845000)/",16050,20700,1654200,26676000000,0,true,0
"EVF",105348,"/Date(1703130845000)/",16050,39300,1633500,26344000000,0,true,0
"EVF",105250,"/Date(1703130782000)/",16100,100,1594200,25713000000,50,false,0.31
"EVF",105231,"/Date(1703130771000)/",16100,94400,1594100,25712000000,50,false,0.31
"EVF",105202,"/Date(1703130740000)/",16100,5600,1499700,24192000000,50,false,0.31
"EVF",105131,"/Date(1703130709000)/",16100,200,1494100,24102000000,50,false,0.31
"EVF",105124,"/Date(1703130701000)/",16100,5000,1493900,24099000000,50,false,0.31
"EVF",105115,"/Date(1703130694000)/",16100,600,1488900,24018000000,50,false,0.31
"EVF",105108,"/Date(1703130688000)/",16100,200,1488300,24008000000,50,true,0.31
"EVF",105108,"/Date(1703130685000)/",16100,30000,1488100,24005000000,50,true,0.31
"EVF",105108,"/Date(1703130685000)/",16100,100,1458100,23522000000,50,true,0.31
"EVF",105108,"/Date(1703130685000)/",16100,8300,1458000,23521000000,50,true,0.31
"EVF",105046,"/Date(1703130664000)/",16100,14700,1449700,23387000000,50,true,0.31
"EVF",105046,"/Date(1703130664000)/",16150,10300,1435000,23150000000,100,true,0.62
"EVF",104933,"/Date(1703130592000)/",16150,1000,1424700,22984000000,100,true,0.62
"EVF",104842,"/Date(1703130539000)/",16150,2000,1423700,22968000000,100,true,0.62
"EVF",104842,"/Date(1703130539000)/",16150,1300,1421700,22936000000,100,true,0.62
"EVF",104842,"/Date(1703130539000)/",16150,25000,1420400,22915000000,100,true,0.62
"EVF",104842,"/Date(1703130539000)/",16150,2000,1395400,22511000000,100,true,0.62
"EVF",104842,"/Date(1703130539000)/",16150,5000,1393400,22478000000,100,true,0.62
"EVF",104842,"/Date(1703130539000)/",16150,2000,1388400,22398000000,100,true,0.62
"EVF",104842,"/Date(1703130539000)/",16150,1400,1386400,22365000000,100,true,0.62
"EVF",104835,"/Date(1703130532000)/",16150,30000,1385000,22343000000,100,false,0.62
"EVF",104803,"/Date(1703130502000)/",16100,6000,1355000,21858000000,50,true,0.31
"EVF",104719,"/Date(1703130456000)/",16100,1000,1349000,21762000000,50,true,0.31
"EVF",104719,"/Date(1703130456000)/",16100,500,1348000,21746000000,50,true,0.31
"EVF",104709,"/Date(1703130449000)/",16100,1300,1347500,21738000000,50,true,0.31
"EVF",104534,"/Date(1703130353000)/",16150,18600,1346200,21717000000,100,false,0.62
"EVF",104534,"/Date(1703130353000)/",16150,1400,1327600,21416000000,100,false,0.62
"EVF",104531,"/Date(1703130348000)/",16150,600,1326200,21394000000,100,false,0.62
"EVF",104531,"/Date(1703130348000)/",16150,19400,1325600,21384000000,100,false,0.62
"EVF",104518,"/Date(1703130334000)/",16100,1100,1306200,21071000000,50,true,0.31
"EVF",104518,"/Date(1703130334000)/",16100,25000,1305100,21053000000,50,true,0.31
"EVF",104518,"/Date(1703130334000)/",16100,200,1280100,20650000000,50,true,0.31
"EVF",104518,"/Date(1703130334000)/",16100,20000,1279900,20647000000,50,true,0.31
"EVF",104518,"/Date(1703130334000)/",16100,1500,1259900,20325000000,50,true,0.31
"EVF",104518,"/Date(1703130334000)/",16100,400,1258400,20301000000,50,true,0.31
"EVF",104515,"/Date(1703130331000)/",16100,1000,1258000,20295000000,50,false,0.31
"EVF",104025,"/Date(1703130042000)/",16100,100,1257000,20279000000,50,false,0.31
"EVF",104025,"/Date(1703130042000)/",16100,4900,1256900,20277000000,50,false,0.31
"EVF",104019,"/Date(1703130035000)/",16100,5100,1252000,20198000000,50,false,0.31
"EVF",104019,"/Date(1703130035000)/",16100,5000,1246900,20116000000,50,false,0.31
"EVF",104019,"/Date(1703130035000)/",16100,8000,1241900,20035000000,50,false,0.31
"EVF",104019,"/Date(1703130035000)/",16100,1900,1233900,19907000000,50,false,0.31
"EVF",103928,"/Date(1703129985000)/",16050,1500,1232000,19876000000,0,true,0
"EVF",103627,"/Date(1703129805000)/",16100,200,1230500,19852000000,50,false,0.31
"EVF",103536,"/Date(1703129753000)/",16100,300,1230300,19849000000,50,false,0.31
"EVF",103332,"/Date(1703129628000)/",16100,300,1230000,19844000000,50,false,0.31
"EVF",103157,"/Date(1703129533000)/",16100,200,1229700,19839000000,50,false,0.31
"EVF",103144,"/Date(1703129519000)/",16100,500,1229500,19836000000,50,false,0.31
"EVF",103047,"/Date(1703129463000)/",16100,100,1229000,19828000000,50,false,0.31
"EVF",103034,"/Date(1703129449000)/",16100,200,1228900,19826000000,50,false,0.31
"EVF",102839,"/Date(1703129335000)/",16100,4300,1228700,19823000000,50,false,0.31
"EVF",102839,"/Date(1703129335000)/",16100,700,1224400,19754000000,50,false,0.31
"EVF",102733,"/Date(1703129268000)/",16100,5000,1223700,19742000000,50,false,0.31
"EVF",102723,"/Date(1703129259000)/",16100,300,1218700,19662000000,50,false,0.31
"EVF",102723,"/Date(1703129259000)/",16100,900,1218400,19657000000,50,false,0.31
"EVF",102522,"/Date(1703129138000)/",16100,100,1217500,19643000000,50,false,0.31
"EVF",102522,"/Date(1703129138000)/",16100,200,1217400,19641000000,50,false,0.31
"EVF",102522,"/Date(1703129138000)/",16100,200,1217200,19638000000,50,false,0.31
"EVF",102522,"/Date(1703129138000)/",16100,600,1217000,19635000000,50,false,0.31
"EVF",102353,"/Date(1703129047000)/",16100,5000,1216400,19625000000,50,true,0.31
"EVF",102350,"/Date(1703129045000)/",16100,1900,1211400,19544000000,50,true,0.31
"EVF",102340,"/Date(1703129037000)/",16100,10000,1209500,19514000000,50,true,0.31
"EVF",102155,"/Date(1703128930000)/",16100,30000,1199500,19353000000,50,true,0.31
"EVF",102149,"/Date(1703128923000)/",16100,12500,1169500,18870000000,50,true,0.31
"EVF",102149,"/Date(1703128923000)/",16100,37500,1157000,18669000000,50,true,0.31
"EVF",102139,"/Date(1703128914000)/",16150,5000,1119500,18065000000,100,false,0.62
"EVF",102139,"/Date(1703128914000)/",16150,24600,1114500,17984000000,100,false,0.62
"EVF",102049,"/Date(1703128866000)/",16200,5000,1089900,17587000000,150,false,0.93
"EVF",102039,"/Date(1703128855000)/",16150,100,1084900,17506000000,100,false,0.62
"EVF",102039,"/Date(1703128855000)/",16150,200,1084800,17504000000,100,false,0.62
"EVF",102039,"/Date(1703128855000)/",16150,1500,1084600,17501000000,100,false,0.62
"EVF",102039,"/Date(1703128855000)/",16150,3000,1083100,17477000000,100,false,0.62
"EVF",102039,"/Date(1703128855000)/",16150,100,1080100,17428000000,100,false,0.62
"EVF",102039,"/Date(1703128855000)/",16150,500,1080000,17427000000,100,false,0.62
"EVF",102033,"/Date(1703128848000)/",16150,2500,1079500,17419000000,100,false,0.62
"EVF",102033,"/Date(1703128848000)/",16150,47500,1077000,17378000000,100,false,0.62
"EVF",101948,"/Date(1703128803000)/",16150,5000,1029500,16611000000,100,false,0.62
"EVF",101942,"/Date(1703128796000)/",16150,10000,1024500,16530000000,100,false,0.62
"EVF",101936,"/Date(1703128789000)/",16150,30000,1014500,16369000000,100,false,0.62
"EVF",101910,"/Date(1703128766000)/",16150,7500,984500,15884000000,100,false,0.62
"EVF",101910,"/Date(1703128766000)/",16150,200,977000,15763000000,100,false,0.62
"EVF",101910,"/Date(1703128766000)/",16150,5200,976800,15760000000,100,false,0.62
"EVF",101910,"/Date(1703128766000)/",16150,1300,971600,15676000000,100,false,0.62
"EVF",101910,"/Date(1703128766000)/",16150,4800,970300,15655000000,100,false,0.62
"EVF",101907,"/Date(1703128764000)/",16100,100,965500,15577000000,50,true,0.31
"EVF",101848,"/Date(1703128745000)/",16100,3000,965400,15576000000,50,true,0.31
"EVF",101845,"/Date(1703128741000)/",16100,9400,962400,15528000000,50,true,0.31
"EVF",101845,"/Date(1703128741000)/",16100,4100,953000,15376000000,50,true,0.31
"EVF",101816,"/Date(1703128711000)/",16100,600,948900,15310000000,50,true,0.31
"EVF",101807,"/Date(1703128703000)/",16100,3000,948300,15301000000,50,true,0.31
"EVF",101744,"/Date(1703128678000)/",16100,2000,945300,15252000000,50,true,0.31
"EVF",101741,"/Date(1703128676000)/",16100,900,943300,15220000000,50,true,0.31
"EVF",101700,"/Date(1703128635000)/",16100,3000,942400,15206000000,50,true,0.31
"EVF",101647,"/Date(1703128622000)/",16100,25000,939400,15157000000,50,false,0.31
"EVF",101647,"/Date(1703128622000)/",16100,5900,914400,14755000000,50,false,0.31
"EVF",101647,"/Date(1703128622000)/",16100,1500,908500,14660000000,50,false,0.31
"EVF",101647,"/Date(1703128622000)/",16100,4000,907000,14636000000,50,false,0.31
"EVF",101641,"/Date(1703128615000)/",16050,3000,903000,14571000000,0,false,0
"EVF",101641,"/Date(1703128615000)/",16050,2000,900000,14523000000,0,false,0
"EVF",101641,"/Date(1703128615000)/",16050,4200,898000,14491000000,0,false,0
"EVF",101537,"/Date(1703128553000)/",16050,500,893800,14424000000,0,false,0
"EVF",101512,"/Date(1703128528000)/",16050,400,893300,14416000000,0,false,0
"EVF",101427,"/Date(1703128481000)/",16050,24900,892900,14409000000,0,false,0
"EVF",101427,"/Date(1703128481000)/",16050,5100,868000,14009000000,0,false,0
"EVF",101201,"/Date(1703128335000)/",16050,100,862900,13928000000,0,false,0
"EVF",101117,"/Date(1703128293000)/",16050,300,862800,13926000000,0,false,0
"EVF",101117,"/Date(1703128293000)/",16050,500,862500,13921000000,0,false,0
"EVF",101117,"/Date(1703128293000)/",16050,100,862000,13913000000,0,false,0
"EVF",101117,"/Date(1703128293000)/",16050,13900,861900,13912000000,0,false,0
"EVF",101114,"/Date(1703128289000)/",16050,6700,848000,13688000000,0,true,0
"EVF",101114,"/Date(1703128289000)/",16050,200,841300,13581000000,0,true,0
"EVF",101114,"/Date(1703128289000)/",16050,900,841100,13578000000,0,true,0
"EVF",101114,"/Date(1703128289000)/",16050,1000,840200,13563000000,0,true,0
"EVF",101114,"/Date(1703128289000)/",16050,4000,839200,13547000000,0,true,0
"EVF",101114,"/Date(1703128289000)/",16050,200,835200,13483000000,0,true,0
"EVF",101114,"/Date(1703128289000)/",16050,500,835000,13480000000,0,true,0
"EVF",101114,"/Date(1703128289000)/",16050,1000,834500,13472000000,0,true,0
"EVF",101114,"/Date(1703128289000)/",16050,200,833500,13456000000,0,true,0
"EVF",101114,"/Date(1703128289000)/",16050,100,833300,13453000000,0,true,0
"EVF",101114,"/Date(1703128289000)/",16050,500,833200,13451000000,0,true,0
"EVF",101114,"/Date(1703128289000)/",16050,3700,832700,13443000000,0,true,0
"EVF",101111,"/Date(1703128286000)/",16050,1900,829000,13384000000,0,true,0
"EVF",101111,"/Date(1703128286000)/",16050,1000,827100,13353000000,0,true,0
"EVF",101111,"/Date(1703128286000)/",16050,2300,826100,13337000000,0,true,0
"EVF",101111,"/Date(1703128285000)/",16050,1100,823800,13300000000,0,true,0
"EVF",101107,"/Date(1703128281000)/",16050,15000,822700,13282000000,0,true,0
"EVF",101104,"/Date(1703128278000)/",16050,9700,807700,13042000000,0,true,0
"EVF",101101,"/Date(1703128276000)/",16050,5800,798000,12886000000,0,true,0
"EVF",101058,"/Date(1703128272000)/",16050,1300,792200,12793000000,0,true,0
"EVF",101058,"/Date(1703128271000)/",16050,1400,790900,12772000000,0,true,0
"EVF",101055,"/Date(1703128267000)/",16050,10000,789500,12750000000,0,true,0
"EVF",101051,"/Date(1703128264000)/",16050,3400,779500,12589000000,0,true,0
"EVF",101051,"/Date(1703128264000)/",16050,1500,776100,12534000000,0,true,0
"EVF",101051,"/Date(1703128264000)/",16050,100,774600,12510000000,0,true,0
"EVF",101051,"/Date(1703128264000)/",16050,5000,774500,12509000000,0,true,0
"EVF",101051,"/Date(1703128264000)/",16050,1200,769500,12429000000,0,true,0
"EVF",101051,"/Date(1703128264000)/",16050,500,768300,12409000000,0,true,0
"EVF",101051,"/Date(1703128264000)/",16050,300,767800,12401000000,0,true,0
"EVF",101048,"/Date(1703128261000)/",16050,200,767500,12396000000,0,true,0
"EVF",101048,"/Date(1703128261000)/",16050,19800,767300,12393000000,0,true,0
"EVF",101010,"/Date(1703128224000)/",16050,200,747500,12075000000,0,true,0
"EVF",100951,"/Date(1703128204000)/",16050,1600,747300,12072000000,0,true,0
"EVF",100822,"/Date(1703128115000)/",16050,2000,745700,12047000000,0,true,0
"EVF",100806,"/Date(1703128100000)/",16050,5000,743700,12014000000,0,true,0
"EVF",100540,"/Date(1703127954000)/",16050,1000,738700,11934000000,0,true,0
"EVF",100355,"/Date(1703127847000)/",16050,1300,737700,11918000000,0,true,0
"EVF",100248,"/Date(1703127781000)/",16100,500,736400,11897000000,50,false,0.31
"EVF",100151,"/Date(1703127725000)/",16100,1000,735900,11889000000,50,false,0.31
"EVF",100104,"/Date(1703127678000)/",16100,1400,734900,11873000000,50,false,0.31
"EVF",100048,"/Date(1703127660000)/",16100,10000,733500,11851000000,50,false,0.31
"EVF",100041,"/Date(1703127654000)/",16100,1000,723500,11690000000,50,false,0.31
"EVF",100022,"/Date(1703127634000)/",16100,1000,722500,11674000000,50,true,0.31
"EVF",100022,"/Date(1703127634000)/",16100,1000,721500,11657000000,50,true,0.31
"EVF",100022,"/Date(1703127634000)/",16100,100,720500,11641000000,50,true,0.31
"EVF",100003,"/Date(1703127617000)/",16100,100,720400,11640000000,50,true,0.31
"EVF",100003,"/Date(1703127617000)/",16100,100,720300,11638000000,50,true,0.31
"EVF",95834,"/Date(1703127526000)/",16100,9900,720200,11636000000,50,false,0.31
"EVF",95828,"/Date(1703127519000)/",16100,30000,710300,11477000000,50,false,0.31
"EVF",95737,"/Date(1703127468000)/",16100,300,680300,10994000000,50,false,0.31
"EVF",95731,"/Date(1703127463000)/",16100,5000,680000,10989000000,50,false,0.31
"EVF",95646,"/Date(1703127420000)/",16100,4800,675000,10909000000,50,false,0.31
"EVF",95646,"/Date(1703127420000)/",16100,1300,670200,10831000000,50,false,0.31
"EVF",95646,"/Date(1703127420000)/",16100,3900,668900,10811000000,50,false,0.31
"EVF",95646,"/Date(1703127419000)/",16100,300,665000,10748000000,50,false,0.31
"EVF",95452,"/Date(1703127305000)/",16100,800,664700,10743000000,50,true,0.31
"EVF",95446,"/Date(1703127299000)/",16100,9200,663900,10730000000,50,true,0.31
"EVF",95446,"/Date(1703127299000)/",16100,800,654700,10582000000,50,true,0.31
"EVF",95439,"/Date(1703127291000)/",16150,15200,653900,10569000000,100,false,0.62
"EVF",95439,"/Date(1703127291000)/",16150,4800,638700,10324000000,100,false,0.62
"EVF",95408,"/Date(1703127261000)/",16100,200,633900,10246000000,50,false,0.31
"EVF",95258,"/Date(1703127189000)/",16100,200,633700,10243000000,50,true,0.31
"EVF",95258,"/Date(1703127189000)/",16100,100,633500,10240000000,50,true,0.31
"EVF",95223,"/Date(1703127155000)/",16100,500,633400,10238000000,50,false,0.31
"EVF",95207,"/Date(1703127141000)/",16100,500,632900,10230000000,50,false,0.31
"EVF",95045,"/Date(1703127057000)/",16150,5400,632400,10222000000,100,false,0.62
"EVF",95045,"/Date(1703127057000)/",16100,4600,627000,10135000000,50,false,0.31
"EVF",95038,"/Date(1703127050000)/",16100,15400,622400,10061000000,50,false,0.31
"EVF",95038,"/Date(1703127050000)/",16100,4600,607000,9813000000,50,false,0.31
"EVF",94944,"/Date(1703126996000)/",16100,15400,602400,9739000000,50,false,0.31
"EVF",94944,"/Date(1703126996000)/",16100,2600,587000,9491000000,50,false,0.31
"EVF",94938,"/Date(1703126989000)/",16100,5000,584400,9449000000,50,false,0.31
"EVF",94935,"/Date(1703126985000)/",16100,500,579400,9368000000,50,false,0.31
"EVF",94932,"/Date(1703126983000)/",16100,10000,578900,9360000000,50,false,0.31
"EVF",94809,"/Date(1703126901000)/",16050,2000,568900,9199000000,0,true,0
"EVF",94553,"/Date(1703126763000)/",16050,17100,566900,9167000000,0,true,0
"EVF",94553,"/Date(1703126763000)/",16050,100,549800,8893000000,0,true,0
"EVF",94553,"/Date(1703126763000)/",16050,1000,549700,8891000000,0,true,0
"EVF",94553,"/Date(1703126763000)/",16050,1800,548700,8875000000,0,true,0
"EVF",94550,"/Date(1703126760000)/",16100,10000,546900,8846000000,50,false,0.31
"EVF",94459,"/Date(1703126712000)/",16100,600,536900,8685000000,50,false,0.31
"EVF",94227,"/Date(1703126559000)/",16100,600,536300,8676000000,50,false,0.31
"EVF",94149,"/Date(1703126518000)/",16100,700,535700,8666000000,50,false,0.31
"EVF",94149,"/Date(1703126518000)/",16100,300,535000,8655000000,50,false,0.31
"EVF",94048,"/Date(1703126460000)/",16100,100,534700,8650000000,50,false,0.31
"EVF",94042,"/Date(1703126452000)/",16100,100,534600,8648000000,50,false,0.31
"EVF",93845,"/Date(1703126336000)/",16100,400,534500,8647000000,50,false,0.31
"EVF",93735,"/Date(1703126267000)/",16100,200,534100,8640000000,50,false,0.31
"EVF",93729,"/Date(1703126261000)/",16100,100,533900,8637000000,50,false,0.31
"EVF",93654,"/Date(1703126225000)/",16100,50000,533800,8635000000,50,false,0.31
"EVF",93651,"/Date(1703126222000)/",16100,29000,483800,7830000000,50,true,0.31
"EVF",93648,"/Date(1703126217000)/",16100,1000,454800,7363000000,50,true,0.31
"EVF",93648,"/Date(1703126217000)/",16100,5000,453800,7347000000,50,true,0.31
"EVF",93648,"/Date(1703126217000)/",16100,300,448800,7267000000,50,true,0.31
"EVF",93648,"/Date(1703126217000)/",16100,1600,448500,7262000000,50,true,0.31
"EVF",93648,"/Date(1703126217000)/",16100,11600,446900,7236000000,50,true,0.31
"EVF",93648,"/Date(1703126217000)/",16150,500,435300,7049000000,100,true,0.62
"EVF",93644,"/Date(1703126214000)/",16150,1100,434800,7041000000,100,true,0.62
"EVF",93644,"/Date(1703126214000)/",16150,200,433700,7024000000,100,true,0.62
"EVF",93644,"/Date(1703126214000)/",16150,13700,433500,7020000000,100,true,0.62
"EVF",93638,"/Date(1703126210000)/",16150,18000,419800,6799000000,100,true,0.62
"EVF",93635,"/Date(1703126206000)/",16150,8300,401800,6508000000,100,true,0.62
"EVF",93635,"/Date(1703126206000)/",16150,11700,393500,6374000000,100,true,0.62
"EVF",93632,"/Date(1703126202000)/",16150,18300,381800,6185000000,100,true,0.62
"EVF",93632,"/Date(1703126202000)/",16150,32700,363500,5890000000,100,true,0.62
"EVF",93544,"/Date(1703126155000)/",16200,600,330800,5362000000,150,false,0.93
"EVF",93522,"/Date(1703126132000)/",16200,300,330200,5352000000,150,false,0.93
"EVF",93503,"/Date(1703126113000)/",16200,700,329900,5347000000,150,false,0.93
"EVF",93450,"/Date(1703126102000)/",16200,200,329200,5336000000,150,false,0.93
"EVF",93444,"/Date(1703126095000)/",16150,1300,329000,5333000000,100,true,0.62
"EVF",93422,"/Date(1703126072000)/",16200,100,327700,5312000000,150,false,0.93
"EVF",93406,"/Date(1703126057000)/",16200,600,327600,5310000000,150,false,0.93
"EVF",93406,"/Date(1703126057000)/",16200,100,327000,5300000000,150,false,0.93
"EVF",93406,"/Date(1703126057000)/",16200,800,326900,5299000000,150,false,0.93
"EVF",93406,"/Date(1703126057000)/",16200,3500,326100,5286000000,150,false,0.93
"EVF",93347,"/Date(1703126036000)/",16150,100,322600,5229000000,100,true,0.62
"EVF",93328,"/Date(1703126016000)/",16150,15700,322500,5227000000,100,true,0.62
"EVF",93322,"/Date(1703126011000)/",16200,10700,306800,4974000000,150,false,0.93
"EVF",93322,"/Date(1703126011000)/",16200,1000,296100,4800000000,150,false,0.93
"EVF",93322,"/Date(1703126011000)/",16200,100,295100,4784000000,150,false,0.93
"EVF",93322,"/Date(1703126011000)/",16200,700,295000,4783000000,150,false,0.93
"EVF",93322,"/Date(1703126011000)/",16200,1000,294300,4771000000,150,false,0.93
"EVF",93322,"/Date(1703126011000)/",16200,6500,293300,4755000000,150,false,0.93
"EVF",93312,"/Date(1703126003000)/",16200,100,286800,4650000000,150,false,0.93
"EVF",93306,"/Date(1703125997000)/",16200,600,286700,4648000000,150,false,0.93
"EVF",93228,"/Date(1703125957000)/",16200,800,286100,4638000000,150,false,0.93
"EVF",93225,"/Date(1703125954000)/",16200,5400,285300,4626000000,150,false,0.93
"EVF",93137,"/Date(1703125909000)/",16150,200,279900,4538000000,100,true,0.62
"EVF",93137,"/Date(1703125909000)/",16150,100,279700,4535000000,100,true,0.62
"EVF",93118,"/Date(1703125887000)/",16150,100,279600,4533000000,100,true,0.62
"EVF",93102,"/Date(1703125872000)/",16200,500,279500,4532000000,150,false,0.93
"EVF",92949,"/Date(1703125799000)/",16200,1000,279000,4523000000,150,false,0.93
"EVF",92924,"/Date(1703125773000)/",16200,5000,278000,4507000000,150,false,0.93
"EVF",92911,"/Date(1703125762000)/",16100,18700,273000,4426000000,50,false,0.31
"EVF",92911,"/Date(1703125762000)/",16100,100,254300,4125000000,50,false,0.31
"EVF",92911,"/Date(1703125762000)/",16100,5700,254200,4124000000,50,false,0.31
"EVF",92911,"/Date(1703125762000)/",16100,13900,248500,4032000000,50,false,0.31
"EVF",92839,"/Date(1703125729000)/",16100,16800,234600,3808000000,50,false,0.31
"EVF",92839,"/Date(1703125729000)/",16100,2200,217800,3538000000,50,false,0.31
"EVF",92833,"/Date(1703125723000)/",16100,5000,215600,3502000000,50,false,0.31
"EVF",92827,"/Date(1703125716000)/",16100,10000,210600,3422000000,50,false,0.31
"EVF",92542,"/Date(1703125552000)/",16050,3200,200600,3261000000,0,false,0
"EVF",92517,"/Date(1703125525000)/",16050,700,197400,3209000000,0,false,0
"EVF",92326,"/Date(1703125414000)/",16050,400,196700,3198000000,0,false,0
"EVF",92323,"/Date(1703125413000)/",16050,10000,196300,3192000000,0,false,0
"EVF",92323,"/Date(1703125413000)/",16050,1000,186300,3031000000,0,false,0
"EVF",92323,"/Date(1703125413000)/",16050,4700,185300,3015000000,0,false,0
"EVF",92310,"/Date(1703125398000)/",16050,5300,180600,2940000000,0,true,0
"EVF",92310,"/Date(1703125398000)/",16050,4700,175300,2855000000,0,true,0
"EVF",92245,"/Date(1703125374000)/",16050,300,170600,2779000000,0,true,0
"EVF",92245,"/Date(1703125374000)/",16050,1000,170300,2774000000,0,true,0
"EVF",92245,"/Date(1703125374000)/",16050,700,169300,2758000000,0,true,0
"EVF",91901,"/Date(1703125151000)/",16100,100,168600,2747000000,50,false,0.31
"EVF",91742,"/Date(1703125069000)/",16100,1000,168500,2745000000,50,false,0.31
"EVF",91742,"/Date(1703125069000)/",16100,1700,167500,2729000000,50,false,0.31
"EVF",91735,"/Date(1703125065000)/",16200,100,165800,2702000000,150,true,0.93
"EVF",91713,"/Date(1703125042000)/",16250,300,165700,2700000000,200,false,1.25
"EVF",91620,"/Date(1703124989000)/",16250,500,165400,2695000000,200,false,1.25
"EVF",91620,"/Date(1703124988000)/",16200,500,164900,2687000000,150,true,0.93
"EVF",91455,"/Date(1703124901000)/",16300,164400,164400,2679000000,250,false,1.56
