"Stockcode","Package","TradingDate","Price","Vol","TotalVol","TotalVal","Change","IsBuy","PerChange"
"HAP",144420,"/Date(1703144701000)/",4770,7700,185300,875000000,0,true,0
"HAP",135712,"/Date(1703141869000)/",4770,400,177600,838000000,0,false,0
"HAP",134812,"/Date(1703141330000)/",4760,100,177200,836000000,-10,false,-0.21
"HAP",134435,"/Date(1703141111000)/",4770,400,177100,836000000,0,false,0
"HAP",134435,"/Date(1703141111000)/",4760,100,176700,834000000,-10,false,-0.21
"HAP",133954,"/Date(1703140829000)/",4770,400,176600,833000000,0,false,0
"HAP",133954,"/Date(1703140829000)/",4770,100,176200,832000000,0,false,0
"HAP",133932,"/Date(1703140807000)/",4760,1000,176100,831000000,-10,false,-0.21
"HAP",132501,"/Date(1703139936000)/",4700,200,175100,826000000,-70,false,-1.47
"HAP",132501,"/Date(1703139936000)/",4700,4800,174900,825000000,-70,false,-1.47
"HAP",131703,"/Date(1703139457000)/",4700,100,170100,803000000,-70,true,-1.47
"HAP",131420,"/Date(1703139293000)/",4720,100,170000,802000000,-50,true,-1.05
"HAP",131244,"/Date(1703139197000)/",4700,100,169900,802000000,-70,true,-1.47
"HAP",130949,"/Date(1703139022000)/",4790,5000,169800,801000000,20,false,0.42
"HAP",130949,"/Date(1703139022000)/",4790,1200,164800,777000000,20,false,0.42
"HAP",130949,"/Date(1703139022000)/",4780,100,163600,772000000,10,false,0.21
"HAP",130949,"/Date(1703139022000)/",4780,200,163500,771000000,10,false,0.21
"HAP",130949,"/Date(1703139022000)/",4780,3500,163300,770000000,10,false,0.21
"HAP",130927,"/Date(1703138999000)/",4690,2000,159800,754000000,-80,true,-1.68
"HAP",130822,"/Date(1703138936000)/",4690,1300,157800,744000000,-80,true,-1.68
"HAP",130822,"/Date(1703138936000)/",4700,200,156500,738000000,-70,true,-1.47
"HAP",130822,"/Date(1703138936000)/",4700,500,156300,737000000,-70,true,-1.47
"HAP",125940,"/Date(1703138400000)/",4690,2800,155800,735000000,-80,false,-1.68
"HAP",125940,"/Date(1703138400000)/",4690,200,153000,722000000,-80,false,-1.68
"HAP",125940,"/Date(1703138400000)/",4690,300,152800,721000000,-80,false,-1.68
"HAP",125940,"/Date(1703138400000)/",4690,200,152500,719000000,-80,false,-1.68
"HAP",125940,"/Date(1703138400000)/",4700,100,152300,718000000,-70,true,-1.47
"HAP",125940,"/Date(1703138400000)/",4710,100,152200,718000000,-60,true,-1.26
"HAP",125940,"/Date(1703138400000)/",4750,100,152100,717000000,-20,true,-0.42
"HAP",112544,"/Date(1703132767000)/",4780,500,152000,717000000,10,false,0.21
"HAP",111316,"/Date(1703132017000)/",4790,600,151500,715000000,20,false,0.42
"HAP",111316,"/Date(1703132017000)/",4780,400,150900,712000000,10,false,0.21
"HAP",110130,"/Date(1703131310000)/",4790,200,150500,710000000,20,false,0.42
"HAP",110111,"/Date(1703131291000)/",4760,500,150300,709000000,-10,false,-0.21
"HAP",110020,"/Date(1703131239000)/",4760,1000,149800,706000000,-10,false,-0.21
"HAP",105941,"/Date(1703131200000)/",4760,1000,148800,702000000,-10,false,-0.21
"HAP",105857,"/Date(1703131158000)/",4760,1000,147800,697000000,-10,false,-0.21
"HAP",105828,"/Date(1703131128000)/",4760,1000,146800,692000000,-10,false,-0.21
"HAP",105756,"/Date(1703131095000)/",4750,100,145800,687000000,-20,false,-0.42
"HAP",105756,"/Date(1703131095000)/",4740,100,145700,687000000,-30,false,-0.63
"HAP",103357,"/Date(1703129653000)/",4700,1800,145600,686000000,-70,false,-1.47
"HAP",103238,"/Date(1703129574000)/",4700,100,143800,678000000,-70,false,-1.47
"HAP",103232,"/Date(1703129567000)/",4700,100,143700,678000000,-70,false,-1.47
"HAP",103225,"/Date(1703129561000)/",4700,200,143600,677000000,-70,false,-1.47
"HAP",103225,"/Date(1703129561000)/",4700,5600,143400,676000000,-70,false,-1.47
"HAP",103209,"/Date(1703129545000)/",4710,200,137800,650000000,-60,true,-1.26
"HAP",103209,"/Date(1703129545000)/",4710,5700,137600,649000000,-60,true,-1.26
"HAP",102914,"/Date(1703129370000)/",4710,29500,131900,622000000,-60,true,-1.26
"HAP",102714,"/Date(1703129249000)/",4710,1800,102400,483000000,-60,true,-1.26
"HAP",102714,"/Date(1703129249000)/",4710,200,100600,475000000,-60,true,-1.26
"HAP",102305,"/Date(1703129000000)/",4710,300,100400,474000000,-60,true,-1.26
"HAP",102305,"/Date(1703129000000)/",4720,100,100100,472000000,-50,true,-1.05
"HAP",95856,"/Date(1703127550000)/",4780,200,100000,472000000,10,false,0.21
"HAP",95856,"/Date(1703127550000)/",4770,800,99800,471000000,0,false,0
"HAP",95517,"/Date(1703127329000)/",4760,100,99000,467000000,-10,false,-0.21
"HAP",95057,"/Date(1703127070000)/",4700,4400,98900,466000000,-70,false,-1.47
"HAP",95041,"/Date(1703127053000)/",4700,500,94500,446000000,-70,true,-1.47
"HAP",95041,"/Date(1703127053000)/",4700,100,94000,443000000,-70,true,-1.47
"HAP",95022,"/Date(1703127033000)/",4700,5000,93900,443000000,-70,true,-1.47
"HAP",94756,"/Date(1703126888000)/",4700,14900,88900,419000000,-70,false,-1.47
"HAP",94718,"/Date(1703126850000)/",4700,100,74000,349000000,-70,true,-1.47
"HAP",94718,"/Date(1703126850000)/",4700,100,73900,349000000,-70,true,-1.47
"HAP",94052,"/Date(1703126463000)/",4770,200,73800,349000000,0,false,0
"HAP",94023,"/Date(1703126434000)/",4770,17200,73600,348000000,0,true,0
"HAP",93904,"/Date(1703126354000)/",4770,100,56400,266000000,0,true,0
"HAP",93829,"/Date(1703126321000)/",4770,100,56300,265000000,0,true,0
"HAP",93751,"/Date(1703126282000)/",4790,700,56200,265000000,20,false,0.42
"HAP",93751,"/Date(1703126282000)/",4790,2000,55500,261000000,20,false,0.42
"HAP",93751,"/Date(1703126282000)/",4790,500,53500,252000000,20,false,0.42
"HAP",93751,"/Date(1703126282000)/",4780,100,53000,249000000,10,false,0.21
"HAP",93751,"/Date(1703126282000)/",4780,100,52900,249000000,10,false,0.21
"HAP",93751,"/Date(1703126282000)/",4780,1600,52800,248000000,10,false,0.21
"HAP",93638,"/Date(1703126210000)/",4780,3000,51200,241000000,10,false,0.21
"HAP",93557,"/Date(1703126168000)/",4770,1200,48200,226000000,0,true,0
"HAP",93557,"/Date(1703126168000)/",4770,2000,47000,221000000,0,true,0
"HAP",93557,"/Date(1703126168000)/",4770,5000,45000,211000000,0,true,0
"HAP",93557,"/Date(1703126168000)/",4770,4400,40000,187000000,0,true,0
"HAP",93522,"/Date(1703126132000)/",4770,200,35600,166000000,0,false,0
"HAP",93522,"/Date(1703126132000)/",4760,100,35400,165000000,-10,false,-0.21
"HAP",93522,"/Date(1703126132000)/",4760,100,35300,165000000,-10,false,-0.21
"HAP",93522,"/Date(1703126132000)/",4750,100,35200,164000000,-20,false,-0.42
"HAP",93512,"/Date(1703126122000)/",4740,100,35100,164000000,-30,false,-0.63
"HAP",93512,"/Date(1703126122000)/",4680,200,35000,163000000,-90,false,-1.89
"HAP",93453,"/Date(1703126105000)/",4680,200,34800,162000000,-90,false,-1.89
"HAP",93444,"/Date(1703126095000)/",4680,500,34600,161000000,-90,false,-1.89
"HAP",93434,"/Date(1703126084000)/",4680,100,34100,159000000,-90,false,-1.89
"HAP",93403,"/Date(1703126055000)/",4680,100,34000,159000000,-90,false,-1.89
"HAP",93356,"/Date(1703126045000)/",4680,200,33900,158000000,-90,false,-1.89
"HAP",93315,"/Date(1703126006000)/",4680,100,33700,157000000,-90,false,-1.89
"HAP",93312,"/Date(1703126001000)/",4680,500,33600,157000000,-90,false,-1.89
"HAP",93228,"/Date(1703125959000)/",4680,600,33100,154000000,-90,false,-1.89
"HAP",93228,"/Date(1703125959000)/",4680,200,32500,152000000,-90,false,-1.89
"HAP",93218,"/Date(1703125948000)/",4680,500,32300,151000000,-90,false,-1.89
"HAP",93215,"/Date(1703125946000)/",4680,200,31800,148000000,-90,false,-1.89
"HAP",93212,"/Date(1703125942000)/",4680,5000,31600,147000000,-90,false,-1.89
"HAP",93206,"/Date(1703125936000)/",4680,200,26600,124000000,-90,false,-1.89
"HAP",93150,"/Date(1703125919000)/",4680,500,26400,123000000,-90,false,-1.89
"HAP",93053,"/Date(1703125862000)/",4680,900,25900,121000000,-90,false,-1.89
"HAP",93002,"/Date(1703125812000)/",4660,4300,25000,117000000,-110,true,-2.31
"HAP",93002,"/Date(1703125812000)/",4660,100,20700,97000000,-110,true,-2.31
"HAP",93002,"/Date(1703125812000)/",4660,3000,20600,96000000,-110,true,-2.31
"HAP",93002,"/Date(1703125812000)/",4660,500,17600,82000000,-110,true,-2.31
"HAP",93002,"/Date(1703125812000)/",4660,100,17100,80000000,-110,true,-2.31
"HAP",93002,"/Date(1703125812000)/",4670,200,17000,79000000,-100,true,-2.1
"HAP",92921,"/Date(1703125771000)/",4680,200,16800,78000000,-90,true,-1.89
"HAP",92921,"/Date(1703125771000)/",4680,100,16600,77000000,-90,true,-1.89
"HAP",92905,"/Date(1703125754000)/",4690,200,16500,77000000,-80,true,-1.68
"HAP",92905,"/Date(1703125754000)/",4690,100,16300,76000000,-80,true,-1.68
"HAP",92852,"/Date(1703125744000)/",4760,500,16200,76000000,-10,true,-0.21
"HAP",92649,"/Date(1703125620000)/",4760,1000,15700,73000000,-10,false,-0.21
"HAP",92536,"/Date(1703125544000)/",4710,1000,14700,68000000,-60,false,-1.26
"HAP",92029,"/Date(1703125239000)/",4650,1800,13700,64000000,-120,true,-2.52
"HAP",92029,"/Date(1703125239000)/",4650,500,11900,55000000,-120,true,-2.52
"HAP",92029,"/Date(1703125239000)/",4650,200,11400,53000000,-120,true,-2.52
"HAP",92029,"/Date(1703125239000)/",4660,2000,11200,52000000,-110,true,-2.31
"HAP",92029,"/Date(1703125239000)/",4660,500,9200,43000000,-110,true,-2.31
"HAP",91742,"/Date(1703125069000)/",4650,4800,8700,40000000,-120,true,-2.52
"HAP",91742,"/Date(1703125069000)/",4700,100,3900,18000000,-70,false,-1.47
"HAP",91742,"/Date(1703125069000)/",4700,1000,3800,18000000,-70,false,-1.47
"HAP",91742,"/Date(1703125069000)/",4770,300,2800,13000000,0,false,0
"HAP",91742,"/Date(1703125069000)/",4790,1800,2500,11000000,20,false,0.42
"HAP",91729,"/Date(1703125058000)/",4790,200,700,3000000,20,false,0.42
"HAP",91452,"/Date(1703124900000)/",4790,500,500,2000000,20,true,0.42
