"Stockcode","Package","TradingDate","Price","Vol","TotalVol","TotalVal","Change","IsBuy","PerChange"
"HUT",144512,"/Date(1703144701000)/",19400,123000,2733332,52963905600,0,true,0
"HUT",142937,"/Date(1703143777000)/",19400,5000,2610332,50577705600,0,true,0
"HUT",142842,"/Date(1703143722000)/",19400,700,2605332,50480705600,0,true,0
"HUT",142822,"/Date(1703143702000)/",19400,9300,2604632,50467125600,0,true,0
"HUT",142807,"/Date(1703143687000)/",19400,300,2595332,50286705600,0,false,0
"HUT",142806,"/Date(1703143686000)/",19400,5000,2595032,50280885600,0,false,0
"HUT",142803,"/Date(1703143683000)/",19400,2000,2590032,50183885600,0,false,0
"HUT",142747,"/Date(1703143667000)/",19400,1000,2588032,50145085600,0,false,0
"HUT",142734,"/Date(1703143654000)/",19400,1000,2587032,50125685600,0,false,0
"HUT",142723,"/Date(1703143643000)/",19300,500,2586032,50106285600,-100,true,-0.52
"HUT",142721,"/Date(1703143641000)/",19400,200,2585532,50096635600,0,false,0
"HUT",142714,"/Date(1703143634000)/",19300,500,2585332,50092755600,-100,true,-0.52
"HUT",142710,"/Date(1703143630000)/",19400,1000,2584832,50083105600,0,false,0
"HUT",142702,"/Date(1703143622000)/",19400,2500,2583832,50063705600,0,true,0
"HUT",142656,"/Date(1703143616000)/",19400,3000,2581332,50015205600,0,true,0
"HUT",142613,"/Date(1703143573000)/",19400,200,2578332,49957005600,0,true,0
"HUT",142612,"/Date(1703143572000)/",19400,500,2578132,49953125600,0,true,0
"HUT",142611,"/Date(1703143571000)/",19400,500,2577632,49943425600,0,true,0
"HUT",142609,"/Date(1703143569000)/",19400,2000,2577132,49933725600,0,true,0
"HUT",142608,"/Date(1703143568000)/",19400,800,2575132,49894925600,0,true,0
"HUT",142556,"/Date(1703143556000)/",19400,1200,2574332,49879405600,0,true,0
"HUT",142552,"/Date(1703143552000)/",19400,3000,2573132,49856125600,0,true,0
"HUT",142550,"/Date(1703143550000)/",19400,800,2570132,49797925600,0,true,0
"HUT",142542,"/Date(1703143542000)/",19400,100,2569332,49782405600,0,true,0
"HUT",142541,"/Date(1703143541000)/",19400,900,2569232,49780465600,0,true,0
"HUT",142539,"/Date(1703143539000)/",19400,18000,2568332,49763005600,0,false,0
"HUT",142535,"/Date(1703143535000)/",19400,1300,2550332,49413805600,0,false,0
"HUT",142534,"/Date(1703143534000)/",19400,100,2549032,49388585600,0,false,0
"HUT",142533,"/Date(1703143533000)/",19400,400,2548932,49386645600,0,false,0
"HUT",142532,"/Date(1703143532000)/",19400,14700,2548532,49378885600,0,false,0
"HUT",142529,"/Date(1703143529000)/",19400,5000,2533832,49093705600,0,false,0
"HUT",142528,"/Date(1703143528000)/",19400,8100,2528832,48996705600,0,false,0
"HUT",142527,"/Date(1703143527000)/",19400,500,2520732,48839565600,0,false,0
"HUT",142526,"/Date(1703143526000)/",19400,6500,2520232,48829865600,0,false,0
"HUT",142521,"/Date(1703143521000)/",19400,200,2513732,48703765600,0,false,0
"HUT",142520,"/Date(1703143520000)/",19400,20000,2513532,48699885600,0,false,0
"HUT",142519,"/Date(1703143519000)/",19400,9500,2493532,48311885600,0,false,0
"HUT",142517,"/Date(1703143517000)/",19400,100,2484032,48127585600,0,false,0
"HUT",142516,"/Date(1703143516000)/",19400,2000,2483932,48125645600,0,false,0
"HUT",142515,"/Date(1703143515000)/",19400,30000,2481932,48086845600,0,false,0
"HUT",142512,"/Date(1703143512000)/",19400,5000,2451932,47504845600,0,false,0
"HUT",142511,"/Date(1703143511000)/",19400,2000,2446932,47407845600,0,false,0
"HUT",142502,"/Date(1703143502000)/",19400,1000,2444932,47369045600,0,false,0
"HUT",142457,"/Date(1703143497000)/",19400,5000,2443932,47349645600,0,false,0
"HUT",142451,"/Date(1703143491000)/",19400,300,2438932,47252645600,0,false,0
"HUT",142449,"/Date(1703143489000)/",19400,1000,2438632,47246825600,0,false,0
"HUT",142447,"/Date(1703143487000)/",19400,200,2437632,47227425600,0,false,0
"HUT",142446,"/Date(1703143486000)/",19400,1000,2437432,47223545600,0,false,0
"HUT",142443,"/Date(1703143483000)/",19400,500,2436432,47204145600,0,false,0
"HUT",142437,"/Date(1703143477000)/",19400,70000,2435932,47194445600,0,false,0
"HUT",142435,"/Date(1703143475000)/",19400,100,2365932,45836445600,0,false,0
"HUT",142431,"/Date(1703143471000)/",19400,1600,2365832,45834505600,0,false,0
"HUT",142429,"/Date(1703143469000)/",19400,500,2364232,45803465600,0,false,0
"HUT",142428,"/Date(1703143468000)/",19400,500,2363732,45793765600,0,false,0
"HUT",142427,"/Date(1703143467000)/",19300,1000,2363232,45784065600,-100,true,-0.52
"HUT",142425,"/Date(1703143465000)/",19300,1000,2362232,45764765600,-100,true,-0.52
"HUT",142410,"/Date(1703143449000)/",19400,5000,2361232,45745465600,0,false,0
"HUT",142337,"/Date(1703143416000)/",19300,200,2356232,45648465600,-100,true,-0.52
"HUT",142312,"/Date(1703143391000)/",19300,8000,2356032,45644605600,-100,true,-0.52
"HUT",142311,"/Date(1703143390000)/",19400,300,2348032,45489505600,0,false,0
"HUT",142242,"/Date(1703143361000)/",19400,300,2347732,45483685600,0,false,0
"HUT",142240,"/Date(1703143359000)/",19300,3000,2347432,45477865600,-100,true,-0.52
"HUT",142230,"/Date(1703143349000)/",19300,200,2344432,45419965600,-100,true,-0.52
"HUT",142151,"/Date(1703143310000)/",19400,600,2344232,45416105600,0,false,0
"HUT",142147,"/Date(1703143306000)/",19300,1000,2343632,45404465600,-100,true,-0.52
"HUT",142023,"/Date(1703143222000)/",19300,1000,2342632,45385165600,-100,true,-0.52
"HUT",142016,"/Date(1703143215000)/",19400,500,2341632,45365865600,0,false,0
"HUT",142014,"/Date(1703143213000)/",19300,1000,2341132,45356165600,-100,true,-0.52
"HUT",142013,"/Date(1703143212000)/",19400,10000,2340132,45336865600,0,false,0
"HUT",142007,"/Date(1703143206000)/",19400,500,2330132,45142865600,0,false,0
"HUT",141937,"/Date(1703143176000)/",19400,100,2329632,45133165600,0,false,0
"HUT",141903,"/Date(1703143143000)/",19300,100,2329532,45131225600,-100,true,-0.52
"HUT",141902,"/Date(1703143141000)/",19400,10000,2329432,45129295600,0,false,0
"HUT",141842,"/Date(1703143121000)/",19300,100,2319432,44935295600,-100,true,-0.52
"HUT",141826,"/Date(1703143105000)/",19300,100,2319332,44933365600,-100,true,-0.52
"HUT",141824,"/Date(1703143103000)/",19300,3000,2319232,44931435600,-100,true,-0.52
"HUT",141820,"/Date(1703143100000)/",19300,100,2316232,44873535600,-100,true,-0.52
"HUT",141810,"/Date(1703143090000)/",19300,200,2316132,44871605600,-100,true,-0.52
"HUT",141754,"/Date(1703143074000)/",19300,1000,2315932,44867745600,-100,true,-0.52
"HUT",141754,"/Date(1703143073000)/",19300,6,2314932,44848445600,-100,true,-0.52
"HUT",141738,"/Date(1703143057000)/",19300,30000,2314926,44848329200,-100,true,-0.52
"HUT",141731,"/Date(1703143051000)/",19300,1000,2284926,44269329200,-100,true,-0.52
"HUT",141723,"/Date(1703143043000)/",19300,11000,2283926,44250029200,-100,true,-0.52
"HUT",141652,"/Date(1703143012000)/",19300,100,2272926,44037729200,-100,true,-0.52
"HUT",141605,"/Date(1703142965000)/",19300,1000,2272826,44035799200,-100,true,-0.52
"HUT",141603,"/Date(1703142963000)/",19300,400,2271826,44016499200,-100,true,-0.52
"HUT",141542,"/Date(1703142942000)/",19300,100000,2271426,44008779200,-100,true,-0.52
"HUT",141536,"/Date(1703142935000)/",19300,500,2171426,42078779200,-100,true,-0.52
"HUT",141501,"/Date(1703142901000)/",19300,64200,2170926,42069129200,-100,true,-0.52
"HUT",141458,"/Date(1703142898000)/",19300,100,2106726,40830069200,-100,true,-0.52
"HUT",141422,"/Date(1703142862000)/",19300,2000,2106626,40828139200,-100,true,-0.52
"HUT",141344,"/Date(1703142824000)/",19400,1000,2104626,40789539200,0,false,0
"HUT",141335,"/Date(1703142815000)/",19300,1000,2103626,40770139200,-100,true,-0.52
"HUT",141333,"/Date(1703142813000)/",19300,1000,2102626,40750839200,-100,true,-0.52
"HUT",141314,"/Date(1703142794000)/",19300,1000,2101626,40731539200,-100,true,-0.52
"HUT",141259,"/Date(1703142779000)/",19300,5700,2100626,40712239200,-100,true,-0.52
"HUT",141207,"/Date(1703142727000)/",19300,500,2094926,40602229200,-100,true,-0.52
"HUT",141136,"/Date(1703142696000)/",19300,1600,2094426,40592579200,-100,true,-0.52
"HUT",141106,"/Date(1703142666000)/",19300,5000,2092826,40561699200,-100,true,-0.52
"HUT",141053,"/Date(1703142653000)/",19300,300,2087826,40465199200,-100,true,-0.52
"HUT",141031,"/Date(1703142631000)/",19300,1000,2087526,40459409200,-100,true,-0.52
"HUT",141016,"/Date(1703142616000)/",19300,500,2086526,40440109200,-100,true,-0.52
"HUT",141006,"/Date(1703142606000)/",19400,1000,2086026,40430459200,0,false,0
"HUT",141001,"/Date(1703142601000)/",19400,100,2085026,40411059200,0,false,0
"HUT",140918,"/Date(1703142558000)/",19400,500,2084926,40409119200,0,false,0
"HUT",140901,"/Date(1703142541000)/",19400,100,2084426,40399419200,0,false,0
"HUT",140900,"/Date(1703142540000)/",19300,12900,2084326,40397479200,-100,true,-0.52
"HUT",140840,"/Date(1703142520000)/",19400,500,2071426,40148509200,0,false,0
"HUT",140817,"/Date(1703142497000)/",19400,1000,2070926,40138809200,0,false,0
"HUT",140814,"/Date(1703142494000)/",19300,600,2069926,40119409200,-100,true,-0.52
"HUT",140746,"/Date(1703142466000)/",19400,1000,2069326,40107829200,0,false,0
"HUT",140741,"/Date(1703142461000)/",19300,1000,2068326,40088429200,-100,true,-0.52
"HUT",140738,"/Date(1703142458000)/",19400,1700,2067326,40069129200,0,false,0
"HUT",140726,"/Date(1703142446000)/",19300,3000,2065626,40036149200,-100,true,-0.52
"HUT",140716,"/Date(1703142436000)/",19400,300,2062626,39978249200,0,false,0
"HUT",140654,"/Date(1703142414000)/",19300,1200,2062326,39972429200,-100,true,-0.52
"HUT",140620,"/Date(1703142380000)/",19300,1000,2061126,39949269200,-100,true,-0.52
"HUT",140615,"/Date(1703142375000)/",19400,3000,2060126,39929969200,0,false,0
"HUT",140610,"/Date(1703142370000)/",19300,200,2057126,39871769200,-100,true,-0.52
"HUT",140607,"/Date(1703142367000)/",19400,200,2056926,39867909200,0,false,0
"HUT",140456,"/Date(1703142296000)/",19300,2600,2056726,39864029200,-100,true,-0.52
"HUT",140422,"/Date(1703142262000)/",19400,1000,2054126,39813849200,0,false,0
"HUT",140416,"/Date(1703142256000)/",19400,1000,2053126,39794449200,0,false,0
"HUT",140309,"/Date(1703142189000)/",19400,500,2052126,39775049200,0,false,0
"HUT",140300,"/Date(1703142180000)/",19400,7300,2051626,39765349200,0,false,0
"HUT",140239,"/Date(1703142159000)/",19400,300,2044326,39623729200,0,false,0
"HUT",140232,"/Date(1703142152000)/",19400,5000,2044026,39617909200,0,false,0
"HUT",140200,"/Date(1703142120000)/",19400,1000,2039026,39520909200,0,false,0
"HUT",140157,"/Date(1703142117000)/",19400,6000,2038026,39501509200,0,false,0
"HUT",140141,"/Date(1703142101000)/",19400,500,2032026,39385109200,0,false,0
"HUT",140136,"/Date(1703142096000)/",19400,5000,2031526,39375409200,0,false,0
"HUT",140130,"/Date(1703142090000)/",19400,7700,2026526,39278409200,0,true,0
"HUT",140122,"/Date(1703142082000)/",19400,500,2018826,39129029200,0,true,0
"HUT",140120,"/Date(1703142080000)/",19400,11000,2018326,39119329200,0,true,0
"HUT",140111,"/Date(1703142071000)/",19400,200,2007326,38905929200,0,true,0
"HUT",140100,"/Date(1703142060000)/",19400,1400,2007126,38902049200,0,true,0
"HUT",140042,"/Date(1703142042000)/",19400,100,2005726,38874889200,0,true,0
"HUT",140041,"/Date(1703142041000)/",19400,3800,2005626,38872949200,0,true,0
"HUT",140029,"/Date(1703142029000)/",19400,200,2001826,38799229200,0,false,0
"HUT",140022,"/Date(1703142022000)/",19400,300,2001626,38795349200,0,true,0
"HUT",140016,"/Date(1703142016000)/",19400,100,2001326,38789529200,0,false,0
"HUT",140015,"/Date(1703142015000)/",19400,2900,2001226,38787589200,0,false,0
"HUT",140008,"/Date(1703142008000)/",19400,5000,1998326,38731329200,0,true,0
"HUT",140001,"/Date(1703142001000)/",19400,2000,1993326,38634329200,0,true,0
"HUT",135958,"/Date(1703141998000)/",19400,20000,1991326,38595529200,0,true,0
"HUT",135956,"/Date(1703141996000)/",19400,300,1971326,38207529200,0,true,0
"HUT",135948,"/Date(1703141988000)/",19400,3500,1971026,38201709200,0,true,0
"HUT",135921,"/Date(1703141961000)/",19400,26100,1967526,38133809200,0,true,0
"HUT",135920,"/Date(1703141960000)/",19400,1000,1941426,37627469200,0,false,0
"HUT",135914,"/Date(1703141954000)/",19400,500,1940426,37608069200,0,false,0
"HUT",135907,"/Date(1703141947000)/",19400,700,1939926,37598369200,0,false,0
"HUT",135851,"/Date(1703141931000)/",19400,2000,1939226,37584789200,0,false,0
"HUT",135843,"/Date(1703141923000)/",19400,23900,1937226,37545989200,0,false,0
"HUT",135836,"/Date(1703141916000)/",19400,1000,1913326,37082329200,0,true,0
"HUT",135835,"/Date(1703141915000)/",19400,3000,1912326,37062929200,0,true,0
"HUT",135834,"/Date(1703141914000)/",19400,4200,1909326,37004729200,0,true,0
"HUT",135813,"/Date(1703141893000)/",19400,4000,1905126,36923249200,0,true,0
"HUT",135734,"/Date(1703141854000)/",19400,2000,1901126,36845649200,0,true,0
"HUT",135716,"/Date(1703141836000)/",19400,9600,1899126,36806849200,0,false,0
"HUT",135705,"/Date(1703141825000)/",19400,300,1889526,36620609200,0,false,0
"HUT",135704,"/Date(1703141824000)/",19400,1200,1889226,36614789200,0,false,0
"HUT",135700,"/Date(1703141820000)/",19400,1000,1888026,36591509200,0,false,0
"HUT",135653,"/Date(1703141813000)/",19400,1700,1887026,36572109200,0,false,0
"HUT",135649,"/Date(1703141809000)/",19400,100,1885326,36539129200,0,false,0
"HUT",135638,"/Date(1703141798000)/",19400,200,1885226,36537189200,0,false,0
"HUT",135631,"/Date(1703141791000)/",19400,35900,1885026,36533309200,0,true,0
"HUT",135549,"/Date(1703141749000)/",19400,200,1849126,35836849200,0,true,0
"HUT",135508,"/Date(1703141707000)/",19400,5300,1848926,35832969200,0,true,0
"HUT",135418,"/Date(1703141658000)/",19400,1000,1843626,35730149200,0,true,0
"HUT",135407,"/Date(1703141646000)/",19400,6700,1842626,35710749200,0,false,0
"HUT",135404,"/Date(1703141643000)/",19400,2000,1835926,35580769200,0,false,0
"HUT",135359,"/Date(1703141638000)/",19400,600,1833926,35541969200,0,false,0
"HUT",135358,"/Date(1703141637000)/",19400,10000,1833326,35530329200,0,false,0
"HUT",135357,"/Date(1703141636000)/",19400,5000,1823326,35336329200,0,false,0
"HUT",135349,"/Date(1703141629000)/",19400,200,1818326,35239329200,0,false,0
"HUT",135346,"/Date(1703141626000)/",19400,2000,1818126,35235449200,0,false,0
"HUT",135343,"/Date(1703141623000)/",19400,500,1816126,35196649200,0,false,0
"HUT",135343,"/Date(1703141622000)/",19400,7000,1815626,35186949200,0,false,0
"HUT",135338,"/Date(1703141617000)/",19400,5000,1808626,35051149200,0,false,0
"HUT",135336,"/Date(1703141616000)/",19400,25000,1803626,34954149200,0,false,0
"HUT",135335,"/Date(1703141614000)/",19400,1000,1778626,34469149200,0,false,0
"HUT",135326,"/Date(1703141605000)/",19400,500,1777626,34449749200,0,false,0
"HUT",135321,"/Date(1703141601000)/",19400,1000,1777126,34440049200,0,false,0
"HUT",135310,"/Date(1703141589000)/",19400,500,1776126,34420649200,0,false,0
"HUT",135241,"/Date(1703141560000)/",19400,2000,1775626,34410949200,0,false,0
"HUT",135228,"/Date(1703141548000)/",19300,5000,1773626,34372149200,-100,true,-0.52
"HUT",135212,"/Date(1703141531000)/",19400,100,1768626,34275649200,0,false,0
"HUT",135204,"/Date(1703141523000)/",19300,5000,1768526,34273709200,-100,true,-0.52
"HUT",135157,"/Date(1703141517000)/",19400,200,1763526,34177209200,0,false,0
"HUT",135054,"/Date(1703141454000)/",19400,700,1763326,34173329200,0,false,0
"HUT",135023,"/Date(1703141422000)/",19400,2000,1762626,34159749200,0,false,0
"HUT",135003,"/Date(1703141403000)/",19400,1000,1760626,34120949200,0,false,0
"HUT",134928,"/Date(1703141368000)/",19400,200,1759626,34101549200,0,false,0
"HUT",134921,"/Date(1703141361000)/",19400,100,1759426,34097669200,0,false,0
"HUT",134909,"/Date(1703141348000)/",19400,100,1759326,34095729200,0,false,0
"HUT",134906,"/Date(1703141345000)/",19300,2500,1759226,34093789200,-100,true,-0.52
"HUT",134850,"/Date(1703141329000)/",19300,1000,1756726,34045539200,-100,true,-0.52
"HUT",134835,"/Date(1703141315000)/",19400,1500,1755726,34026239200,0,false,0
"HUT",134808,"/Date(1703141288000)/",19400,600,1754226,33997139200,0,false,0
"HUT",134800,"/Date(1703141280000)/",19400,2000,1753626,33985499200,0,false,0
"HUT",134755,"/Date(1703141275000)/",19300,6000,1751626,33946699200,-100,true,-0.52
"HUT",134754,"/Date(1703141274000)/",19400,500,1745626,33830899200,0,false,0
"HUT",134747,"/Date(1703141267000)/",19400,800,1745126,33821199200,0,false,0
"HUT",134745,"/Date(1703141265000)/",19400,16,1744326,33805679200,0,false,0
"HUT",134743,"/Date(1703141263000)/",19400,1000,1744310,33805368800,0,false,0
"HUT",134742,"/Date(1703141262000)/",19400,100,1743310,33785968800,0,false,0
"HUT",134712,"/Date(1703141232000)/",19400,100,1743210,33784028800,0,false,0
"HUT",134702,"/Date(1703141222000)/",19400,1600,1743110,33782088800,0,false,0
"HUT",134610,"/Date(1703141170000)/",19400,200,1741510,33751048800,0,false,0
"HUT",134600,"/Date(1703141160000)/",19400,300,1741310,33747168800,0,false,0
"HUT",134559,"/Date(1703141159000)/",19400,1000,1741010,33741348800,0,false,0
"HUT",134555,"/Date(1703141155000)/",19400,2500,1740010,33721948800,0,false,0
"HUT",134550,"/Date(1703141150000)/",19400,100,1737510,33673448800,0,false,0
"HUT",134524,"/Date(1703141124000)/",19400,200,1737410,33671508800,0,false,0
"HUT",134521,"/Date(1703141121000)/",19400,100,1737210,33667628800,0,false,0
"HUT",134513,"/Date(1703141113000)/",19400,500,1737110,33665688800,0,false,0
"HUT",134451,"/Date(1703141091000)/",19400,100,1736610,33655988800,0,false,0
"HUT",134450,"/Date(1703141090000)/",19400,3000,1736510,33654048800,0,false,0
"HUT",134447,"/Date(1703141087000)/",19400,100,1733510,33595848800,0,false,0
"HUT",134431,"/Date(1703141071000)/",19400,1000,1733410,33593908800,0,false,0
"HUT",134429,"/Date(1703141069000)/",19400,100,1732410,33574508800,0,false,0
"HUT",134420,"/Date(1703141060000)/",19400,200,1732310,33572568800,0,false,0
"HUT",134417,"/Date(1703141057000)/",19400,10000,1732110,33568688800,0,false,0
"HUT",134359,"/Date(1703141039000)/",19400,5000,1722110,33374688800,0,false,0
"HUT",134348,"/Date(1703141028000)/",19300,100,1717110,33277688800,-100,true,-0.52
"HUT",134325,"/Date(1703141005000)/",19400,400,1717010,33275758800,0,false,0
"HUT",134245,"/Date(1703140965000)/",19400,2000,1716610,33267998800,0,false,0
"HUT",134242,"/Date(1703140962000)/",19300,10600,1714610,33229198800,-100,true,-0.52
"HUT",134239,"/Date(1703140959000)/",19400,5000,1704010,33023618800,0,false,0
"HUT",134231,"/Date(1703140951000)/",19400,400,1699010,32926618800,0,false,0
"HUT",134227,"/Date(1703140947000)/",19400,100,1698610,32918858800,0,false,0
"HUT",134222,"/Date(1703140942000)/",19400,1000,1698510,32916918800,0,false,0
"HUT",134214,"/Date(1703140934000)/",19400,1000,1697510,32897518800,0,false,0
"HUT",134213,"/Date(1703140933000)/",19400,3700,1696510,32878118800,0,false,0
"HUT",134202,"/Date(1703140922000)/",19400,300,1692810,32806338800,0,false,0
"HUT",134152,"/Date(1703140912000)/",19400,500,1692510,32800518800,0,false,0
"HUT",134137,"/Date(1703140897000)/",19400,100,1692010,32790818800,0,false,0
"HUT",134134,"/Date(1703140894000)/",19400,2100,1691910,32788878800,0,false,0
"HUT",134130,"/Date(1703140890000)/",19400,10300,1689810,32748138800,0,false,0
"HUT",134128,"/Date(1703140888000)/",19400,4000,1679510,32548318800,0,false,0
"HUT",134122,"/Date(1703140882000)/",19400,100,1675510,32470718800,0,false,0
"HUT",134051,"/Date(1703140851000)/",19400,100,1675410,32468778800,0,false,0
"HUT",134048,"/Date(1703140848000)/",19400,1000,1675310,32466838800,0,false,0
"HUT",134029,"/Date(1703140829000)/",19400,2700,1674310,32447438800,0,false,0
"HUT",134013,"/Date(1703140813000)/",19400,2500,1671610,32395058800,0,false,0
"HUT",134007,"/Date(1703140807000)/",19400,100,1669110,32346558800,0,false,0
"HUT",133942,"/Date(1703140782000)/",19400,1000,1669010,32344618800,0,false,0
"HUT",133930,"/Date(1703140770000)/",19400,1000,1668010,32325218800,0,false,0
"HUT",133857,"/Date(1703140737000)/",19400,200,1667010,32305818800,0,false,0
"HUT",133856,"/Date(1703140736000)/",19300,2500,1666810,32301938800,-100,true,-0.52
"HUT",133818,"/Date(1703140698000)/",19300,1000,1664310,32253688800,-100,true,-0.52
"HUT",133816,"/Date(1703140696000)/",19400,3000,1663310,32234388800,0,false,0
"HUT",133814,"/Date(1703140694000)/",19400,2000,1660310,32176188800,0,false,0
"HUT",133804,"/Date(1703140684000)/",19400,1300,1658310,32137388800,0,false,0
"HUT",133802,"/Date(1703140682000)/",19400,200,1657010,32112168800,0,false,0
"HUT",133801,"/Date(1703140681000)/",19400,1100,1656810,32108288800,0,false,0
"HUT",133800,"/Date(1703140680000)/",19400,100,1655710,32086948800,0,false,0
"HUT",133758,"/Date(1703140678000)/",19400,500,1655610,32085008800,0,false,0
"HUT",133752,"/Date(1703140672000)/",19300,10000,1655110,32075308800,-100,true,-0.52
"HUT",133750,"/Date(1703140670000)/",19400,2000,1645110,31882308800,0,false,0
"HUT",133741,"/Date(1703140661000)/",19400,8500,1643110,31843508800,0,false,0
"HUT",133706,"/Date(1703140626000)/",19400,1000,1634610,31678608800,0,false,0
"HUT",133653,"/Date(1703140613000)/",19400,1000,1633610,31659208800,0,false,0
"HUT",133637,"/Date(1703140597000)/",19400,300,1632610,31639808800,0,false,0
"HUT",133636,"/Date(1703140596000)/",19400,5000,1632310,31633988800,0,false,0
"HUT",133538,"/Date(1703140538000)/",19400,20000,1627310,31536988800,0,false,0
"HUT",133508,"/Date(1703140508000)/",19400,1500,1607310,31148988800,0,false,0
"HUT",133453,"/Date(1703140493000)/",19400,200,1605810,31119888800,0,false,0
"HUT",133430,"/Date(1703140470000)/",19400,200,1605610,31116008800,0,false,0
"HUT",133429,"/Date(1703140469000)/",19400,300,1605410,31112128800,0,false,0
"HUT",133423,"/Date(1703140463000)/",19400,300,1605110,31106308800,0,false,0
"HUT",133405,"/Date(1703140445000)/",19400,1000,1604810,31100488800,0,false,0
"HUT",133351,"/Date(1703140431000)/",19400,1500,1603810,31081088800,0,false,0
"HUT",133233,"/Date(1703140353000)/",19300,2000,1602310,31051988800,-100,true,-0.52
"HUT",133231,"/Date(1703140351000)/",19400,8000,1600310,31013388800,0,false,0
"HUT",133228,"/Date(1703140348000)/",19400,100,1592310,30858188800,0,false,0
"HUT",133204,"/Date(1703140324000)/",19400,2300,1592210,30856248800,0,true,0
"HUT",133200,"/Date(1703140320000)/",19400,800,1589910,30811628800,0,true,0
"HUT",133153,"/Date(1703140313000)/",19400,8000,1589110,30796108800,0,true,0
"HUT",133136,"/Date(1703140296000)/",19400,2000,1581110,30640908800,0,true,0
"HUT",133103,"/Date(1703140263000)/",19400,5000,1579110,30602108800,0,true,0
"HUT",133050,"/Date(1703140250000)/",19400,50000,1574110,30505108800,0,true,0
"HUT",133035,"/Date(1703140235000)/",19400,100,1524110,29535108800,0,true,0
"HUT",133016,"/Date(1703140216000)/",19400,4500,1524010,29533168800,0,true,0
"HUT",133013,"/Date(1703140213000)/",19400,100,1519510,29445868800,0,true,0
"HUT",133012,"/Date(1703140212000)/",19400,1000,1519410,29443928800,0,true,0
"HUT",132848,"/Date(1703140128000)/",19400,38300,1518410,29424528800,0,false,0
"HUT",132842,"/Date(1703140122000)/",19400,500,1480110,28681508800,0,false,0
"HUT",132832,"/Date(1703140112000)/",19400,1000,1479610,28671808800,0,false,0
"HUT",132829,"/Date(1703140109000)/",19400,100,1478610,28652408800,0,false,0
"HUT",132821,"/Date(1703140101000)/",19400,2000,1478510,28650468800,0,false,0
"HUT",132804,"/Date(1703140084000)/",19400,300,1476510,28611668800,0,false,0
"HUT",132802,"/Date(1703140082000)/",19400,200,1476210,28605848800,0,false,0
"HUT",132748,"/Date(1703140068000)/",19400,2000,1476010,28601968800,0,false,0
"HUT",132737,"/Date(1703140057000)/",19400,1500,1474010,28563168800,0,false,0
"HUT",132716,"/Date(1703140036000)/",19400,200,1472510,28534068800,0,false,0
"HUT",132715,"/Date(1703140035000)/",19400,200,1472310,28530188800,0,false,0
"HUT",132714,"/Date(1703140034000)/",19400,500,1472110,28526308800,0,false,0
"HUT",132713,"/Date(1703140033000)/",19400,300,1471610,28516608800,0,false,0
"HUT",132701,"/Date(1703140021000)/",19400,500,1471310,28510788800,0,false,0
"HUT",132650,"/Date(1703140010000)/",19400,200,1470810,28501088800,0,false,0
"HUT",132647,"/Date(1703140007000)/",19400,5000,1470610,28497208800,0,false,0
"HUT",132646,"/Date(1703140006000)/",19400,3000,1465610,28400208800,0,false,0
"HUT",132624,"/Date(1703139984000)/",19400,20200,1462610,28342008800,0,false,0
"HUT",132619,"/Date(1703139979000)/",19400,400,1442410,27950128800,0,true,0
"HUT",132616,"/Date(1703139976000)/",19400,23000,1442010,27942368800,0,true,0
"HUT",132614,"/Date(1703139974000)/",19400,300,1419010,27496168800,0,true,0
"HUT",132601,"/Date(1703139961000)/",19400,27000,1418710,27490348800,0,true,0
"HUT",132532,"/Date(1703139932000)/",19400,200,1391710,26966548800,0,true,0
"HUT",132502,"/Date(1703139902000)/",19400,200,1391510,26962668800,0,true,0
"HUT",132456,"/Date(1703139896000)/",19400,2000,1391310,26958788800,0,true,0
"HUT",132445,"/Date(1703139885000)/",19400,2000,1389310,26919988800,0,true,0
"HUT",132442,"/Date(1703139882000)/",19400,2000,1387310,26881188800,0,true,0
"HUT",132434,"/Date(1703139874000)/",19400,2000,1385310,26842388800,0,true,0
"HUT",132421,"/Date(1703139861000)/",19400,2000,1383310,26803588800,0,true,0
"HUT",132420,"/Date(1703139860000)/",19400,1000,1381310,26764788800,0,true,0
"HUT",132413,"/Date(1703139853000)/",19400,4200,1380310,26745388800,0,true,0
"HUT",132408,"/Date(1703139848000)/",19400,2000,1376110,26663908800,0,true,0
"HUT",132352,"/Date(1703139832000)/",19400,21900,1374110,26625108800,0,true,0
"HUT",132349,"/Date(1703139829000)/",19400,31300,1352210,26200248800,0,false,0
"HUT",132340,"/Date(1703139820000)/",19400,2000,1320910,25593028800,0,false,0
"HUT",132339,"/Date(1703139819000)/",19400,10000,1318910,25554228800,0,false,0
"HUT",132331,"/Date(1703139811000)/",19400,5000,1308910,25360228800,0,false,0
"HUT",132330,"/Date(1703139810000)/",19400,2000,1303910,25263228800,0,false,0
"HUT",132324,"/Date(1703139804000)/",19400,500,1301910,25224428800,0,false,0
"HUT",132323,"/Date(1703139803000)/",19400,1500,1301410,25214728800,0,false,0
"HUT",132320,"/Date(1703139800000)/",19400,4300,1299910,25185628800,0,false,0
"HUT",132317,"/Date(1703139797000)/",19400,5000,1295610,25102208800,0,false,0
"HUT",132313,"/Date(1703139793000)/",19400,500,1290610,25005208800,0,false,0
"HUT",132309,"/Date(1703139789000)/",19400,5000,1290110,24995508800,0,false,0
"HUT",132238,"/Date(1703139758000)/",19400,10200,1285110,24898508800,0,false,0
"HUT",132235,"/Date(1703139755000)/",19400,3000,1274910,24700628800,0,false,0
"HUT",132232,"/Date(1703139752000)/",19400,9900,1271910,24642428800,0,false,0
"HUT",132230,"/Date(1703139750000)/",19400,200,1262010,24450368800,0,false,0
"HUT",132228,"/Date(1703139748000)/",19400,6100,1261810,24446488800,0,false,0
"HUT",132220,"/Date(1703139740000)/",19400,5000,1255710,24328148800,0,false,0
"HUT",132219,"/Date(1703139739000)/",19400,100,1250710,24231148800,0,false,0
"HUT",132218,"/Date(1703139738000)/",19400,5000,1250610,24229208800,0,false,0
"HUT",132216,"/Date(1703139736000)/",19400,1000,1245610,24132208800,0,false,0
"HUT",132213,"/Date(1703139733000)/",19400,100,1244610,24112808800,0,false,0
"HUT",132206,"/Date(1703139726000)/",19400,1000,1244510,24110868800,0,false,0
"HUT",132200,"/Date(1703139720000)/",19400,200,1243510,24091468800,0,false,0
"HUT",132158,"/Date(1703139718000)/",19400,500,1243310,24087588800,0,false,0
"HUT",132145,"/Date(1703139705000)/",19400,500,1242810,24077888800,0,false,0
"HUT",132136,"/Date(1703139696000)/",19400,200,1242310,24068188800,0,false,0
"HUT",132134,"/Date(1703139694000)/",19400,10100,1242110,24064308800,0,false,0
"HUT",132123,"/Date(1703139683000)/",19400,200,1232010,23868368800,0,false,0
"HUT",132121,"/Date(1703139681000)/",19400,5000,1231810,23864488800,0,false,0
"HUT",132120,"/Date(1703139679000)/",19400,2000,1226810,23767488800,0,false,0
"HUT",132114,"/Date(1703139673000)/",19400,3000,1224810,23728688800,0,false,0
"HUT",132110,"/Date(1703139669000)/",19400,3500,1221810,23670488800,0,false,0
"HUT",132107,"/Date(1703139666000)/",19400,1000,1218310,23602588800,0,false,0
"HUT",132050,"/Date(1703139649000)/",19400,200,1217310,23583188800,0,false,0
"HUT",132039,"/Date(1703139638000)/",19400,300,1217110,23579308800,0,false,0
"HUT",132036,"/Date(1703139636000)/",19300,100,1216810,23573488800,-100,true,-0.52
"HUT",132034,"/Date(1703139634000)/",19400,500,1216710,23571558800,0,false,0
"HUT",132033,"/Date(1703139633000)/",19400,300,1216210,23561858800,0,false,0
"HUT",132016,"/Date(1703139615000)/",19400,7300,1215910,23556038800,0,false,0
"HUT",132014,"/Date(1703139613000)/",19400,200,1208610,23414418800,0,false,0
"HUT",132010,"/Date(1703139609000)/",19400,10000,1208410,23410538800,0,false,0
"HUT",131957,"/Date(1703139596000)/",19300,1000,1198410,23216538800,-100,true,-0.52
"HUT",131947,"/Date(1703139587000)/",19300,100,1197410,23197238800,-100,true,-0.52
"HUT",131932,"/Date(1703139572000)/",19300,5000,1197310,23195308800,-100,true,-0.52
"HUT",131926,"/Date(1703139565000)/",19300,5000,1192310,23098808800,-100,true,-0.52
"HUT",131922,"/Date(1703139562000)/",19300,2000,1187310,23002308800,-100,true,-0.52
"HUT",131834,"/Date(1703139513000)/",19300,300,1185310,22963708800,-100,true,-0.52
"HUT",131826,"/Date(1703139505000)/",19300,5000,1185010,22957918800,-100,true,-0.52
"HUT",131825,"/Date(1703139504000)/",19400,1200,1180010,22861418800,0,false,0
"HUT",131813,"/Date(1703139493000)/",19400,200,1178810,22838138800,0,false,0
"HUT",131808,"/Date(1703139488000)/",19300,5000,1178610,22834258800,-100,true,-0.52
"HUT",131807,"/Date(1703139487000)/",19300,1800,1173610,22737758800,-100,true,-0.52
"HUT",131804,"/Date(1703139484000)/",19400,100,1171810,22703018800,0,false,0
"HUT",131754,"/Date(1703139474000)/",19400,20000,1171710,22701078800,0,false,0
"HUT",131732,"/Date(1703139452000)/",19400,1000,1151710,22313078800,0,false,0
"HUT",131714,"/Date(1703139434000)/",19400,500,1150710,22293678800,0,false,0
"HUT",131641,"/Date(1703139401000)/",19400,9600,1150210,22283978800,0,false,0
"HUT",131429,"/Date(1703139269000)/",19400,100,1140610,22097738800,0,false,0
"HUT",131418,"/Date(1703139258000)/",19300,1000,1140510,22095798800,-100,true,-0.52
"HUT",131415,"/Date(1703139255000)/",19400,100,1139510,22076498800,0,false,0
"HUT",131403,"/Date(1703139243000)/",19300,1100,1139410,22074558800,-100,true,-0.52
"HUT",131340,"/Date(1703139220000)/",19400,100,1138310,22053328800,0,false,0
"HUT",131332,"/Date(1703139212000)/",19300,200,1138210,22051388800,-100,true,-0.52
"HUT",131247,"/Date(1703139167000)/",19300,100,1138010,22047528800,-100,true,-0.52
"HUT",131239,"/Date(1703139159000)/",19300,100,1137910,22045598800,-100,true,-0.52
"HUT",131159,"/Date(1703139119000)/",19300,1000,1137810,22043668800,-100,true,-0.52
"HUT",130929,"/Date(1703138969000)/",19300,3200,1136810,22024368800,-100,true,-0.52
"HUT",130915,"/Date(1703138955000)/",19300,1000,1133610,21962608800,-100,true,-0.52
"HUT",130841,"/Date(1703138921000)/",19300,1500,1132610,21943308800,-100,true,-0.52
"HUT",130637,"/Date(1703138797000)/",19300,300,1131110,21914358800,-100,true,-0.52
"HUT",130556,"/Date(1703138756000)/",19300,17300,1130810,21908568800,-100,true,-0.52
"HUT",130359,"/Date(1703138639000)/",19300,800,1113510,21574678800,-100,true,-0.52
"HUT",130254,"/Date(1703138574000)/",19300,1000,1112710,21559238800,-100,true,-0.52
"HUT",130234,"/Date(1703138554000)/",19400,1000,1111710,21539938800,0,false,0
"HUT",130022,"/Date(1703138406000)/",19400,1000,1110710,21520538800,0,false,0
"HUT",130021,"/Date(1703138405000)/",19400,200,1109710,21501138800,0,false,0
"HUT",130018,"/Date(1703138404000)/",19400,600,1109510,21497258800,0,false,0
"HUT",130013,"/Date(1703138403000)/",19400,300,1108910,21485618800,0,false,0
"HUT",130009,"/Date(1703138402000)/",19400,2000,1108610,21479798800,0,false,0
"HUT",130004,"/Date(1703138401000)/",19300,2600,1106610,21440998800,-100,true,-0.52
"HUT",112604,"/Date(1703132764000)/",19400,1000,1104010,21390598800,0,false,0
"HUT",112438,"/Date(1703132678000)/",19300,3000,1103010,21371198800,-100,true,-0.52
"HUT",112359,"/Date(1703132639000)/",19300,1000,1100010,21313298800,-100,true,-0.52
"HUT",112335,"/Date(1703132615000)/",19300,900,1099010,21293998800,-100,true,-0.52
"HUT",112154,"/Date(1703132514000)/",19300,100,1098110,21276628800,-100,true,-0.52
"HUT",112105,"/Date(1703132465000)/",19400,100,1098010,21274698800,0,false,0
"HUT",111836,"/Date(1703132316000)/",19300,100,1097910,21272758800,-100,true,-0.52
"HUT",111819,"/Date(1703132299000)/",19400,500,1097810,21270828800,0,false,0
"HUT",111648,"/Date(1703132208000)/",19400,3000,1097310,21261128800,0,false,0
"HUT",111601,"/Date(1703132161000)/",19400,5000,1094310,21202928800,0,false,0
"HUT",111433,"/Date(1703132073000)/",19400,50,1089310,21105928800,0,false,0
"HUT",111428,"/Date(1703132068000)/",19400,100,1089260,21104963500,0,false,0
"HUT",111025,"/Date(1703131825000)/",19300,1000,1089160,21103023500,-100,true,-0.52
"HUT",110940,"/Date(1703131780000)/",19300,1000,1088160,21083723500,-100,true,-0.52
"HUT",110934,"/Date(1703131774000)/",19400,200,1087160,21064423500,0,false,0
"HUT",110926,"/Date(1703131766000)/",19400,100,1086960,21060543500,0,false,0
"HUT",110916,"/Date(1703131756000)/",19400,900,1086860,21058603500,0,false,0
"HUT",110807,"/Date(1703131687000)/",19400,100,1085960,21041143500,0,false,0
"HUT",110655,"/Date(1703131615000)/",19300,1000,1085860,21039203500,-100,true,-0.52
"HUT",110647,"/Date(1703131607000)/",19400,100,1084860,21019903500,0,false,0
"HUT",110555,"/Date(1703131555000)/",19400,1,1084760,21017963500,0,false,0
"HUT",110551,"/Date(1703131551000)/",19400,200,1084759,21017944100,0,false,0
"HUT",110359,"/Date(1703131439000)/",19400,500,1084559,21014064100,0,false,0
"HUT",110342,"/Date(1703131422000)/",19400,500,1084059,21004364100,0,false,0
"HUT",110340,"/Date(1703131420000)/",19400,1200,1083559,20994664100,0,false,0
"HUT",110231,"/Date(1703131351000)/",19400,100,1082359,20971384100,0,false,0
"HUT",110221,"/Date(1703131341000)/",19400,900,1082259,20969444100,0,false,0
"HUT",110211,"/Date(1703131332000)/",19400,200,1081359,20951984100,0,false,0
"HUT",110055,"/Date(1703131255000)/",19400,200,1081159,20948104100,0,false,0
"HUT",110033,"/Date(1703131233000)/",19400,200,1080959,20944224100,0,false,0
"HUT",110016,"/Date(1703131216000)/",19400,100,1080759,20940344100,0,false,0
"HUT",105942,"/Date(1703131183000)/",19400,100,1080659,20938404100,0,false,0
"HUT",105846,"/Date(1703131126000)/",19300,3000,1080559,20936464100,-100,true,-0.52
"HUT",105714,"/Date(1703131035000)/",19400,3000,1077559,20878564100,0,false,0
"HUT",105559,"/Date(1703130958000)/",19400,200,1074559,20820364100,0,false,0
"HUT",105554,"/Date(1703130953000)/",19400,4700,1074359,20816484100,0,true,0
"HUT",105536,"/Date(1703130935000)/",19400,2400,1069659,20725304100,0,true,0
"HUT",105524,"/Date(1703130924000)/",19400,50000,1067259,20678744100,0,true,0
"HUT",105213,"/Date(1703130733000)/",19500,500,1017259,19708744100,100,false,0.52
"HUT",105209,"/Date(1703130729000)/",19400,2000,1016759,19698994100,0,true,0
"HUT",105207,"/Date(1703130726000)/",19400,2000,1014759,19660194100,0,true,0
"HUT",105132,"/Date(1703130692000)/",19400,10000,1012759,19621394100,0,true,0
"HUT",105113,"/Date(1703130673000)/",19400,100,1002759,19427394100,0,true,0
"HUT",104953,"/Date(1703130593000)/",19400,1000,1002659,19425454100,0,true,0
"HUT",104842,"/Date(1703130522000)/",19400,1500,1001659,19406054100,0,true,0
"HUT",104819,"/Date(1703130499000)/",19400,10,1000159,19376954100,0,true,0
"HUT",104746,"/Date(1703130466000)/",19400,2900,1000149,19376760100,0,true,0
"HUT",104733,"/Date(1703130453000)/",19400,1000,997249,19320500100,0,true,0
"HUT",104729,"/Date(1703130449000)/",19400,200,996249,19301100100,0,true,0
"HUT",104650,"/Date(1703130410000)/",19400,5000,996049,19297220100,0,true,0
"HUT",104649,"/Date(1703130409000)/",19500,100,991049,19200220100,100,false,0.52
"HUT",104634,"/Date(1703130394000)/",19400,10000,990949,19198270100,0,true,0
"HUT",104629,"/Date(1703130389000)/",19400,8600,980949,19004270100,0,true,0
"HUT",104628,"/Date(1703130388000)/",19400,100,972349,18837430100,0,false,0
"HUT",104613,"/Date(1703130373000)/",19400,1300,972249,18835490100,0,false,0
"HUT",104609,"/Date(1703130369000)/",19400,3600,970949,18810270100,0,true,0
"HUT",104603,"/Date(1703130363000)/",19400,2000,967349,18740430100,0,true,0
"HUT",104546,"/Date(1703130346000)/",19400,2000,965349,18701630100,0,true,0
"HUT",104518,"/Date(1703130318000)/",19400,500,963349,18662830100,0,true,0
"HUT",104508,"/Date(1703130308000)/",19400,800,962849,18653130100,0,false,0
"HUT",104504,"/Date(1703130304000)/",19400,1000,962049,18637610100,0,false,0
"HUT",104449,"/Date(1703130289000)/",19400,1000,961049,18618210100,0,false,0
"HUT",104448,"/Date(1703130288000)/",19400,1000,960049,18598810100,0,false,0
"HUT",104445,"/Date(1703130285000)/",19400,500,959049,18579410100,0,false,0
"HUT",104441,"/Date(1703130281000)/",19400,2000,958549,18569710100,0,false,0
"HUT",104438,"/Date(1703130278000)/",19400,2000,956549,18530910100,0,false,0
"HUT",104436,"/Date(1703130276000)/",19400,25000,954549,18492110100,0,false,0
"HUT",104435,"/Date(1703130275000)/",19400,100,929549,18007110100,0,false,0
"HUT",104433,"/Date(1703130273000)/",19400,3000,929449,18005170100,0,false,0
"HUT",104427,"/Date(1703130267000)/",19400,900,926449,17946970100,0,false,0
"HUT",104422,"/Date(1703130262000)/",19400,25000,925549,17929510100,0,false,0
"HUT",104415,"/Date(1703130255000)/",19400,3100,900549,17444510100,0,false,0
"HUT",104412,"/Date(1703130252000)/",19400,25000,897449,17384370100,0,false,0
"HUT",104409,"/Date(1703130249000)/",19400,1000,872449,16899370100,0,false,0
"HUT",104322,"/Date(1703130202000)/",19400,5000,871449,16879970100,0,false,0
"HUT",104318,"/Date(1703130198000)/",19400,5100,866449,16782970100,0,false,0
"HUT",104148,"/Date(1703130108000)/",19400,1000,861349,16684030100,0,false,0
"HUT",103851,"/Date(1703129931000)/",19300,1100,860349,16664630100,-100,true,-0.52
"HUT",103825,"/Date(1703129905000)/",19300,100,859249,16643400100,-100,true,-0.52
"HUT",103748,"/Date(1703129868000)/",19400,200,859149,16641470100,0,false,0
"HUT",103722,"/Date(1703129842000)/",19400,10000,858949,16637590100,0,false,0
"HUT",103701,"/Date(1703129821000)/",19400,500,848949,16443590100,0,false,0
"HUT",103505,"/Date(1703129705000)/",19400,3000,848449,16433890100,0,false,0
"HUT",103437,"/Date(1703129677000)/",19400,1000,845449,16375690100,0,false,0
"HUT",103429,"/Date(1703129669000)/",19400,600,844449,16356290100,0,false,0
"HUT",103313,"/Date(1703129593000)/",19300,1000,843849,16344650100,-100,true,-0.52
"HUT",103312,"/Date(1703129592000)/",19400,500,842849,16325350100,0,false,0
"HUT",103135,"/Date(1703129495000)/",19400,2000,842349,16315650100,0,false,0
"HUT",103115,"/Date(1703129475000)/",19400,500,840349,16276850100,0,false,0
"HUT",103042,"/Date(1703129442000)/",19300,500,839849,16267150100,-100,true,-0.52
"HUT",103031,"/Date(1703129431000)/",19300,500,839349,16257500100,-100,true,-0.52
"HUT",103026,"/Date(1703129426000)/",19400,1000,838849,16247850100,0,false,0
"HUT",102642,"/Date(1703129202000)/",19300,4000,837849,16228450100,-100,true,-0.52
"HUT",102548,"/Date(1703129148000)/",19300,2000,833849,16151250100,-100,true,-0.52
"HUT",102354,"/Date(1703129034000)/",19300,1000,831849,16112650100,-100,true,-0.52
"HUT",102223,"/Date(1703128943000)/",19300,1000,830849,16093350100,-100,true,-0.52
"HUT",102016,"/Date(1703128816000)/",19400,200,829849,16074050100,0,false,0
"HUT",101924,"/Date(1703128764000)/",19400,3000,829649,16070170100,0,false,0
"HUT",101858,"/Date(1703128738000)/",19400,300,826649,16011970100,0,false,0
"HUT",101806,"/Date(1703128686000)/",19400,1400,826349,16006150100,0,false,0
"HUT",101728,"/Date(1703128648000)/",19400,500,824949,15978990100,0,false,0
"HUT",101721,"/Date(1703128640000)/",19400,5000,824449,15969290100,0,false,0
"HUT",101551,"/Date(1703128550000)/",19400,10000,819449,15872290100,0,false,0
"HUT",101545,"/Date(1703128544000)/",19300,11500,809449,15678290100,-100,true,-0.52
"HUT",101407,"/Date(1703128446000)/",19400,200,797949,15456340100,0,false,0
"HUT",101347,"/Date(1703128426000)/",19400,100,797749,15452460100,0,false,0
"HUT",101332,"/Date(1703128411000)/",19400,1000,797649,15450520100,0,false,0
"HUT",101315,"/Date(1703128394000)/",19400,600,796649,15431120100,0,false,0
"HUT",101214,"/Date(1703128333000)/",19400,100,796049,15419480100,0,false,0
"HUT",101202,"/Date(1703128321000)/",19400,12400,795949,15417540100,0,false,0
"HUT",101140,"/Date(1703128299000)/",19400,35400,783549,15176980100,0,false,0
"HUT",101105,"/Date(1703128264000)/",19400,1000,748149,14490220100,0,false,0
"HUT",101010,"/Date(1703128209000)/",19300,2000,747149,14470820100,-100,true,-0.52
"HUT",100948,"/Date(1703128187000)/",19300,39,745149,14432220100,-100,true,-0.52
"HUT",100944,"/Date(1703128183000)/",19300,500,745110,14431465000,-100,true,-0.52
"HUT",100832,"/Date(1703128111000)/",19400,1000,744610,14421815000,0,false,0
"HUT",100806,"/Date(1703128085000)/",19400,700,743610,14402415000,0,true,0
"HUT",100759,"/Date(1703128079000)/",19400,1300,742910,14388835000,0,false,0
"HUT",100737,"/Date(1703128057000)/",19400,500,741610,14363615000,0,false,0
"HUT",100725,"/Date(1703128045000)/",19400,1000,741110,14353915000,0,false,0
"HUT",100707,"/Date(1703128026000)/",19400,1000,740110,14334515000,0,false,0
"HUT",100646,"/Date(1703128006000)/",19400,100,739110,14315115000,0,false,0
"HUT",100610,"/Date(1703127969000)/",19400,1000,739010,14313175000,0,false,0
"HUT",100544,"/Date(1703127944000)/",19400,1300,738010,14293775000,0,false,0
"HUT",100543,"/Date(1703127943000)/",19400,500,736710,14268555000,0,false,0
"HUT",100543,"/Date(1703127942000)/",19400,1000,736210,14258855000,0,false,0
"HUT",100517,"/Date(1703127917000)/",19400,1000,735210,14239455000,0,false,0
"HUT",100452,"/Date(1703127892000)/",19400,700,734210,14220055000,0,false,0
"HUT",100446,"/Date(1703127886000)/",19300,700,733510,14206475000,-100,true,-0.52
"HUT",100410,"/Date(1703127850000)/",19400,1000,732810,14192965000,0,false,0
"HUT",100327,"/Date(1703127806000)/",19400,7600,731810,14173565000,0,false,0
"HUT",100321,"/Date(1703127801000)/",19400,2000,724210,14026125000,0,true,0
"HUT",100259,"/Date(1703127779000)/",19400,4900,722210,13987325000,0,false,0
"HUT",100257,"/Date(1703127777000)/",19400,1000,717310,13892265000,0,false,0
"HUT",100243,"/Date(1703127763000)/",19400,10000,716310,13872865000,0,false,0
"HUT",100236,"/Date(1703127756000)/",19400,1000,706310,13678865000,0,false,0
"HUT",100235,"/Date(1703127755000)/",19400,9900,705310,13659465000,0,false,0
"HUT",100230,"/Date(1703127750000)/",19400,400,695410,13467405000,0,false,0
"HUT",100218,"/Date(1703127738000)/",19400,1000,695010,13459645000,0,false,0
"HUT",100215,"/Date(1703127735000)/",19400,18600,694010,13440245000,0,false,0
"HUT",100201,"/Date(1703127721000)/",19400,1000,675410,13079405000,0,true,0
"HUT",100147,"/Date(1703127707000)/",19400,15900,674410,13060005000,0,true,0
"HUT",100121,"/Date(1703127681000)/",19400,1000,658510,12751545000,0,false,0
"HUT",100118,"/Date(1703127678000)/",19400,100,657510,12732145000,0,false,0
"HUT",100112,"/Date(1703127672000)/",19400,1600,657410,12730205000,0,false,0
"HUT",100105,"/Date(1703127665000)/",19400,300,655810,12699165000,0,false,0
"HUT",100100,"/Date(1703127660000)/",19400,100,655510,12693345000,0,false,0
"HUT",100058,"/Date(1703127658000)/",19400,300,655410,12691405000,0,false,0
"HUT",100040,"/Date(1703127640000)/",19400,1000,655110,12685585000,0,false,0
"HUT",100037,"/Date(1703127637000)/",19400,100,654110,12666185000,0,false,0
"HUT",100035,"/Date(1703127635000)/",19400,100,654010,12664245000,0,false,0
"HUT",100026,"/Date(1703127626000)/",19400,100,653910,12662305000,0,false,0
"HUT",100025,"/Date(1703127625000)/",19400,55400,653810,12660365000,0,true,0
"HUT",100007,"/Date(1703127607000)/",19400,10000,598410,11585605000,0,true,0
"HUT",95918,"/Date(1703127558000)/",19500,500,588410,11391605000,100,false,0.52
"HUT",95758,"/Date(1703127478000)/",19400,200,587910,11381855000,0,true,0
"HUT",95736,"/Date(1703127456000)/",19400,8500,587710,11377975000,0,true,0
"HUT",95656,"/Date(1703127416000)/",19400,300,579210,11213075000,0,false,0
"HUT",95630,"/Date(1703127390000)/",19400,1000,578910,11207255000,0,false,0
"HUT",95516,"/Date(1703127316000)/",19400,1000,577910,11187855000,0,false,0
"HUT",95500,"/Date(1703127300000)/",19400,2200,576910,11168455000,0,false,0
"HUT",95451,"/Date(1703127291000)/",19400,500,574710,11125775000,0,false,0
"HUT",95446,"/Date(1703127286000)/",19400,600,574210,11116075000,0,false,0
"HUT",95417,"/Date(1703127257000)/",19400,300,573610,11104435000,0,false,0
"HUT",95414,"/Date(1703127254000)/",19400,500,573310,11098615000,0,false,0
"HUT",95353,"/Date(1703127233000)/",19400,3000,572810,11088915000,0,false,0
"HUT",95345,"/Date(1703127225000)/",19400,100,569810,11030715000,0,false,0
"HUT",95324,"/Date(1703127204000)/",19400,1000,569710,11028775000,0,false,0
"HUT",95307,"/Date(1703127187000)/",19400,2000,568710,11009375000,0,false,0
"HUT",95234,"/Date(1703127154000)/",19400,10000,566710,10970575000,0,false,0
"HUT",95232,"/Date(1703127152000)/",19400,100,556710,10776575000,0,false,0
"HUT",95226,"/Date(1703127146000)/",19400,100,556610,10774635000,0,false,0
"HUT",95224,"/Date(1703127144000)/",19400,100,556510,10772695000,0,false,0
"HUT",95213,"/Date(1703127133000)/",19400,20000,556410,10770755000,0,false,0
"HUT",95201,"/Date(1703127121000)/",19400,9000,536410,10382755000,0,false,0
"HUT",95115,"/Date(1703127075000)/",19300,200,527410,10208155000,-100,true,-0.52
"HUT",95041,"/Date(1703127041000)/",19400,1100,527210,10204295000,0,false,0
"HUT",95016,"/Date(1703127016000)/",19300,10,526110,10182955000,-100,true,-0.52
"HUT",94944,"/Date(1703126984000)/",19300,2000,526100,10182760000,-100,true,-0.52
"HUT",94847,"/Date(1703126927000)/",19400,3600,524100,10144160000,0,true,0
"HUT",94846,"/Date(1703126926000)/",19400,700,520500,10074320000,0,true,0
"HUT",94834,"/Date(1703126914000)/",19400,1000,519800,10060740000,0,true,0
"HUT",94812,"/Date(1703126892000)/",19400,300,518800,10041340000,0,false,0
"HUT",94736,"/Date(1703126856000)/",19400,400,518500,10035520000,0,false,0
"HUT",94732,"/Date(1703126852000)/",19400,5000,518100,10027760000,0,false,0
"HUT",94731,"/Date(1703126851000)/",19400,3000,513100,9930760000,0,false,0
"HUT",94728,"/Date(1703126848000)/",19400,200,510100,9872560000,0,false,0
"HUT",94700,"/Date(1703126820000)/",19400,12200,509900,9868680000,0,true,0
"HUT",94620,"/Date(1703126780000)/",19400,1000,497700,9632000000,0,true,0
"HUT",94601,"/Date(1703126761000)/",19400,9000,496700,9612600000,0,false,0
"HUT",94552,"/Date(1703126752000)/",19400,200,487700,9438000000,0,false,0
"HUT",94547,"/Date(1703126747000)/",19400,200,487500,9434120000,0,false,0
"HUT",94539,"/Date(1703126739000)/",19400,4000,487300,9430240000,0,false,0
"HUT",94524,"/Date(1703126724000)/",19400,200,483300,9352640000,0,false,0
"HUT",94519,"/Date(1703126719000)/",19400,3000,483100,9348760000,0,false,0
"HUT",94505,"/Date(1703126705000)/",19400,15000,480100,9290560000,0,false,0
"HUT",94455,"/Date(1703126695000)/",19400,200,465100,8999560000,0,false,0
"HUT",94444,"/Date(1703126684000)/",19400,100,464900,8995680000,0,false,0
"HUT",94435,"/Date(1703126675000)/",19400,1300,464800,8993740000,0,false,0
"HUT",94424,"/Date(1703126664000)/",19400,200,463500,8968520000,0,false,0
"HUT",94338,"/Date(1703126618000)/",19400,500,463300,8964640000,0,false,0
"HUT",94238,"/Date(1703126558000)/",19400,10000,462800,8954940000,0,false,0
"HUT",94221,"/Date(1703126541000)/",19400,1000,452800,8760940000,0,false,0
"HUT",94150,"/Date(1703126509000)/",19400,300,451800,8741540000,0,false,0
"HUT",94149,"/Date(1703126508000)/",19400,1000,451500,8735720000,0,false,0
"HUT",94127,"/Date(1703126486000)/",19400,3600,450500,8716320000,0,false,0
"HUT",94039,"/Date(1703126438000)/",19300,3000,446900,8646480000,-100,true,-0.52
"HUT",94034,"/Date(1703126433000)/",19300,1100,443900,8588580000,-100,true,-0.52
"HUT",94013,"/Date(1703126412000)/",19300,400,442800,8567350000,-100,true,-0.52
"HUT",94004,"/Date(1703126403000)/",19400,100,442400,8559630000,0,false,0
"HUT",93958,"/Date(1703126397000)/",19400,1000,442300,8557690000,0,false,0
"HUT",93907,"/Date(1703126346000)/",19300,13700,441300,8538290000,-100,true,-0.52
"HUT",93851,"/Date(1703126330000)/",19400,500,427600,8273880000,0,false,0
"HUT",93818,"/Date(1703126297000)/",19400,100,427100,8264180000,0,false,0
"HUT",93747,"/Date(1703126266000)/",19400,300,427000,8262240000,0,false,0
"HUT",93726,"/Date(1703126245000)/",19400,1000,426700,8256420000,0,false,0
"HUT",93711,"/Date(1703126230000)/",19400,10000,425700,8237020000,0,false,0
"HUT",93643,"/Date(1703126202000)/",19400,1000,415700,8043020000,0,false,0
"HUT",93558,"/Date(1703126157000)/",19400,500,414700,8023620000,0,false,0
"HUT",93552,"/Date(1703126151000)/",19400,100,414200,8013920000,0,false,0
"HUT",93516,"/Date(1703126116000)/",19400,6300,414100,8011980000,0,true,0
"HUT",93509,"/Date(1703126108000)/",19400,19000,407800,7889760000,0,true,0
"HUT",93503,"/Date(1703126103000)/",19400,12800,388800,7521160000,0,true,0
"HUT",93352,"/Date(1703126032000)/",19400,100,376000,7272840000,0,true,0
"HUT",93242,"/Date(1703125962000)/",19400,1000,375900,7270900000,0,true,0
"HUT",93217,"/Date(1703125937000)/",19400,1000,374900,7251500000,0,true,0
"HUT",93213,"/Date(1703125933000)/",19500,1000,373900,7232100000,100,false,0.52
"HUT",93155,"/Date(1703125915000)/",19400,600,372900,7212600000,0,true,0
"HUT",93149,"/Date(1703125909000)/",19400,2000,372300,7200960000,0,true,0
"HUT",93142,"/Date(1703125902000)/",19400,500,370300,7162160000,0,true,0
"HUT",93133,"/Date(1703125893000)/",19400,8100,369800,7152460000,0,false,0
"HUT",93132,"/Date(1703125892000)/",19400,2000,361700,6995320000,0,false,0
"HUT",93127,"/Date(1703125887000)/",19400,500,359700,6956520000,0,false,0
"HUT",93123,"/Date(1703125883000)/",19400,20000,359200,6946820000,0,false,0
"HUT",93109,"/Date(1703125869000)/",19400,10000,339200,6558820000,0,false,0
"HUT",93106,"/Date(1703125866000)/",19300,1000,329200,6364820000,-100,true,-0.52
"HUT",93052,"/Date(1703125852000)/",19400,3000,328200,6345520000,0,false,0
"HUT",93049,"/Date(1703125849000)/",19400,4000,325200,6287320000,0,false,0
"HUT",93046,"/Date(1703125846000)/",19400,500,321200,6209720000,0,false,0
"HUT",93027,"/Date(1703125827000)/",19400,10000,320700,6200020000,0,false,0
"HUT",92955,"/Date(1703125795000)/",19400,100,310700,6006020000,0,false,0
"HUT",92921,"/Date(1703125761000)/",19400,100,310600,6004080000,0,false,0
"HUT",92915,"/Date(1703125755000)/",19400,2000,310500,6002140000,0,false,0
"HUT",92912,"/Date(1703125752000)/",19400,2000,308500,5963340000,0,false,0
"HUT",92909,"/Date(1703125749000)/",19400,2000,306500,5924540000,0,false,0
"HUT",92851,"/Date(1703125731000)/",19400,3000,304500,5885740000,0,false,0
"HUT",92842,"/Date(1703125722000)/",19400,700,301500,5827540000,0,false,0
"HUT",92837,"/Date(1703125717000)/",19400,100,300800,5813960000,0,false,0
"HUT",92801,"/Date(1703125681000)/",19400,10000,300700,5812020000,0,false,0
"HUT",92719,"/Date(1703125639000)/",19400,1000,290700,5618020000,0,false,0
"HUT",92711,"/Date(1703125631000)/",19400,1000,289700,5598620000,0,false,0
"HUT",92648,"/Date(1703125608000)/",19400,200,288700,5579220000,0,false,0
"HUT",92645,"/Date(1703125605000)/",19300,2000,288500,5575340000,-100,true,-0.52
"HUT",92640,"/Date(1703125600000)/",19400,500,286500,5536740000,0,false,0
"HUT",92247,"/Date(1703125367000)/",19300,38300,286000,5527040000,-100,false,-0.52
"HUT",92225,"/Date(1703125345000)/",19300,7000,247700,4787850000,-100,false,-0.52
"HUT",92206,"/Date(1703125326000)/",19300,1000,240700,4652750000,-100,false,-0.52
"HUT",92120,"/Date(1703125280000)/",19200,3000,239700,4633450000,-200,true,-1.03
"HUT",92119,"/Date(1703125279000)/",19200,400,236700,4575850000,-200,true,-1.03
"HUT",92112,"/Date(1703125272000)/",19200,5000,236300,4568170000,-200,true,-1.03
"HUT",92053,"/Date(1703125253000)/",19300,300,231300,4472170000,-100,false,-0.52
"HUT",92047,"/Date(1703125247000)/",19300,100,231000,4466380000,-100,false,-0.52
"HUT",92046,"/Date(1703125246000)/",19300,100,230900,4464450000,-100,false,-0.52
"HUT",92031,"/Date(1703125231000)/",19300,200,230800,4462520000,-100,false,-0.52
"HUT",92012,"/Date(1703125212000)/",19300,100,230600,4458660000,-100,false,-0.52
"HUT",91944,"/Date(1703125184000)/",19300,500,230500,4456730000,-100,false,-0.52
"HUT",91935,"/Date(1703125175000)/",19300,10000,230000,4447080000,-100,false,-0.52
"HUT",91919,"/Date(1703125159000)/",19300,2000,220000,4254080000,-100,false,-0.52
"HUT",91757,"/Date(1703125077000)/",19300,100,218000,4215480000,-100,false,-0.52
"HUT",91754,"/Date(1703125074000)/",19300,31300,217900,4213550000,-100,false,-0.52
"HUT",91723,"/Date(1703125043000)/",19400,1000,186600,3609460000,0,false,0
"HUT",91719,"/Date(1703125039000)/",19300,1000,185600,3590060000,-100,true,-0.52
"HUT",91717,"/Date(1703125037000)/",19300,3000,184600,3570760000,-100,true,-0.52
"HUT",91716,"/Date(1703125036000)/",19300,14200,181600,3512860000,-100,true,-0.52
"HUT",91714,"/Date(1703125034000)/",19300,5000,167400,3238800000,-100,true,-0.52
"HUT",91707,"/Date(1703125027000)/",19300,15000,162400,3142300000,-100,true,-0.52
"HUT",91702,"/Date(1703125022000)/",19300,300,147400,2852800000,-100,true,-0.52
"HUT",91604,"/Date(1703124963000)/",19400,100,147100,2847010000,0,false,0
"HUT",91505,"/Date(1703124904000)/",19300,100,147000,2845070000,-100,true,-0.52
"HUT",91434,"/Date(1703124873000)/",19300,1000,146900,2843140000,-100,true,-0.52
"HUT",91407,"/Date(1703124846000)/",19400,200,145900,2823840000,0,false,0
"HUT",91357,"/Date(1703124836000)/",19400,100,145700,2819960000,0,false,0
"HUT",91300,"/Date(1703124779000)/",19400,200,145600,2818020000,0,false,0
"HUT",91259,"/Date(1703124778000)/",19300,100,145400,2814140000,-100,true,-0.52
"HUT",91019,"/Date(1703124619000)/",19300,1000,145300,2812210000,-100,true,-0.52
"HUT",91009,"/Date(1703124609000)/",19300,7000,144300,2792910000,-100,true,-0.52
"HUT",91007,"/Date(1703124606000)/",19300,100,137300,2657810000,-100,true,-0.52
"HUT",90915,"/Date(1703124555000)/",19300,2400,137200,2655880000,-100,false,-0.52
"HUT",90859,"/Date(1703124539000)/",19300,200,134800,2609560000,-100,false,-0.52
"HUT",90848,"/Date(1703124528000)/",19300,200,134600,2605700000,-100,false,-0.52
"HUT",90847,"/Date(1703124527000)/",19300,1400,134400,2601840000,-100,true,-0.52
"HUT",90833,"/Date(1703124513000)/",19300,600,133000,2574820000,-100,false,-0.52
"HUT",90815,"/Date(1703124495000)/",19300,10000,132400,2563240000,-100,false,-0.52
"HUT",90807,"/Date(1703124487000)/",19300,100,122400,2370240000,-100,false,-0.52
"HUT",90759,"/Date(1703124479000)/",19300,100,122300,2368310000,-100,false,-0.52
"HUT",90757,"/Date(1703124477000)/",19300,300,122200,2366380000,-100,false,-0.52
"HUT",90744,"/Date(1703124464000)/",19300,2000,121900,2360590000,-100,false,-0.52
"HUT",90731,"/Date(1703124451000)/",19300,5000,119900,2321990000,-100,false,-0.52
"HUT",90720,"/Date(1703124440000)/",19300,10000,114900,2225490000,-100,false,-0.52
"HUT",90707,"/Date(1703124427000)/",19300,100,104900,2032490000,-100,false,-0.52
"HUT",90706,"/Date(1703124426000)/",19300,500,104800,2030560000,-100,false,-0.52
"HUT",90658,"/Date(1703124418000)/",19300,1100,104300,2020910000,-100,false,-0.52
"HUT",90636,"/Date(1703124396000)/",19300,100,103200,1999680000,-100,false,-0.52
"HUT",90632,"/Date(1703124392000)/",19300,500,103100,1997750000,-100,false,-0.52
"HUT",90612,"/Date(1703124372000)/",19300,500,102600,1988100000,-100,true,-0.52
"HUT",90601,"/Date(1703124361000)/",19300,1000,102100,1978450000,-100,true,-0.52
"HUT",90553,"/Date(1703124353000)/",19300,7700,101100,1959150000,-100,true,-0.52
"HUT",90540,"/Date(1703124340000)/",19300,200,93400,1810540000,-100,true,-0.52
"HUT",90538,"/Date(1703124338000)/",19300,15000,93200,1806680000,-100,true,-0.52
"HUT",90526,"/Date(1703124326000)/",19300,1000,78200,1517180000,-100,true,-0.52
"HUT",90344,"/Date(1703124224000)/",19300,100,77200,1497880000,-100,true,-0.52
"HUT",90333,"/Date(1703124213000)/",19400,200,77100,1495950000,0,false,0
"HUT",90312,"/Date(1703124192000)/",19300,10000,76900,1492070000,-100,true,-0.52
"HUT",90257,"/Date(1703124177000)/",19300,10000,66900,1299070000,-100,true,-0.52
"HUT",90239,"/Date(1703124159000)/",19300,800,56900,1106070000,-100,true,-0.52
"HUT",90233,"/Date(1703124153000)/",19400,10000,56100,1090630000,0,true,0
"HUT",90201,"/Date(1703124121000)/",19400,1000,46100,896630000,0,true,0
"HUT",90143,"/Date(1703124103000)/",19400,200,45100,877230000,0,true,0
"HUT",90113,"/Date(1703124038000)/",19400,23100,44900,873350000,0,true,0
"HUT",90051,"/Date(1703124016000)/",19600,20000,21800,425210000,200,false,1.03
"HUT",90007,"/Date(1703124001000)/",19400,1800,1800,34920000,0,true,0
