"Stockcode","Package","TradingDate","Price","Vol","TotalVol","TotalVal","Change","IsBuy","PerChange"
"KDH",144423,"/Date(1703144701000)/",30050,101600,1699000,50559000000,250,false,0.84
"KDH",142914,"/Date(1703143796000)/",30100,200,1597400,47506000000,300,false,1.01
"KDH",142908,"/Date(1703143790000)/",30000,200,1597200,47500000000,200,true,0.67
"KDH",142908,"/Date(1703143790000)/",30000,4800,1597000,47494000000,200,true,0.67
"KDH",142901,"/Date(1703143784000)/",30100,4600,1592200,47350000000,300,false,1.01
"KDH",142901,"/Date(1703143784000)/",30100,500,1587600,47212000000,300,false,1.01
"KDH",142901,"/Date(1703143784000)/",30100,300,1587100,47196000000,300,false,1.01
"KDH",142855,"/Date(1703143777000)/",30100,1000,1586800,47187000000,300,false,1.01
"KDH",142855,"/Date(1703143777000)/",30100,500,1585800,47157000000,300,false,1.01
"KDH",142855,"/Date(1703143777000)/",30100,100,1585300,47142000000,300,false,1.01
"KDH",142855,"/Date(1703143777000)/",30100,300,1585200,47139000000,300,false,1.01
"KDH",142855,"/Date(1703143777000)/",30100,300,1584900,47130000000,300,false,1.01
"KDH",142855,"/Date(1703143777000)/",30100,200,1584600,47121000000,300,false,1.01
"KDH",142855,"/Date(1703143777000)/",30100,100,1584400,47115000000,300,false,1.01
"KDH",142855,"/Date(1703143777000)/",30100,2900,1584300,47112000000,300,false,1.01
"KDH",142855,"/Date(1703143776000)/",30000,200,1581400,47025000000,200,true,0.67
"KDH",142855,"/Date(1703143776000)/",30000,400,1581200,47019000000,200,true,0.67
"KDH",142855,"/Date(1703143776000)/",30050,400,1580800,47007000000,250,true,0.84
"KDH",142855,"/Date(1703143775000)/",30100,100,1580400,46995000000,300,false,1.01
"KDH",142852,"/Date(1703143773000)/",30050,600,1580300,46992000000,250,true,0.84
"KDH",142852,"/Date(1703143773000)/",30050,100,1579700,46974000000,250,true,0.84
"KDH",142852,"/Date(1703143773000)/",30050,300,1579600,46971000000,250,true,0.84
"KDH",142849,"/Date(1703143770000)/",30050,5000,1579300,46962000000,250,false,0.84
"KDH",142845,"/Date(1703143767000)/",30000,5000,1574300,46812000000,200,true,0.67
"KDH",142842,"/Date(1703143764000)/",30050,100,1569300,46662000000,250,false,0.84
"KDH",142836,"/Date(1703143758000)/",29950,200,1569200,46659000000,150,true,0.5
"KDH",142836,"/Date(1703143758000)/",29950,3400,1569000,46653000000,150,true,0.5
"KDH",142836,"/Date(1703143758000)/",30000,1200,1565600,46551000000,200,false,0.67
"KDH",142836,"/Date(1703143758000)/",30000,200,1564400,46515000000,200,false,0.67
"KDH",142836,"/Date(1703143756000)/",30000,500,1564200,46509000000,200,false,0.67
"KDH",142836,"/Date(1703143756000)/",30000,2000,1563700,46494000000,200,false,0.67
"KDH",142836,"/Date(1703143756000)/",30000,700,1561700,46434000000,200,false,0.67
"KDH",142836,"/Date(1703143756000)/",30000,100,1561000,46413000000,200,false,0.67
"KDH",142836,"/Date(1703143756000)/",30000,300,1560900,46410000000,200,false,0.67
"KDH",142836,"/Date(1703143756000)/",30000,400,1560600,46401000000,200,false,0.67
"KDH",142833,"/Date(1703143755000)/",30000,500,1560200,46389000000,200,false,0.67
"KDH",142829,"/Date(1703143751000)/",29950,2000,1559700,46374000000,150,true,0.5
"KDH",142826,"/Date(1703143748000)/",30000,200,1557700,46314000000,200,false,0.67
"KDH",142826,"/Date(1703143746000)/",30000,3900,1557500,46308000000,200,false,0.67
"KDH",142826,"/Date(1703143746000)/",30000,500,1553600,46191000000,200,false,0.67
"KDH",142826,"/Date(1703143746000)/",30000,1000,1553100,46176000000,200,false,0.67
"KDH",142814,"/Date(1703143734000)/",30000,400,1552100,46146000000,200,false,0.67
"KDH",142810,"/Date(1703143731000)/",30000,4600,1551700,46134000000,200,false,0.67
"KDH",142810,"/Date(1703143731000)/",30000,800,1547100,45996000000,200,false,0.67
"KDH",142804,"/Date(1703143725000)/",30000,5000,1546300,45972000000,200,false,0.67
"KDH",142758,"/Date(1703143720000)/",30000,1200,1541300,45822000000,200,false,0.67
"KDH",142758,"/Date(1703143720000)/",30000,1000,1540100,45786000000,200,false,0.67
"KDH",142758,"/Date(1703143720000)/",30000,200,1539100,45756000000,200,false,0.67
"KDH",142758,"/Date(1703143720000)/",30000,200,1538900,45750000000,200,false,0.67
"KDH",142758,"/Date(1703143720000)/",30000,100,1538700,45744000000,200,false,0.67
"KDH",142758,"/Date(1703143720000)/",30000,1000,1538600,45741000000,200,false,0.67
"KDH",142758,"/Date(1703143720000)/",30000,600,1537600,45711000000,200,false,0.67
"KDH",142758,"/Date(1703143720000)/",29950,700,1537000,45693000000,150,true,0.5
"KDH",142758,"/Date(1703143719000)/",29950,5000,1536300,45672000000,150,true,0.5
"KDH",142758,"/Date(1703143719000)/",29950,5300,1531300,45522000000,150,true,0.5
"KDH",142751,"/Date(1703143712000)/",30000,1400,1526000,45363000000,200,false,0.67
"KDH",142751,"/Date(1703143712000)/",30000,100,1524600,45321000000,200,false,0.67
"KDH",142751,"/Date(1703143712000)/",30000,100,1524500,45318000000,200,false,0.67
"KDH",142751,"/Date(1703143712000)/",30000,2000,1524400,45315000000,200,false,0.67
"KDH",142751,"/Date(1703143712000)/",29950,300,1522400,45255000000,150,true,0.5
"KDH",142745,"/Date(1703143706000)/",29950,4400,1522100,45246000000,150,false,0.5
"KDH",142735,"/Date(1703143698000)/",29950,600,1517700,45115000000,150,false,0.5
"KDH",142735,"/Date(1703143698000)/",29950,500,1517100,45097000000,150,false,0.5
"KDH",142735,"/Date(1703143698000)/",29950,500,1516600,45082000000,150,false,0.5
"KDH",142735,"/Date(1703143698000)/",29950,2000,1516100,45067000000,150,false,0.5
"KDH",142732,"/Date(1703143693000)/",29950,4000,1514100,45007000000,150,false,0.5
"KDH",142732,"/Date(1703143693000)/",29950,500,1510100,44887000000,150,false,0.5
"KDH",142732,"/Date(1703143693000)/",29950,500,1509600,44872000000,150,false,0.5
"KDH",142726,"/Date(1703143685000)/",29950,3600,1509100,44857000000,150,false,0.5
"KDH",142719,"/Date(1703143679000)/",29800,600,1505500,44749000000,0,true,0
"KDH",142716,"/Date(1703143676000)/",29950,100,1504900,44731000000,150,false,0.5
"KDH",142710,"/Date(1703143671000)/",29800,200,1504800,44728000000,0,true,0
"KDH",142710,"/Date(1703143671000)/",29800,200,1504600,44722000000,0,true,0
"KDH",142710,"/Date(1703143670000)/",29950,100,1504400,44716000000,150,false,0.5
"KDH",142707,"/Date(1703143669000)/",29950,700,1504300,44713000000,150,false,0.5
"KDH",142707,"/Date(1703143669000)/",29950,1000,1503600,44692000000,150,false,0.5
"KDH",142707,"/Date(1703143669000)/",29950,1900,1502600,44663000000,150,false,0.5
"KDH",142700,"/Date(1703143662000)/",29800,500,1500700,44606000000,0,true,0
"KDH",142700,"/Date(1703143662000)/",29900,100,1500200,44591000000,100,true,0.34
"KDH",142700,"/Date(1703143662000)/",29900,2000,1500100,44588000000,100,true,0.34
"KDH",142700,"/Date(1703143661000)/",29950,3100,1498100,44528000000,150,false,0.5
"KDH",142700,"/Date(1703143661000)/",29950,500,1495000,44435000000,150,false,0.5
"KDH",142700,"/Date(1703143661000)/",29900,300,1494500,44420000000,100,true,0.34
"KDH",142654,"/Date(1703143654000)/",29950,1500,1494200,44411000000,150,false,0.5
"KDH",142654,"/Date(1703143654000)/",29950,100,1492700,44366000000,150,false,0.5
"KDH",142654,"/Date(1703143654000)/",29950,2000,1492600,44363000000,150,false,0.5
"KDH",142651,"/Date(1703143653000)/",29900,5000,1490600,44303000000,100,true,0.34
"KDH",142651,"/Date(1703143653000)/",29900,900,1485600,44154000000,100,true,0.34
"KDH",142651,"/Date(1703143653000)/",29850,400,1484700,44127000000,50,false,0.17
"KDH",142651,"/Date(1703143652000)/",29850,100,1484300,44115000000,50,false,0.17
"KDH",142651,"/Date(1703143651000)/",29850,300,1484200,44112000000,50,false,0.17
"KDH",142651,"/Date(1703143651000)/",29850,100,1483900,44103000000,50,false,0.17
"KDH",142647,"/Date(1703143649000)/",29900,3100,1483800,44100000000,100,false,0.34
"KDH",142647,"/Date(1703143649000)/",29900,400,1480700,44007000000,100,false,0.34
"KDH",142647,"/Date(1703143649000)/",29900,100,1480300,43995000000,100,false,0.34
"KDH",142647,"/Date(1703143649000)/",29900,900,1480200,43992000000,100,false,0.34
"KDH",142647,"/Date(1703143649000)/",29900,900,1479300,43965000000,100,false,0.34
"KDH",142647,"/Date(1703143649000)/",29900,1000,1478400,43939000000,100,false,0.34
"KDH",142647,"/Date(1703143649000)/",29900,2200,1477400,43909000000,100,false,0.34
"KDH",142644,"/Date(1703143645000)/",29900,100,1475200,43843000000,100,false,0.34
"KDH",142641,"/Date(1703143642000)/",29900,100,1475100,43840000000,100,false,0.34
"KDH",142641,"/Date(1703143642000)/",29900,1800,1475000,43837000000,100,false,0.34
"KDH",142641,"/Date(1703143641000)/",29850,600,1473200,43783000000,50,true,0.17
"KDH",142641,"/Date(1703143641000)/",29850,100,1472600,43765000000,50,true,0.17
"KDH",142641,"/Date(1703143640000)/",29900,100,1472500,43762000000,100,false,0.34
"KDH",142638,"/Date(1703143638000)/",29900,100,1472400,43759000000,100,false,0.34
"KDH",142635,"/Date(1703143634000)/",29850,3400,1472300,43756000000,50,true,0.17
"KDH",142635,"/Date(1703143634000)/",29850,1600,1468900,43655000000,50,true,0.17
"KDH",142631,"/Date(1703143633000)/",29900,600,1467300,43607000000,100,false,0.34
"KDH",142631,"/Date(1703143633000)/",29900,1200,1466700,43589000000,100,false,0.34
"KDH",142628,"/Date(1703143631000)/",29850,1100,1465500,43553000000,50,true,0.17
"KDH",142625,"/Date(1703143627000)/",29900,1800,1464400,43520000000,100,false,0.34
"KDH",142622,"/Date(1703143623000)/",29850,100,1462600,43466000000,50,true,0.17
"KDH",142622,"/Date(1703143622000)/",29850,1000,1462500,43464000000,50,true,0.17
"KDH",142622,"/Date(1703143622000)/",29850,2000,1461500,43434000000,50,true,0.17
"KDH",142622,"/Date(1703143622000)/",29850,300,1459500,43374000000,50,true,0.17
"KDH",142622,"/Date(1703143622000)/",29850,2000,1459200,43365000000,50,true,0.17
"KDH",142622,"/Date(1703143622000)/",29850,5000,1457200,43305000000,50,true,0.17
"KDH",142622,"/Date(1703143622000)/",29850,1000,1452200,43156000000,50,true,0.17
"KDH",142622,"/Date(1703143622000)/",29850,100,1451200,43126000000,50,true,0.17
"KDH",142622,"/Date(1703143622000)/",29850,800,1451100,43123000000,50,true,0.17
"KDH",142619,"/Date(1703143621000)/",29800,100,1450300,43099000000,0,true,0
"KDH",142615,"/Date(1703143617000)/",29850,200,1450200,43096000000,50,false,0.17
"KDH",142615,"/Date(1703143617000)/",29850,1600,1450000,43090000000,50,false,0.17
"KDH",142609,"/Date(1703143611000)/",29800,100,1448400,43043000000,0,true,0
"KDH",142606,"/Date(1703143605000)/",29850,1800,1448300,43040000000,50,false,0.17
"KDH",142559,"/Date(1703143601000)/",29800,500,1446500,42986000000,0,true,0
"KDH",142553,"/Date(1703143594000)/",29850,1600,1446000,42971000000,50,false,0.17
"KDH",142553,"/Date(1703143594000)/",29850,200,1444400,42923000000,50,false,0.17
"KDH",142553,"/Date(1703143593000)/",29800,100,1444200,42917000000,0,false,0
"KDH",142553,"/Date(1703143593000)/",29800,4300,1444100,42914000000,0,false,0
"KDH",142550,"/Date(1703143591000)/",29750,100,1439800,42786000000,-50,true,-0.17
"KDH",142547,"/Date(1703143586000)/",29800,700,1439700,42783000000,0,false,0
"KDH",142543,"/Date(1703143583000)/",29800,400,1439000,42762000000,0,true,0
"KDH",142540,"/Date(1703143581000)/",29750,300,1438600,42750000000,-50,true,-0.17
"KDH",142534,"/Date(1703143574000)/",29800,3600,1438300,42741000000,0,true,0
"KDH",142531,"/Date(1703143571000)/",29800,500,1434700,42634000000,0,true,0
"KDH",142524,"/Date(1703143564000)/",29800,3000,1434200,42619000000,0,false,0
"KDH",142524,"/Date(1703143564000)/",29800,4300,1431200,42530000000,0,false,0
"KDH",142521,"/Date(1703143561000)/",29750,100,1426900,42402000000,-50,true,-0.17
"KDH",142511,"/Date(1703143553000)/",29800,700,1426800,42399000000,0,true,0
"KDH",142511,"/Date(1703143553000)/",29800,300,1426100,42378000000,0,true,0
"KDH",142511,"/Date(1703143552000)/",29800,100,1425800,42369000000,0,true,0
"KDH",142511,"/Date(1703143551000)/",29800,200,1425700,42366000000,0,true,0
"KDH",142508,"/Date(1703143548000)/",29800,3000,1425500,42360000000,0,true,0
"KDH",142459,"/Date(1703143540000)/",29800,600,1422500,42271000000,0,true,0
"KDH",142452,"/Date(1703143532000)/",29800,600,1421900,42253000000,0,false,0
"KDH",142452,"/Date(1703143532000)/",29800,100,1421300,42235000000,0,false,0
"KDH",142452,"/Date(1703143532000)/",29800,3000,1421200,42232000000,0,false,0
"KDH",142452,"/Date(1703143532000)/",29800,3800,1418200,42143000000,0,false,0
"KDH",142443,"/Date(1703143523000)/",29800,1000,1414400,42029000000,0,false,0
"KDH",142430,"/Date(1703143511000)/",29750,900,1413400,41999000000,-50,true,-0.17
"KDH",142420,"/Date(1703143502000)/",29800,11400,1412500,41973000000,0,false,0
"KDH",142420,"/Date(1703143500000)/",29700,200,1401100,41633000000,-100,true,-0.34
"KDH",142420,"/Date(1703143500000)/",29700,200,1400900,41627000000,-100,true,-0.34
"KDH",142414,"/Date(1703143496000)/",29700,600,1400700,41621000000,-100,true,-0.34
"KDH",142414,"/Date(1703143496000)/",29700,1200,1400100,41603000000,-100,true,-0.34
"KDH",142411,"/Date(1703143492000)/",29800,800,1398900,41568000000,0,false,0
"KDH",142411,"/Date(1703143492000)/",29800,100,1398100,41544000000,0,false,0
"KDH",142411,"/Date(1703143492000)/",29750,100,1398000,41541000000,-50,false,-0.17
"KDH",142411,"/Date(1703143491000)/",29700,100,1397900,41538000000,-100,true,-0.34
"KDH",142408,"/Date(1703143488000)/",29800,1000,1397800,41535000000,0,false,0
"KDH",142401,"/Date(1703143482000)/",29700,100,1396800,41505000000,-100,true,-0.34
"KDH",142401,"/Date(1703143481000)/",29700,600,1396700,41502000000,-100,true,-0.34
"KDH",142401,"/Date(1703143481000)/",29700,300,1396100,41484000000,-100,true,-0.34
"KDH",142352,"/Date(1703143473000)/",29700,100,1395800,41475000000,-100,true,-0.34
"KDH",142352,"/Date(1703143472000)/",29800,1900,1395700,41472000000,0,false,0
"KDH",142352,"/Date(1703143472000)/",29800,2000,1393800,41416000000,0,false,0
"KDH",142352,"/Date(1703143472000)/",29800,5000,1391800,41356000000,0,false,0
"KDH",142352,"/Date(1703143472000)/",29800,2400,1386800,41207000000,0,false,0
"KDH",142348,"/Date(1703143471000)/",29700,100,1384400,41136000000,-100,true,-0.34
"KDH",142342,"/Date(1703143464000)/",29700,200,1384300,41133000000,-100,true,-0.34
"KDH",142342,"/Date(1703143462000)/",29800,1000,1384100,41127000000,0,false,0
"KDH",142339,"/Date(1703143461000)/",29700,100,1383100,41097000000,-100,true,-0.34
"KDH",142339,"/Date(1703143461000)/",29700,300,1383000,41094000000,-100,true,-0.34
"KDH",142339,"/Date(1703143461000)/",29700,100,1382700,41085000000,-100,true,-0.34
"KDH",142332,"/Date(1703143455000)/",29750,100,1382600,41082000000,-50,false,-0.17
"KDH",142329,"/Date(1703143451000)/",29800,6600,1382500,41079000000,0,false,0
"KDH",142329,"/Date(1703143450000)/",29800,600,1375900,40882000000,0,false,0
"KDH",142326,"/Date(1703143448000)/",29800,3000,1375300,40865000000,0,true,0
"KDH",142326,"/Date(1703143446000)/",29800,100,1372300,40775000000,0,true,0
"KDH",142326,"/Date(1703143446000)/",29800,100,1372200,40772000000,0,true,0
"KDH",142320,"/Date(1703143442000)/",29800,400,1372100,40769000000,0,true,0
"KDH",142320,"/Date(1703143442000)/",29750,500,1371700,40757000000,-50,false,-0.17
"KDH",142320,"/Date(1703143440000)/",29800,4600,1371200,40742000000,0,true,0
"KDH",142316,"/Date(1703143436000)/",29800,200,1366600,40605000000,0,true,0
"KDH",142316,"/Date(1703143436000)/",29800,2000,1366400,40599000000,0,true,0
"KDH",142313,"/Date(1703143435000)/",29800,3000,1364400,40540000000,0,false,0
"KDH",142313,"/Date(1703143435000)/",29750,200,1361400,40450000000,-50,false,-0.17
"KDH",142313,"/Date(1703143432000)/",29750,800,1361200,40444000000,-50,false,-0.17
"KDH",142310,"/Date(1703143430000)/",29750,700,1360400,40421000000,-50,false,-0.17
"KDH",142310,"/Date(1703143430000)/",29800,100,1359700,40400000000,0,false,0
"KDH",142310,"/Date(1703143430000)/",29800,6000,1359600,40397000000,0,false,0
"KDH",142307,"/Date(1703143427000)/",29800,100,1353600,40218000000,0,true,0
"KDH",142301,"/Date(1703143422000)/",29800,11300,1353500,40215000000,0,true,0
"KDH",142301,"/Date(1703143422000)/",29800,5700,1342200,39878000000,0,true,0
"KDH",142257,"/Date(1703143419000)/",29800,100,1336500,39708000000,0,true,0
"KDH",142251,"/Date(1703143413000)/",29850,100,1336400,39705000000,50,false,0.17
"KDH",142251,"/Date(1703143410000)/",29800,100,1336300,39702000000,0,true,0
"KDH",142248,"/Date(1703143409000)/",29750,100,1336200,39699000000,-50,true,-0.17
"KDH",142248,"/Date(1703143407000)/",29800,1000,1336100,39697000000,0,true,0
"KDH",142248,"/Date(1703143407000)/",29850,100,1335100,39667000000,50,false,0.17
"KDH",142245,"/Date(1703143405000)/",29800,100,1335000,39664000000,0,true,0
"KDH",142241,"/Date(1703143401000)/",29800,800,1334900,39661000000,0,true,0
"KDH",142241,"/Date(1703143401000)/",29800,200,1334100,39637000000,0,true,0
"KDH",142238,"/Date(1703143400000)/",29800,10000,1333900,39631000000,0,true,0
"KDH",142232,"/Date(1703143392000)/",29850,100,1323900,39333000000,50,false,0.17
"KDH",142232,"/Date(1703143391000)/",29800,100,1323800,39330000000,0,true,0
"KDH",142229,"/Date(1703143391000)/",29800,100,1323700,39327000000,0,true,0
"KDH",142229,"/Date(1703143389000)/",29850,500,1323600,39324000000,50,false,0.17
"KDH",142229,"/Date(1703143389000)/",29850,500,1323100,39309000000,50,false,0.17
"KDH",142225,"/Date(1703143387000)/",29850,100,1322600,39294000000,50,false,0.17
"KDH",142222,"/Date(1703143383000)/",29850,100,1322500,39291000000,50,false,0.17
"KDH",142222,"/Date(1703143382000)/",29800,100,1322400,39288000000,0,true,0
"KDH",142213,"/Date(1703143373000)/",29800,200,1322300,39285000000,0,true,0
"KDH",142206,"/Date(1703143367000)/",29850,100,1322100,39279000000,50,false,0.17
"KDH",142203,"/Date(1703143365000)/",29800,100,1322000,39276000000,0,true,0
"KDH",142203,"/Date(1703143363000)/",29850,100,1321900,39273000000,50,false,0.17
"KDH",142200,"/Date(1703143361000)/",29850,100,1321800,39270000000,50,false,0.17
"KDH",142200,"/Date(1703143360000)/",29800,600,1321700,39267000000,0,true,0
"KDH",142150,"/Date(1703143351000)/",29800,2000,1321100,39249000000,0,true,0
"KDH",142150,"/Date(1703143351000)/",29800,1500,1319100,39190000000,0,true,0
"KDH",142150,"/Date(1703143351000)/",29800,5000,1317600,39145000000,0,true,0
"KDH",142144,"/Date(1703143346000)/",29750,200,1312600,38996000000,-50,false,-0.17
"KDH",142144,"/Date(1703143345000)/",29700,100,1312400,38990000000,-100,true,-0.34
"KDH",142141,"/Date(1703143342000)/",29750,900,1312300,38987000000,-50,false,-0.17
"KDH",142134,"/Date(1703143336000)/",29700,100,1311400,38960000000,-100,true,-0.34
"KDH",142125,"/Date(1703143325000)/",29800,1000,1311300,38957000000,0,false,0
"KDH",142122,"/Date(1703143321000)/",29800,1000,1310300,38928000000,0,false,0
"KDH",142122,"/Date(1703143321000)/",29800,1000,1309300,38898000000,0,false,0
"KDH",142122,"/Date(1703143321000)/",29800,2000,1308300,38868000000,0,false,0
"KDH",142122,"/Date(1703143321000)/",29800,200,1306300,38808000000,0,false,0
"KDH",142122,"/Date(1703143321000)/",29800,5000,1306100,38803000000,0,false,0
"KDH",142122,"/Date(1703143321000)/",29800,1900,1301100,38654000000,0,false,0
"KDH",142122,"/Date(1703143320000)/",29700,100,1299200,38597000000,-100,true,-0.34
"KDH",142115,"/Date(1703143316000)/",29700,100,1299100,38594000000,-100,true,-0.34
"KDH",142112,"/Date(1703143312000)/",29800,100,1299000,38591000000,0,false,0
"KDH",142112,"/Date(1703143312000)/",29800,800,1298900,38588000000,0,false,0
"KDH",142109,"/Date(1703143310000)/",29700,300,1298100,38564000000,-100,true,-0.34
"KDH",142106,"/Date(1703143307000)/",29700,100,1297800,38555000000,-100,true,-0.34
"KDH",142102,"/Date(1703143304000)/",29800,100,1297700,38552000000,0,false,0
"KDH",142102,"/Date(1703143304000)/",29800,4100,1297600,38549000000,0,false,0
"KDH",142059,"/Date(1703143301000)/",29800,500,1293500,38427000000,0,true,0
"KDH",142050,"/Date(1703143291000)/",29800,100,1293000,38412000000,0,false,0
"KDH",142050,"/Date(1703143291000)/",29800,5000,1292900,38409000000,0,false,0
"KDH",142050,"/Date(1703143291000)/",29800,1400,1287900,38260000000,0,false,0
"KDH",142046,"/Date(1703143288000)/",29700,200,1286500,38218000000,-100,true,-0.34
"KDH",142040,"/Date(1703143282000)/",29800,900,1286300,38213000000,0,false,0
"KDH",142040,"/Date(1703143279000)/",29700,200,1285400,38186000000,-100,true,-0.34
"KDH",142031,"/Date(1703143271000)/",29700,900,1285200,38180000000,-100,true,-0.34
"KDH",142031,"/Date(1703143270000)/",29700,100,1284300,38153000000,-100,true,-0.34
"KDH",142021,"/Date(1703143261000)/",29700,100,1284200,38150000000,-100,true,-0.34
"KDH",142021,"/Date(1703143261000)/",29800,4700,1284100,38147000000,0,false,0
"KDH",142021,"/Date(1703143261000)/",29800,4000,1279400,38007000000,0,false,0
"KDH",142021,"/Date(1703143261000)/",29800,2400,1275400,37888000000,0,false,0
"KDH",142011,"/Date(1703143252000)/",29700,100,1273000,37816000000,-100,true,-0.34
"KDH",142011,"/Date(1703143252000)/",29800,900,1272900,37813000000,0,false,0
"KDH",142011,"/Date(1703143251000)/",29700,100,1272000,37787000000,-100,true,-0.34
"KDH",142008,"/Date(1703143248000)/",29700,200,1271900,37784000000,-100,true,-0.34
"KDH",142002,"/Date(1703143243000)/",29650,200,1271700,37778000000,-150,true,-0.5
"KDH",142002,"/Date(1703143241000)/",29700,1000,1271500,37772000000,-100,false,-0.34
"KDH",142002,"/Date(1703143241000)/",29650,300,1270500,37742000000,-150,true,-0.5
"KDH",142002,"/Date(1703143241000)/",29650,600,1270200,37733000000,-150,true,-0.5
"KDH",141955,"/Date(1703143235000)/",29700,800,1269600,37715000000,-100,true,-0.34
"KDH",141952,"/Date(1703143234000)/",29700,100,1268800,37692000000,-100,true,-0.34
"KDH",141952,"/Date(1703143231000)/",29800,1700,1268700,37689000000,0,false,0
"KDH",141952,"/Date(1703143231000)/",29800,5000,1267000,37638000000,0,false,0
"KDH",141952,"/Date(1703143231000)/",29800,600,1262000,37489000000,0,false,0
"KDH",141952,"/Date(1703143231000)/",29800,3800,1261400,37471000000,0,false,0
"KDH",141946,"/Date(1703143225000)/",29700,100,1257600,37358000000,-100,true,-0.34
"KDH",141943,"/Date(1703143221000)/",29800,900,1257500,37355000000,0,false,0
"KDH",141936,"/Date(1703143216000)/",29650,100,1256600,37328000000,-150,true,-0.5
"KDH",141930,"/Date(1703143211000)/",29650,900,1256500,37325000000,-150,true,-0.5
"KDH",141927,"/Date(1703143207000)/",29650,100,1255600,37298000000,-150,true,-0.5
"KDH",141924,"/Date(1703143205000)/",29800,100,1255500,37295000000,0,false,0
"KDH",141920,"/Date(1703143200000)/",29800,5200,1255400,37292000000,0,false,0
"KDH",141920,"/Date(1703143200000)/",29800,5000,1250200,37137000000,0,false,0
"KDH",141920,"/Date(1703143200000)/",29800,100,1245200,36988000000,0,false,0
"KDH",141920,"/Date(1703143200000)/",29800,500,1245100,36985000000,0,false,0
"KDH",141920,"/Date(1703143200000)/",29800,300,1244600,36971000000,0,false,0
"KDH",141911,"/Date(1703143191000)/",29800,200,1244300,36962000000,0,false,0
"KDH",141911,"/Date(1703143191000)/",29800,500,1244100,36956000000,0,false,0
"KDH",141911,"/Date(1703143191000)/",29750,200,1243600,36941000000,-50,false,-0.17
"KDH",141908,"/Date(1703143189000)/",29750,800,1243400,36935000000,-50,false,-0.17
"KDH",141908,"/Date(1703143187000)/",29650,100,1242600,36911000000,-150,true,-0.5
"KDH",141852,"/Date(1703143170000)/",29800,4500,1242500,36908000000,0,false,0
"KDH",141852,"/Date(1703143170000)/",29800,1300,1238000,36774000000,0,false,0
"KDH",141852,"/Date(1703143170000)/",29800,100,1236700,36735000000,0,false,0
"KDH",141852,"/Date(1703143170000)/",29750,200,1236600,36732000000,-50,false,-0.17
"KDH",141852,"/Date(1703143170000)/",29750,3000,1236400,36726000000,-50,false,-0.17
"KDH",141852,"/Date(1703143170000)/",29750,100,1233400,36637000000,-50,false,-0.17
"KDH",141852,"/Date(1703143170000)/",29750,1200,1233300,36634000000,-50,false,-0.17
"KDH",141848,"/Date(1703143168000)/",29650,200,1232100,36598000000,-150,true,-0.5
"KDH",141842,"/Date(1703143161000)/",29750,900,1231900,36592000000,-50,false,-0.17
"KDH",141839,"/Date(1703143159000)/",29650,100,1231000,36566000000,-150,true,-0.5
"KDH",141829,"/Date(1703143150000)/",29650,800,1230900,36563000000,-150,true,-0.5
"KDH",141826,"/Date(1703143140000)/",29650,100,1230100,36539000000,-150,true,-0.5
"KDH",141826,"/Date(1703143140000)/",29750,900,1230000,36536000000,-50,false,-0.17
"KDH",141826,"/Date(1703143140000)/",29750,2000,1229100,36509000000,-50,false,-0.17
"KDH",141826,"/Date(1703143140000)/",29750,900,1227100,36450000000,-50,false,-0.17
"KDH",141826,"/Date(1703143140000)/",29750,1500,1226200,36423000000,-50,false,-0.17
"KDH",141826,"/Date(1703143140000)/",29750,3900,1224700,36378000000,-50,false,-0.17
"KDH",141826,"/Date(1703143140000)/",29700,100,1220800,36262000000,-100,false,-0.34
"KDH",141826,"/Date(1703143140000)/",29700,1800,1220700,36259000000,-100,false,-0.34
"KDH",141826,"/Date(1703143140000)/",29650,100,1218900,36206000000,-150,true,-0.5
"KDH",141810,"/Date(1703143131000)/",29700,900,1218800,36203000000,-100,true,-0.34
"KDH",141810,"/Date(1703143130000)/",29650,200,1217900,36176000000,-150,true,-0.5
"KDH",141810,"/Date(1703143130000)/",29700,100,1217700,36170000000,-100,true,-0.34
"KDH",141810,"/Date(1703143129000)/",29700,400,1217600,36167000000,-100,true,-0.34
"KDH",141807,"/Date(1703143127000)/",29750,100,1217200,36155000000,-50,false,-0.17
"KDH",141801,"/Date(1703143122000)/",29700,200,1217100,36152000000,-100,true,-0.34
"KDH",141751,"/Date(1703143113000)/",29650,100,1216900,36147000000,-150,true,-0.5
"KDH",141751,"/Date(1703143111000)/",29650,400,1216800,36144000000,-150,true,-0.5
"KDH",141751,"/Date(1703143111000)/",29650,100,1216400,36132000000,-150,true,-0.5
"KDH",141748,"/Date(1703143109000)/",29700,100,1216300,36129000000,-100,true,-0.34
"KDH",141748,"/Date(1703143109000)/",29700,100,1216200,36126000000,-100,true,-0.34
"KDH",141748,"/Date(1703143109000)/",29700,200,1216100,36123000000,-100,true,-0.34
"KDH",141745,"/Date(1703143103000)/",29700,100,1215900,36117000000,-100,true,-0.34
"KDH",141741,"/Date(1703143101000)/",29750,900,1215800,36114000000,-50,false,-0.17
"KDH",141741,"/Date(1703143101000)/",29700,1700,1214900,36087000000,-100,true,-0.34
"KDH",141741,"/Date(1703143101000)/",29700,4300,1213200,36037000000,-100,true,-0.34
"KDH",141735,"/Date(1703143095000)/",29700,100,1208900,35909000000,-100,true,-0.34
"KDH",141725,"/Date(1703143086000)/",29700,100,1208800,35906000000,-100,true,-0.34
"KDH",141716,"/Date(1703143076000)/",29700,100,1208700,35903000000,-100,true,-0.34
"KDH",141709,"/Date(1703143071000)/",29750,100,1208600,35900000000,-50,false,-0.17
"KDH",141709,"/Date(1703143071000)/",29750,800,1208500,35897000000,-50,false,-0.17
"KDH",141706,"/Date(1703143067000)/",29700,100,1207700,35873000000,-100,true,-0.34
"KDH",141657,"/Date(1703143058000)/",29700,100,1207600,35870000000,-100,true,-0.34
"KDH",141657,"/Date(1703143056000)/",29750,100,1207500,35867000000,-50,false,-0.17
"KDH",141650,"/Date(1703143049000)/",29700,100,1207400,35864000000,-100,true,-0.34
"KDH",141641,"/Date(1703143041000)/",29750,900,1207300,35861000000,-50,false,-0.17
"KDH",141641,"/Date(1703143040000)/",29700,100,1206400,35835000000,-100,true,-0.34
"KDH",141631,"/Date(1703143031000)/",29700,100,1206300,35832000000,-100,true,-0.34
"KDH",141622,"/Date(1703143022000)/",29700,100,1206200,35829000000,-100,true,-0.34
"KDH",141612,"/Date(1703143013000)/",29650,100,1206100,35826000000,-150,true,-0.5
"KDH",141612,"/Date(1703143012000)/",29750,900,1206000,35823000000,-50,false,-0.17
"KDH",141606,"/Date(1703143004000)/",29650,100,1205100,35796000000,-150,true,-0.5
"KDH",141556,"/Date(1703142997000)/",29750,100,1205000,35793000000,-50,false,-0.17
"KDH",141556,"/Date(1703142995000)/",29650,200,1204900,35790000000,-150,true,-0.5
"KDH",141550,"/Date(1703142989000)/",29750,100,1204700,35784000000,-50,false,-0.17
"KDH",141547,"/Date(1703142986000)/",29650,100,1204600,35781000000,-150,true,-0.5
"KDH",141547,"/Date(1703142986000)/",29650,100,1204500,35778000000,-150,true,-0.5
"KDH",141540,"/Date(1703142981000)/",29750,900,1204400,35775000000,-50,false,-0.17
"KDH",141537,"/Date(1703142977000)/",29650,200,1203500,35748000000,-150,true,-0.5
"KDH",141537,"/Date(1703142976000)/",29750,100,1203300,35742000000,-50,false,-0.17
"KDH",141527,"/Date(1703142968000)/",29650,200,1203200,35739000000,-150,true,-0.5
"KDH",141518,"/Date(1703142959000)/",29650,100,1203000,35734000000,-150,true,-0.5
"KDH",141511,"/Date(1703142950000)/",29750,900,1202900,35731000000,-50,false,-0.17
"KDH",141511,"/Date(1703142950000)/",29650,100,1202000,35704000000,-150,true,-0.5
"KDH",141505,"/Date(1703142944000)/",29750,100,1201900,35701000000,-50,false,-0.17
"KDH",141502,"/Date(1703142943000)/",29750,100,1201800,35698000000,-50,false,-0.17
"KDH",141502,"/Date(1703142941000)/",29650,200,1201700,35695000000,-150,true,-0.5
"KDH",141459,"/Date(1703142937000)/",29700,100,1201500,35689000000,-100,false,-0.34
"KDH",141446,"/Date(1703142926000)/",29650,100,1201400,35686000000,-150,true,-0.5
"KDH",141443,"/Date(1703142921000)/",29600,100,1201300,35683000000,-200,true,-0.67
"KDH",141440,"/Date(1703142920000)/",29650,900,1201200,35680000000,-150,false,-0.5
"KDH",141433,"/Date(1703142913000)/",29600,100,1200300,35653000000,-200,true,-0.67
"KDH",141424,"/Date(1703142903000)/",29550,100,1200200,35650000000,-250,true,-0.84
"KDH",141411,"/Date(1703142890000)/",29650,900,1200100,35647000000,-150,false,-0.5
"KDH",141408,"/Date(1703142888000)/",29650,100,1199200,35621000000,-150,false,-0.5
"KDH",141404,"/Date(1703142884000)/",29550,200,1199100,35618000000,-250,true,-0.84
"KDH",141404,"/Date(1703142884000)/",29650,100,1198900,35612000000,-150,false,-0.5
"KDH",141401,"/Date(1703142880000)/",29550,100,1198800,35609000000,-250,true,-0.84
"KDH",141352,"/Date(1703142871000)/",29550,600,1198700,35606000000,-250,true,-0.84
"KDH",141352,"/Date(1703142871000)/",29550,200,1198100,35588000000,-250,true,-0.84
"KDH",141352,"/Date(1703142871000)/",29600,500,1197900,35582000000,-200,false,-0.67
"KDH",141352,"/Date(1703142871000)/",29600,100,1197400,35568000000,-200,false,-0.67
"KDH",141345,"/Date(1703142866000)/",29600,200,1197300,35565000000,-200,false,-0.67
"KDH",141345,"/Date(1703142866000)/",29600,1200,1197100,35559000000,-200,false,-0.67
"KDH",141345,"/Date(1703142864000)/",29550,100,1195900,35523000000,-250,true,-0.84
"KDH",141342,"/Date(1703142860000)/",29600,800,1195800,35520000000,-200,false,-0.67
"KDH",141342,"/Date(1703142860000)/",29600,100,1195000,35496000000,-200,false,-0.67
"KDH",141336,"/Date(1703142855000)/",29550,100,1194900,35494000000,-250,true,-0.84
"KDH",141326,"/Date(1703142846000)/",29550,200,1194800,35491000000,-250,true,-0.84
"KDH",141320,"/Date(1703142840000)/",29550,100,1194600,35485000000,-250,true,-0.84
"KDH",141320,"/Date(1703142838000)/",29550,1300,1194500,35482000000,-250,true,-0.84
"KDH",141316,"/Date(1703142837000)/",29550,100,1193200,35443000000,-250,true,-0.84
"KDH",141316,"/Date(1703142837000)/",29550,100,1193100,35440000000,-250,true,-0.84
"KDH",141310,"/Date(1703142830000)/",29600,900,1193000,35437000000,-200,false,-0.67
"KDH",141307,"/Date(1703142828000)/",29500,100,1192100,35411000000,-300,true,-1.01
"KDH",141301,"/Date(1703142820000)/",29500,800,1192000,35408000000,-300,true,-1.01
"KDH",141301,"/Date(1703142819000)/",29500,100,1191200,35384000000,-300,true,-1.01
"KDH",141254,"/Date(1703142812000)/",29600,2000,1191100,35381000000,-200,false,-0.67
"KDH",141254,"/Date(1703142812000)/",29600,2000,1189100,35322000000,-200,false,-0.67
"KDH",141254,"/Date(1703142812000)/",29600,2700,1187100,35263000000,-200,false,-0.67
"KDH",141254,"/Date(1703142812000)/",29600,2000,1184400,35183000000,-200,false,-0.67
"KDH",141254,"/Date(1703142812000)/",29600,1200,1182400,35124000000,-200,false,-0.67
"KDH",141254,"/Date(1703142812000)/",29550,100,1181200,35088000000,-250,false,-0.84
"KDH",141251,"/Date(1703142810000)/",29500,100,1181100,35085000000,-300,true,-1.01
"KDH",141251,"/Date(1703142810000)/",29550,100,1181000,35082000000,-250,true,-0.84
"KDH",141245,"/Date(1703142805000)/",29500,1100,1180900,35079000000,-300,true,-1.01
"KDH",141245,"/Date(1703142805000)/",29550,200,1179800,35047000000,-250,true,-0.84
"KDH",141241,"/Date(1703142801000)/",29550,100,1179600,35041000000,-250,true,-0.84
"KDH",141241,"/Date(1703142800000)/",29600,800,1179500,35038000000,-200,false,-0.67
"KDH",141241,"/Date(1703142800000)/",29600,100,1178700,35014000000,-200,false,-0.67
"KDH",141235,"/Date(1703142796000)/",29600,100,1178600,35011000000,-200,false,-0.67
"KDH",141232,"/Date(1703142792000)/",29550,100,1178500,35008000000,-250,true,-0.84
"KDH",141232,"/Date(1703142792000)/",29600,100,1178400,35005000000,-200,false,-0.67
"KDH",141222,"/Date(1703142780000)/",29550,100,1178300,35003000000,-250,true,-0.84
"KDH",141219,"/Date(1703142779000)/",29550,100,1178200,35000000000,-250,false,-0.84
"KDH",141219,"/Date(1703142779000)/",29550,400,1178100,34997000000,-250,false,-0.84
"KDH",141213,"/Date(1703142773000)/",29500,100,1177700,34985000000,-300,true,-1.01
"KDH",141213,"/Date(1703142773000)/",29500,500,1177600,34982000000,-300,true,-1.01
"KDH",141213,"/Date(1703142773000)/",29500,800,1177100,34967000000,-300,true,-1.01
"KDH",141209,"/Date(1703142770000)/",29600,200,1176300,34943000000,-200,false,-0.67
"KDH",141209,"/Date(1703142770000)/",29600,700,1176100,34938000000,-200,false,-0.67
"KDH",141203,"/Date(1703142763000)/",29500,100,1175400,34917000000,-300,true,-1.01
"KDH",141203,"/Date(1703142761000)/",29600,500,1175300,34914000000,-200,false,-0.67
"KDH",141200,"/Date(1703142761000)/",29550,500,1174800,34899000000,-250,true,-0.84
"KDH",141200,"/Date(1703142761000)/",29550,2000,1174300,34884000000,-250,true,-0.84
"KDH",141200,"/Date(1703142761000)/",29550,1500,1172300,34825000000,-250,true,-0.84
"KDH",141153,"/Date(1703142754000)/",29550,100,1170800,34781000000,-250,true,-0.84
"KDH",141147,"/Date(1703142745000)/",29550,200,1170700,34778000000,-250,true,-0.84
"KDH",141141,"/Date(1703142741000)/",29550,100,1170500,34772000000,-250,true,-0.84
"KDH",141141,"/Date(1703142740000)/",29550,100,1170400,34769000000,-250,true,-0.84
"KDH",141141,"/Date(1703142740000)/",29550,100,1170300,34766000000,-250,true,-0.84
"KDH",141141,"/Date(1703142740000)/",29550,500,1170200,34763000000,-250,true,-0.84
"KDH",141141,"/Date(1703142740000)/",29550,600,1169700,34748000000,-250,true,-0.84
"KDH",141141,"/Date(1703142740000)/",29600,900,1169100,34731000000,-200,false,-0.67
"KDH",141137,"/Date(1703142737000)/",29550,100,1168200,34704000000,-250,true,-0.84
"KDH",141115,"/Date(1703142715000)/",29550,100,1168100,34701000000,-250,true,-0.84
"KDH",141115,"/Date(1703142715000)/",29550,200,1168000,34698000000,-250,true,-0.84
"KDH",141109,"/Date(1703142710000)/",29600,100,1167800,34692000000,-200,false,-0.67
"KDH",141109,"/Date(1703142709000)/",29600,800,1167700,34689000000,-200,false,-0.67
"KDH",141109,"/Date(1703142709000)/",29550,100,1166900,34666000000,-250,false,-0.84
"KDH",141109,"/Date(1703142708000)/",29500,100,1166800,34663000000,-300,true,-1.01
"KDH",141109,"/Date(1703142708000)/",29500,100,1166700,34660000000,-300,true,-1.01
"KDH",141109,"/Date(1703142708000)/",29500,200,1166600,34657000000,-300,true,-1.01
"KDH",141109,"/Date(1703142708000)/",29500,800,1166400,34651000000,-300,true,-1.01
"KDH",141109,"/Date(1703142707000)/",29500,200,1165600,34627000000,-300,true,-1.01
"KDH",141102,"/Date(1703142702000)/",29550,100,1165400,34621000000,-250,false,-0.84
"KDH",141059,"/Date(1703142699000)/",29550,100,1165300,34618000000,-250,false,-0.84
"KDH",141050,"/Date(1703142690000)/",29500,100,1165200,34615000000,-300,false,-1.01
"KDH",141050,"/Date(1703142690000)/",29500,100,1165100,34612000000,-300,false,-1.01
"KDH",141046,"/Date(1703142687000)/",29450,100,1165000,34609000000,-350,true,-1.17
"KDH",141040,"/Date(1703142680000)/",29550,900,1164900,34607000000,-250,false,-0.84
"KDH",141037,"/Date(1703142677000)/",29450,100,1164000,34580000000,-350,true,-1.17
"KDH",141034,"/Date(1703142674000)/",29450,100,1163900,34577000000,-350,true,-1.17
"KDH",141034,"/Date(1703142674000)/",29500,500,1163800,34574000000,-300,true,-1.01
"KDH",141034,"/Date(1703142674000)/",29500,500,1163300,34559000000,-300,true,-1.01
"KDH",141034,"/Date(1703142674000)/",29500,100,1162800,34545000000,-300,true,-1.01
"KDH",141031,"/Date(1703142671000)/",29500,100,1162700,34542000000,-300,true,-1.01
"KDH",141031,"/Date(1703142668000)/",29500,200,1162600,34539000000,-300,true,-1.01
"KDH",141024,"/Date(1703142665000)/",29500,600,1162400,34533000000,-300,true,-1.01
"KDH",141024,"/Date(1703142665000)/",29500,200,1161800,34515000000,-300,true,-1.01
"KDH",141024,"/Date(1703142665000)/",29500,700,1161600,34509000000,-300,true,-1.01
"KDH",141021,"/Date(1703142659000)/",29500,100,1160900,34489000000,-300,true,-1.01
"KDH",141011,"/Date(1703142651000)/",29500,100,1160800,34486000000,-300,true,-1.01
"KDH",141011,"/Date(1703142650000)/",29500,100,1160700,34483000000,-300,true,-1.01
"KDH",141008,"/Date(1703142648000)/",29550,900,1160600,34480000000,-250,false,-0.84
"KDH",141005,"/Date(1703142645000)/",29500,200,1159700,34453000000,-300,false,-1.01
"KDH",141002,"/Date(1703142641000)/",29450,1000,1159500,34447000000,-350,true,-1.17
"KDH",141002,"/Date(1703142641000)/",29500,200,1158500,34418000000,-300,true,-1.01
"KDH",140952,"/Date(1703142632000)/",29450,100,1158300,34412000000,-350,true,-1.17
"KDH",140952,"/Date(1703142630000)/",29450,400,1158200,34409000000,-350,true,-1.17
"KDH",140943,"/Date(1703142623000)/",29450,100,1157800,34397000000,-350,true,-1.17
"KDH",140943,"/Date(1703142620000)/",29450,6100,1157700,34394000000,-350,true,-1.17
"KDH",140940,"/Date(1703142619000)/",29450,1900,1151600,34214000000,-350,true,-1.17
"KDH",140940,"/Date(1703142619000)/",29500,100,1149700,34159000000,-300,false,-1.01
"KDH",140940,"/Date(1703142619000)/",29500,300,1149600,34156000000,-300,false,-1.01
"KDH",140940,"/Date(1703142619000)/",29500,100,1149300,34147000000,-300,false,-1.01
"KDH",140940,"/Date(1703142619000)/",29500,2000,1149200,34144000000,-300,false,-1.01
"KDH",140940,"/Date(1703142619000)/",29500,100,1147200,34085000000,-300,false,-1.01
"KDH",140940,"/Date(1703142619000)/",29500,100,1147100,34082000000,-300,false,-1.01
"KDH",140940,"/Date(1703142619000)/",29500,200,1147000,34079000000,-300,false,-1.01
"KDH",140940,"/Date(1703142619000)/",29500,100,1146800,34073000000,-300,false,-1.01
"KDH",140940,"/Date(1703142619000)/",29500,100,1146700,34070000000,-300,false,-1.01
"KDH",140940,"/Date(1703142619000)/",29500,100,1146600,34067000000,-300,false,-1.01
"KDH",140940,"/Date(1703142619000)/",29500,900,1146500,34064000000,-300,false,-1.01
"KDH",140940,"/Date(1703142618000)/",29600,900,1145600,34038000000,-200,false,-0.67
"KDH",140936,"/Date(1703142614000)/",29500,100,1144700,34011000000,-300,true,-1.01
"KDH",140933,"/Date(1703142613000)/",29500,200,1144600,34008000000,-300,true,-1.01
"KDH",140933,"/Date(1703142612000)/",29500,2800,1144400,34002000000,-300,true,-1.01
"KDH",140933,"/Date(1703142612000)/",29500,100,1141600,33919000000,-300,true,-1.01
"KDH",140933,"/Date(1703142612000)/",29500,100,1141500,33917000000,-300,true,-1.01
"KDH",140933,"/Date(1703142612000)/",29500,800,1141400,33914000000,-300,true,-1.01
"KDH",140933,"/Date(1703142612000)/",29500,1000,1140600,33890000000,-300,true,-1.01
"KDH",140933,"/Date(1703142612000)/",29500,100,1139600,33860000000,-300,true,-1.01
"KDH",140933,"/Date(1703142612000)/",29500,400,1139500,33858000000,-300,true,-1.01
"KDH",140933,"/Date(1703142612000)/",29500,1000,1139100,33846000000,-300,true,-1.01
"KDH",140933,"/Date(1703142612000)/",29500,1000,1138100,33816000000,-300,true,-1.01
"KDH",140933,"/Date(1703142612000)/",29500,300,1137100,33787000000,-300,true,-1.01
"KDH",140933,"/Date(1703142612000)/",29500,100,1136800,33778000000,-300,true,-1.01
"KDH",140933,"/Date(1703142612000)/",29500,1000,1136700,33775000000,-300,true,-1.01
"KDH",140933,"/Date(1703142612000)/",29500,20000,1135700,33745000000,-300,true,-1.01
"KDH",140933,"/Date(1703142612000)/",29500,100,1115700,33155000000,-300,true,-1.01
"KDH",140933,"/Date(1703142612000)/",29500,200,1115600,33152000000,-300,true,-1.01
"KDH",140933,"/Date(1703142612000)/",29500,1000,1115400,33147000000,-300,true,-1.01
"KDH",140933,"/Date(1703142612000)/",29500,2000,1114400,33117000000,-300,true,-1.01
"KDH",140933,"/Date(1703142612000)/",29500,100,1112400,33058000000,-300,true,-1.01
"KDH",140933,"/Date(1703142612000)/",29500,100,1112300,33055000000,-300,true,-1.01
"KDH",140933,"/Date(1703142612000)/",29500,200,1112200,33052000000,-300,true,-1.01
"KDH",140933,"/Date(1703142612000)/",29500,2000,1112000,33046000000,-300,true,-1.01
"KDH",140933,"/Date(1703142612000)/",29500,4300,1110000,32987000000,-300,true,-1.01
"KDH",140933,"/Date(1703142612000)/",29500,100,1105700,32860000000,-300,true,-1.01
"KDH",140933,"/Date(1703142612000)/",29500,600,1105600,32857000000,-300,true,-1.01
"KDH",140933,"/Date(1703142612000)/",29500,500,1105000,32840000000,-300,true,-1.01
"KDH",140933,"/Date(1703142612000)/",29500,2000,1104500,32825000000,-300,true,-1.01
"KDH",140933,"/Date(1703142612000)/",29500,500,1102500,32766000000,-300,true,-1.01
"KDH",140933,"/Date(1703142612000)/",29500,500,1102000,32751000000,-300,true,-1.01
"KDH",140933,"/Date(1703142612000)/",29500,500,1101500,32737000000,-300,true,-1.01
"KDH",140933,"/Date(1703142612000)/",29500,100,1101000,32722000000,-300,true,-1.01
"KDH",140933,"/Date(1703142612000)/",29500,300,1100900,32719000000,-300,true,-1.01
"KDH",140933,"/Date(1703142612000)/",29500,2000,1100600,32710000000,-300,true,-1.01
"KDH",140933,"/Date(1703142612000)/",29500,100,1098600,32651000000,-300,true,-1.01
"KDH",140933,"/Date(1703142612000)/",29500,100,1098500,32648000000,-300,true,-1.01
"KDH",140933,"/Date(1703142612000)/",29500,1000,1098400,32645000000,-300,true,-1.01
"KDH",140933,"/Date(1703142612000)/",29500,100,1097400,32616000000,-300,true,-1.01
"KDH",140933,"/Date(1703142612000)/",29500,1000,1097300,32613000000,-300,true,-1.01
"KDH",140933,"/Date(1703142612000)/",29500,100,1096300,32583000000,-300,true,-1.01
"KDH",140933,"/Date(1703142612000)/",29500,1000,1096200,32580000000,-300,true,-1.01
"KDH",140933,"/Date(1703142612000)/",29500,500,1095200,32551000000,-300,true,-1.01
"KDH",140933,"/Date(1703142612000)/",29500,100,1094700,32536000000,-300,true,-1.01
"KDH",140933,"/Date(1703142612000)/",29500,200,1094600,32533000000,-300,true,-1.01
"KDH",140933,"/Date(1703142612000)/",29500,1500,1094400,32527000000,-300,true,-1.01
"KDH",140933,"/Date(1703142612000)/",29500,100,1092900,32483000000,-300,true,-1.01
"KDH",140933,"/Date(1703142612000)/",29500,200,1092800,32480000000,-300,true,-1.01
"KDH",140933,"/Date(1703142612000)/",29500,1000,1092600,32474000000,-300,true,-1.01
"KDH",140933,"/Date(1703142612000)/",29500,100,1091600,32444000000,-300,true,-1.01
"KDH",140933,"/Date(1703142612000)/",29500,100,1091500,32442000000,-300,true,-1.01
"KDH",140933,"/Date(1703142612000)/",29500,300,1091400,32439000000,-300,true,-1.01
"KDH",140933,"/Date(1703142612000)/",29500,100,1091100,32430000000,-300,true,-1.01
"KDH",140933,"/Date(1703142612000)/",29500,200,1091000,32427000000,-300,true,-1.01
"KDH",140933,"/Date(1703142612000)/",29550,100,1090800,32421000000,-250,true,-0.84
"KDH",140933,"/Date(1703142612000)/",29550,100,1090700,32418000000,-250,true,-0.84
"KDH",140933,"/Date(1703142612000)/",29550,2000,1090600,32415000000,-250,true,-0.84
"KDH",140933,"/Date(1703142612000)/",29550,100,1088600,32356000000,-250,true,-0.84
"KDH",140933,"/Date(1703142612000)/",29550,1000,1088500,32353000000,-250,true,-0.84
"KDH",140933,"/Date(1703142612000)/",29550,200,1087500,32323000000,-250,true,-0.84
"KDH",140933,"/Date(1703142612000)/",29550,100,1087300,32317000000,-250,true,-0.84
"KDH",140933,"/Date(1703142612000)/",29550,1000,1087200,32315000000,-250,true,-0.84
"KDH",140933,"/Date(1703142612000)/",29550,500,1086200,32285000000,-250,true,-0.84
"KDH",140933,"/Date(1703142612000)/",29550,3300,1085700,32270000000,-250,true,-0.84
"KDH",140933,"/Date(1703142612000)/",29550,5000,1082400,32173000000,-250,true,-0.84
"KDH",140933,"/Date(1703142612000)/",29550,2000,1077400,32025000000,-250,true,-0.84
"KDH",140933,"/Date(1703142612000)/",29550,500,1075400,31966000000,-250,true,-0.84
"KDH",140933,"/Date(1703142612000)/",29550,100,1074900,31951000000,-250,true,-0.84
"KDH",140933,"/Date(1703142612000)/",29550,100,1074800,31948000000,-250,true,-0.84
"KDH",140933,"/Date(1703142612000)/",29550,200,1074700,31945000000,-250,true,-0.84
"KDH",140933,"/Date(1703142612000)/",29550,100,1074500,31939000000,-250,true,-0.84
"KDH",140930,"/Date(1703142611000)/",29550,100,1074400,31936000000,-250,true,-0.84
"KDH",140930,"/Date(1703142609000)/",29550,100,1074300,31933000000,-250,true,-0.84
"KDH",140930,"/Date(1703142609000)/",29550,1000,1074200,31930000000,-250,true,-0.84
"KDH",140930,"/Date(1703142609000)/",29550,100,1073200,31901000000,-250,true,-0.84
"KDH",140927,"/Date(1703142605000)/",29550,100,1073100,31898000000,-250,true,-0.84
"KDH",140917,"/Date(1703142596000)/",29550,100,1073000,31895000000,-250,true,-0.84
"KDH",140914,"/Date(1703142594000)/",29600,100,1072900,31892000000,-200,false,-0.67
"KDH",140908,"/Date(1703142588000)/",29650,900,1072800,31889000000,-150,false,-0.5
"KDH",140908,"/Date(1703142587000)/",29550,100,1071900,31862000000,-250,true,-0.84
"KDH",140901,"/Date(1703142580000)/",29550,100,1071800,31859000000,-250,true,-0.84
"KDH",140858,"/Date(1703142578000)/",29550,200,1071700,31856000000,-250,true,-0.84
"KDH",140858,"/Date(1703142576000)/",29550,400,1071500,31850000000,-250,true,-0.84
"KDH",140858,"/Date(1703142576000)/",29550,800,1071100,31839000000,-250,true,-0.84
"KDH",140849,"/Date(1703142569000)/",29600,100,1070300,31815000000,-200,true,-0.67
"KDH",140842,"/Date(1703142561000)/",29600,100,1070200,31812000000,-200,true,-0.67
"KDH",140842,"/Date(1703142560000)/",29600,100,1070100,31809000000,-200,true,-0.67
"KDH",140839,"/Date(1703142558000)/",29650,600,1070000,31806000000,-150,false,-0.5
"KDH",140839,"/Date(1703142558000)/",29650,300,1069400,31788000000,-150,false,-0.5
"KDH",140832,"/Date(1703142550000)/",29600,300,1069100,31779000000,-200,true,-0.67
"KDH",140832,"/Date(1703142550000)/",29600,300,1068800,31771000000,-200,true,-0.67
"KDH",140829,"/Date(1703142547000)/",29600,100,1068500,31762000000,-200,false,-0.67
"KDH",140826,"/Date(1703142543000)/",29550,1200,1068400,31759000000,-250,true,-0.84
"KDH",140823,"/Date(1703142541000)/",29600,500,1067200,31723000000,-200,false,-0.67
"KDH",140823,"/Date(1703142541000)/",29600,500,1066700,31708000000,-200,false,-0.67
"KDH",140823,"/Date(1703142541000)/",29600,500,1066200,31694000000,-200,false,-0.67
"KDH",140823,"/Date(1703142541000)/",29600,500,1065700,31679000000,-200,false,-0.67
"KDH",140823,"/Date(1703142541000)/",29600,1000,1065200,31664000000,-200,false,-0.67
"KDH",140823,"/Date(1703142540000)/",29550,100,1064200,31634000000,-250,true,-0.84
"KDH",140813,"/Date(1703142531000)/",29550,100,1064100,31632000000,-250,true,-0.84
"KDH",140810,"/Date(1703142528000)/",29600,900,1064000,31629000000,-200,false,-0.67
"KDH",140804,"/Date(1703142522000)/",29550,200,1063100,31602000000,-250,true,-0.84
"KDH",140800,"/Date(1703142521000)/",29550,100,1062900,31596000000,-250,true,-0.84
"KDH",140754,"/Date(1703142513000)/",29550,100,1062800,31593000000,-250,true,-0.84
"KDH",140751,"/Date(1703142511000)/",29550,1100,1062700,31590000000,-250,true,-0.84
"KDH",140751,"/Date(1703142510000)/",29550,100,1061600,31558000000,-250,true,-0.84
"KDH",140751,"/Date(1703142509000)/",29600,100,1061500,31555000000,-200,false,-0.67
"KDH",140751,"/Date(1703142509000)/",29600,900,1061400,31552000000,-200,false,-0.67
"KDH",140744,"/Date(1703142504000)/",29550,200,1060500,31525000000,-250,true,-0.84
"KDH",140741,"/Date(1703142500000)/",29550,100,1060300,31519000000,-250,true,-0.84
"KDH",140738,"/Date(1703142498000)/",29600,900,1060200,31516000000,-200,false,-0.67
"KDH",140735,"/Date(1703142495000)/",29550,100,1059300,31490000000,-250,true,-0.84
"KDH",140732,"/Date(1703142491000)/",29550,300,1059200,31487000000,-250,true,-0.84
"KDH",140728,"/Date(1703142486000)/",29550,100,1058900,31478000000,-250,true,-0.84
"KDH",140722,"/Date(1703142481000)/",29600,100,1058800,31475000000,-200,true,-0.67
"KDH",140722,"/Date(1703142481000)/",29600,1000,1058700,31472000000,-200,true,-0.67
"KDH",140722,"/Date(1703142481000)/",29600,1000,1057700,31442000000,-200,true,-0.67
"KDH",140722,"/Date(1703142481000)/",29600,1600,1056700,31413000000,-200,true,-0.67
"KDH",140722,"/Date(1703142480000)/",29600,100,1055100,31365000000,-200,true,-0.67
"KDH",140719,"/Date(1703142478000)/",29600,1100,1055000,31362000000,-200,true,-0.67
"KDH",140719,"/Date(1703142477000)/",29600,200,1053900,31330000000,-200,true,-0.67
"KDH",140709,"/Date(1703142469000)/",29600,200,1053700,31324000000,-200,true,-0.67
"KDH",140709,"/Date(1703142468000)/",29650,900,1053500,31318000000,-150,false,-0.5
"KDH",140700,"/Date(1703142459000)/",29600,100,1052600,31291000000,-200,true,-0.67
"KDH",140650,"/Date(1703142451000)/",29600,100,1052500,31288000000,-200,true,-0.67
"KDH",140647,"/Date(1703142446000)/",29600,1100,1052400,31285000000,-200,false,-0.67
"KDH",140647,"/Date(1703142445000)/",29600,100,1051300,31253000000,-200,false,-0.67
"KDH",140647,"/Date(1703142445000)/",29600,400,1051200,31250000000,-200,false,-0.67
"KDH",140647,"/Date(1703142444000)/",29600,200,1050800,31238000000,-200,false,-0.67
"KDH",140641,"/Date(1703142440000)/",29550,100,1050600,31232000000,-250,true,-0.84
"KDH",140637,"/Date(1703142438000)/",29600,900,1050500,31229000000,-200,false,-0.67
"KDH",140631,"/Date(1703142431000)/",29550,100,1049600,31202000000,-250,true,-0.84
"KDH",140631,"/Date(1703142431000)/",29550,100,1049500,31199000000,-250,true,-0.84
"KDH",140625,"/Date(1703142423000)/",29550,100,1049400,31197000000,-250,true,-0.84
"KDH",140625,"/Date(1703142423000)/",29550,100,1049300,31194000000,-250,true,-0.84
"KDH",140621,"/Date(1703142420000)/",29550,100,1049200,31191000000,-250,true,-0.84
"KDH",140615,"/Date(1703142413000)/",29600,200,1049100,31188000000,-200,false,-0.67
"KDH",140615,"/Date(1703142413000)/",29600,800,1048900,31182000000,-200,false,-0.67
"KDH",140615,"/Date(1703142413000)/",29600,300,1048100,31158000000,-200,false,-0.67
"KDH",140612,"/Date(1703142411000)/",29600,400,1047800,31149000000,-200,true,-0.67
"KDH",140609,"/Date(1703142408000)/",29600,1300,1047400,31137000000,-200,true,-0.67
"KDH",140609,"/Date(1703142408000)/",29600,2000,1046100,31099000000,-200,true,-0.67
"KDH",140609,"/Date(1703142408000)/",29600,1700,1044100,31040000000,-200,true,-0.67
"KDH",140609,"/Date(1703142407000)/",29650,600,1042400,30989000000,-150,false,-0.5
"KDH",140609,"/Date(1703142407000)/",29650,300,1041800,30972000000,-150,false,-0.5
"KDH",140605,"/Date(1703142404000)/",29600,100,1041500,30963000000,-200,true,-0.67
"KDH",140602,"/Date(1703142401000)/",29600,100,1041400,30960000000,-200,true,-0.67
"KDH",140556,"/Date(1703142395000)/",29600,100,1041300,30957000000,-200,true,-0.67
"KDH",140553,"/Date(1703142393000)/",29650,1500,1041200,30954000000,-150,false,-0.5
"KDH",140546,"/Date(1703142386000)/",29650,200,1039700,30909000000,-150,true,-0.5
"KDH",140543,"/Date(1703142380000)/",29650,100,1039500,30903000000,-150,true,-0.5
"KDH",140540,"/Date(1703142380000)/",29650,200,1039400,30900000000,-150,true,-0.5
"KDH",140540,"/Date(1703142380000)/",29650,900,1039200,30894000000,-150,true,-0.5
"KDH",140540,"/Date(1703142377000)/",29700,900,1038300,30868000000,-100,false,-0.34
"KDH",140537,"/Date(1703142377000)/",29650,100,1037400,30841000000,-150,true,-0.5
"KDH",140530,"/Date(1703142368000)/",29650,100,1037300,30838000000,-150,true,-0.5
"KDH",140521,"/Date(1703142361000)/",29650,300,1037200,30835000000,-150,true,-0.5
"KDH",140521,"/Date(1703142358000)/",29650,100,1036900,30826000000,-150,true,-0.5
"KDH",140514,"/Date(1703142354000)/",29650,200,1036800,30823000000,-150,true,-0.5
"KDH",140511,"/Date(1703142350000)/",29550,100,1036600,30817000000,-250,true,-0.84
"KDH",140511,"/Date(1703142350000)/",29600,500,1036500,30814000000,-200,true,-0.67
"KDH",140511,"/Date(1703142350000)/",29600,500,1036000,30800000000,-200,true,-0.67
"KDH",140511,"/Date(1703142350000)/",29600,1000,1035500,30785000000,-200,true,-0.67
"KDH",140511,"/Date(1703142350000)/",29600,1000,1034500,30755000000,-200,true,-0.67
"KDH",140511,"/Date(1703142350000)/",29600,100,1033500,30726000000,-200,true,-0.67
"KDH",140511,"/Date(1703142350000)/",29600,500,1033400,30723000000,-200,true,-0.67
"KDH",140511,"/Date(1703142350000)/",29600,400,1032900,30708000000,-200,true,-0.67
"KDH",140511,"/Date(1703142350000)/",29600,100,1032500,30696000000,-200,true,-0.67
"KDH",140508,"/Date(1703142347000)/",29600,500,1032400,30693000000,-200,true,-0.67
"KDH",140508,"/Date(1703142347000)/",29600,200,1031900,30678000000,-200,true,-0.67
"KDH",140508,"/Date(1703142347000)/",29600,100,1031700,30672000000,-200,true,-0.67
"KDH",140508,"/Date(1703142347000)/",29600,300,1031600,30669000000,-200,true,-0.67
"KDH",140508,"/Date(1703142347000)/",29700,100,1031300,30660000000,-100,false,-0.34
"KDH",140508,"/Date(1703142347000)/",29700,300,1031200,30657000000,-100,false,-0.34
"KDH",140508,"/Date(1703142347000)/",29700,400,1030900,30649000000,-100,false,-0.34
"KDH",140508,"/Date(1703142347000)/",29650,100,1030500,30637000000,-150,false,-0.5
"KDH",140502,"/Date(1703142340000)/",29600,1000,1030400,30634000000,-200,true,-0.67
"KDH",140502,"/Date(1703142340000)/",29600,20000,1029400,30604000000,-200,true,-0.67
"KDH",140502,"/Date(1703142340000)/",29600,200,1009400,30012000000,-200,true,-0.67
"KDH",140502,"/Date(1703142340000)/",29600,100,1009200,30006000000,-200,true,-0.67
"KDH",140502,"/Date(1703142340000)/",29600,100,1009100,30003000000,-200,true,-0.67
"KDH",140502,"/Date(1703142340000)/",29600,1800,1009000,30000000000,-200,true,-0.67
"KDH",140502,"/Date(1703142340000)/",29600,100,1007200,29947000000,-200,true,-0.67
"KDH",140502,"/Date(1703142340000)/",29600,500,1007100,29944000000,-200,true,-0.67
"KDH",140502,"/Date(1703142340000)/",29600,700,1006600,29929000000,-200,true,-0.67
"KDH",140502,"/Date(1703142340000)/",29600,100,1005900,29909000000,-200,true,-0.67
"KDH",140502,"/Date(1703142340000)/",29600,100,1005800,29906000000,-200,true,-0.67
"KDH",140502,"/Date(1703142340000)/",29600,200,1005700,29903000000,-200,true,-0.67
"KDH",140502,"/Date(1703142340000)/",29600,700,1005500,29897000000,-200,true,-0.67
"KDH",140502,"/Date(1703142340000)/",29600,1000,1004800,29876000000,-200,true,-0.67
"KDH",140502,"/Date(1703142340000)/",29600,1000,1003800,29846000000,-200,true,-0.67
"KDH",140502,"/Date(1703142340000)/",29600,200,1002800,29817000000,-200,true,-0.67
"KDH",140502,"/Date(1703142340000)/",29600,100,1002600,29811000000,-200,true,-0.67
"KDH",140502,"/Date(1703142340000)/",29600,300,1002500,29808000000,-200,true,-0.67
"KDH",140502,"/Date(1703142340000)/",29600,3000,1002200,29799000000,-200,true,-0.67
"KDH",140502,"/Date(1703142340000)/",29600,100,999200,29710000000,-200,true,-0.67
"KDH",140502,"/Date(1703142340000)/",29600,100,999100,29707000000,-200,true,-0.67
"KDH",140502,"/Date(1703142340000)/",29600,2000,999000,29704000000,-200,true,-0.67
"KDH",140502,"/Date(1703142340000)/",29600,100,997000,29645000000,-200,true,-0.67
"KDH",140502,"/Date(1703142340000)/",29600,100,996900,29642000000,-200,true,-0.67
"KDH",140502,"/Date(1703142340000)/",29600,1000,996800,29639000000,-200,true,-0.67
"KDH",140502,"/Date(1703142340000)/",29600,2000,995800,29610000000,-200,true,-0.67
"KDH",140502,"/Date(1703142340000)/",29600,1000,993800,29550000000,-200,true,-0.67
"KDH",140502,"/Date(1703142340000)/",29600,1000,992800,29521000000,-200,true,-0.67
"KDH",140502,"/Date(1703142340000)/",29600,1500,991800,29491000000,-200,true,-0.67
"KDH",140502,"/Date(1703142340000)/",29650,100,990300,29447000000,-150,true,-0.5
"KDH",140502,"/Date(1703142340000)/",29650,300,990200,29444000000,-150,true,-0.5
"KDH",140502,"/Date(1703142340000)/",29650,5000,989900,29435000000,-150,true,-0.5
"KDH",140502,"/Date(1703142340000)/",29650,2000,984900,29287000000,-150,true,-0.5
"KDH",140502,"/Date(1703142340000)/",29650,2500,982900,29227000000,-150,true,-0.5
"KDH",140452,"/Date(1703142332000)/",29650,100,980400,29153000000,-150,true,-0.5
"KDH",140446,"/Date(1703142323000)/",29650,200,980300,29150000000,-150,true,-0.5
"KDH",140442,"/Date(1703142320000)/",29650,100,980100,29144000000,-150,true,-0.5
"KDH",140439,"/Date(1703142317000)/",29700,900,980000,29141000000,-100,false,-0.34
"KDH",140436,"/Date(1703142315000)/",29650,100,979100,29115000000,-150,true,-0.5
"KDH",140436,"/Date(1703142315000)/",29650,100,979000,29112000000,-150,true,-0.5
"KDH",140436,"/Date(1703142315000)/",29650,900,978900,29109000000,-150,true,-0.5
"KDH",140436,"/Date(1703142313000)/",29650,100,978000,29082000000,-150,true,-0.5
"KDH",140427,"/Date(1703142304000)/",29650,100,977900,29079000000,-150,true,-0.5
"KDH",140417,"/Date(1703142297000)/",29650,200,977800,29076000000,-150,true,-0.5
"KDH",140411,"/Date(1703142291000)/",29650,100,977600,29070000000,-150,true,-0.5
"KDH",140407,"/Date(1703142287000)/",29650,200,977500,29067000000,-150,true,-0.5
"KDH",140407,"/Date(1703142287000)/",29700,900,977300,29061000000,-100,false,-0.34
"KDH",140404,"/Date(1703142283000)/",29650,1100,976400,29035000000,-150,true,-0.5
"KDH",140358,"/Date(1703142277000)/",29650,100,975300,29002000000,-150,true,-0.5
"KDH",140355,"/Date(1703142272000)/",29700,1000,975200,28999000000,-100,false,-0.34
"KDH",140348,"/Date(1703142268000)/",29650,100,974200,28969000000,-150,true,-0.5
"KDH",140342,"/Date(1703142259000)/",29650,100,974100,28966000000,-150,true,-0.5
"KDH",140339,"/Date(1703142257000)/",29700,900,974000,28963000000,-100,false,-0.34
"KDH",140332,"/Date(1703142251000)/",29600,200,973100,28937000000,-200,true,-0.67
"KDH",140332,"/Date(1703142250000)/",29600,500,972900,28931000000,-200,true,-0.67
"KDH",140332,"/Date(1703142250000)/",29650,600,972400,28916000000,-150,true,-0.5
"KDH",140329,"/Date(1703142247000)/",29650,100,971800,28898000000,-150,false,-0.5
"KDH",140329,"/Date(1703142247000)/",29650,300,971700,28895000000,-150,false,-0.5
"KDH",140326,"/Date(1703142243000)/",29650,200,971400,28886000000,-150,false,-0.5
"KDH",140323,"/Date(1703142241000)/",29650,1000,971200,28880000000,-150,false,-0.5
"KDH",140323,"/Date(1703142240000)/",29600,100,970200,28851000000,-200,true,-0.67
"KDH",140313,"/Date(1703142231000)/",29600,200,970100,28848000000,-200,true,-0.67
"KDH",140307,"/Date(1703142226000)/",29650,900,969900,28842000000,-150,false,-0.5
"KDH",140304,"/Date(1703142222000)/",29600,100,969000,28815000000,-200,true,-0.67
"KDH",140300,"/Date(1703142220000)/",29600,100,968900,28812000000,-200,true,-0.67
"KDH",140257,"/Date(1703142217000)/",29600,1100,968800,28809000000,-200,true,-0.67
"KDH",140254,"/Date(1703142211000)/",29650,600,967700,28777000000,-150,false,-0.5
"KDH",140251,"/Date(1703142211000)/",29650,100,967100,28759000000,-150,false,-0.5
"KDH",140251,"/Date(1703142211000)/",29650,300,967000,28756000000,-150,false,-0.5
"KDH",140244,"/Date(1703142203000)/",29600,100,966700,28747000000,-200,true,-0.67
"KDH",140238,"/Date(1703142196000)/",29700,900,966600,28744000000,-100,false,-0.34
"KDH",140235,"/Date(1703142194000)/",29600,100,965700,28717000000,-200,true,-0.67
"KDH",140235,"/Date(1703142192000)/",29650,1000,965600,28714000000,-150,true,-0.5
"KDH",140235,"/Date(1703142192000)/",29650,300,964600,28685000000,-150,true,-0.5
"KDH",140235,"/Date(1703142192000)/",29650,100,964300,28676000000,-150,true,-0.5
"KDH",140235,"/Date(1703142192000)/",29650,1600,964200,28673000000,-150,true,-0.5
"KDH",140232,"/Date(1703142190000)/",29650,200,962600,28625000000,-150,true,-0.5
"KDH",140232,"/Date(1703142189000)/",29650,1500,962400,28619000000,-150,true,-0.5
"KDH",140228,"/Date(1703142185000)/",29650,1100,960900,28575000000,-150,true,-0.5
"KDH",140225,"/Date(1703142184000)/",29650,100,959800,28542000000,-150,true,-0.5
"KDH",140219,"/Date(1703142176000)/",29650,100,959700,28539000000,-150,true,-0.5
"KDH",140212,"/Date(1703142170000)/",29650,300,959600,28536000000,-150,true,-0.5
"KDH",140209,"/Date(1703142167000)/",29650,100,959300,28528000000,-150,true,-0.5
"KDH",140206,"/Date(1703142166000)/",29750,400,959200,28525000000,-50,false,-0.17
"KDH",140206,"/Date(1703142166000)/",29750,500,958800,28513000000,-50,false,-0.17
"KDH",140203,"/Date(1703142162000)/",29650,300,958300,28498000000,-150,true,-0.5
"KDH",140203,"/Date(1703142162000)/",29650,1000,958000,28489000000,-150,true,-0.5
"KDH",140203,"/Date(1703142162000)/",29650,1200,957000,28459000000,-150,true,-0.5
"KDH",140203,"/Date(1703142162000)/",29650,500,955800,28424000000,-150,true,-0.5
"KDH",140203,"/Date(1703142160000)/",29650,500,955300,28409000000,-150,true,-0.5
"KDH",140159,"/Date(1703142157000)/",29650,100,954800,28394000000,-150,true,-0.5
"KDH",140156,"/Date(1703142155000)/",29650,900,954700,28391000000,-150,true,-0.5
"KDH",140156,"/Date(1703142155000)/",29650,100,953800,28364000000,-150,true,-0.5
"KDH",140156,"/Date(1703142155000)/",29650,2800,953700,28361000000,-150,true,-0.5
"KDH",140156,"/Date(1703142155000)/",29650,500,950900,28278000000,-150,true,-0.5
"KDH",140156,"/Date(1703142155000)/",29650,1700,950400,28264000000,-150,true,-0.5
"KDH",140153,"/Date(1703142153000)/",29650,300,948700,28213000000,-150,true,-0.5
"KDH",140153,"/Date(1703142153000)/",29650,800,948400,28204000000,-150,true,-0.5
"KDH",140150,"/Date(1703142148000)/",29650,100,947600,28181000000,-150,true,-0.5
"KDH",140140,"/Date(1703142139000)/",29650,100,947500,28178000000,-150,true,-0.5
"KDH",140137,"/Date(1703142136000)/",29750,900,947400,28175000000,-50,false,-0.17
"KDH",140134,"/Date(1703142131000)/",29650,100,946500,28148000000,-150,true,-0.5
"KDH",140124,"/Date(1703142122000)/",29650,100,946400,28145000000,-150,true,-0.5
"KDH",140121,"/Date(1703142120000)/",29650,300,946300,28142000000,-150,true,-0.5
"KDH",140121,"/Date(1703142120000)/",29650,700,946000,28133000000,-150,true,-0.5
"KDH",140108,"/Date(1703142108000)/",29700,100,945300,28112000000,-100,false,-0.34
"KDH",140108,"/Date(1703142106000)/",29700,900,945200,28109000000,-100,false,-0.34
"KDH",140108,"/Date(1703142102000)/",29650,100,944300,28083000000,-150,true,-0.5
"KDH",140055,"/Date(1703142093000)/",29650,200,944200,28080000000,-150,true,-0.5
"KDH",140049,"/Date(1703142087000)/",29650,1000,944000,28074000000,-150,true,-0.5
"KDH",140046,"/Date(1703142084000)/",29650,100,943000,28044000000,-150,true,-0.5
"KDH",140036,"/Date(1703142076000)/",29700,900,942900,28041000000,-100,false,-0.34
"KDH",140036,"/Date(1703142075000)/",29650,100,942000,28014000000,-150,true,-0.5
"KDH",140033,"/Date(1703142070000)/",29650,100,941900,28011000000,-150,true,-0.5
"KDH",140033,"/Date(1703142070000)/",29650,400,941800,28008000000,-150,true,-0.5
"KDH",140030,"/Date(1703142070000)/",29650,100,941400,27996000000,-150,true,-0.5
"KDH",140030,"/Date(1703142070000)/",29650,300,941300,27994000000,-150,true,-0.5
"KDH",140030,"/Date(1703142070000)/",29650,400,941000,27985000000,-150,true,-0.5
"KDH",140027,"/Date(1703142066000)/",29650,200,940600,27973000000,-150,true,-0.5
"KDH",140017,"/Date(1703142057000)/",29650,100,940400,27967000000,-150,true,-0.5
"KDH",140017,"/Date(1703142055000)/",29650,1000,940300,27964000000,-150,true,-0.5
"KDH",140011,"/Date(1703142048000)/",29650,100,939300,27934000000,-150,true,-0.5
"KDH",140011,"/Date(1703142048000)/",29650,100,939200,27931000000,-150,true,-0.5
"KDH",140008,"/Date(1703142046000)/",29750,900,939100,27928000000,-50,false,-0.17
"KDH",140001,"/Date(1703142039000)/",29650,100,938200,27902000000,-150,true,-0.5
"KDH",135952,"/Date(1703142030000)/",29650,100,938100,27899000000,-150,true,-0.5
"KDH",135952,"/Date(1703142030000)/",29650,200,938000,27896000000,-150,true,-0.5
"KDH",135945,"/Date(1703142022000)/",29650,1000,937800,27890000000,-150,true,-0.5
"KDH",135942,"/Date(1703142021000)/",29650,100,936800,27860000000,-150,true,-0.5
"KDH",135939,"/Date(1703142016000)/",29800,500,936700,27857000000,0,false,0
"KDH",135939,"/Date(1703142016000)/",29800,400,936200,27842000000,0,false,0
"KDH",135932,"/Date(1703142012000)/",29650,200,935800,27830000000,-150,true,-0.5
"KDH",135926,"/Date(1703142003000)/",29650,100,935600,27824000000,-150,true,-0.5
"KDH",135923,"/Date(1703142001000)/",29650,300,935500,27821000000,-150,true,-0.5
"KDH",135916,"/Date(1703141994000)/",29650,100,935200,27812000000,-150,true,-0.5
"KDH",135913,"/Date(1703141990000)/",29650,3700,935100,27809000000,-150,true,-0.5
"KDH",135913,"/Date(1703141990000)/",29650,800,931400,27700000000,-150,true,-0.5
"KDH",135913,"/Date(1703141990000)/",29650,200,930600,27676000000,-150,true,-0.5
"KDH",135907,"/Date(1703141985000)/",29800,900,930400,27670000000,0,false,0
"KDH",135907,"/Date(1703141985000)/",29650,100,929500,27643000000,-150,true,-0.5
"KDH",135903,"/Date(1703141983000)/",29650,400,929400,27640000000,-150,true,-0.5
"KDH",135903,"/Date(1703141983000)/",29650,1000,929000,27628000000,-150,true,-0.5
"KDH",135903,"/Date(1703141983000)/",29650,100,928000,27599000000,-150,true,-0.5
"KDH",135903,"/Date(1703141983000)/",29650,500,927900,27596000000,-150,true,-0.5
"KDH",135903,"/Date(1703141983000)/",29650,14000,927400,27581000000,-150,true,-0.5
"KDH",135903,"/Date(1703141983000)/",29650,800,913400,27166000000,-150,true,-0.5
"KDH",135903,"/Date(1703141983000)/",29650,2000,912600,27142000000,-150,true,-0.5
"KDH",135903,"/Date(1703141983000)/",29650,500,910600,27083000000,-150,true,-0.5
"KDH",135903,"/Date(1703141983000)/",29650,200,910100,27068000000,-150,true,-0.5
"KDH",135903,"/Date(1703141983000)/",29650,1000,909900,27062000000,-150,true,-0.5
"KDH",135903,"/Date(1703141983000)/",29650,200,908900,27033000000,-150,true,-0.5
"KDH",135903,"/Date(1703141983000)/",29650,2000,908700,27027000000,-150,true,-0.5
"KDH",135903,"/Date(1703141983000)/",29650,900,906700,26967000000,-150,true,-0.5
"KDH",135903,"/Date(1703141983000)/",29650,100,905800,26941000000,-150,true,-0.5
"KDH",135903,"/Date(1703141983000)/",29650,300,905700,26938000000,-150,true,-0.5
"KDH",135903,"/Date(1703141983000)/",29650,100,905400,26929000000,-150,true,-0.5
"KDH",135903,"/Date(1703141983000)/",29650,5000,905300,26926000000,-150,true,-0.5
"KDH",135903,"/Date(1703141983000)/",29650,600,900300,26778000000,-150,true,-0.5
"KDH",135903,"/Date(1703141983000)/",29650,1300,899700,26760000000,-150,true,-0.5
"KDH",135903,"/Date(1703141983000)/",29700,3000,898400,26721000000,-100,true,-0.34
"KDH",135903,"/Date(1703141983000)/",29700,500,895400,26632000000,-100,true,-0.34
"KDH",135903,"/Date(1703141983000)/",29700,3000,894900,26617000000,-100,true,-0.34
"KDH",135903,"/Date(1703141983000)/",29700,700,891900,26528000000,-100,true,-0.34
"KDH",135903,"/Date(1703141983000)/",29700,3000,891200,26507000000,-100,true,-0.34
"KDH",135903,"/Date(1703141983000)/",29700,100,888200,26418000000,-100,true,-0.34
"KDH",135903,"/Date(1703141983000)/",29700,500,888100,26415000000,-100,true,-0.34
"KDH",135903,"/Date(1703141983000)/",29700,300,887600,26400000000,-100,true,-0.34
"KDH",135903,"/Date(1703141983000)/",29700,400,887300,26392000000,-100,true,-0.34
"KDH",135903,"/Date(1703141983000)/",29750,500,886900,26380000000,-50,true,-0.17
"KDH",135903,"/Date(1703141983000)/",29750,1300,886400,26365000000,-50,true,-0.17
"KDH",135857,"/Date(1703141976000)/",29750,100,885100,26326000000,-50,true,-0.17
"KDH",135847,"/Date(1703141967000)/",29750,100,885000,26323000000,-50,true,-0.17
"KDH",135847,"/Date(1703141967000)/",29750,100,884900,26320000000,-50,true,-0.17
"KDH",135841,"/Date(1703141961000)/",29750,100,884800,26317000000,-50,true,-0.17
"KDH",135841,"/Date(1703141958000)/",29750,100,884700,26314000000,-50,true,-0.17
"KDH",135838,"/Date(1703141957000)/",29750,100,884600,26311000000,-50,true,-0.17
"KDH",135838,"/Date(1703141957000)/",29750,900,884500,26308000000,-50,true,-0.17
"KDH",135838,"/Date(1703141955000)/",29800,700,883600,26281000000,0,false,0
"KDH",135838,"/Date(1703141955000)/",29800,200,882900,26261000000,0,false,0
"KDH",135832,"/Date(1703141949000)/",29750,100,882700,26255000000,-50,true,-0.17
"KDH",135822,"/Date(1703141940000)/",29750,100,882600,26252000000,-50,true,-0.17
"KDH",135812,"/Date(1703141930000)/",29750,100,882500,26249000000,-50,true,-0.17
"KDH",135812,"/Date(1703141930000)/",29750,200,882400,26246000000,-50,true,-0.17
"KDH",135812,"/Date(1703141930000)/",29800,100,882200,26240000000,0,false,0
"KDH",135806,"/Date(1703141925000)/",29800,900,882100,26237000000,0,false,0
"KDH",135806,"/Date(1703141925000)/",29750,1000,881200,26210000000,-50,true,-0.17
"KDH",135803,"/Date(1703141921000)/",29750,100,880200,26180000000,-50,true,-0.17
"KDH",135753,"/Date(1703141911000)/",29800,200,880100,26177000000,0,false,0
"KDH",135753,"/Date(1703141911000)/",29750,100,879900,26171000000,-50,true,-0.17
"KDH",135744,"/Date(1703141902000)/",29750,200,879800,26168000000,-50,false,-0.17
"KDH",135744,"/Date(1703141902000)/",29750,400,879600,26162000000,-50,false,-0.17
"KDH",135744,"/Date(1703141902000)/",29750,400,879200,26150000000,-50,false,-0.17
"KDH",135744,"/Date(1703141902000)/",29750,600,878800,26139000000,-50,false,-0.17
"KDH",135744,"/Date(1703141902000)/",29700,100,878200,26121000000,-100,true,-0.34
"KDH",135744,"/Date(1703141901000)/",29700,100,878100,26118000000,-100,true,-0.34
"KDH",135737,"/Date(1703141895000)/",29750,900,878000,26115000000,-50,false,-0.17
"KDH",135734,"/Date(1703141893000)/",29700,100,877100,26088000000,-100,true,-0.34
"KDH",135734,"/Date(1703141892000)/",29700,300,877000,26085000000,-100,true,-0.34
"KDH",135734,"/Date(1703141892000)/",29700,100,876700,26076000000,-100,true,-0.34
"KDH",135734,"/Date(1703141892000)/",29700,200,876600,26073000000,-100,true,-0.34
"KDH",135734,"/Date(1703141892000)/",29700,400,876400,26067000000,-100,true,-0.34
"KDH",135724,"/Date(1703141884000)/",29700,100,876000,26055000000,-100,true,-0.34
"KDH",135718,"/Date(1703141875000)/",29700,100,875900,26052000000,-100,true,-0.34
"KDH",135712,"/Date(1703141871000)/",29700,100,875800,26049000000,-100,true,-0.34
"KDH",135708,"/Date(1703141866000)/",29700,100,875700,26046000000,-100,true,-0.34
"KDH",135708,"/Date(1703141865000)/",29750,900,875600,26043000000,-50,false,-0.17
"KDH",135702,"/Date(1703141861000)/",29750,400,874700,26017000000,-50,false,-0.17
"KDH",135702,"/Date(1703141859000)/",29700,1000,874300,26005000000,-100,true,-0.34
"KDH",135659,"/Date(1703141857000)/",29700,100,873300,25975000000,-100,true,-0.34
"KDH",135649,"/Date(1703141848000)/",29700,100,873200,25972000000,-100,true,-0.34
"KDH",135640,"/Date(1703141839000)/",29700,100,873100,25969000000,-100,true,-0.34
"KDH",135637,"/Date(1703141835000)/",29750,900,873000,25966000000,-50,false,-0.17
"KDH",135633,"/Date(1703141830000)/",29700,100,872100,25939000000,-100,true,-0.34
"KDH",135633,"/Date(1703141830000)/",29700,200,872000,25936000000,-100,true,-0.34
"KDH",135630,"/Date(1703141827000)/",29700,600,871800,25930000000,-100,true,-0.34
"KDH",135630,"/Date(1703141827000)/",29700,400,871200,25913000000,-100,true,-0.34
"KDH",135624,"/Date(1703141821000)/",29700,100,870800,25901000000,-100,true,-0.34
"KDH",135614,"/Date(1703141812000)/",29700,100,870700,25898000000,-100,true,-0.34
"KDH",135608,"/Date(1703141805000)/",29750,100,870600,25895000000,-50,false,-0.17
"KDH",135608,"/Date(1703141805000)/",29750,400,870500,25892000000,-50,false,-0.17
"KDH",135608,"/Date(1703141805000)/",29750,400,870100,25880000000,-50,false,-0.17
"KDH",135605,"/Date(1703141803000)/",29700,100,869700,25868000000,-100,true,-0.34
"KDH",135555,"/Date(1703141794000)/",29700,1000,869600,25865000000,-100,true,-0.34
"KDH",135555,"/Date(1703141794000)/",29700,200,868600,25835000000,-100,true,-0.34
"KDH",135546,"/Date(1703141785000)/",29700,100,868400,25829000000,-100,true,-0.34
"KDH",135539,"/Date(1703141776000)/",29700,200,868300,25826000000,-100,true,-0.34
"KDH",135536,"/Date(1703141775000)/",29750,900,868100,25821000000,-50,false,-0.17
"KDH",135529,"/Date(1703141766000)/",29700,200,867200,25794000000,-100,true,-0.34
"KDH",135523,"/Date(1703141761000)/",29700,1000,867000,25788000000,-100,true,-0.34
"KDH",135520,"/Date(1703141757000)/",29700,100,866000,25758000000,-100,true,-0.34
"KDH",135510,"/Date(1703141749000)/",29700,200,865900,25755000000,-100,true,-0.34
"KDH",135507,"/Date(1703141745000)/",29750,900,865700,25749000000,-50,false,-0.17
"KDH",135504,"/Date(1703141741000)/",29750,100,864800,25722000000,-50,false,-0.17
"KDH",135501,"/Date(1703141740000)/",29700,200,864700,25719000000,-100,true,-0.34
"KDH",135454,"/Date(1703141731000)/",29700,200,864500,25714000000,-100,true,-0.34
"KDH",135451,"/Date(1703141729000)/",29700,900,864300,25708000000,-100,true,-0.34
"KDH",135451,"/Date(1703141729000)/",29700,100,863400,25681000000,-100,true,-0.34
"KDH",135445,"/Date(1703141722000)/",29700,100,863300,25678000000,-100,true,-0.34
"KDH",135438,"/Date(1703141715000)/",29750,900,863200,25675000000,-50,false,-0.17
"KDH",135435,"/Date(1703141712000)/",29700,100,862300,25648000000,-100,true,-0.34
"KDH",135426,"/Date(1703141703000)/",29700,100,862200,25645000000,-100,true,-0.34
"KDH",135419,"/Date(1703141696000)/",29700,100,862100,25642000000,-100,true,-0.34
"KDH",135419,"/Date(1703141696000)/",29700,900,862000,25639000000,-100,true,-0.34
"KDH",135416,"/Date(1703141694000)/",29700,100,861100,25612000000,-100,true,-0.34
"KDH",135410,"/Date(1703141686000)/",29700,100,861000,25610000000,-100,true,-0.34
"KDH",135406,"/Date(1703141685000)/",29750,900,860900,25607000000,-50,false,-0.17
"KDH",135400,"/Date(1703141676000)/",29700,100,860000,25580000000,-100,true,-0.34
"KDH",135351,"/Date(1703141667000)/",29700,200,859900,25577000000,-100,true,-0.34
"KDH",135347,"/Date(1703141664000)/",29700,1000,859700,25571000000,-100,true,-0.34
"KDH",135341,"/Date(1703141658000)/",29700,200,858700,25541000000,-100,true,-0.34
"KDH",135338,"/Date(1703141654000)/",29750,900,858500,25535000000,-50,false,-0.17
"KDH",135331,"/Date(1703141649000)/",29700,100,857600,25508000000,-100,true,-0.34
"KDH",135322,"/Date(1703141640000)/",29700,100,857500,25505000000,-100,true,-0.34
"KDH",135315,"/Date(1703141631000)/",29700,1000,857400,25503000000,-100,true,-0.34
"KDH",135315,"/Date(1703141631000)/",29700,100,856400,25473000000,-100,true,-0.34
"KDH",135306,"/Date(1703141624000)/",29800,900,856300,25470000000,0,false,0
"KDH",135306,"/Date(1703141622000)/",29700,100,855400,25443000000,-100,true,-0.34
"KDH",135256,"/Date(1703141613000)/",29750,100,855300,25440000000,-50,false,-0.17
"KDH",135244,"/Date(1703141601000)/",29700,100,855200,25437000000,-100,true,-0.34
"KDH",135240,"/Date(1703141599000)/",29700,1000,855100,25434000000,-100,true,-0.34
"KDH",135237,"/Date(1703141594000)/",29800,100,854100,25404000000,0,false,0
"KDH",135237,"/Date(1703141594000)/",29750,100,854000,25401000000,-50,false,-0.17
"KDH",135237,"/Date(1703141594000)/",29750,700,853900,25398000000,-50,false,-0.17
"KDH",135237,"/Date(1703141594000)/",29700,200,853200,25378000000,-100,true,-0.34
"KDH",135231,"/Date(1703141588000)/",29750,100,853000,25372000000,-50,false,-0.17
"KDH",135228,"/Date(1703141585000)/",29700,100,852900,25369000000,-100,true,-0.34
"KDH",135228,"/Date(1703141584000)/",29750,100,852800,25366000000,-50,false,-0.17
"KDH",135224,"/Date(1703141581000)/",29750,100,852700,25363000000,-50,false,-0.17
"KDH",135224,"/Date(1703141581000)/",29700,100,852600,25360000000,-100,true,-0.34
"KDH",135218,"/Date(1703141576000)/",29700,100,852500,25357000000,-100,true,-0.34
"KDH",135215,"/Date(1703141572000)/",29750,1000,852400,25354000000,-50,false,-0.17
"KDH",135215,"/Date(1703141571000)/",29700,300,851400,25324000000,-100,true,-0.34
"KDH",135208,"/Date(1703141567000)/",29700,100,851100,25315000000,-100,true,-0.34
"KDH",135208,"/Date(1703141566000)/",29700,1000,851000,25312000000,-100,true,-0.34
"KDH",135208,"/Date(1703141565000)/",29750,2000,850000,25283000000,-50,false,-0.17
"KDH",135208,"/Date(1703141564000)/",29750,100,848000,25223000000,-50,false,-0.17
"KDH",135208,"/Date(1703141564000)/",29750,900,847900,25220000000,-50,false,-0.17
"KDH",135202,"/Date(1703141558000)/",29700,100,847000,25193000000,-100,true,-0.34
"KDH",135152,"/Date(1703141549000)/",29700,200,846900,25190000000,-100,true,-0.34
"KDH",135143,"/Date(1703141541000)/",29700,100,846700,25184000000,-100,true,-0.34
"KDH",135143,"/Date(1703141540000)/",29700,100,846600,25181000000,-100,true,-0.34
"KDH",135136,"/Date(1703141534000)/",29800,600,846500,25178000000,0,false,0
"KDH",135136,"/Date(1703141534000)/",29800,300,845900,25161000000,0,false,0
"KDH",135136,"/Date(1703141533000)/",29700,200,845600,25152000000,-100,true,-0.34
"KDH",135136,"/Date(1703141533000)/",29700,800,845400,25146000000,-100,true,-0.34
"KDH",135133,"/Date(1703141531000)/",29700,100,844600,25122000000,-100,true,-0.34
"KDH",135124,"/Date(1703141522000)/",29700,200,844500,25119000000,-100,true,-0.34
"KDH",135117,"/Date(1703141513000)/",29700,200,844300,25113000000,-100,true,-0.34
"KDH",135114,"/Date(1703141510000)/",29700,100,844100,25107000000,-100,true,-0.34
"KDH",135107,"/Date(1703141504000)/",29700,100,844000,25104000000,-100,true,-0.34
"KDH",135107,"/Date(1703141504000)/",29800,700,843900,25101000000,0,false,0
"KDH",135107,"/Date(1703141504000)/",29800,200,843200,25080000000,0,false,0
"KDH",135104,"/Date(1703141500000)/",29700,500,843000,25074000000,-100,true,-0.34
"KDH",135104,"/Date(1703141500000)/",29700,500,842500,25059000000,-100,true,-0.34
"KDH",135058,"/Date(1703141495000)/",29700,100,842000,25045000000,-100,true,-0.34
"KDH",135048,"/Date(1703141486000)/",29700,100,841900,25042000000,-100,true,-0.34
"KDH",135039,"/Date(1703141477000)/",29700,100,841800,25039000000,-100,true,-0.34
"KDH",135035,"/Date(1703141474000)/",29800,900,841700,25036000000,0,false,0
"KDH",135029,"/Date(1703141468000)/",29700,100,840800,25009000000,-100,true,-0.34
"KDH",135029,"/Date(1703141467000)/",29700,600,840700,25006000000,-100,true,-0.34
"KDH",135029,"/Date(1703141467000)/",29700,400,840100,24988000000,-100,true,-0.34
"KDH",135023,"/Date(1703141459000)/",29750,100,839700,24976000000,-50,true,-0.17
"KDH",135020,"/Date(1703141456000)/",29750,100,839600,24973000000,-50,false,-0.17
"KDH",135007,"/Date(1703141444000)/",29800,400,839500,24970000000,0,false,0
"KDH",135007,"/Date(1703141444000)/",29800,500,839100,24958000000,0,false,0
"KDH",135004,"/Date(1703141442000)/",29750,100,838600,24943000000,-50,false,-0.17
"KDH",135004,"/Date(1703141442000)/",29750,200,838500,24940000000,-50,false,-0.17
"KDH",135004,"/Date(1703141440000)/",29700,100,838300,24934000000,-100,true,-0.34
"KDH",135004,"/Date(1703141439000)/",29700,200,838200,24932000000,-100,true,-0.34
"KDH",134957,"/Date(1703141433000)/",29700,300,838000,24926000000,-100,true,-0.34
"KDH",134957,"/Date(1703141433000)/",29700,700,837700,24917000000,-100,true,-0.34
"KDH",134954,"/Date(1703141431000)/",29700,100,837000,24896000000,-100,true,-0.34
"KDH",134954,"/Date(1703141430000)/",29750,200,836900,24893000000,-50,false,-0.17
"KDH",134944,"/Date(1703141422000)/",29750,200,836700,24887000000,-50,false,-0.17
"KDH",134944,"/Date(1703141421000)/",29700,100,836500,24881000000,-100,true,-0.34
"KDH",134944,"/Date(1703141420000)/",29700,100,836400,24878000000,-100,true,-0.34
"KDH",134941,"/Date(1703141417000)/",29750,100,836300,24875000000,-50,false,-0.17
"KDH",134938,"/Date(1703141414000)/",29750,900,836200,24872000000,-50,false,-0.17
"KDH",134935,"/Date(1703141413000)/",29750,100,835300,24845000000,-50,false,-0.17
"KDH",134935,"/Date(1703141412000)/",29700,100,835200,24842000000,-100,true,-0.34
"KDH",134935,"/Date(1703141411000)/",29700,100,835100,24839000000,-100,true,-0.34
"KDH",134932,"/Date(1703141408000)/",29750,100,835000,24836000000,-50,false,-0.17
"KDH",134928,"/Date(1703141404000)/",29750,100,834900,24833000000,-50,false,-0.17
"KDH",134925,"/Date(1703141403000)/",29700,100,834800,24830000000,-100,true,-0.34
"KDH",134925,"/Date(1703141401000)/",29700,900,834700,24827000000,-100,true,-0.34
"KDH",134925,"/Date(1703141401000)/",29750,100,833800,24801000000,-50,false,-0.17
"KDH",134916,"/Date(1703141394000)/",29700,100,833700,24798000000,-100,true,-0.34
"KDH",134912,"/Date(1703141390000)/",29700,100,833600,24795000000,-100,true,-0.34
"KDH",134909,"/Date(1703141387000)/",29700,500,833500,24792000000,-100,true,-0.34
"KDH",134909,"/Date(1703141385000)/",29700,100,833000,24777000000,-100,true,-0.34
"KDH",134906,"/Date(1703141383000)/",29750,900,832900,24774000000,-50,false,-0.17
"KDH",134900,"/Date(1703141376000)/",29700,100,832000,24747000000,-100,true,-0.34
"KDH",134850,"/Date(1703141368000)/",29700,200,831900,24744000000,-100,true,-0.34
"KDH",134850,"/Date(1703141368000)/",29700,300,831700,24738000000,-100,true,-0.34
"KDH",134850,"/Date(1703141368000)/",29700,100,831400,24729000000,-100,true,-0.34
"KDH",134850,"/Date(1703141368000)/",29700,100,831300,24726000000,-100,true,-0.34
"KDH",134850,"/Date(1703141368000)/",29700,200,831200,24723000000,-100,true,-0.34
"KDH",134850,"/Date(1703141367000)/",29700,100,831000,24718000000,-100,true,-0.34
"KDH",134841,"/Date(1703141358000)/",29700,100,830900,24715000000,-100,true,-0.34
"KDH",134837,"/Date(1703141353000)/",29800,500,830800,24712000000,0,false,0
"KDH",134837,"/Date(1703141353000)/",29800,400,830300,24697000000,0,false,0
"KDH",134831,"/Date(1703141349000)/",29700,200,829900,24685000000,-100,true,-0.34
"KDH",134825,"/Date(1703141340000)/",29700,100,829700,24679000000,-100,true,-0.34
"KDH",134818,"/Date(1703141336000)/",29700,900,829600,24676000000,-100,true,-0.34
"KDH",134815,"/Date(1703141331000)/",29700,200,828700,24649000000,-100,true,-0.34
"KDH",134805,"/Date(1703141323000)/",29800,900,828500,24643000000,0,false,0
"KDH",134805,"/Date(1703141322000)/",29700,100,827600,24616000000,-100,true,-0.34
"KDH",134756,"/Date(1703141313000)/",29700,100,827500,24613000000,-100,true,-0.34
"KDH",134746,"/Date(1703141304000)/",29700,100,827400,24610000000,-100,true,-0.34
"KDH",134746,"/Date(1703141303000)/",29700,500,827300,24607000000,-100,true,-0.34
"KDH",134746,"/Date(1703141303000)/",29700,400,826800,24593000000,-100,true,-0.34
"KDH",134740,"/Date(1703141295000)/",29700,200,826400,24581000000,-100,true,-0.34
"KDH",134737,"/Date(1703141293000)/",29800,500,826200,24575000000,0,false,0
"KDH",134737,"/Date(1703141293000)/",29800,400,825700,24560000000,0,false,0
"KDH",134730,"/Date(1703141286000)/",29700,100,825300,24548000000,-100,true,-0.34
"KDH",134721,"/Date(1703141277000)/",29700,100,825200,24545000000,-100,true,-0.34
"KDH",134714,"/Date(1703141271000)/",29700,900,825100,24542000000,-100,true,-0.34
"KDH",134711,"/Date(1703141268000)/",29700,100,824200,24515000000,-100,true,-0.34
"KDH",134705,"/Date(1703141263000)/",29800,900,824100,24512000000,0,false,0
"KDH",134702,"/Date(1703141259000)/",29700,100,823200,24486000000,-100,true,-0.34
"KDH",134652,"/Date(1703141250000)/",29700,200,823100,24483000000,-100,true,-0.34
"KDH",134646,"/Date(1703141241000)/",29700,100,822900,24477000000,-100,true,-0.34
"KDH",134642,"/Date(1703141240000)/",29700,100,822800,24474000000,-100,true,-0.34
"KDH",134642,"/Date(1703141238000)/",29700,600,822700,24471000000,-100,true,-0.34
"KDH",134642,"/Date(1703141238000)/",29750,300,822100,24453000000,-50,false,-0.17
"KDH",134636,"/Date(1703141233000)/",29800,600,821800,24444000000,0,false,0
"KDH",134636,"/Date(1703141233000)/",29800,300,821200,24426000000,0,false,0
"KDH",134636,"/Date(1703141232000)/",29750,100,820900,24417000000,-50,false,-0.17
"KDH",134626,"/Date(1703141223000)/",29700,200,820800,24414000000,-100,true,-0.34
"KDH",134623,"/Date(1703141220000)/",29700,100,820600,24408000000,-100,true,-0.34
"KDH",134614,"/Date(1703141210000)/",29700,600,820500,24405000000,-100,true,-0.34
"KDH",134610,"/Date(1703141206000)/",29700,900,819900,24387000000,-100,true,-0.34
"KDH",134607,"/Date(1703141204000)/",29700,300,819000,24361000000,-100,true,-0.34
"KDH",134607,"/Date(1703141204000)/",29700,4600,818700,24352000000,-100,true,-0.34
"KDH",134607,"/Date(1703141204000)/",29700,1000,814100,24215000000,-100,true,-0.34
"KDH",134607,"/Date(1703141204000)/",29700,100,813100,24185000000,-100,true,-0.34
"KDH",134607,"/Date(1703141203000)/",29800,800,813000,24182000000,0,false,0
"KDH",134607,"/Date(1703141203000)/",29750,100,812200,24159000000,-50,false,-0.17
"KDH",134558,"/Date(1703141194000)/",29700,200,812100,24156000000,-100,true,-0.34
"KDH",134558,"/Date(1703141194000)/",29700,100,811900,24150000000,-100,true,-0.34
"KDH",134548,"/Date(1703141185000)/",29750,100,811800,24147000000,-50,false,-0.17
"KDH",134545,"/Date(1703141181000)/",29750,100,811700,24144000000,-50,true,-0.17
"KDH",134538,"/Date(1703141176000)/",29700,100,811600,24141000000,-100,true,-0.34
"KDH",134535,"/Date(1703141174000)/",29700,500,811500,24138000000,-100,true,-0.34
"KDH",134535,"/Date(1703141174000)/",29700,200,811000,24123000000,-100,true,-0.34
"KDH",134535,"/Date(1703141174000)/",29750,200,810800,24117000000,-50,true,-0.17
"KDH",134535,"/Date(1703141173000)/",29800,300,810600,24111000000,0,false,0
"KDH",134535,"/Date(1703141173000)/",29800,600,810300,24102000000,0,false,0
"KDH",134532,"/Date(1703141167000)/",29750,100,809700,24084000000,-50,true,-0.17
"KDH",134523,"/Date(1703141158000)/",29750,100,809600,24081000000,-50,true,-0.17
"KDH",134516,"/Date(1703141150000)/",29750,100,809500,24078000000,-50,true,-0.17
"KDH",134513,"/Date(1703141149000)/",29750,100,809400,24075000000,-50,false,-0.17
"KDH",134513,"/Date(1703141143000)/",29800,900,809300,24072000000,0,false,0
"KDH",134513,"/Date(1703141140000)/",29700,900,808400,24046000000,-100,true,-0.34
"KDH",134503,"/Date(1703141140000)/",29700,200,807500,24019000000,-100,true,-0.34
"KDH",134454,"/Date(1703141131000)/",29700,100,807300,24013000000,-100,true,-0.34
"KDH",134444,"/Date(1703141122000)/",29700,200,807200,24010000000,-100,true,-0.34
"KDH",134444,"/Date(1703141121000)/",29700,100,807000,24004000000,-100,true,-0.34
"KDH",134438,"/Date(1703141113000)/",29700,100,806900,24001000000,-100,true,-0.34
"KDH",134438,"/Date(1703141113000)/",29750,100,806800,23998000000,-50,true,-0.17
"KDH",134438,"/Date(1703141113000)/",29750,700,806700,23995000000,-50,true,-0.17
"KDH",134438,"/Date(1703141113000)/",29750,100,806000,23974000000,-50,true,-0.17
"KDH",134435,"/Date(1703141113000)/",29800,300,805900,23971000000,0,false,0
"KDH",134435,"/Date(1703141113000)/",29800,400,805600,23962000000,0,false,0
"KDH",134435,"/Date(1703141113000)/",29800,200,805200,23950000000,0,false,0
"KDH",134428,"/Date(1703141104000)/",29750,100,805000,23944000000,-50,true,-0.17
"KDH",134419,"/Date(1703141095000)/",29750,100,804900,23941000000,-50,true,-0.17
"KDH",134409,"/Date(1703141086000)/",29700,100,804800,23938000000,-100,true,-0.34
"KDH",134406,"/Date(1703141082000)/",29800,900,804700,23936000000,0,false,0
"KDH",134400,"/Date(1703141077000)/",29700,100,803800,23909000000,-100,true,-0.34
"KDH",134400,"/Date(1703141077000)/",29700,100,803700,23906000000,-100,true,-0.34
"KDH",134400,"/Date(1703141076000)/",29700,100,803600,23903000000,-100,true,-0.34
"KDH",134400,"/Date(1703141076000)/",29700,800,803500,23900000000,-100,true,-0.34
"KDH",134350,"/Date(1703141068000)/",29700,200,802700,23876000000,-100,true,-0.34
"KDH",134344,"/Date(1703141059000)/",29700,100,802500,23870000000,-100,true,-0.34
"KDH",134344,"/Date(1703141059000)/",29700,100,802400,23867000000,-100,true,-0.34
"KDH",134337,"/Date(1703141052000)/",29800,700,802300,23864000000,0,false,0
"KDH",134337,"/Date(1703141052000)/",29800,200,801600,23843000000,0,false,0
"KDH",134334,"/Date(1703141050000)/",29700,100,801400,23837000000,-100,true,-0.34
"KDH",134328,"/Date(1703141044000)/",29700,800,801300,23834000000,-100,true,-0.34
"KDH",134328,"/Date(1703141044000)/",29700,100,800500,23811000000,-100,true,-0.34
"KDH",134325,"/Date(1703141041000)/",29700,200,800400,23808000000,-100,true,-0.34
"KDH",134315,"/Date(1703141031000)/",29700,100,800200,23802000000,-100,true,-0.34
"KDH",134305,"/Date(1703141023000)/",29700,200,800100,23799000000,-100,true,-0.34
"KDH",134305,"/Date(1703141022000)/",29800,200,799900,23793000000,0,false,0
"KDH",134305,"/Date(1703141022000)/",29800,700,799700,23787000000,0,false,0
"KDH",134256,"/Date(1703141013000)/",29700,200,799000,23766000000,-100,true,-0.34
"KDH",134256,"/Date(1703141011000)/",29700,200,798800,23760000000,-100,true,-0.34
"KDH",134256,"/Date(1703141011000)/",29700,500,798600,23754000000,-100,true,-0.34
"KDH",134256,"/Date(1703141011000)/",29700,200,798100,23739000000,-100,true,-0.34
"KDH",134249,"/Date(1703141004000)/",29700,200,797900,23733000000,-100,true,-0.34
"KDH",134240,"/Date(1703140995000)/",29700,200,797700,23727000000,-100,true,-0.34
"KDH",134237,"/Date(1703140992000)/",29800,900,797500,23721000000,0,false,0
"KDH",134230,"/Date(1703140986000)/",29700,100,796600,23695000000,-100,true,-0.34
"KDH",134221,"/Date(1703140978000)/",29700,300,796500,23692000000,-100,true,-0.34
"KDH",134221,"/Date(1703140978000)/",29700,600,796200,23683000000,-100,true,-0.34
"KDH",134221,"/Date(1703140978000)/",29700,100,795600,23665000000,-100,true,-0.34
"KDH",134211,"/Date(1703140968000)/",29700,100,795500,23662000000,-100,true,-0.34
"KDH",134205,"/Date(1703140962000)/",29800,900,795400,23659000000,0,false,0
"KDH",134205,"/Date(1703140960000)/",29700,200,794500,23632000000,-100,true,-0.34
"KDH",134158,"/Date(1703140956000)/",29700,100,794300,23626000000,-100,true,-0.34
"KDH",134155,"/Date(1703140950000)/",29700,100,794200,23623000000,-100,true,-0.34
"KDH",134149,"/Date(1703140945000)/",29700,900,794100,23620000000,-100,true,-0.34
"KDH",134146,"/Date(1703140941000)/",29700,100,793200,23594000000,-100,true,-0.34
"KDH",134136,"/Date(1703140933000)/",29700,100,793100,23591000000,-100,true,-0.34
"KDH",134136,"/Date(1703140932000)/",29800,100,793000,23588000000,0,false,0
"KDH",134136,"/Date(1703140932000)/",29800,100,792900,23585000000,0,false,0
"KDH",134136,"/Date(1703140932000)/",29800,400,792800,23582000000,0,false,0
"KDH",134136,"/Date(1703140932000)/",29800,300,792400,23570000000,0,false,0
"KDH",134126,"/Date(1703140923000)/",29700,200,792100,23561000000,-100,true,-0.34
"KDH",134117,"/Date(1703140914000)/",29700,100,791900,23555000000,-100,true,-0.34
"KDH",134117,"/Date(1703140912000)/",29700,400,791800,23552000000,-100,true,-0.34
"KDH",134117,"/Date(1703140912000)/",29700,500,791400,23540000000,-100,true,-0.34
"KDH",134110,"/Date(1703140905000)/",29700,100,790900,23525000000,-100,true,-0.34
"KDH",134107,"/Date(1703140902000)/",29800,200,790800,23522000000,0,false,0
"KDH",134107,"/Date(1703140902000)/",29800,400,790600,23516000000,0,false,0
"KDH",134107,"/Date(1703140902000)/",29800,100,790200,23504000000,0,false,0
"KDH",134107,"/Date(1703140902000)/",29800,200,790100,23501000000,0,false,0
"KDH",134101,"/Date(1703140896000)/",29700,200,789900,23495000000,-100,true,-0.34
"KDH",134051,"/Date(1703140888000)/",29700,100,789700,23489000000,-100,true,-0.34
"KDH",134045,"/Date(1703140881000)/",29700,100,789600,23486000000,-100,true,-0.34
"KDH",134042,"/Date(1703140879000)/",29700,900,789500,23483000000,-100,true,-0.34
"KDH",134042,"/Date(1703140878000)/",29700,100,788600,23457000000,-100,true,-0.34
"KDH",134042,"/Date(1703140878000)/",29700,100,788500,23454000000,-100,true,-0.34
"KDH",134035,"/Date(1703140872000)/",29800,800,788400,23451000000,0,false,0
"KDH",134035,"/Date(1703140872000)/",29800,100,787600,23427000000,0,false,0
"KDH",134032,"/Date(1703140869000)/",29700,100,787500,23424000000,-100,true,-0.34
"KDH",134023,"/Date(1703140860000)/",29750,100,787400,23421000000,-50,false,-0.17
"KDH",134016,"/Date(1703140851000)/",29750,100,787300,23418000000,-50,true,-0.17
"KDH",134013,"/Date(1703140851000)/",29750,100,787200,23415000000,-50,true,-0.17
"KDH",134010,"/Date(1703140847000)/",29750,200,787100,23412000000,-50,true,-0.17
"KDH",134010,"/Date(1703140847000)/",29750,700,786900,23406000000,-50,true,-0.17
"KDH",134007,"/Date(1703140842000)/",29750,200,786200,23385000000,-50,true,-0.17
"KDH",134007,"/Date(1703140842000)/",29800,900,786000,23379000000,0,false,0
"KDH",133957,"/Date(1703140834000)/",29750,100,785100,23353000000,-50,true,-0.17
"KDH",133957,"/Date(1703140833000)/",29800,100,785000,23350000000,0,false,0
"KDH",133948,"/Date(1703140824000)/",29700,100,784900,23347000000,-100,true,-0.34
"KDH",133944,"/Date(1703140821000)/",29700,100,784800,23344000000,-100,true,-0.34
"KDH",133938,"/Date(1703140815000)/",29700,100,784700,23341000000,-100,true,-0.34
"KDH",133938,"/Date(1703140814000)/",29700,500,784600,23338000000,-100,true,-0.34
"KDH",133938,"/Date(1703140814000)/",29700,400,784100,23323000000,-100,true,-0.34
"KDH",133935,"/Date(1703140812000)/",29800,900,783700,23311000000,0,false,0
"KDH",133932,"/Date(1703140807000)/",29700,200,782800,23284000000,-100,true,-0.34
"KDH",133922,"/Date(1703140797000)/",29700,100,782600,23278000000,-100,true,-0.34
"KDH",133916,"/Date(1703140791000)/",29800,100,782500,23275000000,0,false,0
"KDH",133916,"/Date(1703140790000)/",29700,100,782400,23272000000,-100,true,-0.34
"KDH",133913,"/Date(1703140788000)/",29700,200,782300,23269000000,-100,true,-0.34
"KDH",133906,"/Date(1703140781000)/",29800,900,782100,23263000000,0,false,0
"KDH",133906,"/Date(1703140781000)/",29700,900,781200,23236000000,-100,true,-0.34
"KDH",133903,"/Date(1703140779000)/",29700,100,780300,23210000000,-100,true,-0.34
"KDH",133853,"/Date(1703140770000)/",29700,100,780200,23207000000,-100,true,-0.34
"KDH",133844,"/Date(1703140761000)/",29700,100,780100,23204000000,-100,true,-0.34
"KDH",133837,"/Date(1703140752000)/",29700,100,780000,23201000000,-100,true,-0.34
"KDH",133834,"/Date(1703140751000)/",29800,200,779900,23198000000,0,false,0
"KDH",133834,"/Date(1703140751000)/",29800,700,779700,23192000000,0,false,0
"KDH",133831,"/Date(1703140749000)/",29700,900,779000,23171000000,-100,true,-0.34
"KDH",133828,"/Date(1703140743000)/",29700,100,778100,23144000000,-100,true,-0.34
"KDH",133818,"/Date(1703140734000)/",29700,100,778000,23141000000,-100,true,-0.34
"KDH",133815,"/Date(1703140730000)/",29700,100,777900,23138000000,-100,true,-0.34
"KDH",133809,"/Date(1703140725000)/",29700,200,777800,23135000000,-100,true,-0.34
"KDH",133806,"/Date(1703140721000)/",29800,300,777600,23129000000,0,false,0
"KDH",133806,"/Date(1703140721000)/",29800,400,777300,23121000000,0,false,0
"KDH",133806,"/Date(1703140721000)/",29800,200,776900,23109000000,0,false,0
"KDH",133806,"/Date(1703140721000)/",29700,200,776700,23103000000,-100,true,-0.34
"KDH",133759,"/Date(1703140716000)/",29700,200,776500,23097000000,-100,true,-0.34
"KDH",133759,"/Date(1703140716000)/",29700,900,776300,23091000000,-100,true,-0.34
"KDH",133753,"/Date(1703140710000)/",29800,2000,775400,23064000000,0,false,0
"KDH",133750,"/Date(1703140707000)/",29700,100,773400,23004000000,-100,true,-0.34
"KDH",133737,"/Date(1703140691000)/",29800,800,773300,23001000000,0,false,0
"KDH",133737,"/Date(1703140691000)/",29750,100,772500,22978000000,-50,false,-0.17
"KDH",133731,"/Date(1703140687000)/",29700,200,772400,22975000000,-100,true,-0.34
"KDH",133727,"/Date(1703140682000)/",29700,700,772200,22969000000,-100,true,-0.34
"KDH",133727,"/Date(1703140682000)/",29700,200,771500,22948000000,-100,true,-0.34
"KDH",133727,"/Date(1703140682000)/",29700,100,771300,22942000000,-100,true,-0.34
"KDH",133718,"/Date(1703140673000)/",29750,100,771200,22939000000,-50,false,-0.17
"KDH",133715,"/Date(1703140670000)/",29700,100,771100,22936000000,-100,true,-0.34
"KDH",133705,"/Date(1703140661000)/",29700,100,771000,22933000000,-100,true,-0.34
"KDH",133705,"/Date(1703140661000)/",29750,900,770900,22930000000,-50,false,-0.17
"KDH",133655,"/Date(1703140652000)/",29700,100,770000,22903000000,-100,true,-0.34
"KDH",133655,"/Date(1703140650000)/",29700,900,769900,22900000000,-100,true,-0.34
"KDH",133646,"/Date(1703140643000)/",29700,100,769000,22874000000,-100,true,-0.34
"KDH",133639,"/Date(1703140634000)/",29700,100,768900,22871000000,-100,true,-0.34
"KDH",133636,"/Date(1703140631000)/",29800,400,768800,22868000000,0,false,0
"KDH",133636,"/Date(1703140631000)/",29800,500,768400,22856000000,0,false,0
"KDH",133630,"/Date(1703140624000)/",29700,100,767900,22841000000,-100,true,-0.34
"KDH",133624,"/Date(1703140621000)/",29700,100,767800,22838000000,-100,true,-0.34
"KDH",133620,"/Date(1703140617000)/",29700,100,767700,22835000000,-100,true,-0.34
"KDH",133620,"/Date(1703140617000)/",29750,800,767600,22832000000,-50,false,-0.17
"KDH",133620,"/Date(1703140615000)/",29750,200,766800,22808000000,-50,false,-0.17
"KDH",133617,"/Date(1703140612000)/",29800,200,766600,22802000000,0,false,0
"KDH",133614,"/Date(1703140610000)/",29800,100,766400,22796000000,0,false,0
"KDH",133611,"/Date(1703140606000)/",29700,100,766300,22793000000,-100,true,-0.34
"KDH",133604,"/Date(1703140601000)/",29800,700,766200,22790000000,0,false,0
"KDH",133604,"/Date(1703140601000)/",29800,100,765500,22769000000,0,false,0
"KDH",133601,"/Date(1703140597000)/",29700,100,765400,22766000000,-100,true,-0.34
"KDH",133552,"/Date(1703140588000)/",29700,100,765300,22763000000,-100,true,-0.34
"KDH",133548,"/Date(1703140584000)/",29700,100,765200,22761000000,-100,true,-0.34
"KDH",133548,"/Date(1703140584000)/",29700,800,765100,22758000000,-100,true,-0.34
"KDH",133542,"/Date(1703140579000)/",29700,100,764300,22734000000,-100,true,-0.34
"KDH",133536,"/Date(1703140571000)/",29800,800,764200,22731000000,0,false,0
"KDH",133536,"/Date(1703140570000)/",29700,100,763400,22707000000,-100,true,-0.34
"KDH",133526,"/Date(1703140561000)/",29700,100,763300,22704000000,-100,true,-0.34
"KDH",133517,"/Date(1703140552000)/",29700,100,763200,22701000000,-100,true,-0.34
"KDH",133517,"/Date(1703140551000)/",29700,800,763100,22698000000,-100,true,-0.34
"KDH",133517,"/Date(1703140551000)/",29700,100,762300,22674000000,-100,true,-0.34
"KDH",133507,"/Date(1703140543000)/",29700,100,762200,22671000000,-100,true,-0.34
"KDH",133504,"/Date(1703140541000)/",29800,800,762100,22668000000,0,false,0
"KDH",133457,"/Date(1703140534000)/",29700,100,761300,22645000000,-100,true,-0.34
"KDH",133451,"/Date(1703140525000)/",29700,100,761200,22642000000,-100,true,-0.34
"KDH",133445,"/Date(1703140521000)/",29700,100,761100,22639000000,-100,true,-0.34
"KDH",133442,"/Date(1703140518000)/",29700,200,761000,22636000000,-100,true,-0.34
"KDH",133442,"/Date(1703140518000)/",29750,100,760800,22630000000,-50,true,-0.17
"KDH",133442,"/Date(1703140518000)/",29750,100,760700,22627000000,-50,true,-0.17
"KDH",133442,"/Date(1703140518000)/",29750,400,760600,22624000000,-50,true,-0.17
"KDH",133442,"/Date(1703140518000)/",29750,100,760200,22612000000,-50,true,-0.17
"KDH",133442,"/Date(1703140518000)/",29800,100,760100,22609000000,0,false,0
"KDH",133442,"/Date(1703140516000)/",29750,200,760000,22606000000,-50,true,-0.17
"KDH",133435,"/Date(1703140511000)/",29800,200,759800,22600000000,0,false,0
"KDH",133435,"/Date(1703140511000)/",29800,400,759600,22594000000,0,false,0
"KDH",133435,"/Date(1703140511000)/",29800,200,759200,22582000000,0,false,0
"KDH",133432,"/Date(1703140507000)/",29750,100,759000,22576000000,-50,true,-0.17
"KDH",133422,"/Date(1703140499000)/",29750,100,758900,22573000000,-50,true,-0.17
"KDH",133416,"/Date(1703140491000)/",29750,100,758800,22570000000,-50,true,-0.17
"KDH",133413,"/Date(1703140489000)/",29750,100,758700,22567000000,-50,true,-0.17
"KDH",133410,"/Date(1703140485000)/",29750,900,758600,22564000000,-50,true,-0.17
"KDH",133406,"/Date(1703140481000)/",29800,800,757700,22537000000,0,false,0
"KDH",133406,"/Date(1703140480000)/",29750,100,756900,22514000000,-50,true,-0.17
"KDH",133357,"/Date(1703140471000)/",29750,100,756800,22511000000,-50,true,-0.17
"KDH",133347,"/Date(1703140462000)/",29750,100,756700,22508000000,-50,true,-0.17
"KDH",133344,"/Date(1703140461000)/",29750,100,756600,22505000000,-50,true,-0.17
"KDH",133338,"/Date(1703140453000)/",29750,100,756500,22502000000,-50,true,-0.17
"KDH",133338,"/Date(1703140453000)/",29750,900,756400,22499000000,-50,true,-0.17
"KDH",133335,"/Date(1703140451000)/",29800,800,755500,22472000000,0,false,0
"KDH",133328,"/Date(1703140444000)/",29750,100,754700,22448000000,-50,true,-0.17
"KDH",133322,"/Date(1703140436000)/",29750,100,754600,22445000000,-50,true,-0.17
"KDH",133312,"/Date(1703140426000)/",29750,100,754500,22442000000,-50,true,-0.17
"KDH",133306,"/Date(1703140420000)/",29800,200,754400,22439000000,0,false,0
"KDH",133306,"/Date(1703140420000)/",29800,600,754200,22433000000,0,false,0
"KDH",133303,"/Date(1703140420000)/",29750,900,753600,22415000000,-50,true,-0.17
"KDH",133303,"/Date(1703140417000)/",29750,100,752700,22389000000,-50,true,-0.17
