"Stockcode","Package","TradingDate","Price","Vol","TotalVol","TotalVal","Change","IsBuy","PerChange"
"LIG",144509,"/Date(1703144701000)/",4300,37800,414726,1798614200,-100,true,-2.27
"LIG",142936,"/Date(1703143776000)/",4300,14000,376926,1636074200,-100,true,-2.27
"LIG",142446,"/Date(1703143485000)/",4400,100,362926,1575874200,0,false,0
"LIG",142443,"/Date(1703143482000)/",4300,2300,362826,1575434200,-100,true,-2.27
"LIG",142416,"/Date(1703143455000)/",4300,20000,360526,1565544200,-100,true,-2.27
"LIG",142152,"/Date(1703143312000)/",4400,2000,340526,1479544200,0,false,0
"LIG",141432,"/Date(1703142872000)/",4400,500,338526,1470744200,0,false,0
"LIG",141411,"/Date(1703142851000)/",4300,10000,338026,1468544200,-100,true,-2.27
"LIG",140903,"/Date(1703142543000)/",4300,10400,328026,1425544200,-100,true,-2.27
"LIG",140607,"/Date(1703142367000)/",4300,3000,317626,1380824200,-100,true,-2.27
"LIG",135654,"/Date(1703141813000)/",4300,2100,314626,1367924200,-100,true,-2.27
"LIG",135628,"/Date(1703141787000)/",4300,100,312526,1358894200,-100,true,-2.27
"LIG",135602,"/Date(1703141761000)/",4300,10000,312426,1358464200,-100,true,-2.27
"LIG",135521,"/Date(1703141720000)/",4300,100000,302426,1315464200,-100,true,-2.27
"LIG",135426,"/Date(1703141666000)/",4300,800,202426,885464200,-100,true,-2.27
"LIG",134959,"/Date(1703141399000)/",4300,5000,201626,882024200,-100,true,-2.27
"LIG",134525,"/Date(1703141125000)/",4400,100,196626,860524200,0,false,0
"LIG",133410,"/Date(1703140450000)/",4400,200,196526,860084200,0,false,0
"LIG",132903,"/Date(1703140143000)/",4400,1500,196326,859204200,0,false,0
"LIG",132815,"/Date(1703140095000)/",4300,400,194826,852604200,-100,true,-2.27
"LIG",132416,"/Date(1703139856000)/",4300,3600,194426,850884200,-100,true,-2.27
"LIG",132340,"/Date(1703139820000)/",4300,1000,190826,835404200,-100,true,-2.27
"LIG",131831,"/Date(1703139510000)/",4400,800,189826,831104200,0,false,0
"LIG",131415,"/Date(1703139255000)/",4400,100,189026,827584200,0,false,0
"LIG",131213,"/Date(1703139133000)/",4400,100,188926,827144200,0,false,0
"LIG",131048,"/Date(1703139048000)/",4400,100,188826,826704200,0,false,0
"LIG",130622,"/Date(1703138782000)/",4400,200,188726,826264200,0,false,0
"LIG",130516,"/Date(1703138716000)/",4400,100,188526,825384200,0,false,0
"LIG",130058,"/Date(1703138458000)/",4300,100,188426,824944200,-100,true,-2.27
"LIG",130014,"/Date(1703138403000)/",4400,11,188326,824514200,0,false,0
"LIG",130010,"/Date(1703138402000)/",4400,1,188315,824465800,0,false,0
"LIG",111937,"/Date(1703132377000)/",4400,5100,188314,824461600,0,false,0
"LIG",111515,"/Date(1703132115000)/",4400,28,183214,802021600,0,false,0
"LIG",110550,"/Date(1703131550000)/",4400,200,183186,801898400,0,false,0
"LIG",110359,"/Date(1703131439000)/",4400,22700,182986,801018400,0,false,0
"LIG",110105,"/Date(1703131265000)/",4300,100,160286,701138400,-100,true,-2.27
"LIG",105940,"/Date(1703131180000)/",4300,100,160186,700708400,-100,true,-2.27
"LIG",105224,"/Date(1703130744000)/",4400,100,160086,700278400,0,false,0
"LIG",104420,"/Date(1703130260000)/",4300,1000,159986,699838400,-100,true,-2.27
"LIG",104416,"/Date(1703130256000)/",4400,400,158986,695538400,0,false,0
"LIG",104358,"/Date(1703130238000)/",4400,500,158586,693778400,0,false,0
"LIG",104349,"/Date(1703130229000)/",4400,2000,158086,691578400,0,false,0
"LIG",104336,"/Date(1703130216000)/",4400,1000,156086,682778400,0,false,0
"LIG",104317,"/Date(1703130197000)/",4400,1000,155086,678378400,0,false,0
"LIG",104224,"/Date(1703130144000)/",4400,100,154086,673978400,0,false,0
"LIG",103014,"/Date(1703129414000)/",4400,200,153986,673538400,0,false,0
"LIG",102942,"/Date(1703129382000)/",4400,1,153786,672658400,0,false,0
"LIG",102810,"/Date(1703129289000)/",4400,10,153785,672654000,0,false,0
"LIG",102717,"/Date(1703129236000)/",4400,1,153775,672610000,0,false,0
"LIG",102639,"/Date(1703129199000)/",4400,300,153774,672605600,0,false,0
"LIG",102527,"/Date(1703129127000)/",4400,2000,153474,671285600,0,false,0
"LIG",102510,"/Date(1703129110000)/",4400,5000,151474,662485600,0,false,0
"LIG",101825,"/Date(1703128705000)/",4400,600,146474,640485600,0,false,0
"LIG",101656,"/Date(1703128616000)/",4400,50,145874,637845600,0,false,0
"LIG",101633,"/Date(1703128593000)/",4400,500,145824,637625600,0,false,0
"LIG",101101,"/Date(1703128261000)/",4400,2000,145324,635425600,0,false,0
"LIG",100918,"/Date(1703128158000)/",4300,40000,143324,626625600,-100,true,-2.27
"LIG",100753,"/Date(1703128073000)/",4400,800,103324,454625600,0,false,0
"LIG",100710,"/Date(1703128030000)/",4400,2000,102524,451105600,0,false,0
"LIG",100646,"/Date(1703128006000)/",4400,2500,100524,442305600,0,false,0
"LIG",100522,"/Date(1703127922000)/",4400,3000,98024,431305600,0,false,0
"LIG",100336,"/Date(1703127816000)/",4400,1000,95024,418105600,0,false,0
"LIG",100320,"/Date(1703127800000)/",4400,1300,94024,413705600,0,false,0
"LIG",100238,"/Date(1703127758000)/",4400,5000,92724,407985600,0,false,0
"LIG",100128,"/Date(1703127688000)/",4400,4400,87724,385985600,0,true,0
"LIG",100040,"/Date(1703127640000)/",4400,15600,83324,366625600,0,true,0
"LIG",95013,"/Date(1703127012000)/",4400,700,67724,297985600,0,false,0
"LIG",94601,"/Date(1703126761000)/",4400,800,67024,294905600,0,false,0
"LIG",93720,"/Date(1703126240000)/",4400,500,66224,291385600,0,false,0
"LIG",93537,"/Date(1703126137000)/",4400,3400,65724,289185600,0,true,0
"LIG",93156,"/Date(1703125916000)/",4400,100,62324,274225600,0,false,0
"LIG",93148,"/Date(1703125908000)/",4400,500,62224,273785600,0,false,0
"LIG",93129,"/Date(1703125889000)/",4400,20700,61724,271585600,0,false,0
"LIG",93123,"/Date(1703125883000)/",4400,300,41024,180505600,0,false,0
"LIG",92846,"/Date(1703125726000)/",4400,10000,40724,179185600,0,false,0
"LIG",92831,"/Date(1703125711000)/",4400,3000,30724,135185600,0,false,0
"LIG",92116,"/Date(1703125276000)/",4400,400,27724,121985600,0,false,0
"LIG",92032,"/Date(1703125232000)/",4400,8900,27324,120225600,0,false,0
"LIG",91741,"/Date(1703125060000)/",4400,24,18424,81065600,0,false,0
"LIG",91632,"/Date(1703124991000)/",4400,600,18400,80960000,0,false,0
"LIG",91614,"/Date(1703124973000)/",4400,1000,17800,78320000,0,false,0
"LIG",90842,"/Date(1703124522000)/",4400,800,16800,73920000,0,false,0
"LIG",90657,"/Date(1703124417000)/",4400,400,16000,70400000,0,false,0
"LIG",90611,"/Date(1703124371000)/",4400,1100,15600,68640000,0,false,0
"LIG",90541,"/Date(1703124341000)/",4400,5000,14500,63800000,0,false,0
"LIG",90540,"/Date(1703124340000)/",4400,2000,9500,41800000,0,false,0
"LIG",90226,"/Date(1703124146000)/",4400,1600,7500,33000000,0,false,0
"LIG",90129,"/Date(1703124089000)/",4400,5000,5900,25960000,0,false,0
"LIG",90103,"/Date(1703124024000)/",4400,900,900,3960000,0,false,0
