"Stockcode","Package","TradingDate","Price","Vol","TotalVol","TotalVal","Change","IsBuy","PerChange"
"LPB",144420,"/Date(1703144701000)/",15350,63400,1514400,23299000000,-50,false,-0.32
"LPB",142914,"/Date(1703143794000)/",15300,100,1451000,22326000000,-100,true,-0.65
"LPB",142908,"/Date(1703143790000)/",15300,200,1450900,22324000000,-100,true,-0.65
"LPB",142905,"/Date(1703143786000)/",15300,200,1450700,22321000000,-100,true,-0.65
"LPB",142901,"/Date(1703143784000)/",15300,300,1450500,22318000000,-100,true,-0.65
"LPB",142901,"/Date(1703143784000)/",15350,100,1450200,22314000000,-50,false,-0.32
"LPB",142901,"/Date(1703143783000)/",15350,5000,1450100,22312000000,-50,false,-0.32
"LPB",142858,"/Date(1703143781000)/",15300,200,1445100,22235000000,-100,true,-0.65
"LPB",142858,"/Date(1703143779000)/",15300,100,1444900,22232000000,-100,true,-0.65
"LPB",142852,"/Date(1703143774000)/",15350,500,1444800,22231000000,-50,false,-0.32
"LPB",142852,"/Date(1703143773000)/",15300,200,1444300,22223000000,-100,true,-0.65
"LPB",142852,"/Date(1703143772000)/",15350,3000,1444100,22220000000,-50,false,-0.32
"LPB",142849,"/Date(1703143770000)/",15300,100,1441100,22174000000,-100,true,-0.65
"LPB",142849,"/Date(1703143770000)/",15300,200,1441000,22173000000,-100,true,-0.65
"LPB",142849,"/Date(1703143770000)/",15350,1000,1440800,22170000000,-50,false,-0.32
"LPB",142849,"/Date(1703143768000)/",15300,100,1439800,22154000000,-100,true,-0.65
"LPB",142845,"/Date(1703143768000)/",15350,500,1439700,22153000000,-50,false,-0.32
"LPB",142845,"/Date(1703143767000)/",15300,500,1439200,22145000000,-100,true,-0.65
"LPB",142845,"/Date(1703143765000)/",15350,500,1438700,22137000000,-50,false,-0.32
"LPB",142842,"/Date(1703143763000)/",15300,300,1438200,22130000000,-100,true,-0.65
"LPB",142842,"/Date(1703143763000)/",15300,100,1437900,22125000000,-100,true,-0.65
"LPB",142842,"/Date(1703143762000)/",15300,100,1437800,22124000000,-100,true,-0.65
"LPB",142839,"/Date(1703143762000)/",15350,1000,1437700,22122000000,-50,false,-0.32
"LPB",142839,"/Date(1703143760000)/",15300,400,1436700,22107000000,-100,true,-0.65
"LPB",142836,"/Date(1703143758000)/",15300,300,1436300,22101000000,-100,true,-0.65
"LPB",142836,"/Date(1703143758000)/",15300,300,1436000,22096000000,-100,true,-0.65
"LPB",142836,"/Date(1703143757000)/",15350,3000,1435700,22091000000,-50,false,-0.32
"LPB",142836,"/Date(1703143757000)/",15300,300,1432700,22045000000,-100,true,-0.65
"LPB",142833,"/Date(1703143754000)/",15300,100,1432400,22041000000,-100,true,-0.65
"LPB",142833,"/Date(1703143754000)/",15300,100,1432300,22039000000,-100,true,-0.65
"LPB",142833,"/Date(1703143754000)/",15300,200,1432200,22038000000,-100,true,-0.65
"LPB",142833,"/Date(1703143753000)/",15300,800,1432000,22035000000,-100,true,-0.65
"LPB",142833,"/Date(1703143753000)/",15300,800,1431200,22022000000,-100,true,-0.65
"LPB",142829,"/Date(1703143752000)/",15350,8000,1430400,22010000000,-50,false,-0.32
"LPB",142829,"/Date(1703143751000)/",15300,400,1422400,21887000000,-100,true,-0.65
"LPB",142826,"/Date(1703143748000)/",15300,300,1422000,21881000000,-100,true,-0.65
"LPB",142826,"/Date(1703143747000)/",15300,100,1421700,21877000000,-100,true,-0.65
"LPB",142826,"/Date(1703143746000)/",15300,300,1421600,21875000000,-100,true,-0.65
"LPB",142826,"/Date(1703143746000)/",15300,300,1421300,21870000000,-100,true,-0.65
"LPB",142823,"/Date(1703143746000)/",15300,400,1421000,21866000000,-100,true,-0.65
"LPB",142823,"/Date(1703143745000)/",15300,1500,1420600,21860000000,-100,true,-0.65
"LPB",142823,"/Date(1703143745000)/",15300,1500,1419100,21837000000,-100,true,-0.65
"LPB",142823,"/Date(1703143744000)/",15350,15000,1417600,21814000000,-50,false,-0.32
"LPB",142820,"/Date(1703143742000)/",15300,200,1402600,21584000000,-100,true,-0.65
"LPB",142817,"/Date(1703143739000)/",15300,300,1402400,21581000000,-100,true,-0.65
"LPB",142817,"/Date(1703143737000)/",15300,100,1402100,21576000000,-100,true,-0.65
"LPB",142814,"/Date(1703143733000)/",15300,200,1402000,21574000000,-100,true,-0.65
"LPB",142810,"/Date(1703143730000)/",15300,300,1401800,21571000000,-100,true,-0.65
"LPB",142807,"/Date(1703143730000)/",15300,100,1401500,21567000000,-100,true,-0.65
"LPB",142726,"/Date(1703143688000)/",15300,100,1401400,21565000000,-100,true,-0.65
"LPB",142726,"/Date(1703143688000)/",15300,100,1401300,21564000000,-100,true,-0.65
"LPB",142726,"/Date(1703143687000)/",15350,1000,1401200,21562000000,-50,false,-0.32
"LPB",142726,"/Date(1703143686000)/",15300,100,1400200,21547000000,-100,true,-0.65
"LPB",142726,"/Date(1703143685000)/",15300,100,1400100,21545000000,-100,true,-0.65
"LPB",142723,"/Date(1703143685000)/",15350,1000,1400000,21544000000,-50,false,-0.32
"LPB",142723,"/Date(1703143683000)/",15300,100,1399000,21528000000,-100,true,-0.65
"LPB",142719,"/Date(1703143681000)/",15300,400,1398900,21527000000,-100,true,-0.65
"LPB",142707,"/Date(1703143669000)/",15300,400,1398500,21521000000,-100,true,-0.65
"LPB",142707,"/Date(1703143668000)/",15300,100,1398100,21515000000,-100,true,-0.65
"LPB",142707,"/Date(1703143668000)/",15300,100,1398000,21513000000,-100,true,-0.65
"LPB",142707,"/Date(1703143667000)/",15350,1500,1397900,21512000000,-50,false,-0.32
"LPB",142657,"/Date(1703143658000)/",15300,100,1396400,21489000000,-100,true,-0.65
"LPB",142651,"/Date(1703143653000)/",15300,200,1396300,21487000000,-100,true,-0.65
"LPB",142647,"/Date(1703143650000)/",15300,100,1396100,21484000000,-100,true,-0.65
"LPB",142647,"/Date(1703143649000)/",15300,500,1396000,21482000000,-100,true,-0.65
"LPB",142647,"/Date(1703143649000)/",15300,500,1395500,21475000000,-100,true,-0.65
"LPB",142647,"/Date(1703143648000)/",15350,5000,1395000,21467000000,-50,false,-0.32
"LPB",142644,"/Date(1703143646000)/",15300,100,1390000,21390000000,-100,true,-0.65
"LPB",142644,"/Date(1703143646000)/",15300,100,1389900,21389000000,-100,true,-0.65
"LPB",142644,"/Date(1703143645000)/",15300,200,1389800,21387000000,-100,true,-0.65
"LPB",142644,"/Date(1703143645000)/",15350,900,1389600,21384000000,-50,false,-0.32
"LPB",142644,"/Date(1703143645000)/",15300,200,1388700,21370000000,-100,true,-0.65
"LPB",142644,"/Date(1703143644000)/",15300,200,1388500,21367000000,-100,true,-0.65
"LPB",142641,"/Date(1703143642000)/",15350,2000,1388300,21364000000,-50,false,-0.32
"LPB",142638,"/Date(1703143640000)/",15300,100,1386300,21334000000,-100,true,-0.65
"LPB",142638,"/Date(1703143639000)/",15350,100,1386200,21332000000,-50,false,-0.32
"LPB",142635,"/Date(1703143636000)/",15300,300,1386100,21331000000,-100,true,-0.65
"LPB",142635,"/Date(1703143634000)/",15300,100,1385800,21326000000,-100,true,-0.65
"LPB",142635,"/Date(1703143634000)/",15300,100,1385700,21324000000,-100,true,-0.65
"LPB",142631,"/Date(1703143633000)/",15300,1000,1385600,21323000000,-100,true,-0.65
"LPB",142625,"/Date(1703143627000)/",15300,300,1384600,21308000000,-100,true,-0.65
"LPB",142625,"/Date(1703143627000)/",15300,300,1384300,21303000000,-100,true,-0.65
"LPB",142625,"/Date(1703143627000)/",15300,100,1384000,21298000000,-100,true,-0.65
"LPB",142625,"/Date(1703143626000)/",15300,600,1383900,21297000000,-100,true,-0.65
"LPB",142625,"/Date(1703143626000)/",15350,2000,1383300,21288000000,-50,false,-0.32
"LPB",142625,"/Date(1703143626000)/",15300,600,1381300,21257000000,-100,true,-0.65
"LPB",142625,"/Date(1703143625000)/",15350,6700,1380700,21248000000,-50,false,-0.32
"LPB",142615,"/Date(1703143617000)/",15300,200,1374000,21145000000,-100,true,-0.65
"LPB",142606,"/Date(1703143608000)/",15300,300,1373800,21142000000,-100,true,-0.65
"LPB",142603,"/Date(1703143603000)/",15300,100,1373500,21137000000,-100,true,-0.65
"LPB",142556,"/Date(1703143597000)/",15300,300,1373400,21136000000,-100,true,-0.65
"LPB",142556,"/Date(1703143596000)/",15300,100,1373100,21131000000,-100,true,-0.65
"LPB",142550,"/Date(1703143592000)/",15300,100,1373000,21130000000,-100,true,-0.65
"LPB",142547,"/Date(1703143587000)/",15300,200,1372900,21128000000,-100,true,-0.65
"LPB",142540,"/Date(1703143581000)/",15300,300,1372700,21125000000,-100,true,-0.65
"LPB",142531,"/Date(1703143571000)/",15300,100,1372400,21121000000,-100,true,-0.65
"LPB",142531,"/Date(1703143571000)/",15300,100,1372300,21119000000,-100,true,-0.65
"LPB",142531,"/Date(1703143570000)/",15350,1000,1372200,21117000000,-50,false,-0.32
"LPB",142524,"/Date(1703143564000)/",15350,500,1371200,21102000000,-50,false,-0.32
"LPB",142518,"/Date(1703143557000)/",15350,700,1370700,21094000000,-50,false,-0.32
"LPB",142511,"/Date(1703143553000)/",15300,200,1370000,21084000000,-100,true,-0.65
"LPB",142511,"/Date(1703143552000)/",15300,400,1369800,21081000000,-100,true,-0.65
"LPB",142452,"/Date(1703143534000)/",15300,200,1369400,21075000000,-100,true,-0.65
"LPB",142452,"/Date(1703143534000)/",15300,200,1369200,21071000000,-100,true,-0.65
"LPB",142452,"/Date(1703143533000)/",15300,1200,1369000,21068000000,-100,true,-0.65
"LPB",142452,"/Date(1703143533000)/",15300,300,1367800,21050000000,-100,true,-0.65
"LPB",142452,"/Date(1703143533000)/",15300,100,1367500,21045000000,-100,true,-0.65
"LPB",142452,"/Date(1703143533000)/",15300,100,1367400,21044000000,-100,true,-0.65
"LPB",142452,"/Date(1703143533000)/",15300,1000,1367300,21042000000,-100,true,-0.65
"LPB",142452,"/Date(1703143533000)/",15350,11000,1366300,21027000000,-50,false,-0.32
"LPB",142452,"/Date(1703143533000)/",15350,1800,1355300,20858000000,-50,false,-0.32
"LPB",142446,"/Date(1703143526000)/",15300,100,1353500,20831000000,-100,true,-0.65
"LPB",142433,"/Date(1703143515000)/",15300,200,1353400,20829000000,-100,true,-0.65
"LPB",142433,"/Date(1703143514000)/",15300,100,1353200,20826000000,-100,true,-0.65
"LPB",142433,"/Date(1703143513000)/",15300,100,1353100,20824000000,-100,true,-0.65
"LPB",142433,"/Date(1703143513000)/",15350,1000,1353000,20823000000,-50,false,-0.32
"LPB",142430,"/Date(1703143510000)/",15300,100,1352000,20808000000,-100,true,-0.65
"LPB",142427,"/Date(1703143509000)/",15350,500,1351900,20806000000,-50,false,-0.32
"LPB",142427,"/Date(1703143509000)/",15300,100,1351400,20798000000,-100,true,-0.65
"LPB",142358,"/Date(1703143478000)/",15300,300,1351300,20797000000,-100,true,-0.65
"LPB",142358,"/Date(1703143477000)/",15300,300,1351000,20792000000,-100,true,-0.65
"LPB",142355,"/Date(1703143476000)/",15350,3000,1350700,20788000000,-50,false,-0.32
"LPB",142345,"/Date(1703143466000)/",15300,100,1347700,20742000000,-100,true,-0.65
"LPB",142329,"/Date(1703143451000)/",15300,200,1347600,20740000000,-100,true,-0.65
"LPB",142329,"/Date(1703143451000)/",15300,200,1347400,20737000000,-100,true,-0.65
"LPB",142329,"/Date(1703143450000)/",15350,2000,1347200,20734000000,-50,false,-0.32
"LPB",142316,"/Date(1703143438000)/",15350,100,1345200,20703000000,-50,false,-0.32
"LPB",142304,"/Date(1703143423000)/",15300,200,1345100,20702000000,-100,true,-0.65
"LPB",142301,"/Date(1703143421000)/",15300,100,1344900,20699000000,-100,true,-0.65
"LPB",142301,"/Date(1703143421000)/",15300,100,1344800,20697000000,-100,true,-0.65
"LPB",142301,"/Date(1703143420000)/",15300,1000,1344700,20696000000,-100,true,-0.65
"LPB",142254,"/Date(1703143413000)/",15350,200,1343700,20680000000,-50,false,-0.32
"LPB",142219,"/Date(1703143379000)/",15300,100,1343500,20677000000,-100,true,-0.65
"LPB",142200,"/Date(1703143361000)/",15300,100,1343400,20676000000,-100,true,-0.65
"LPB",142200,"/Date(1703143360000)/",15300,100,1343300,20674000000,-100,true,-0.65
"LPB",142200,"/Date(1703143359000)/",15300,500,1343200,20673000000,-100,true,-0.65
"LPB",142200,"/Date(1703143359000)/",15300,500,1342700,20665000000,-100,true,-0.65
"LPB",142157,"/Date(1703143358000)/",15300,500,1342200,20657000000,-100,true,-0.65
"LPB",142157,"/Date(1703143358000)/",15300,2000,1341700,20650000000,-100,true,-0.65
"LPB",142157,"/Date(1703143358000)/",15300,1000,1339700,20619000000,-100,true,-0.65
"LPB",142157,"/Date(1703143358000)/",15300,500,1338700,20604000000,-100,true,-0.65
"LPB",142157,"/Date(1703143358000)/",15300,200,1338200,20596000000,-100,true,-0.65
"LPB",142157,"/Date(1703143358000)/",15300,200,1338000,20593000000,-100,true,-0.65
"LPB",142157,"/Date(1703143358000)/",15300,900,1337800,20590000000,-100,true,-0.65
"LPB",142134,"/Date(1703143336000)/",15300,200,1336900,20576000000,-100,true,-0.65
"LPB",142122,"/Date(1703143322000)/",15300,100,1336700,20573000000,-100,true,-0.65
"LPB",142122,"/Date(1703143321000)/",15300,100,1336600,20572000000,-100,true,-0.65
"LPB",142122,"/Date(1703143320000)/",15300,700,1336500,20570000000,-100,true,-0.65
"LPB",142122,"/Date(1703143320000)/",15300,300,1335800,20559000000,-100,true,-0.65
"LPB",142053,"/Date(1703143295000)/",15300,100,1335500,20555000000,-100,false,-0.65
"LPB",142053,"/Date(1703143294000)/",15300,600,1335400,20553000000,-100,false,-0.65
"LPB",142053,"/Date(1703143294000)/",15250,100,1334800,20544000000,-150,true,-0.97
"LPB",142053,"/Date(1703143294000)/",15250,400,1334700,20543000000,-150,true,-0.97
"LPB",142053,"/Date(1703143293000)/",15250,500,1334300,20537000000,-150,true,-0.97
"LPB",142053,"/Date(1703143293000)/",15250,100,1333800,20529000000,-150,true,-0.97
"LPB",142053,"/Date(1703143293000)/",15250,100,1333700,20527000000,-150,true,-0.97
"LPB",142053,"/Date(1703143293000)/",15300,1000,1333600,20526000000,-100,false,-0.65
"LPB",142053,"/Date(1703143293000)/",15300,3000,1332600,20511000000,-100,false,-0.65
"LPB",142053,"/Date(1703143292000)/",15300,1000,1329600,20465000000,-100,false,-0.65
"LPB",142050,"/Date(1703143291000)/",15300,200,1328600,20449000000,-100,false,-0.65
"LPB",142046,"/Date(1703143285000)/",15300,200,1328400,20446000000,-100,false,-0.65
"LPB",142040,"/Date(1703143281000)/",15250,100,1328200,20443000000,-150,true,-0.97
"LPB",142040,"/Date(1703143280000)/",15300,700,1328100,20442000000,-100,false,-0.65
"LPB",142037,"/Date(1703143277000)/",15250,300,1327400,20431000000,-150,true,-0.97
"LPB",142034,"/Date(1703143275000)/",15250,200,1327100,20426000000,-150,true,-0.97
"LPB",142034,"/Date(1703143275000)/",15250,100,1326900,20423000000,-150,true,-0.97
"LPB",142034,"/Date(1703143274000)/",15250,700,1326800,20422000000,-150,true,-0.97
"LPB",142034,"/Date(1703143274000)/",15250,700,1326100,20411000000,-150,true,-0.97
"LPB",142034,"/Date(1703143273000)/",15250,3600,1325400,20401000000,-150,true,-0.97
"LPB",142034,"/Date(1703143273000)/",15250,3600,1321800,20346000000,-150,true,-0.97
"LPB",142031,"/Date(1703143272000)/",15250,100,1318200,20291000000,-150,true,-0.97
"LPB",142031,"/Date(1703143272000)/",15250,500,1318100,20289000000,-150,true,-0.97
"LPB",142031,"/Date(1703143272000)/",15300,35000,1317600,20282000000,-100,false,-0.65
"LPB",142031,"/Date(1703143272000)/",15250,500,1282600,19746000000,-150,true,-0.97
"LPB",142031,"/Date(1703143271000)/",15250,300,1282100,19738000000,-150,true,-0.97
"LPB",142031,"/Date(1703143271000)/",15250,300,1281800,19734000000,-150,true,-0.97
"LPB",142031,"/Date(1703143271000)/",15300,5000,1281500,19729000000,-100,false,-0.65
"LPB",142031,"/Date(1703143270000)/",15300,3000,1276500,19653000000,-100,false,-0.65
"LPB",142031,"/Date(1703143270000)/",15250,200,1273500,19607000000,-150,true,-0.97
"LPB",142031,"/Date(1703143270000)/",15300,200,1273300,19604000000,-100,false,-0.65
"LPB",142027,"/Date(1703143267000)/",15250,100,1273100,19601000000,-150,true,-0.97
"LPB",142024,"/Date(1703143264000)/",15250,200,1273000,19599000000,-150,true,-0.97
"LPB",142021,"/Date(1703143262000)/",15300,100,1272800,19596000000,-100,false,-0.65
"LPB",142015,"/Date(1703143255000)/",15250,100,1272700,19595000000,-150,true,-0.97
"LPB",142008,"/Date(1703143249000)/",15300,300,1272600,19593000000,-100,true,-0.65
"LPB",142008,"/Date(1703143249000)/",15300,100,1272300,19589000000,-100,true,-0.65
"LPB",142008,"/Date(1703143247000)/",15300,200,1272200,19587000000,-100,true,-0.65
"LPB",142005,"/Date(1703143246000)/",15300,100,1272000,19584000000,-100,true,-0.65
"LPB",142005,"/Date(1703143244000)/",15300,200,1271900,19582000000,-100,true,-0.65
"LPB",142002,"/Date(1703143242000)/",15300,100,1271700,19579000000,-100,false,-0.65
"LPB",142002,"/Date(1703143241000)/",15250,100,1271600,19578000000,-150,true,-0.97
"LPB",142002,"/Date(1703143241000)/",15300,100,1271500,19576000000,-100,false,-0.65
"LPB",142002,"/Date(1703143241000)/",15300,200,1271400,19575000000,-100,false,-0.65
"LPB",142002,"/Date(1703143241000)/",15300,900,1271200,19572000000,-100,false,-0.65
"LPB",141927,"/Date(1703143206000)/",15250,200,1270300,19558000000,-150,true,-0.97
"LPB",141924,"/Date(1703143205000)/",15250,100,1270100,19555000000,-150,true,-0.97
"LPB",141924,"/Date(1703143205000)/",15250,100,1270000,19553000000,-150,true,-0.97
"LPB",141924,"/Date(1703143204000)/",15300,200,1269900,19552000000,-100,false,-0.65
"LPB",141924,"/Date(1703143204000)/",15300,400,1269700,19549000000,-100,false,-0.65
"LPB",141924,"/Date(1703143204000)/",15300,400,1269300,19543000000,-100,false,-0.65
"LPB",141924,"/Date(1703143203000)/",15300,2000,1268900,19537000000,-100,false,-0.65
"LPB",141924,"/Date(1703143203000)/",15300,2000,1266900,19506000000,-100,false,-0.65
"LPB",141920,"/Date(1703143202000)/",15250,7700,1264900,19475000000,-150,true,-0.97
"LPB",141920,"/Date(1703143202000)/",15250,100,1257200,19358000000,-150,true,-0.97
"LPB",141920,"/Date(1703143202000)/",15250,500,1257100,19356000000,-150,true,-0.97
"LPB",141920,"/Date(1703143202000)/",15300,500,1256600,19349000000,-100,true,-0.65
"LPB",141920,"/Date(1703143202000)/",15300,1000,1256100,19341000000,-100,true,-0.65
"LPB",141920,"/Date(1703143202000)/",15300,100,1255100,19326000000,-100,true,-0.65
"LPB",141920,"/Date(1703143202000)/",15300,100,1255000,19324000000,-100,true,-0.65
"LPB",141920,"/Date(1703143202000)/",15300,500,1254900,19323000000,-100,true,-0.65
"LPB",141920,"/Date(1703143202000)/",15300,100,1254400,19315000000,-100,true,-0.65
"LPB",141920,"/Date(1703143202000)/",15300,3000,1254300,19314000000,-100,true,-0.65
"LPB",141920,"/Date(1703143202000)/",15300,500,1251300,19268000000,-100,true,-0.65
"LPB",141920,"/Date(1703143202000)/",15300,1000,1250800,19260000000,-100,true,-0.65
"LPB",141920,"/Date(1703143202000)/",15300,100,1249800,19245000000,-100,true,-0.65
"LPB",141920,"/Date(1703143202000)/",15300,100,1249700,19243000000,-100,true,-0.65
"LPB",141920,"/Date(1703143202000)/",15300,400,1249600,19242000000,-100,true,-0.65
"LPB",141920,"/Date(1703143202000)/",15300,100,1249200,19236000000,-100,true,-0.65
"LPB",141920,"/Date(1703143202000)/",15300,100,1249100,19234000000,-100,true,-0.65
"LPB",141920,"/Date(1703143202000)/",15300,900,1249000,19233000000,-100,true,-0.65
"LPB",141920,"/Date(1703143202000)/",15300,200,1248100,19219000000,-100,true,-0.65
"LPB",141920,"/Date(1703143202000)/",15300,100,1247900,19216000000,-100,true,-0.65
"LPB",141920,"/Date(1703143202000)/",15300,500,1247800,19214000000,-100,true,-0.65
"LPB",141920,"/Date(1703143202000)/",15300,1800,1247300,19206000000,-100,true,-0.65
"LPB",141920,"/Date(1703143202000)/",15300,100,1245500,19179000000,-100,true,-0.65
"LPB",141920,"/Date(1703143202000)/",15300,500,1245400,19177000000,-100,true,-0.65
"LPB",141920,"/Date(1703143201000)/",15300,1500,1244900,19170000000,-100,true,-0.65
"LPB",141920,"/Date(1703143201000)/",15300,100,1243400,19147000000,-100,true,-0.65
"LPB",141920,"/Date(1703143201000)/",15300,300,1243300,19145000000,-100,true,-0.65
"LPB",141920,"/Date(1703143201000)/",15300,2000,1243000,19141000000,-100,true,-0.65
"LPB",141920,"/Date(1703143201000)/",15300,100,1241000,19110000000,-100,true,-0.65
"LPB",141920,"/Date(1703143201000)/",15300,20000,1240900,19109000000,-100,true,-0.65
"LPB",141920,"/Date(1703143201000)/",15300,200,1220900,18803000000,-100,true,-0.65
"LPB",141920,"/Date(1703143201000)/",15300,100,1220700,18800000000,-100,true,-0.65
"LPB",141920,"/Date(1703143201000)/",15300,5000,1220600,18798000000,-100,true,-0.65
"LPB",141920,"/Date(1703143201000)/",15300,50000,1215600,18721000000,-100,true,-0.65
"LPB",141920,"/Date(1703143201000)/",15300,5000,1165600,17956000000,-100,true,-0.65
"LPB",141920,"/Date(1703143201000)/",15300,1800,1160600,17880000000,-100,true,-0.65
"LPB",141920,"/Date(1703143201000)/",15300,500,1158800,17852000000,-100,true,-0.65
"LPB",141920,"/Date(1703143201000)/",15300,1000,1158300,17845000000,-100,true,-0.65
"LPB",141920,"/Date(1703143201000)/",15300,500,1157300,17829000000,-100,true,-0.65
"LPB",141920,"/Date(1703143201000)/",15300,200,1156800,17822000000,-100,true,-0.65
"LPB",141920,"/Date(1703143201000)/",15300,300,1156600,17819000000,-100,true,-0.65
"LPB",141920,"/Date(1703143201000)/",15300,200,1156300,17814000000,-100,true,-0.65
"LPB",141920,"/Date(1703143201000)/",15300,3000,1156100,17811000000,-100,true,-0.65
"LPB",141920,"/Date(1703143201000)/",15300,500,1153100,17765000000,-100,true,-0.65
"LPB",141920,"/Date(1703143201000)/",15300,500,1152600,17758000000,-100,true,-0.65
"LPB",141920,"/Date(1703143201000)/",15300,100,1152100,17750000000,-100,true,-0.65
"LPB",141920,"/Date(1703143201000)/",15300,6000,1152000,17748000000,-100,true,-0.65
"LPB",141920,"/Date(1703143201000)/",15300,100,1146000,17657000000,-100,true,-0.65
"LPB",141920,"/Date(1703143201000)/",15300,100,1145900,17655000000,-100,true,-0.65
"LPB",141920,"/Date(1703143201000)/",15300,100,1145800,17654000000,-100,true,-0.65
"LPB",141920,"/Date(1703143201000)/",15300,100,1145700,17652000000,-100,true,-0.65
"LPB",141920,"/Date(1703143201000)/",15300,200,1145600,17650000000,-100,true,-0.65
"LPB",141920,"/Date(1703143201000)/",15300,200,1145400,17647000000,-100,true,-0.65
"LPB",141920,"/Date(1703143201000)/",15300,300,1145200,17644000000,-100,true,-0.65
"LPB",141920,"/Date(1703143200000)/",15300,200,1144900,17640000000,-100,true,-0.65
"LPB",141917,"/Date(1703143199000)/",15300,300,1144700,17637000000,-100,true,-0.65
"LPB",141917,"/Date(1703143197000)/",15300,200,1144400,17632000000,-100,true,-0.65
"LPB",141917,"/Date(1703143196000)/",15300,100,1144200,17629000000,-100,true,-0.65
"LPB",141917,"/Date(1703143196000)/",15300,100,1144100,17628000000,-100,true,-0.65
"LPB",141914,"/Date(1703143195000)/",15300,800,1144000,17626000000,-100,true,-0.65
"LPB",141914,"/Date(1703143195000)/",15300,800,1143200,17614000000,-100,true,-0.65
"LPB",141914,"/Date(1703143194000)/",15300,200,1142400,17602000000,-100,true,-0.65
"LPB",141914,"/Date(1703143194000)/",15300,500,1142200,17598000000,-100,true,-0.65
"LPB",141914,"/Date(1703143194000)/",15300,100,1141700,17591000000,-100,true,-0.65
"LPB",141914,"/Date(1703143194000)/",15300,2500,1141600,17589000000,-100,true,-0.65
"LPB",141914,"/Date(1703143194000)/",15300,2100,1139100,17551000000,-100,true,-0.65
"LPB",141914,"/Date(1703143194000)/",15300,100,1137000,17519000000,-100,true,-0.65
"LPB",141914,"/Date(1703143194000)/",15300,100,1136900,17517000000,-100,true,-0.65
"LPB",141914,"/Date(1703143194000)/",15300,500,1136800,17516000000,-100,true,-0.65
"LPB",141914,"/Date(1703143194000)/",15300,100,1136300,17508000000,-100,true,-0.65
"LPB",141914,"/Date(1703143194000)/",15300,2300,1136200,17507000000,-100,true,-0.65
"LPB",141914,"/Date(1703143193000)/",15300,3700,1133900,17471000000,-100,true,-0.65
"LPB",141914,"/Date(1703143193000)/",15300,3300,1130200,17415000000,-100,true,-0.65
"LPB",141911,"/Date(1703143192000)/",15350,70000,1126900,17364000000,-50,false,-0.32
"LPB",141911,"/Date(1703143192000)/",15300,200,1056900,16290000000,-100,true,-0.65
"LPB",141911,"/Date(1703143190000)/",15300,100,1056700,16287000000,-100,true,-0.65
"LPB",141908,"/Date(1703143188000)/",15300,200,1056600,16285000000,-100,true,-0.65
"LPB",141904,"/Date(1703143186000)/",15300,300,1056400,16282000000,-100,true,-0.65
"LPB",141904,"/Date(1703143184000)/",15300,200,1056100,16278000000,-100,true,-0.65
"LPB",141901,"/Date(1703143182000)/",15300,100,1055900,16275000000,-100,true,-0.65
"LPB",141901,"/Date(1703143180000)/",15300,200,1055800,16273000000,-100,true,-0.65
"LPB",141858,"/Date(1703143177000)/",15300,300,1055600,16270000000,-100,true,-0.65
"LPB",141855,"/Date(1703143174000)/",15300,100,1055300,16265000000,-100,true,-0.65
"LPB",141852,"/Date(1703143173000)/",15300,100,1055200,16264000000,-100,true,-0.65
"LPB",141852,"/Date(1703143173000)/",15350,1400,1055100,16262000000,-50,false,-0.32
"LPB",141852,"/Date(1703143172000)/",15350,100,1053700,16241000000,-50,false,-0.32
"LPB",141852,"/Date(1703143171000)/",15350,200,1053600,16239000000,-50,false,-0.32
"LPB",141852,"/Date(1703143171000)/",15350,100,1053400,16236000000,-50,false,-0.32
"LPB",141852,"/Date(1703143170000)/",15350,100,1053300,16235000000,-50,false,-0.32
"LPB",141852,"/Date(1703143170000)/",15350,200,1053200,16233000000,-50,false,-0.32
"LPB",141852,"/Date(1703143170000)/",15350,300,1053000,16230000000,-50,false,-0.32
"LPB",141852,"/Date(1703143170000)/",15350,200,1052700,16225000000,-50,false,-0.32
"LPB",141852,"/Date(1703143170000)/",15300,400,1052500,16222000000,-100,true,-0.65
"LPB",141852,"/Date(1703143170000)/",15300,400,1052100,16216000000,-100,true,-0.65
"LPB",141848,"/Date(1703143170000)/",15300,100,1051700,16210000000,-100,true,-0.65
"LPB",141848,"/Date(1703143170000)/",15300,700,1051600,16209000000,-100,true,-0.65
"LPB",141848,"/Date(1703143169000)/",15300,1300,1050900,16198000000,-100,true,-0.65
"LPB",141848,"/Date(1703143169000)/",15300,100,1049600,16178000000,-100,true,-0.65
"LPB",141848,"/Date(1703143169000)/",15300,6800,1049500,16177000000,-100,true,-0.65
"LPB",141842,"/Date(1703143162000)/",15300,200,1042700,16072000000,-100,true,-0.65
"LPB",141836,"/Date(1703143156000)/",15300,200,1042500,16069000000,-100,true,-0.65
"LPB",141836,"/Date(1703143156000)/",15300,200,1042300,16066000000,-100,true,-0.65
"LPB",141836,"/Date(1703143155000)/",15300,1000,1042100,16063000000,-100,true,-0.65
"LPB",141836,"/Date(1703143155000)/",15300,1000,1041100,16048000000,-100,true,-0.65
"LPB",141836,"/Date(1703143154000)/",15300,600,1040100,16033000000,-100,true,-0.65
"LPB",141836,"/Date(1703143154000)/",15300,1000,1039500,16024000000,-100,true,-0.65
"LPB",141836,"/Date(1703143154000)/",15300,3400,1038500,16008000000,-100,true,-0.65
"LPB",141832,"/Date(1703143154000)/",15300,4700,1035100,15956000000,-100,true,-0.65
"LPB",141832,"/Date(1703143154000)/",15350,200,1030400,15884000000,-50,true,-0.32
"LPB",141832,"/Date(1703143154000)/",15350,100,1030200,15881000000,-50,true,-0.32
"LPB",141832,"/Date(1703143153000)/",15350,100,1030100,15880000000,-50,true,-0.32
"LPB",141832,"/Date(1703143153000)/",15350,100,1030000,15878000000,-50,true,-0.32
"LPB",141832,"/Date(1703143153000)/",15350,200,1029900,15877000000,-50,true,-0.32
"LPB",141832,"/Date(1703143153000)/",15350,5000,1029700,15874000000,-50,true,-0.32
"LPB",141832,"/Date(1703143153000)/",15350,500,1024700,15797000000,-50,true,-0.32
"LPB",141832,"/Date(1703143153000)/",15350,200,1024200,15789000000,-50,true,-0.32
"LPB",141832,"/Date(1703143153000)/",15350,1000,1024000,15786000000,-50,true,-0.32
"LPB",141832,"/Date(1703143153000)/",15350,100,1023000,15771000000,-50,true,-0.32
"LPB",141832,"/Date(1703143153000)/",15350,300,1022900,15769000000,-50,true,-0.32
"LPB",141832,"/Date(1703143153000)/",15350,1000,1022600,15765000000,-50,true,-0.32
"LPB",141832,"/Date(1703143153000)/",15350,10000,1021600,15749000000,-50,true,-0.32
"LPB",141832,"/Date(1703143153000)/",15350,500,1011600,15596000000,-50,true,-0.32
"LPB",141832,"/Date(1703143153000)/",15350,1000,1011100,15588000000,-50,true,-0.32
"LPB",141832,"/Date(1703143153000)/",15350,100,1010100,15573000000,-50,true,-0.32
"LPB",141832,"/Date(1703143153000)/",15350,2000,1010000,15571000000,-50,true,-0.32
"LPB",141832,"/Date(1703143153000)/",15350,2000,1008000,15540000000,-50,true,-0.32
"LPB",141832,"/Date(1703143153000)/",15350,400,1006000,15510000000,-50,true,-0.32
"LPB",141832,"/Date(1703143153000)/",15350,100,1005600,15504000000,-50,true,-0.32
"LPB",141832,"/Date(1703143153000)/",15350,300,1005500,15502000000,-50,true,-0.32
"LPB",141832,"/Date(1703143153000)/",15350,400,1005200,15497000000,-50,true,-0.32
"LPB",141832,"/Date(1703143153000)/",15350,200,1004800,15491000000,-50,true,-0.32
"LPB",141832,"/Date(1703143153000)/",15350,24500,1004600,15488000000,-50,true,-0.32
"LPB",141832,"/Date(1703143152000)/",15350,100,980100,15112000000,-50,true,-0.32
"LPB",141829,"/Date(1703143149000)/",15350,200,980000,15111000000,-50,true,-0.32
"LPB",141826,"/Date(1703143143000)/",15350,400,979800,15108000000,-50,true,-0.32
"LPB",141826,"/Date(1703143141000)/",15350,300,979400,15101000000,-50,true,-0.32
"LPB",141826,"/Date(1703143140000)/",15350,100,979100,15097000000,-50,true,-0.32
"LPB",141826,"/Date(1703143137000)/",15350,200,979000,15095000000,-50,true,-0.32
"LPB",141817,"/Date(1703143135000)/",15350,300,978800,15092000000,-50,true,-0.32
"LPB",141813,"/Date(1703143133000)/",15350,100,978500,15088000000,-50,true,-0.32
"LPB",141810,"/Date(1703143130000)/",15350,200,978400,15086000000,-50,true,-0.32
"LPB",141801,"/Date(1703143121000)/",15350,400,978200,15083000000,-50,true,-0.32
"LPB",141801,"/Date(1703143119000)/",15350,300,977800,15077000000,-50,true,-0.32
"LPB",141801,"/Date(1703143119000)/",15350,100,977500,15072000000,-50,true,-0.32
"LPB",141757,"/Date(1703143118000)/",15350,200,977400,15071000000,-50,true,-0.32
"LPB",141754,"/Date(1703143115000)/",15350,100,977200,15068000000,-50,true,-0.32
"LPB",141754,"/Date(1703143113000)/",15350,200,977100,15066000000,-50,true,-0.32
"LPB",141751,"/Date(1703143111000)/",15350,300,976900,15063000000,-50,true,-0.32
"LPB",141748,"/Date(1703143107000)/",15350,800,976600,15058000000,-50,true,-0.32
"LPB",141748,"/Date(1703143106000)/",15350,800,975800,15046000000,-50,true,-0.32
"LPB",141745,"/Date(1703143105000)/",15350,8000,975000,15034000000,-50,true,-0.32
"LPB",141745,"/Date(1703143103000)/",15350,200,967000,14911000000,-50,true,-0.32
"LPB",141741,"/Date(1703143103000)/",15350,200,966800,14908000000,-50,true,-0.32
"LPB",141741,"/Date(1703143102000)/",15350,2000,966600,14905000000,-50,true,-0.32
"LPB",141738,"/Date(1703143097000)/",15350,100,964600,14874000000,-50,true,-0.32
"LPB",141722,"/Date(1703143081000)/",15350,200,964500,14873000000,-50,true,-0.32
"LPB",141722,"/Date(1703143081000)/",15350,200,964300,14870000000,-50,true,-0.32
"LPB",141719,"/Date(1703143080000)/",15350,1000,964100,14867000000,-50,true,-0.32
"LPB",141719,"/Date(1703143080000)/",15350,1400,963100,14851000000,-50,true,-0.32
"LPB",141719,"/Date(1703143079000)/",15350,300,961700,14830000000,-50,true,-0.32
"LPB",141719,"/Date(1703143079000)/",15400,10000,961400,14825000000,0,false,0
"LPB",141719,"/Date(1703143079000)/",15350,300,951400,14671000000,-50,true,-0.32
"LPB",141719,"/Date(1703143078000)/",15350,3400,951100,14667000000,-50,true,-0.32
"LPB",141719,"/Date(1703143078000)/",15350,3100,947700,14614000000,-50,true,-0.32
"LPB",141716,"/Date(1703143077000)/",15400,3000,944600,14567000000,0,false,0
"LPB",141716,"/Date(1703143077000)/",15400,500,941600,14521000000,0,false,0
"LPB",141716,"/Date(1703143077000)/",15400,2000,941100,14513000000,0,false,0
"LPB",141716,"/Date(1703143077000)/",15400,200,939100,14482000000,0,false,0
"LPB",141716,"/Date(1703143077000)/",15400,500,938900,14479000000,0,false,0
"LPB",141716,"/Date(1703143077000)/",15400,500,938400,14471000000,0,false,0
"LPB",141716,"/Date(1703143077000)/",15400,200,937900,14464000000,0,false,0
"LPB",141716,"/Date(1703143077000)/",15400,500,937700,14461000000,0,false,0
"LPB",141716,"/Date(1703143077000)/",15400,1000,937200,14453000000,0,false,0
"LPB",141716,"/Date(1703143077000)/",15400,5000,936200,14437000000,0,false,0
"LPB",141716,"/Date(1703143077000)/",15400,1800,931200,14360000000,0,false,0
"LPB",141716,"/Date(1703143077000)/",15400,5000,929400,14333000000,0,false,0
"LPB",141716,"/Date(1703143077000)/",15400,100,924400,14256000000,0,false,0
"LPB",141716,"/Date(1703143077000)/",15400,2000,924300,14254000000,0,false,0
"LPB",141716,"/Date(1703143077000)/",15400,200,922300,14223000000,0,false,0
"LPB",141716,"/Date(1703143077000)/",15400,200,922100,14220000000,0,false,0
"LPB",141716,"/Date(1703143077000)/",15400,900,921900,14217000000,0,false,0
"LPB",141716,"/Date(1703143077000)/",15400,8200,921000,14203000000,0,false,0
"LPB",141716,"/Date(1703143076000)/",15400,200,912800,14077000000,0,false,0
"LPB",141713,"/Date(1703143072000)/",15400,200,912600,14074000000,0,true,0
"LPB",141713,"/Date(1703143071000)/",15400,300,912400,14071000000,0,true,0
"LPB",141618,"/Date(1703143018000)/",15450,500,912100,14066000000,50,false,0.32
"LPB",141521,"/Date(1703142960000)/",15400,200,911600,14059000000,0,true,0
"LPB",141430,"/Date(1703142910000)/",15400,100,911400,14055000000,0,true,0
"LPB",141430,"/Date(1703142909000)/",15400,100,911300,14054000000,0,true,0
"LPB",141430,"/Date(1703142909000)/",15450,500,911200,14052000000,50,false,0.32
"LPB",141430,"/Date(1703142909000)/",15450,100,910700,14045000000,50,false,0.32
"LPB",141430,"/Date(1703142909000)/",15450,200,910600,14043000000,50,false,0.32
"LPB",141430,"/Date(1703142909000)/",15450,200,910400,14040000000,50,false,0.32
"LPB",141404,"/Date(1703142882000)/",15450,100,910200,14037000000,50,false,0.32
"LPB",141313,"/Date(1703142833000)/",15400,500,910100,14035000000,0,true,0
"LPB",141304,"/Date(1703142823000)/",15400,200,909600,14028000000,0,true,0
"LPB",141219,"/Date(1703142779000)/",15400,200,909400,14025000000,0,true,0
"LPB",141213,"/Date(1703142772000)/",15400,800,909200,14022000000,0,true,0
"LPB",141213,"/Date(1703142771000)/",15400,800,908400,14009000000,0,true,0
"LPB",141209,"/Date(1703142770000)/",15400,8000,907600,13997000000,0,true,0
"LPB",141209,"/Date(1703142768000)/",15400,200,899600,13874000000,0,true,0
"LPB",141209,"/Date(1703142768000)/",15400,200,899400,13871000000,0,true,0
"LPB",141206,"/Date(1703142767000)/",15400,1800,899200,13868000000,0,true,0
"LPB",141206,"/Date(1703142767000)/",15400,100,897400,13840000000,0,true,0
"LPB",141206,"/Date(1703142767000)/",15400,100,897300,13838000000,0,true,0
"LPB",141157,"/Date(1703142757000)/",15400,100,897200,13837000000,0,true,0
"LPB",141050,"/Date(1703142689000)/",15400,100,897100,13835000000,0,true,0
"LPB",141050,"/Date(1703142689000)/",15400,100,897000,13834000000,0,true,0
"LPB",141046,"/Date(1703142685000)/",15400,100,896900,13832000000,0,true,0
"LPB",141046,"/Date(1703142685000)/",15400,100,896800,13831000000,0,true,0
"LPB",141043,"/Date(1703142681000)/",15400,100,896700,13829000000,0,true,0
"LPB",141005,"/Date(1703142644000)/",15400,100,896600,13827000000,0,true,0
"LPB",140946,"/Date(1703142625000)/",15400,200,896500,13826000000,0,true,0
"LPB",140943,"/Date(1703142622000)/",15400,200,896300,13823000000,0,true,0
"LPB",140933,"/Date(1703142613000)/",15400,100,896100,13820000000,0,true,0
"LPB",140930,"/Date(1703142609000)/",15400,200,896000,13818000000,0,true,0
"LPB",140842,"/Date(1703142563000)/",15400,600,895800,13815000000,0,true,0
"LPB",140836,"/Date(1703142555000)/",15400,300,895200,13806000000,0,true,0
"LPB",140836,"/Date(1703142554000)/",15400,100,894900,13801000000,0,true,0
"LPB",140836,"/Date(1703142553000)/",15400,200,894800,13800000000,0,true,0
"LPB",140832,"/Date(1703142551000)/",15400,300,894600,13797000000,0,true,0
"LPB",140829,"/Date(1703142549000)/",15400,100,894300,13792000000,0,true,0
"LPB",140826,"/Date(1703142546000)/",15400,200,894200,13791000000,0,true,0
"LPB",140826,"/Date(1703142544000)/",15400,300,894000,13787000000,0,true,0
"LPB",140823,"/Date(1703142542000)/",15400,200,893700,13783000000,0,true,0
"LPB",140820,"/Date(1703142540000)/",15400,400,893500,13780000000,0,true,0
"LPB",140816,"/Date(1703142537000)/",15400,300,893100,13774000000,0,true,0
"LPB",140816,"/Date(1703142535000)/",15400,100,892800,13769000000,0,true,0
"LPB",140813,"/Date(1703142533000)/",15400,200,892700,13767000000,0,true,0
"LPB",140813,"/Date(1703142531000)/",15400,300,892500,13764000000,0,true,0
"LPB",140810,"/Date(1703142528000)/",15400,400,892200,13760000000,0,true,0
"LPB",140807,"/Date(1703142525000)/",15400,300,891800,13754000000,0,true,0
"LPB",140804,"/Date(1703142524000)/",15400,200,891500,13749000000,0,true,0
"LPB",140804,"/Date(1703142521000)/",15400,300,891300,13746000000,0,true,0
"LPB",140800,"/Date(1703142519000)/",15400,100,891000,13741000000,0,true,0
"LPB",140757,"/Date(1703142517000)/",15400,200,890900,13740000000,0,true,0
"LPB",140757,"/Date(1703142515000)/",15400,300,890700,13737000000,0,true,0
"LPB",140754,"/Date(1703142513000)/",15400,200,890400,13732000000,0,true,0
"LPB",140751,"/Date(1703142511000)/",15400,300,890200,13729000000,0,true,0
"LPB",140728,"/Date(1703142486000)/",15400,100,889900,13724000000,0,true,0
"LPB",140728,"/Date(1703142486000)/",15400,100,889800,13723000000,0,true,0
"LPB",140725,"/Date(1703142486000)/",15400,200,889700,13721000000,0,true,0
"LPB",140722,"/Date(1703142482000)/",15400,100,889500,13718000000,0,true,0
"LPB",140706,"/Date(1703142464000)/",15400,200,889400,13717000000,0,true,0
"LPB",140657,"/Date(1703142456000)/",15400,100,889200,13714000000,0,true,0
"LPB",140621,"/Date(1703142419000)/",15400,200,889100,13712000000,0,true,0
"LPB",140605,"/Date(1703142403000)/",15400,100,888900,13709000000,0,true,0
"LPB",140605,"/Date(1703142403000)/",15400,100,888800,13707000000,0,true,0
"LPB",140602,"/Date(1703142402000)/",15400,700,888700,13706000000,0,true,0
"LPB",140602,"/Date(1703142402000)/",15400,200,888000,13695000000,0,true,0
"LPB",140602,"/Date(1703142402000)/",15400,500,887800,13692000000,0,true,0
"LPB",140602,"/Date(1703142401000)/",15400,3700,887300,13684000000,0,true,0
"LPB",140602,"/Date(1703142401000)/",15400,800,883600,13627000000,0,true,0
"LPB",140602,"/Date(1703142401000)/",15450,100,882800,13615000000,50,true,0.32
"LPB",140602,"/Date(1703142401000)/",15450,100,882700,13613000000,50,true,0.32
"LPB",140602,"/Date(1703142401000)/",15450,100,882600,13612000000,50,true,0.32
"LPB",140602,"/Date(1703142401000)/",15450,100,882500,13610000000,50,true,0.32
"LPB",140602,"/Date(1703142401000)/",15450,2500,882400,13609000000,50,true,0.32
"LPB",140602,"/Date(1703142400000)/",15450,37500,879900,13570000000,50,true,0.32
"LPB",140602,"/Date(1703142399000)/",15450,200,842400,12991000000,50,true,0.32
"LPB",140556,"/Date(1703142394000)/",15450,100,842200,12988000000,50,true,0.32
"LPB",140553,"/Date(1703142392000)/",15450,200,842100,12986000000,50,true,0.32
"LPB",140549,"/Date(1703142389000)/",15450,300,841900,12983000000,50,true,0.32
"LPB",140549,"/Date(1703142387000)/",15450,200,841600,12978000000,50,true,0.32
"LPB",140546,"/Date(1703142386000)/",15450,100,841400,12975000000,50,true,0.32
"LPB",140546,"/Date(1703142384000)/",15450,200,841300,12974000000,50,true,0.32
"LPB",140543,"/Date(1703142382000)/",15450,300,841100,12971000000,50,true,0.32
"LPB",140540,"/Date(1703142378000)/",15450,200,840800,12966000000,50,true,0.32
"LPB",140537,"/Date(1703142376000)/",15450,100,840600,12963000000,50,true,0.32
"LPB",140537,"/Date(1703142374000)/",15450,200,840500,12961000000,50,true,0.32
"LPB",140533,"/Date(1703142372000)/",15450,300,840300,12958000000,50,true,0.32
"LPB",140530,"/Date(1703142369000)/",15450,200,840000,12954000000,50,true,0.32
"LPB",140530,"/Date(1703142368000)/",15450,300,839800,12951000000,50,true,0.32
"LPB",140527,"/Date(1703142365000)/",15450,100,839500,12946000000,50,true,0.32
"LPB",140524,"/Date(1703142364000)/",15450,200,839400,12944000000,50,true,0.32
"LPB",140524,"/Date(1703142362000)/",15450,300,839200,12941000000,50,true,0.32
"LPB",140521,"/Date(1703142359000)/",15450,400,838900,12937000000,50,true,0.32
"LPB",140518,"/Date(1703142357000)/",15450,200,838500,12931000000,50,true,0.32
"LPB",140511,"/Date(1703142351000)/",15450,100,838300,12927000000,50,true,0.32
"LPB",140511,"/Date(1703142350000)/",15450,200,838200,12926000000,50,true,0.32
"LPB",140511,"/Date(1703142349000)/",15450,300,838000,12923000000,50,true,0.32
"LPB",140508,"/Date(1703142347000)/",15450,200,837700,12918000000,50,true,0.32
"LPB",140508,"/Date(1703142345000)/",15450,300,837500,12915000000,50,true,0.32
"LPB",140505,"/Date(1703142343000)/",15450,200,837200,12910000000,50,true,0.32
"LPB",140502,"/Date(1703142342000)/",15450,100,837000,12907000000,50,true,0.32
"LPB",140502,"/Date(1703142340000)/",15450,200,836900,12906000000,50,true,0.32
"LPB",140458,"/Date(1703142338000)/",15450,300,836700,12903000000,50,true,0.32
"LPB",140458,"/Date(1703142336000)/",15450,200,836400,12898000000,50,true,0.32
"LPB",140455,"/Date(1703142334000)/",15450,300,836200,12895000000,50,true,0.32
"LPB",140452,"/Date(1703142332000)/",15450,100,835900,12890000000,50,true,0.32
"LPB",140404,"/Date(1703142283000)/",15450,200,835800,12889000000,50,true,0.32
"LPB",140257,"/Date(1703142216000)/",15450,100,835600,12886000000,50,true,0.32
"LPB",140244,"/Date(1703142201000)/",15450,200,835500,12884000000,50,true,0.32
"LPB",140219,"/Date(1703142176000)/",15500,100,835300,12881000000,100,false,0.65
"LPB",140212,"/Date(1703142169000)/",15450,200,835200,12880000000,50,true,0.32
"LPB",140206,"/Date(1703142165000)/",15450,300,835000,12876000000,50,true,0.32
"LPB",140203,"/Date(1703142161000)/",15450,100,834700,12872000000,50,true,0.32
"LPB",140159,"/Date(1703142158000)/",15450,200,834600,12870000000,50,true,0.32
"LPB",140150,"/Date(1703142148000)/",15450,200,834400,12867000000,50,true,0.32
"LPB",140131,"/Date(1703142128000)/",15450,400,834200,12864000000,50,true,0.32
"LPB",140127,"/Date(1703142126000)/",15450,300,833800,12858000000,50,true,0.32
"LPB",140127,"/Date(1703142124000)/",15500,100,833500,12853000000,100,false,0.65
"LPB",140124,"/Date(1703142123000)/",15450,100,833400,12852000000,50,true,0.32
"LPB",140124,"/Date(1703142121000)/",15450,200,833300,12850000000,50,true,0.32
"LPB",140121,"/Date(1703142119000)/",15450,300,833100,12847000000,50,true,0.32
"LPB",140118,"/Date(1703142116000)/",15450,400,832800,12842000000,50,true,0.32
"LPB",140115,"/Date(1703142113000)/",15450,200,832400,12836000000,50,true,0.32
"LPB",140115,"/Date(1703142113000)/",15450,100,832200,12833000000,50,true,0.32
"LPB",140111,"/Date(1703142110000)/",15450,400,832100,12832000000,50,true,0.32
"LPB",140108,"/Date(1703142108000)/",15450,300,831700,12825000000,50,true,0.32
"LPB",140108,"/Date(1703142106000)/",15450,200,831400,12821000000,50,true,0.32
"LPB",140108,"/Date(1703142104000)/",15450,400,831200,12818000000,50,true,0.32
"LPB",140102,"/Date(1703142101000)/",15450,200,830800,12812000000,50,true,0.32
"LPB",140102,"/Date(1703142099000)/",15450,300,830600,12808000000,50,true,0.32
"LPB",140059,"/Date(1703142097000)/",15450,100,830300,12804000000,50,true,0.32
"LPB",140055,"/Date(1703142095000)/",15450,200,830200,12802000000,50,true,0.32
"LPB",140055,"/Date(1703142094000)/",15450,300,830000,12799000000,50,true,0.32
"LPB",140052,"/Date(1703142092000)/",15450,400,829700,12795000000,50,true,0.32
"LPB",140052,"/Date(1703142090000)/",15450,300,829300,12788000000,50,true,0.32
"LPB",140049,"/Date(1703142088000)/",15450,200,829000,12784000000,50,true,0.32
"LPB",140046,"/Date(1703142085000)/",15450,300,828800,12781000000,50,true,0.32
"LPB",140046,"/Date(1703142084000)/",15450,200,828500,12776000000,50,true,0.32
"LPB",140043,"/Date(1703142081000)/",15450,400,828300,12773000000,50,true,0.32
"LPB",140043,"/Date(1703142080000)/",15450,200,827900,12767000000,50,true,0.32
"LPB",140040,"/Date(1703142079000)/",15450,300,827700,12764000000,50,true,0.32
"LPB",135936,"/Date(1703142013000)/",15450,100,827400,12759000000,50,true,0.32
"LPB",135900,"/Date(1703141978000)/",15450,100,827300,12757000000,50,true,0.32
"LPB",135900,"/Date(1703141978000)/",15450,100,827200,12756000000,50,true,0.32
"LPB",135900,"/Date(1703141977000)/",15500,1000,827100,12754000000,100,true,0.65
"LPB",135900,"/Date(1703141977000)/",15500,100,826100,12739000000,100,true,0.65
"LPB",135828,"/Date(1703141945000)/",15500,200,826000,12737000000,100,true,0.65
"LPB",135819,"/Date(1703141936000)/",15500,200,825800,12734000000,100,true,0.65
"LPB",135819,"/Date(1703141936000)/",15500,100,825600,12731000000,100,true,0.65
"LPB",135753,"/Date(1703141910000)/",15500,100,825500,12730000000,100,true,0.65
"LPB",135750,"/Date(1703141908000)/",15500,100,825400,12728000000,100,true,0.65
"LPB",135750,"/Date(1703141908000)/",15500,100,825300,12726000000,100,true,0.65
"LPB",135750,"/Date(1703141907000)/",15500,1000,825200,12725000000,100,true,0.65
"LPB",135558,"/Date(1703141796000)/",15550,100,824200,12709000000,150,false,0.97
"LPB",135504,"/Date(1703141743000)/",15500,200,824100,12708000000,100,true,0.65
"LPB",135357,"/Date(1703141674000)/",15500,100,823900,12705000000,100,true,0.65
"LPB",135351,"/Date(1703141667000)/",15500,600,823800,12703000000,100,true,0.65
"LPB",135344,"/Date(1703141663000)/",15500,300,823200,12694000000,100,true,0.65
"LPB",135344,"/Date(1703141662000)/",15500,200,822900,12689000000,100,true,0.65
"LPB",135344,"/Date(1703141662000)/",15500,2800,822700,12686000000,100,true,0.65
"LPB",135344,"/Date(1703141662000)/",15500,100,819900,12643000000,100,true,0.65
"LPB",135256,"/Date(1703141613000)/",15500,100,819800,12641000000,100,false,0.65
"LPB",135250,"/Date(1703141607000)/",15450,200,819700,12640000000,50,true,0.32
"LPB",135143,"/Date(1703141540000)/",15450,200,819500,12637000000,50,true,0.32
"LPB",135140,"/Date(1703141538000)/",15450,100,819300,12634000000,50,true,0.32
"LPB",135140,"/Date(1703141537000)/",15450,600,819200,12632000000,50,true,0.32
"LPB",135140,"/Date(1703141537000)/",15450,400,818600,12623000000,50,true,0.32
"LPB",135140,"/Date(1703141537000)/",15450,100,818200,12617000000,50,true,0.32
"LPB",135140,"/Date(1703141537000)/",15500,500,818100,12615000000,100,false,0.65
"LPB",135140,"/Date(1703141536000)/",15500,500,817600,12607000000,100,false,0.65
"LPB",135140,"/Date(1703141536000)/",15500,5000,817100,12599000000,100,false,0.65
"LPB",135140,"/Date(1703141536000)/",15500,5000,812100,12522000000,100,false,0.65
"LPB",135136,"/Date(1703141535000)/",15550,23600,807100,12444000000,150,false,0.97
"LPB",135136,"/Date(1703141535000)/",15550,100,783500,12077000000,150,false,0.97
"LPB",135136,"/Date(1703141535000)/",15550,1000,783400,12076000000,150,false,0.97
"LPB",135136,"/Date(1703141535000)/",15550,100,782400,12060000000,150,false,0.97
"LPB",135136,"/Date(1703141535000)/",15550,100,782300,12059000000,150,false,0.97
"LPB",135136,"/Date(1703141535000)/",15550,100,782200,12057000000,150,false,0.97
"LPB",135136,"/Date(1703141535000)/",15550,25000,782100,12056000000,150,false,0.97
"LPB",135114,"/Date(1703141512000)/",15500,100,757100,11667000000,100,true,0.65
"LPB",135114,"/Date(1703141512000)/",15500,100,757000,11665000000,100,true,0.65
"LPB",135114,"/Date(1703141511000)/",15500,1000,756900,11664000000,100,true,0.65
"LPB",135107,"/Date(1703141505000)/",15500,100,755900,11648000000,100,true,0.65
"LPB",135107,"/Date(1703141505000)/",15500,100,755800,11647000000,100,true,0.65
"LPB",135107,"/Date(1703141504000)/",15500,600,755700,11645000000,100,true,0.65
"LPB",135107,"/Date(1703141504000)/",15500,300,755100,11636000000,100,true,0.65
"LPB",135107,"/Date(1703141504000)/",15500,900,754800,11631000000,100,true,0.65
"LPB",135104,"/Date(1703141503000)/",15500,9000,753900,11617000000,100,true,0.65
"LPB",135035,"/Date(1703141472000)/",15500,100,744900,11478000000,100,true,0.65
"LPB",135010,"/Date(1703141446000)/",15500,200,744800,11476000000,100,true,0.65
"LPB",135010,"/Date(1703141446000)/",15500,200,744600,11473000000,100,true,0.65
"LPB",135007,"/Date(1703141445000)/",15500,2000,744400,11470000000,100,true,0.65
"LPB",134954,"/Date(1703141432000)/",15500,900,742400,11439000000,100,true,0.65
"LPB",134928,"/Date(1703141404000)/",15500,200,741500,11425000000,100,true,0.65
"LPB",134912,"/Date(1703141391000)/",15500,900,741300,11422000000,100,true,0.65
"LPB",134903,"/Date(1703141379000)/",15500,500,740400,11408000000,100,true,0.65
"LPB",134818,"/Date(1703141337000)/",15500,100,739900,11400000000,100,true,0.65
"LPB",134721,"/Date(1703141276000)/",15500,100,739800,11399000000,100,true,0.65
"LPB",134717,"/Date(1703141275000)/",15500,1800,739700,11397000000,100,true,0.65
"LPB",134711,"/Date(1703141269000)/",15500,200,737900,11369000000,100,true,0.65
"LPB",134708,"/Date(1703141266000)/",15500,100,737700,11366000000,100,true,0.65
"LPB",134652,"/Date(1703141248000)/",15500,200,737600,11365000000,100,true,0.65
"LPB",134649,"/Date(1703141245000)/",15500,100,737400,11362000000,100,true,0.65
"LPB",134646,"/Date(1703141244000)/",15500,1000,737300,11360000000,100,true,0.65
"LPB",134646,"/Date(1703141243000)/",15500,900,736300,11345000000,100,true,0.65
"LPB",134646,"/Date(1703141243000)/",15500,10000,735400,11331000000,100,true,0.65
"LPB",134646,"/Date(1703141242000)/",15500,300,725400,11176000000,100,true,0.65
"LPB",134646,"/Date(1703141242000)/",15500,8600,725100,11171000000,100,true,0.65
"LPB",134646,"/Date(1703141242000)/",15500,1000,716500,11038000000,100,true,0.65
"LPB",134633,"/Date(1703141231000)/",15450,100,715500,11022000000,50,true,0.32
"LPB",134633,"/Date(1703141230000)/",15450,1900,715400,11021000000,50,true,0.32
"LPB",134633,"/Date(1703141229000)/",15500,1000,713500,10991000000,100,true,0.65
"LPB",134633,"/Date(1703141229000)/",15500,200,712500,10976000000,100,true,0.65
"LPB",134633,"/Date(1703141229000)/",15500,800,712300,10973000000,100,true,0.65
"LPB",134633,"/Date(1703141229000)/",15500,17000,711500,10960000000,100,true,0.65
"LPB",134604,"/Date(1703141202000)/",15500,200,694500,10697000000,100,true,0.65
"LPB",134526,"/Date(1703141162000)/",15500,200,694300,10694000000,100,true,0.65
"LPB",134526,"/Date(1703141161000)/",15500,2900,694100,10691000000,100,true,0.65
"LPB",134523,"/Date(1703141160000)/",15500,100,691200,10646000000,100,false,0.65
"LPB",134523,"/Date(1703141160000)/",15500,200,691100,10644000000,100,false,0.65
"LPB",134523,"/Date(1703141160000)/",15500,2000,690900,10641000000,100,false,0.65
"LPB",134523,"/Date(1703141160000)/",15500,500,688900,10610000000,100,false,0.65
"LPB",134523,"/Date(1703141160000)/",15500,500,688400,10602000000,100,false,0.65
"LPB",134523,"/Date(1703141160000)/",15500,100,687900,10594000000,100,false,0.65
"LPB",134523,"/Date(1703141160000)/",15500,500,687800,10593000000,100,false,0.65
"LPB",134523,"/Date(1703141160000)/",15500,700,687300,10585000000,100,false,0.65
"LPB",134523,"/Date(1703141160000)/",15500,1000,686600,10574000000,100,false,0.65
"LPB",134523,"/Date(1703141160000)/",15500,1000,685600,10559000000,100,false,0.65
"LPB",134523,"/Date(1703141160000)/",15500,3300,684600,10543000000,100,false,0.65
"LPB",134523,"/Date(1703141160000)/",15500,2000,681300,10492000000,100,false,0.65
"LPB",134523,"/Date(1703141160000)/",15500,7500,679300,10461000000,100,false,0.65
"LPB",134523,"/Date(1703141160000)/",15500,1000,671800,10345000000,100,false,0.65
"LPB",134523,"/Date(1703141160000)/",15500,300,670800,10329000000,100,false,0.65
"LPB",134523,"/Date(1703141160000)/",15500,100,670500,10325000000,100,false,0.65
"LPB",134523,"/Date(1703141160000)/",15500,1000,670400,10323000000,100,false,0.65
"LPB",134523,"/Date(1703141160000)/",15500,1000,669400,10308000000,100,false,0.65
"LPB",134523,"/Date(1703141160000)/",15500,1000,668400,10292000000,100,false,0.65
"LPB",134523,"/Date(1703141160000)/",15500,3500,667400,10277000000,100,false,0.65
"LPB",134523,"/Date(1703141160000)/",15500,100,663900,10222000000,100,false,0.65
"LPB",134523,"/Date(1703141160000)/",15500,500,663800,10221000000,100,false,0.65
"LPB",134523,"/Date(1703141160000)/",15500,200,663300,10213000000,100,false,0.65
"LPB",134523,"/Date(1703141160000)/",15500,100,663100,10210000000,100,false,0.65
"LPB",134523,"/Date(1703141160000)/",15500,100,663000,10209000000,100,false,0.65
"LPB",134523,"/Date(1703141160000)/",15500,100,662900,10207000000,100,false,0.65
"LPB",134523,"/Date(1703141160000)/",15500,200,662800,10205000000,100,false,0.65
"LPB",134523,"/Date(1703141160000)/",15500,100,662600,10202000000,100,false,0.65
"LPB",134523,"/Date(1703141160000)/",15500,100,662500,10201000000,100,false,0.65
"LPB",134523,"/Date(1703141160000)/",15500,200,662400,10199000000,100,false,0.65
"LPB",134523,"/Date(1703141160000)/",15500,200,662200,10196000000,100,false,0.65
"LPB",134523,"/Date(1703141160000)/",15500,100,662000,10193000000,100,false,0.65
"LPB",134523,"/Date(1703141160000)/",15500,200,661900,10191000000,100,false,0.65
"LPB",134523,"/Date(1703141160000)/",15500,200,661700,10188000000,100,false,0.65
"LPB",134513,"/Date(1703141148000)/",15500,100,661500,10185000000,100,false,0.65
"LPB",134513,"/Date(1703141148000)/",15500,200,661400,10184000000,100,false,0.65
"LPB",134513,"/Date(1703141148000)/",15500,100,661200,10181000000,100,false,0.65
"LPB",134513,"/Date(1703141148000)/",15500,200,661100,10179000000,100,false,0.65
"LPB",134513,"/Date(1703141148000)/",15500,200,660900,10176000000,100,false,0.65
"LPB",134513,"/Date(1703141148000)/",15500,100,660700,10173000000,100,false,0.65
"LPB",134256,"/Date(1703141013000)/",15500,700,660600,10171000000,100,false,0.65
"LPB",134243,"/Date(1703140999000)/",15450,100,659900,10160000000,50,true,0.32
"LPB",134224,"/Date(1703140980000)/",15450,100,659800,10159000000,50,true,0.32
"LPB",134136,"/Date(1703140931000)/",15450,200,659700,10157000000,50,true,0.32
"LPB",134029,"/Date(1703140867000)/",15450,200,659500,10154000000,50,true,0.32
"LPB",134029,"/Date(1703140864000)/",15450,200,659300,10151000000,50,true,0.32
"LPB",134023,"/Date(1703140859000)/",15450,100,659100,10148000000,50,true,0.32
"LPB",134023,"/Date(1703140858000)/",15450,1200,659000,10147000000,50,true,0.32
"LPB",133919,"/Date(1703140796000)/",15450,100,657800,10128000000,50,true,0.32
"LPB",133903,"/Date(1703140779000)/",15450,100,657700,10126000000,50,true,0.32
"LPB",133903,"/Date(1703140778000)/",15450,1800,657600,10125000000,50,true,0.32
"LPB",133900,"/Date(1703140777000)/",15450,100,655800,10097000000,50,false,0.32
"LPB",133900,"/Date(1703140777000)/",15450,4000,655700,10096000000,50,false,0.32
"LPB",133900,"/Date(1703140777000)/",15450,100,651700,10034000000,50,false,0.32
"LPB",133900,"/Date(1703140777000)/",15450,10000,651600,10032000000,50,false,0.32
"LPB",133900,"/Date(1703140777000)/",15450,4500,641600,9878000000,50,false,0.32
"LPB",133828,"/Date(1703140743000)/",15400,200,637100,9808000000,0,true,0
"LPB",133825,"/Date(1703140742000)/",15400,2000,636900,9805000000,0,true,0
"LPB",133812,"/Date(1703140728000)/",15400,200,634900,9774000000,0,true,0
"LPB",133715,"/Date(1703140670000)/",15400,500,634700,9771000000,0,true,0
"LPB",133715,"/Date(1703140669000)/",15400,5000,634200,9764000000,0,true,0
"LPB",133705,"/Date(1703140661000)/",15400,200,629200,9687000000,0,true,0
"LPB",133558,"/Date(1703140593000)/",15400,100,629000,9683000000,0,true,0
"LPB",133451,"/Date(1703140526000)/",15400,200,628900,9682000000,0,true,0
"LPB",133341,"/Date(1703140458000)/",15400,100,628700,9679000000,0,true,0
"LPB",133234,"/Date(1703140390000)/",15400,200,628600,9677000000,0,true,0
"LPB",133127,"/Date(1703140323000)/",15400,200,628400,9674000000,0,true,0
"LPB",133036,"/Date(1703140271000)/",15400,800,628200,9671000000,0,true,0
"LPB",133036,"/Date(1703140271000)/",15400,100,627400,9659000000,0,true,0
"LPB",133036,"/Date(1703140270000)/",15450,4600,627300,9657000000,50,false,0.32
"LPB",133036,"/Date(1703140270000)/",15450,400,622700,9586000000,50,false,0.32
"LPB",133036,"/Date(1703140270000)/",15450,300,622300,9580000000,50,false,0.32
"LPB",133036,"/Date(1703140270000)/",15450,3800,622000,9575000000,50,false,0.32
"LPB",133033,"/Date(1703140267000)/",15450,100,618200,9517000000,50,true,0.32
"LPB",133030,"/Date(1703140263000)/",15450,200,618100,9515000000,50,true,0.32
"LPB",133020,"/Date(1703140255000)/",15450,100,617900,9512000000,50,true,0.32
"LPB",133017,"/Date(1703140252000)/",15450,100,617800,9511000000,50,true,0.32
"LPB",133017,"/Date(1703140251000)/",15450,1800,617700,9509000000,50,true,0.32
"LPB",133014,"/Date(1703140250000)/",15450,18700,615900,9481000000,50,true,0.32
"LPB",133001,"/Date(1703140237000)/",15450,100,597200,9192000000,50,true,0.32
"LPB",132913,"/Date(1703140188000)/",15450,200,597100,9191000000,50,true,0.32
"LPB",132806,"/Date(1703140120000)/",15450,100,596900,9188000000,50,true,0.32
"LPB",132747,"/Date(1703140103000)/",15450,400,596800,9186000000,50,true,0.32
"LPB",132656,"/Date(1703140052000)/",15450,200,596400,9180000000,50,true,0.32
"LPB",132549,"/Date(1703139985000)/",15450,200,596200,9177000000,50,true,0.32
"LPB",132533,"/Date(1703139966000)/",15450,500,596000,9174000000,50,true,0.32
"LPB",132530,"/Date(1703139965000)/",15500,5000,595500,9166000000,100,false,0.65
"LPB",132442,"/Date(1703139918000)/",15450,100,590500,9088000000,50,true,0.32
"LPB",132344,"/Date(1703139857000)/",15450,100,590400,9087000000,50,true,0.32
"LPB",132335,"/Date(1703139849000)/",15450,200,590300,9085000000,50,true,0.32
"LPB",132247,"/Date(1703139801000)/",15450,200,590100,9082000000,50,false,0.32
"LPB",132247,"/Date(1703139800000)/",15450,200,589900,9079000000,50,false,0.32
"LPB",132247,"/Date(1703139800000)/",15450,2700,589700,9076000000,50,false,0.32
"LPB",132228,"/Date(1703139782000)/",15400,200,587000,9034000000,0,true,0
"LPB",132159,"/Date(1703139753000)/",15400,600,586800,9031000000,0,true,0
"LPB",132159,"/Date(1703139752000)/",15450,300,586200,9022000000,50,false,0.32
"LPB",132159,"/Date(1703139752000)/",15450,2000,585900,9017000000,50,false,0.32
"LPB",132159,"/Date(1703139752000)/",15450,500,583900,8987000000,50,false,0.32
"LPB",132159,"/Date(1703139752000)/",15450,3200,583400,8979000000,50,false,0.32
"LPB",132121,"/Date(1703139714000)/",15400,100,580200,8929000000,0,true,0
"LPB",132014,"/Date(1703139647000)/",15400,200,580100,8928000000,0,true,0
"LPB",131904,"/Date(1703139579000)/",15400,100,579900,8925000000,0,true,0
"LPB",131757,"/Date(1703139511000)/",15400,200,579800,8923000000,0,true,0
"LPB",131650,"/Date(1703139444000)/",15400,200,579600,8920000000,0,true,0
"LPB",131543,"/Date(1703139376000)/",15400,100,579400,8917000000,0,true,0
"LPB",131436,"/Date(1703139309000)/",15400,200,579300,8916000000,0,true,0
"LPB",131326,"/Date(1703139241000)/",15400,100,579100,8912000000,0,true,0
"LPB",131219,"/Date(1703139173000)/",15400,200,579000,8911000000,0,true,0
"LPB",131112,"/Date(1703139106000)/",15400,200,578800,8908000000,0,true,0
"LPB",131005,"/Date(1703139038000)/",15400,100,578600,8905000000,0,true,0
"LPB",130858,"/Date(1703138970000)/",15400,200,578500,8903000000,0,true,0
"LPB",130751,"/Date(1703138903000)/",15400,200,578300,8900000000,0,true,0
"LPB",130735,"/Date(1703138889000)/",15400,100,578100,8897000000,0,true,0
"LPB",130735,"/Date(1703138889000)/",15400,100,578000,8896000000,0,true,0
"LPB",130644,"/Date(1703138835000)/",15400,100,577900,8894000000,0,true,0
"LPB",130537,"/Date(1703138768000)/",15400,200,577800,8892000000,0,true,0
"LPB",130427,"/Date(1703138700000)/",15400,100,577600,8889000000,0,true,0
"LPB",130320,"/Date(1703138632000)/",15400,200,577500,8888000000,0,true,0
"LPB",130320,"/Date(1703138631000)/",15400,300,577300,8885000000,0,true,0
"LPB",130316,"/Date(1703138630000)/",15450,1200,577000,8880000000,50,true,0.32
"LPB",130316,"/Date(1703138630000)/",15450,100,575800,8862000000,50,true,0.32
"LPB",130316,"/Date(1703138630000)/",15450,200,575700,8860000000,50,true,0.32
"LPB",130316,"/Date(1703138630000)/",15450,500,575500,8857000000,50,true,0.32
"LPB",130316,"/Date(1703138630000)/",15450,300,575000,8849000000,50,true,0.32
"LPB",130316,"/Date(1703138630000)/",15450,1400,574700,8845000000,50,true,0.32
"LPB",130310,"/Date(1703138621000)/",15450,200,573300,8823000000,50,true,0.32
"LPB",130307,"/Date(1703138620000)/",15450,400,573100,8820000000,50,true,0.32
"LPB",130307,"/Date(1703138620000)/",15450,1600,572700,8814000000,50,true,0.32
"LPB",130213,"/Date(1703138565000)/",15450,200,571100,8789000000,50,true,0.32
"LPB",130128,"/Date(1703138520000)/",15450,200,570900,8786000000,50,true,0.32
"LPB",130128,"/Date(1703138519000)/",15450,2900,570700,8783000000,50,true,0.32
"LPB",130106,"/Date(1703138497000)/",15450,100,567800,8738000000,50,true,0.32
"LPB",125959,"/Date(1703138430000)/",15450,200,567700,8736000000,50,true,0.32
"LPB",125956,"/Date(1703138413000)/",15450,100,567500,8733000000,50,true,0.32
"LPB",125953,"/Date(1703138411000)/",15450,300,567400,8732000000,50,true,0.32
"LPB",125949,"/Date(1703138405000)/",15450,700,567100,8727000000,50,true,0.32
"LPB",125949,"/Date(1703138404000)/",15450,7500,566400,8716000000,50,true,0.32
"LPB",125946,"/Date(1703138403000)/",15450,100,558900,8600000000,50,true,0.32
"LPB",125946,"/Date(1703138403000)/",15450,100,558800,8599000000,50,true,0.32
"LPB",125943,"/Date(1703138401000)/",15450,1000,558700,8597000000,50,true,0.32
"LPB",125940,"/Date(1703138400000)/",15450,200,557700,8582000000,50,true,0.32
"LPB",112858,"/Date(1703132962000)/",15450,100,557500,8579000000,50,true,0.32
"LPB",112751,"/Date(1703132894000)/",15450,200,557400,8577000000,50,true,0.32
"LPB",112645,"/Date(1703132828000)/",15450,100,557200,8574000000,50,true,0.32
"LPB",112645,"/Date(1703132827000)/",15450,200,557100,8573000000,50,true,0.32
"LPB",112645,"/Date(1703132826000)/",15450,1000,556900,8570000000,50,true,0.32
"LPB",112557,"/Date(1703132778000)/",15450,100,555900,8554000000,50,true,0.32
"LPB",112538,"/Date(1703132759000)/",15450,100,555800,8553000000,50,true,0.32
"LPB",112431,"/Date(1703132692000)/",15450,200,555700,8551000000,50,true,0.32
"LPB",112321,"/Date(1703132624000)/",15450,200,555500,8548000000,50,true,0.32
"LPB",112214,"/Date(1703132556000)/",15450,100,555300,8545000000,50,true,0.32
"LPB",112107,"/Date(1703132489000)/",15450,200,555200,8543000000,50,true,0.32
"LPB",112045,"/Date(1703132465000)/",15450,200,555000,8540000000,50,true,0.32
"LPB",112042,"/Date(1703132463000)/",15500,2000,554800,8537000000,100,false,0.65
"LPB",112000,"/Date(1703132420000)/",15450,100,552800,8506000000,50,true,0.32
"LPB",111951,"/Date(1703132411000)/",15450,300,552700,8505000000,50,true,0.32
"LPB",111850,"/Date(1703132353000)/",15450,200,552400,8500000000,50,true,0.32
"LPB",111837,"/Date(1703132338000)/",15450,100,552200,8497000000,50,true,0.32
"LPB",111834,"/Date(1703132336000)/",15500,1700,552100,8495000000,100,false,0.65
"LPB",111743,"/Date(1703132286000)/",15450,200,550400,8469000000,50,true,0.32
"LPB",111637,"/Date(1703132218000)/",15450,100,550200,8466000000,50,true,0.32
"LPB",111530,"/Date(1703132151000)/",15450,200,550100,8464000000,50,true,0.32
"LPB",111423,"/Date(1703132083000)/",15450,100,549900,8461000000,50,true,0.32
"LPB",111316,"/Date(1703132016000)/",15450,100,549800,8460000000,50,true,0.32
"LPB",111313,"/Date(1703132015000)/",15450,1000,549700,8458000000,50,true,0.32
"LPB",111313,"/Date(1703132015000)/",15450,200,548700,8443000000,50,true,0.32
"LPB",111304,"/Date(1703131997000)/",15450,400,548500,8440000000,50,true,0.32
"LPB",111244,"/Date(1703131984000)/",15450,500,548100,8433000000,50,true,0.32
"LPB",111232,"/Date(1703131974000)/",15450,900,547600,8426000000,50,true,0.32
"LPB",111232,"/Date(1703131973000)/",15450,100,546700,8412000000,50,true,0.32
"LPB",111206,"/Date(1703131948000)/",15450,200,546600,8410000000,50,true,0.32
"LPB",111154,"/Date(1703131933000)/",15450,900,546400,8407000000,50,true,0.32
"LPB",111112,"/Date(1703131893000)/",15450,100,545500,8393000000,50,true,0.32
"LPB",111112,"/Date(1703131892000)/",15450,1000,545400,8392000000,50,true,0.32
"LPB",111059,"/Date(1703131880000)/",15450,100,544400,8376000000,50,true,0.32
"LPB",111031,"/Date(1703131851000)/",15450,900,544300,8375000000,50,true,0.32
"LPB",111008,"/Date(1703131828000)/",15450,600,543400,8361000000,50,true,0.32
"LPB",111005,"/Date(1703131827000)/",15450,6700,542800,8352000000,50,false,0.32
"LPB",111005,"/Date(1703131826000)/",15450,2700,536100,8248000000,50,false,0.32
"LPB",111005,"/Date(1703131826000)/",15450,62000,533400,8206000000,50,false,0.32
"LPB",111005,"/Date(1703131826000)/",15450,100,471400,7248000000,50,false,0.32
"LPB",111005,"/Date(1703131826000)/",15450,200,471300,7247000000,50,false,0.32
"LPB",111005,"/Date(1703131826000)/",15450,100,471100,7244000000,50,false,0.32
"LPB",111005,"/Date(1703131826000)/",15450,2000,471000,7242000000,50,false,0.32
"LPB",110952,"/Date(1703131813000)/",15400,200,469000,7211000000,0,true,0
"LPB",110949,"/Date(1703131810000)/",15400,900,468800,7208000000,0,true,0
"LPB",110908,"/Date(1703131769000)/",15400,900,467900,7194000000,0,true,0
"LPB",110846,"/Date(1703131745000)/",15400,200,467000,7181000000,0,true,0
"LPB",110830,"/Date(1703131729000)/",15400,100,466800,7177000000,0,true,0
"LPB",110827,"/Date(1703131728000)/",15400,1000,466700,7176000000,0,true,0
"LPB",110745,"/Date(1703131687000)/",15400,900,465700,7160000000,0,true,0
"LPB",110736,"/Date(1703131677000)/",15400,100,464800,7147000000,0,true,0
"LPB",110707,"/Date(1703131646000)/",15400,900,464700,7145000000,0,true,0
"LPB",110629,"/Date(1703131610000)/",15400,200,463800,7131000000,0,true,0
"LPB",110626,"/Date(1703131606000)/",15400,100,463600,7128000000,0,true,0
"LPB",110626,"/Date(1703131605000)/",15400,1000,463500,7127000000,0,true,0
"LPB",110544,"/Date(1703131564000)/",15400,900,462500,7111000000,0,true,0
"LPB",110522,"/Date(1703131542000)/",15400,100,461600,7097000000,0,true,0
"LPB",110503,"/Date(1703131523000)/",15400,900,461500,7096000000,0,true,0
"LPB",110422,"/Date(1703131482000)/",15400,900,460600,7082000000,0,true,0
"LPB",110415,"/Date(1703131474000)/",15400,200,459700,7068000000,0,true,0
"LPB",110343,"/Date(1703131442000)/",15400,100,459500,7065000000,0,true,0
"LPB",110340,"/Date(1703131441000)/",15400,1000,459400,7063000000,0,true,0
"LPB",110305,"/Date(1703131407000)/",15400,200,458400,7048000000,0,true,0
"LPB",110259,"/Date(1703131400000)/",15400,900,458200,7045000000,0,true,0
"LPB",110221,"/Date(1703131359000)/",15400,900,457300,7031000000,0,true,0
"LPB",110158,"/Date(1703131339000)/",15400,100,456400,7017000000,0,true,0
"LPB",110139,"/Date(1703131319000)/",15400,100,456300,7016000000,0,true,0
"LPB",110139,"/Date(1703131318000)/",15400,1000,456200,7014000000,0,true,0
"LPB",110058,"/Date(1703131277000)/",15400,900,455200,6999000000,0,true,0
"LPB",110052,"/Date(1703131272000)/",15400,200,454300,6985000000,0,true,0
"LPB",110017,"/Date(1703131236000)/",15400,900,454100,6982000000,0,true,0
"LPB",105945,"/Date(1703131204000)/",15400,200,453200,6968000000,0,true,0
"LPB",105945,"/Date(1703131203000)/",15400,200,453000,6965000000,0,true,0
"LPB",105941,"/Date(1703131202000)/",15400,2800,452800,6962000000,0,true,0
"LPB",105935,"/Date(1703131195000)/",15350,900,450000,6919000000,-50,true,-0.32
"LPB",105857,"/Date(1703131155000)/",15300,100,449100,6905000000,-100,true,-0.65
"LPB",105854,"/Date(1703131154000)/",15300,1000,449000,6903000000,-100,true,-0.65
"LPB",105838,"/Date(1703131136000)/",15300,100,448000,6888000000,-100,true,-0.65
"LPB",105825,"/Date(1703131126000)/",15300,100,447900,6887000000,-100,true,-0.65
"LPB",105825,"/Date(1703131125000)/",15300,1000,447800,6885000000,-100,true,-0.65
"LPB",105825,"/Date(1703131124000)/",15300,10000,446800,6870000000,-100,true,-0.65
"LPB",105825,"/Date(1703131123000)/",15300,13600,436800,6717000000,-100,true,-0.65
"LPB",105825,"/Date(1703131123000)/",15350,15000,423200,6509000000,-50,false,-0.32
"LPB",105825,"/Date(1703131123000)/",15350,49700,408200,6278000000,-50,false,-0.32
"LPB",105825,"/Date(1703131123000)/",15400,1000,358500,5515000000,0,false,0
"LPB",105825,"/Date(1703131123000)/",15400,2000,357500,5500000000,0,false,0
"LPB",105825,"/Date(1703131123000)/",15400,3000,355500,5469000000,0,false,0
"LPB",105825,"/Date(1703131123000)/",15400,5000,352500,5423000000,0,false,0
"LPB",105825,"/Date(1703131123000)/",15400,10700,347500,5346000000,0,false,0
"LPB",105731,"/Date(1703131069000)/",15400,200,336800,5181000000,0,true,0
"LPB",105621,"/Date(1703131001000)/",15400,100,336600,5178000000,0,true,0
"LPB",105514,"/Date(1703130934000)/",15400,200,336500,5177000000,0,true,0
"LPB",105448,"/Date(1703130907000)/",15400,900,336300,5174000000,0,true,0
"LPB",105407,"/Date(1703130866000)/",15400,200,335400,5160000000,0,true,0
"LPB",105407,"/Date(1703130865000)/",15400,500,335200,5157000000,0,true,0
"LPB",105407,"/Date(1703130865000)/",15400,400,334700,5149000000,0,true,0
"LPB",105325,"/Date(1703130824000)/",15400,100,334300,5143000000,0,true,0
"LPB",105325,"/Date(1703130823000)/",15400,1000,334200,5141000000,0,true,0
"LPB",105300,"/Date(1703130798000)/",15400,100,333200,5126000000,0,true,0
"LPB",105250,"/Date(1703130781000)/",15400,900,333100,5124000000,0,true,0
"LPB",105159,"/Date(1703130739000)/",15400,900,332200,5110000000,0,true,0
"LPB",105153,"/Date(1703130731000)/",15400,200,331300,5097000000,0,true,0
"LPB",105118,"/Date(1703130696000)/",15400,900,331100,5094000000,0,true,0
"LPB",105043,"/Date(1703130663000)/",15400,100,330200,5080000000,0,true,0
"LPB",105036,"/Date(1703130655000)/",15400,100,330100,5078000000,0,true,0
"LPB",105036,"/Date(1703130654000)/",15400,300,330000,5077000000,0,true,0
"LPB",105036,"/Date(1703130654000)/",15400,700,329700,5072000000,0,true,0
"LPB",104955,"/Date(1703130612000)/",15400,900,329000,5061000000,0,true,0
"LPB",104936,"/Date(1703130595000)/",15400,200,328100,5047000000,0,true,0
"LPB",104910,"/Date(1703130570000)/",15400,900,327900,5044000000,0,true,0
"LPB",104832,"/Date(1703130529000)/",15400,100,327000,5030000000,0,true,0
"LPB",104829,"/Date(1703130528000)/",15400,1000,326900,5029000000,0,true,0
"LPB",104829,"/Date(1703130528000)/",15400,200,325900,5013000000,0,true,0
"LPB",104747,"/Date(1703130486000)/",15400,900,325700,5010000000,0,true,0
"LPB",104722,"/Date(1703130460000)/",15400,100,324800,4997000000,0,true,0
"LPB",104706,"/Date(1703130443000)/",15400,900,324700,4995000000,0,true,0
"LPB",104621,"/Date(1703130401000)/",15400,900,323800,4981000000,0,true,0
"LPB",104615,"/Date(1703130393000)/",15400,200,322900,4967000000,0,true,0
"LPB",104546,"/Date(1703130365000)/",15400,200,322700,4964000000,0,true,0
"LPB",104543,"/Date(1703130360000)/",15400,100,322500,4961000000,0,true,0
"LPB",104540,"/Date(1703130359000)/",15400,1000,322400,4960000000,0,true,0
"LPB",104508,"/Date(1703130325000)/",15400,200,321400,4944000000,0,true,0
"LPB",104459,"/Date(1703130317000)/",15400,900,321200,4941000000,0,true,0
"LPB",104433,"/Date(1703130291000)/",15400,100,320300,4927000000,0,true,0
"LPB",104417,"/Date(1703130275000)/",15400,900,320200,4926000000,0,true,0
"LPB",104358,"/Date(1703130257000)/",15400,100,319300,4912000000,0,true,0
"LPB",104336,"/Date(1703130234000)/",15400,100,319200,4910000000,0,true,0
"LPB",104336,"/Date(1703130233000)/",15400,1000,319100,4909000000,0,true,0
"LPB",104255,"/Date(1703130191000)/",15400,100,318100,4893000000,0,true,0
"LPB",104251,"/Date(1703130190000)/",15400,900,318000,4892000000,0,true,0
"LPB",104251,"/Date(1703130190000)/",15400,200,317100,4878000000,0,true,0
"LPB",104248,"/Date(1703130185000)/",15400,100,316900,4875000000,0,true,0
"LPB",104245,"/Date(1703130184000)/",15400,1300,316800,4873000000,0,true,0
"LPB",103947,"/Date(1703130005000)/",15450,100,315500,4853000000,50,false,0.32
"LPB",103928,"/Date(1703129987000)/",15400,200,315400,4852000000,0,true,0
"LPB",103906,"/Date(1703129964000)/",15400,200,315200,4849000000,0,true,0
"LPB",103853,"/Date(1703129950000)/",15400,900,315000,4846000000,0,true,0
"LPB",103853,"/Date(1703129949000)/",15400,9000,314100,4832000000,0,true,0
"LPB",103821,"/Date(1703129919000)/",15400,100,305100,4693000000,0,true,0
"LPB",103714,"/Date(1703129852000)/",15400,200,305000,4692000000,0,true,0
"LPB",103636,"/Date(1703129813000)/",15400,200,304800,4689000000,0,true,0
"LPB",103608,"/Date(1703129784000)/",15350,100,304600,4685000000,-50,true,-0.32
"LPB",103601,"/Date(1703129779000)/",15350,200,304500,4684000000,-50,true,-0.32
"LPB",103504,"/Date(1703129720000)/",15300,100,304300,4681000000,-100,true,-0.65
"LPB",103501,"/Date(1703129719000)/",15300,800,304200,4679000000,-100,true,-0.65
"LPB",103501,"/Date(1703129719000)/",15350,500,303400,4667000000,-50,false,-0.32
"LPB",103501,"/Date(1703129719000)/",15350,100,302900,4659000000,-50,false,-0.32
"LPB",103501,"/Date(1703129718000)/",15450,14300,302800,4658000000,50,false,0.32
"LPB",103501,"/Date(1703129717000)/",15450,200,288500,4437000000,50,false,0.32
"LPB",103410,"/Date(1703129666000)/",15400,500,288300,4434000000,0,true,0
"LPB",103407,"/Date(1703129665000)/",15400,5000,287800,4426000000,0,true,0
"LPB",103351,"/Date(1703129649000)/",15300,200,282800,4349000000,-100,true,-0.65
"LPB",103244,"/Date(1703129581000)/",15300,100,282600,4346000000,-100,true,-0.65
"LPB",103235,"/Date(1703129573000)/",15300,500,282500,4345000000,-100,true,-0.65
"LPB",103235,"/Date(1703129572000)/",15300,5300,282000,4337000000,-100,true,-0.65
"LPB",103235,"/Date(1703129571000)/",15300,1700,276700,4256000000,-100,true,-0.65
"LPB",103235,"/Date(1703129571000)/",15300,7300,275000,4230000000,-100,true,-0.65
"LPB",103235,"/Date(1703129571000)/",15300,100,267700,4118000000,-100,true,-0.65
"LPB",103235,"/Date(1703129571000)/",15300,44600,267600,4117000000,-100,true,-0.65
"LPB",103235,"/Date(1703129571000)/",15350,100,223000,3434000000,-50,true,-0.32
"LPB",103235,"/Date(1703129571000)/",15350,100,222900,3433000000,-50,true,-0.32
"LPB",103235,"/Date(1703129571000)/",15350,1000,222800,3431000000,-50,true,-0.32
"LPB",103235,"/Date(1703129571000)/",15350,2000,221800,3416000000,-50,true,-0.32
"LPB",103235,"/Date(1703129571000)/",15350,6900,219800,3385000000,-50,true,-0.32
"LPB",103235,"/Date(1703129571000)/",15350,400,212900,3279000000,-50,true,-0.32
"LPB",103235,"/Date(1703129571000)/",15350,300,212500,3273000000,-50,true,-0.32
"LPB",103235,"/Date(1703129571000)/",15350,1000,212200,3268000000,-50,true,-0.32
"LPB",103235,"/Date(1703129571000)/",15350,100,211200,3253000000,-50,true,-0.32
"LPB",103235,"/Date(1703129571000)/",15350,500,211100,3252000000,-50,true,-0.32
"LPB",103235,"/Date(1703129571000)/",15350,1000,210600,3244000000,-50,true,-0.32
"LPB",103235,"/Date(1703129571000)/",15350,100,209600,3228000000,-50,true,-0.32
"LPB",103235,"/Date(1703129571000)/",15350,4500,209500,3227000000,-50,true,-0.32
"LPB",103137,"/Date(1703129514000)/",15350,200,205000,3158000000,-50,true,-0.32
"LPB",103122,"/Date(1703129498000)/",15350,300,204800,3155000000,-50,true,-0.32
"LPB",103122,"/Date(1703129498000)/",15350,200,204500,3150000000,-50,true,-0.32
"LPB",103122,"/Date(1703129497000)/",15350,100,204300,3147000000,-50,true,-0.32
"LPB",103122,"/Date(1703129497000)/",15350,500,204200,3146000000,-50,true,-0.32
"LPB",103122,"/Date(1703129497000)/",15350,500,203700,3138000000,-50,true,-0.32
"LPB",103122,"/Date(1703129497000)/",15350,3900,203200,3130000000,-50,true,-0.32
"LPB",103118,"/Date(1703129495000)/",15350,6100,199300,3070000000,-50,true,-0.32
"LPB",103118,"/Date(1703129495000)/",15350,200,193200,2977000000,-50,true,-0.32
"LPB",103118,"/Date(1703129495000)/",15350,200,193000,2974000000,-50,true,-0.32
"LPB",103118,"/Date(1703129495000)/",15350,200,192800,2971000000,-50,true,-0.32
"LPB",103118,"/Date(1703129495000)/",15350,1300,192600,2968000000,-50,true,-0.32
"LPB",103118,"/Date(1703129495000)/",15350,200,191300,2948000000,-50,true,-0.32
"LPB",103118,"/Date(1703129495000)/",15350,100,191100,2945000000,-50,true,-0.32
"LPB",103118,"/Date(1703129495000)/",15350,100,191000,2943000000,-50,true,-0.32
"LPB",103118,"/Date(1703129495000)/",15350,100,190900,2941000000,-50,true,-0.32
"LPB",103118,"/Date(1703129495000)/",15350,10000,190800,2940000000,-50,true,-0.32
"LPB",103118,"/Date(1703129495000)/",15350,200,180800,2786000000,-50,true,-0.32
"LPB",103118,"/Date(1703129495000)/",15350,700,180600,2783000000,-50,true,-0.32
"LPB",103118,"/Date(1703129495000)/",15400,100,179900,2773000000,0,true,0
"LPB",103118,"/Date(1703129495000)/",15400,10000,179800,2771000000,0,true,0
"LPB",103118,"/Date(1703129495000)/",15400,100,169800,2617000000,0,true,0
"LPB",103118,"/Date(1703129495000)/",15400,300,169700,2616000000,0,true,0
"LPB",103118,"/Date(1703129495000)/",15400,200,169400,2611000000,0,true,0
"LPB",103118,"/Date(1703129495000)/",15400,5000,169200,2608000000,0,true,0
"LPB",103118,"/Date(1703129495000)/",15400,500,164200,2531000000,0,true,0
"LPB",103118,"/Date(1703129495000)/",15400,100,163700,2523000000,0,true,0
"LPB",103118,"/Date(1703129495000)/",15400,100,163600,2522000000,0,true,0
"LPB",103118,"/Date(1703129495000)/",15400,1000,163500,2520000000,0,true,0
"LPB",103118,"/Date(1703129495000)/",15400,2000,162500,2505000000,0,true,0
"LPB",103118,"/Date(1703129495000)/",15400,1000,160500,2474000000,0,true,0
"LPB",103118,"/Date(1703129495000)/",15400,3000,159500,2458000000,0,true,0
"LPB",103118,"/Date(1703129495000)/",15400,200,156500,2412000000,0,true,0
"LPB",103118,"/Date(1703129495000)/",15400,5000,156300,2409000000,0,true,0
"LPB",103118,"/Date(1703129495000)/",15400,500,151300,2332000000,0,true,0
"LPB",103118,"/Date(1703129495000)/",15400,500,150800,2324000000,0,true,0
"LPB",103118,"/Date(1703129495000)/",15400,500,150300,2317000000,0,true,0
"LPB",103118,"/Date(1703129495000)/",15400,500,149800,2309000000,0,true,0
"LPB",103031,"/Date(1703129446000)/",15400,200,149300,2301000000,0,true,0
"LPB",102921,"/Date(1703129378000)/",15400,100,149100,2298000000,0,true,0
"LPB",102814,"/Date(1703129311000)/",15400,100,149000,2297000000,0,true,0
"LPB",102814,"/Date(1703129311000)/",15400,100,148900,2295000000,0,true,0
"LPB",102758,"/Date(1703129294000)/",15400,100,148800,2294000000,0,true,0
"LPB",102758,"/Date(1703129294000)/",15400,100,148700,2292000000,0,true,0
"LPB",102742,"/Date(1703129277000)/",15400,200,148600,2291000000,0,true,0
"LPB",102729,"/Date(1703129266000)/",15450,200,148400,2287000000,50,false,0.32
"LPB",102707,"/Date(1703129243000)/",15400,100,148200,2284000000,0,true,0
"LPB",102701,"/Date(1703129237000)/",15400,200,148100,2283000000,0,true,0
"LPB",102639,"/Date(1703129215000)/",15400,200,147900,2280000000,0,true,0
"LPB",102600,"/Date(1703129176000)/",15400,200,147700,2277000000,0,true,0
"LPB",102538,"/Date(1703129155000)/",15400,100,147500,2274000000,0,true,0
"LPB",102538,"/Date(1703129155000)/",15450,100,147400,2272000000,50,true,0.32
"LPB",102450,"/Date(1703129108000)/",15450,200,147300,2271000000,50,true,0.32
"LPB",102344,"/Date(1703129040000)/",15450,100,147100,2267000000,50,true,0.32
"LPB",102344,"/Date(1703129039000)/",15450,400,147000,2266000000,50,true,0.32
"LPB",102344,"/Date(1703129039000)/",15450,100,146600,2260000000,50,true,0.32
"LPB",102237,"/Date(1703128973000)/",15450,200,146500,2258000000,50,true,0.32
"LPB",102130,"/Date(1703128905000)/",15450,100,146300,2255000000,50,true,0.32
"LPB",102049,"/Date(1703128864000)/",15450,200,146200,2254000000,50,true,0.32
"LPB",102049,"/Date(1703128864000)/",15450,400,146000,2250000000,50,true,0.32
"LPB",102026,"/Date(1703128843000)/",15400,100,145600,2244000000,0,true,0
"LPB",102026,"/Date(1703128842000)/",15450,600,145500,2243000000,50,false,0.32
"LPB",102026,"/Date(1703128842000)/",15450,500,144900,2233000000,50,false,0.32
"LPB",101948,"/Date(1703128802000)/",15450,300,144400,2226000000,50,false,0.32
"LPB",101913,"/Date(1703128770000)/",15400,200,144100,2221000000,0,true,0
"LPB",101807,"/Date(1703128702000)/",15400,100,143900,2218000000,0,true,0
"LPB",101700,"/Date(1703128635000)/",15400,200,143800,2216000000,0,true,0
"LPB",101650,"/Date(1703128624000)/",15400,100,143600,2213000000,0,true,0
"LPB",101647,"/Date(1703128623000)/",15450,200,143500,2212000000,50,true,0.32
"LPB",101647,"/Date(1703128623000)/",15450,100,143300,2209000000,50,true,0.32
"LPB",101647,"/Date(1703128623000)/",15450,900,143200,2207000000,50,true,0.32
"LPB",101631,"/Date(1703128607000)/",15450,100,142300,2193000000,50,true,0.32
"LPB",101631,"/Date(1703128606000)/",15450,1700,142200,2192000000,50,true,0.32
"LPB",101631,"/Date(1703128605000)/",15500,8100,140500,2166000000,100,false,0.65
"LPB",101631,"/Date(1703128605000)/",15500,500,132400,2040000000,100,false,0.65
"LPB",101631,"/Date(1703128605000)/",15500,6400,131900,2032000000,100,false,0.65
"LPB",101628,"/Date(1703128605000)/",15450,2000,125500,1933000000,50,true,0.32
"LPB",101600,"/Date(1703128574000)/",15500,200,123500,1902000000,100,false,0.65
"LPB",101528,"/Date(1703128544000)/",15500,300,123300,1899000000,100,false,0.65
"LPB",101521,"/Date(1703128537000)/",15500,300,123000,1894000000,100,false,0.65
"LPB",101518,"/Date(1703128533000)/",15500,300,122700,1890000000,100,false,0.65
"LPB",101515,"/Date(1703128531000)/",15500,200,122400,1885000000,100,false,0.65
"LPB",101505,"/Date(1703128520000)/",15500,200,122200,1882000000,100,false,0.65
"LPB",101453,"/Date(1703128507000)/",15500,200,122000,1879000000,100,false,0.65
"LPB",101446,"/Date(1703128502000)/",15500,300,121800,1876000000,100,false,0.65
"LPB",101440,"/Date(1703128496000)/",15500,200,121500,1871000000,100,false,0.65
"LPB",101434,"/Date(1703128489000)/",15500,300,121300,1868000000,100,false,0.65
"LPB",101424,"/Date(1703128480000)/",15500,300,121000,1863000000,100,false,0.65
"LPB",101421,"/Date(1703128475000)/",15500,200,120700,1859000000,100,false,0.65
"LPB",101415,"/Date(1703128471000)/",15500,200,120500,1856000000,100,false,0.65
"LPB",101415,"/Date(1703128469000)/",15500,400,120300,1853000000,100,false,0.65
"LPB",101411,"/Date(1703128465000)/",15500,300,119900,1846000000,100,false,0.65
"LPB",101405,"/Date(1703128458000)/",15500,300,119600,1842000000,100,false,0.65
"LPB",101402,"/Date(1703128457000)/",15500,300,119300,1837000000,100,false,0.65
"LPB",101356,"/Date(1703128451000)/",15500,200,119000,1832000000,100,false,0.65
"LPB",101349,"/Date(1703128445000)/",15500,300,118800,1829000000,100,false,0.65
"LPB",101349,"/Date(1703128445000)/",15500,300,118500,1825000000,100,false,0.65
"LPB",101340,"/Date(1703128434000)/",15500,300,118200,1820000000,100,false,0.65
"LPB",101336,"/Date(1703128431000)/",15450,200,117900,1815000000,50,true,0.32
"LPB",101330,"/Date(1703128423000)/",15500,200,117700,1812000000,100,false,0.65
"LPB",101327,"/Date(1703128422000)/",15500,300,117500,1809000000,100,false,0.65
"LPB",101318,"/Date(1703128411000)/",15500,300,117200,1804000000,100,false,0.65
"LPB",101311,"/Date(1703128406000)/",15500,300,116900,1800000000,100,false,0.65
"LPB",101302,"/Date(1703128396000)/",15500,300,116600,1795000000,100,false,0.65
"LPB",101249,"/Date(1703128385000)/",15500,400,116300,1791000000,100,false,0.65
"LPB",101249,"/Date(1703128383000)/",15500,300,115900,1784000000,100,false,0.65
"LPB",101236,"/Date(1703128372000)/",15500,300,115600,1780000000,100,false,0.65
"LPB",101227,"/Date(1703128361000)/",15500,300,115300,1775000000,100,false,0.65
"LPB",101123,"/Date(1703128297000)/",15450,200,115000,1770000000,50,true,0.32
"LPB",101058,"/Date(1703128272000)/",15450,200,114800,1767000000,50,true,0.32
"LPB",101055,"/Date(1703128270000)/",15450,2000,114600,1764000000,50,true,0.32
"LPB",101013,"/Date(1703128229000)/",15450,200,112600,1733000000,50,true,0.32
"LPB",100907,"/Date(1703128161000)/",15450,100,112400,1730000000,50,true,0.32
"LPB",100900,"/Date(1703128154000)/",15450,200,112300,1729000000,50,true,0.32
"LPB",100835,"/Date(1703128128000)/",15450,500,112100,1726000000,50,true,0.32
"LPB",100835,"/Date(1703128127000)/",15450,5000,111600,1718000000,50,true,0.32
"LPB",100800,"/Date(1703128094000)/",15450,200,106600,1641000000,50,true,0.32
"LPB",100725,"/Date(1703128060000)/",15450,200,106400,1637000000,50,true,0.32
"LPB",100709,"/Date(1703128043000)/",15500,100,106200,1634000000,100,false,0.65
"LPB",100650,"/Date(1703128022000)/",15500,100,106100,1633000000,100,false,0.65
"LPB",100550,"/Date(1703127963000)/",15500,300,106000,1631000000,100,false,0.65
"LPB",100424,"/Date(1703127876000)/",15500,300,105700,1627000000,100,false,0.65
"LPB",100304,"/Date(1703127798000)/",15500,500,105400,1622000000,100,false,0.65
"LPB",95953,"/Date(1703127607000)/",15500,500,104900,1614000000,100,false,0.65
"LPB",95938,"/Date(1703127589000)/",15500,100,104400,1607000000,100,false,0.65
"LPB",95906,"/Date(1703127560000)/",15450,200,104300,1605000000,50,true,0.32
"LPB",95906,"/Date(1703127559000)/",15500,2400,104100,1602000000,100,false,0.65
"LPB",95743,"/Date(1703127478000)/",15500,100,101700,1565000000,100,false,0.65
"LPB",95734,"/Date(1703127466000)/",15500,300,101600,1563000000,100,false,0.65
"LPB",95718,"/Date(1703127451000)/",15500,500,101300,1558000000,100,false,0.65
"LPB",95411,"/Date(1703127264000)/",15500,100,100800,1551000000,100,false,0.65
"LPB",95411,"/Date(1703127264000)/",15500,400,100700,1549000000,100,false,0.65
"LPB",95405,"/Date(1703127257000)/",15450,100,100300,1543000000,50,false,0.32
"LPB",95405,"/Date(1703127257000)/",15450,200,100200,1541000000,50,false,0.32
"LPB",95405,"/Date(1703127257000)/",15450,100,100000,1538000000,50,false,0.32
"LPB",95405,"/Date(1703127257000)/",15450,200,99900,1537000000,50,false,0.32
"LPB",95405,"/Date(1703127257000)/",15450,100,99700,1534000000,50,false,0.32
"LPB",95405,"/Date(1703127257000)/",15450,200,99600,1532000000,50,false,0.32
"LPB",95405,"/Date(1703127257000)/",15450,200,99400,1529000000,50,false,0.32
"LPB",95401,"/Date(1703127255000)/",15450,100,99200,1526000000,50,false,0.32
"LPB",95401,"/Date(1703127255000)/",15450,100,99100,1524000000,50,false,0.32
"LPB",95352,"/Date(1703127243000)/",15450,500,99000,1523000000,50,false,0.32
"LPB",95352,"/Date(1703127243000)/",15450,100,98500,1515000000,50,false,0.32
"LPB",95326,"/Date(1703127221000)/",15450,3500,98400,1514000000,50,false,0.32
"LPB",95323,"/Date(1703127214000)/",15400,200,94900,1460000000,0,true,0
"LPB",95320,"/Date(1703127213000)/",15400,100,94700,1456000000,0,true,0
"LPB",95100,"/Date(1703127074000)/",15450,500,94600,1455000000,50,false,0.32
"LPB",94951,"/Date(1703127001000)/",15450,100,94100,1447000000,50,false,0.32
"LPB",94922,"/Date(1703126974000)/",15450,700,94000,1446000000,50,false,0.32
"LPB",94854,"/Date(1703126947000)/",15450,3500,93300,1435000000,50,false,0.32
"LPB",94854,"/Date(1703126947000)/",15450,3100,89800,1381000000,50,false,0.32
"LPB",94847,"/Date(1703126938000)/",15450,200,86700,1333000000,50,false,0.32
"LPB",94527,"/Date(1703126738000)/",15450,100,86500,1330000000,50,false,0.32
"LPB",94424,"/Date(1703126675000)/",15400,200,86400,1328000000,0,true,0
"LPB",94314,"/Date(1703126606000)/",15400,100,86200,1325000000,0,true,0
"LPB",94305,"/Date(1703126596000)/",15400,100,86100,1324000000,0,true,0
"LPB",94217,"/Date(1703126550000)/",15400,200,86000,1322000000,0,false,0
"LPB",94217,"/Date(1703126550000)/",15400,2800,85800,1319000000,0,false,0
"LPB",94120,"/Date(1703126490000)/",15400,100,83000,1276000000,0,true,0
"LPB",94120,"/Date(1703126490000)/",15400,200,82900,1274000000,0,true,0
"LPB",94120,"/Date(1703126490000)/",15400,200,82700,1271000000,0,true,0
"LPB",94120,"/Date(1703126490000)/",15400,1600,82500,1268000000,0,true,0
"LPB",94114,"/Date(1703126486000)/",15400,2000,80900,1244000000,0,true,0
"LPB",94058,"/Date(1703126471000)/",15400,200,78900,1213000000,0,true,0
"LPB",94020,"/Date(1703126430000)/",15400,1200,78700,1210000000,0,true,0
"LPB",94020,"/Date(1703126430000)/",15400,100,77500,1191000000,0,true,0
"LPB",94017,"/Date(1703126426000)/",15400,200,77400,1190000000,0,true,0
"LPB",93932,"/Date(1703126383000)/",15450,600,77200,1187000000,50,false,0.32
"LPB",93932,"/Date(1703126383000)/",15450,400,76600,1177000000,50,false,0.32
"LPB",93845,"/Date(1703126336000)/",15400,200,76200,1171000000,0,true,0
"LPB",93741,"/Date(1703126273000)/",15400,100,76000,1168000000,0,true,0
"LPB",93738,"/Date(1703126268000)/",15400,100,75900,1166000000,0,true,0
"LPB",93707,"/Date(1703126236000)/",15400,200,75800,1165000000,0,true,0
"LPB",93628,"/Date(1703126201000)/",15400,200,75600,1162000000,0,true,0
"LPB",93522,"/Date(1703126133000)/",15400,200,75400,1159000000,0,true,0
"LPB",93428,"/Date(1703126079000)/",15400,1000,75200,1156000000,0,true,0
"LPB",93415,"/Date(1703126065000)/",15400,100,74200,1140000000,0,true,0
"LPB",93306,"/Date(1703125998000)/",15400,200,74100,1139000000,0,true,0
"LPB",93250,"/Date(1703125979000)/",15400,2000,73900,1136000000,0,true,0
"LPB",93159,"/Date(1703125930000)/",15400,200,71900,1105000000,0,true,0
"LPB",93131,"/Date(1703125900000)/",15400,200,71700,1102000000,0,true,0
"LPB",93108,"/Date(1703125880000)/",15400,2900,71500,1099000000,0,true,0
"LPB",93102,"/Date(1703125872000)/",15400,200,68600,1054000000,0,true,0
"LPB",93053,"/Date(1703125863000)/",15400,100,68400,1051000000,0,true,0
"LPB",92943,"/Date(1703125795000)/",15400,200,68300,1049000000,0,true,0
"LPB",92836,"/Date(1703125727000)/",15400,100,68100,1046000000,0,true,0
"LPB",92733,"/Date(1703125664000)/",15400,5000,68000,1045000000,0,true,0
"LPB",92730,"/Date(1703125660000)/",15400,200,63000,968000000,0,true,0
"LPB",92623,"/Date(1703125591000)/",15400,200,62800,965000000,0,true,0
"LPB",92601,"/Date(1703125572000)/",15400,100,62600,962000000,0,true,0
"LPB",92558,"/Date(1703125567000)/",15400,1100,62500,960000000,0,true,0
"LPB",92545,"/Date(1703125554000)/",15400,200,61400,943000000,0,true,0
"LPB",92545,"/Date(1703125554000)/",15400,100,61200,940000000,0,true,0
"LPB",92545,"/Date(1703125554000)/",15400,100,61100,939000000,0,true,0
"LPB",92514,"/Date(1703125525000)/",15350,100,61000,937000000,-50,true,-0.32
"LPB",92414,"/Date(1703125464000)/",15350,200,60900,935000000,-50,true,-0.32
"LPB",92407,"/Date(1703125457000)/",15350,2000,60700,932000000,-50,false,-0.32
"LPB",92407,"/Date(1703125457000)/",15350,6000,58700,902000000,-50,false,-0.32
"LPB",92351,"/Date(1703125439000)/",15350,1000,52700,810000000,-50,false,-0.32
"LPB",92339,"/Date(1703125429000)/",15350,2000,51700,794000000,-50,false,-0.32
"LPB",92329,"/Date(1703125418000)/",15300,3000,49700,764000000,-100,true,-0.65
"LPB",92301,"/Date(1703125391000)/",15350,5000,46700,718000000,-50,false,-0.32
"LPB",92301,"/Date(1703125389000)/",15300,100,41700,641000000,-100,true,-0.65
"LPB",92151,"/Date(1703125322000)/",15300,200,41600,639000000,-100,true,-0.65
"LPB",92135,"/Date(1703125305000)/",15300,300,41400,636000000,-100,true,-0.65
"LPB",92132,"/Date(1703125301000)/",15300,1500,41100,632000000,-100,true,-0.65
"LPB",92123,"/Date(1703125291000)/",15300,300,39600,609000000,-100,true,-0.65
"LPB",92120,"/Date(1703125289000)/",15300,400,39300,604000000,-100,true,-0.65
"LPB",92120,"/Date(1703125287000)/",15300,300,38900,598000000,-100,true,-0.65
"LPB",92116,"/Date(1703125286000)/",15300,100,38600,593000000,-100,true,-0.65
"LPB",92113,"/Date(1703125281000)/",15300,200,38500,592000000,-100,true,-0.65
"LPB",92107,"/Date(1703125278000)/",15300,300,38300,589000000,-100,true,-0.65
"LPB",92107,"/Date(1703125278000)/",15300,100,38000,584000000,-100,true,-0.65
"LPB",92107,"/Date(1703125275000)/",15300,200,37900,583000000,-100,true,-0.65
"LPB",92104,"/Date(1703125272000)/",15300,300,37700,580000000,-100,true,-0.65
"LPB",92101,"/Date(1703125270000)/",15300,200,37400,575000000,-100,true,-0.65
"LPB",92101,"/Date(1703125268000)/",15300,300,37200,572000000,-100,true,-0.65
"LPB",92054,"/Date(1703125262000)/",15300,200,36900,567000000,-100,true,-0.65
"LPB",92051,"/Date(1703125260000)/",15300,300,36700,564000000,-100,true,-0.65
"LPB",92048,"/Date(1703125259000)/",15300,400,36400,560000000,-100,true,-0.65
"LPB",92048,"/Date(1703125257000)/",15300,300,36000,554000000,-100,true,-0.65
"LPB",92045,"/Date(1703125255000)/",15300,200,35700,549000000,-100,true,-0.65
"LPB",92045,"/Date(1703125254000)/",15300,200,35500,546000000,-100,true,-0.65
"LPB",92045,"/Date(1703125253000)/",15300,300,35300,543000000,-100,true,-0.65
"LPB",92042,"/Date(1703125251000)/",15300,200,35000,538000000,-100,true,-0.65
"LPB",92039,"/Date(1703125248000)/",15300,300,34800,535000000,-100,true,-0.65
"LPB",92035,"/Date(1703125244000)/",15350,100,34500,531000000,-50,false,-0.32
"LPB",92035,"/Date(1703125244000)/",15350,500,34400,529000000,-50,false,-0.32
"LPB",92035,"/Date(1703125244000)/",15350,100,33900,522000000,-50,false,-0.32
"LPB",92035,"/Date(1703125244000)/",15350,300,33800,520000000,-50,false,-0.32
"LPB",92029,"/Date(1703125238000)/",15400,600,33500,515000000,0,true,0
"LPB",92029,"/Date(1703125238000)/",15400,800,32900,506000000,0,true,0
"LPB",92020,"/Date(1703125228000)/",15400,1200,32100,494000000,0,true,0
"LPB",92020,"/Date(1703125228000)/",15400,200,30900,475000000,0,true,0
"LPB",92020,"/Date(1703125228000)/",15400,600,30700,472000000,0,true,0
"LPB",92020,"/Date(1703125227000)/",15400,500,30100,463000000,0,true,0
"LPB",91939,"/Date(1703125187000)/",15400,1400,29600,455000000,0,true,0
"LPB",91935,"/Date(1703125186000)/",15400,100,28200,434000000,0,true,0
"LPB",91929,"/Date(1703125179000)/",15400,2000,28100,432000000,0,true,0
"LPB",91854,"/Date(1703125144000)/",15400,500,26100,401000000,0,true,0
"LPB",91829,"/Date(1703125119000)/",15400,200,25600,394000000,0,true,0
"LPB",91804,"/Date(1703125094000)/",15400,500,25400,391000000,0,true,0
"LPB",91723,"/Date(1703125051000)/",15400,200,24900,383000000,0,true,0
"LPB",91614,"/Date(1703124984000)/",15400,100,24700,380000000,0,true,0
"LPB",91614,"/Date(1703124984000)/",15400,1000,24600,378000000,0,true,0
"LPB",91601,"/Date(1703124971000)/",15400,2000,23600,363000000,0,true,0
"LPB",91555,"/Date(1703124962000)/",15400,200,21600,332000000,0,true,0
"LPB",91552,"/Date(1703124960000)/",15400,100,21400,329000000,0,true,0
"LPB",91545,"/Date(1703124953000)/",15400,200,21300,328000000,0,true,0
"LPB",91542,"/Date(1703124951000)/",15400,300,21100,324000000,0,true,0
"LPB",91542,"/Date(1703124949000)/",15400,500,20800,320000000,0,true,0
"LPB",91539,"/Date(1703124947000)/",15400,400,20300,312000000,0,true,0
"LPB",91536,"/Date(1703124945000)/",15400,100,19900,306000000,0,true,0
"LPB",91533,"/Date(1703124942000)/",15400,300,19800,304000000,0,true,0
"LPB",91533,"/Date(1703124940000)/",15400,200,19500,300000000,0,true,0
"LPB",91530,"/Date(1703124938000)/",15400,300,19300,297000000,0,true,0
"LPB",91526,"/Date(1703124935000)/",15400,400,19000,292000000,0,true,0
"LPB",91526,"/Date(1703124934000)/",15400,200,18600,286000000,0,true,0
"LPB",91520,"/Date(1703124930000)/",15400,300,18400,283000000,0,true,0
"LPB",91520,"/Date(1703124928000)/",15400,200,18100,278000000,0,true,0
"LPB",91507,"/Date(1703124916000)/",15400,200,17900,275000000,0,true,0
"LPB",91507,"/Date(1703124916000)/",15400,1000,17700,272000000,0,true,0
"LPB",91455,"/Date(1703124900000)/",15400,16700,16700,257000000,0,true,0
