"Stockcode","Package","TradingDate","Price","Vol","TotalVol","TotalVal","Change","IsBuy","PerChange"
"PHR",144423,"/Date(1703144701000)/",47600,2600,121600,5771000000,-50,false,-0.1
"PHR",142858,"/Date(1703143780000)/",47550,500,119000,5648000000,-100,false,-0.21
"PHR",142845,"/Date(1703143768000)/",47550,1000,118500,5624000000,-100,false,-0.21
"PHR",142245,"/Date(1703143405000)/",47400,400,117500,5576000000,-250,true,-0.52
"PHR",142245,"/Date(1703143405000)/",47450,400,117100,5557000000,-200,false,-0.42
"PHR",142245,"/Date(1703143405000)/",47500,300,116700,5538000000,-150,false,-0.31
"PHR",142245,"/Date(1703143405000)/",47500,200,116400,5524000000,-150,false,-0.31
"PHR",142245,"/Date(1703143405000)/",47500,200,116200,5515000000,-150,false,-0.31
"PHR",142245,"/Date(1703143405000)/",47500,800,116000,5505000000,-150,false,-0.31
"PHR",142245,"/Date(1703143405000)/",47550,2000,115200,5467000000,-100,false,-0.21
"PHR",142245,"/Date(1703143405000)/",47550,300,113200,5372000000,-100,false,-0.21
"PHR",142245,"/Date(1703143405000)/",47550,100,112900,5358000000,-100,false,-0.21
"PHR",142245,"/Date(1703143405000)/",47550,300,112800,5353000000,-100,false,-0.21
"PHR",142210,"/Date(1703143368000)/",47600,400,112500,5339000000,-50,false,-0.1
"PHR",142210,"/Date(1703143368000)/",47600,600,112100,5320000000,-50,false,-0.1
"PHR",142210,"/Date(1703143368000)/",47600,2000,111500,5291000000,-50,false,-0.1
"PHR",142147,"/Date(1703143349000)/",47600,1000,109500,5196000000,-50,false,-0.1
"PHR",142122,"/Date(1703143323000)/",47600,100,108500,5148000000,-50,false,-0.1
"PHR",142015,"/Date(1703143254000)/",47600,100,108400,5144000000,-50,false,-0.1
"PHR",142005,"/Date(1703143247000)/",47600,200,108300,5139000000,-50,false,-0.1
"PHR",141911,"/Date(1703143190000)/",47600,100,108100,5129000000,-50,false,-0.1
"PHR",141842,"/Date(1703143161000)/",47600,300,108000,5124000000,-50,false,-0.1
"PHR",141836,"/Date(1703143156000)/",47600,100,107700,5110000000,-50,true,-0.1
"PHR",141836,"/Date(1703143156000)/",47600,300,107600,5105000000,-50,true,-0.1
"PHR",141836,"/Date(1703143156000)/",47600,500,107300,5091000000,-50,true,-0.1
"PHR",141836,"/Date(1703143156000)/",47600,300,106800,5067000000,-50,true,-0.1
"PHR",141729,"/Date(1703143089000)/",47600,2700,106500,5053000000,-50,true,-0.1
"PHR",141729,"/Date(1703143089000)/",47600,300,103800,4925000000,-50,true,-0.1
"PHR",141653,"/Date(1703143054000)/",47650,100,103500,4910000000,0,false,0
"PHR",141644,"/Date(1703143045000)/",47650,100,103400,4906000000,0,false,0
"PHR",141531,"/Date(1703142969000)/",47650,2000,103300,4901000000,0,false,0
"PHR",141521,"/Date(1703142961000)/",47650,800,101300,4805000000,0,false,0
"PHR",141505,"/Date(1703142944000)/",47650,2400,100500,4767000000,0,false,0
"PHR",141505,"/Date(1703142944000)/",47650,2600,98100,4653000000,0,false,0
"PHR",141452,"/Date(1703142933000)/",47650,1000,95500,4529000000,0,false,0
"PHR",141404,"/Date(1703142884000)/",47650,100,94500,4481000000,0,false,0
"PHR",141125,"/Date(1703142725000)/",47650,100,94400,4477000000,0,true,0
"PHR",141125,"/Date(1703142725000)/",47650,2700,94300,4472000000,0,true,0
"PHR",141027,"/Date(1703142667000)/",47650,300,91600,4343000000,0,true,0
"PHR",141027,"/Date(1703142667000)/",47650,100,91300,4329000000,0,true,0
"PHR",141027,"/Date(1703142667000)/",47650,500,91200,4324000000,0,true,0
"PHR",141002,"/Date(1703142641000)/",47650,200,90700,4300000000,0,true,0
"PHR",140709,"/Date(1703142468000)/",47650,300,90500,4291000000,0,false,0
"PHR",140628,"/Date(1703142426000)/",47650,200,90200,4277000000,0,true,0
"PHR",140433,"/Date(1703142313000)/",47600,200,90000,4267000000,-50,true,-0.1
"PHR",140414,"/Date(1703142291000)/",47650,500,89800,4257000000,0,true,0
"PHR",140414,"/Date(1703142291000)/",47650,200,89300,4234000000,0,true,0
"PHR",140235,"/Date(1703142193000)/",47700,200,89100,4224000000,50,false,0.1
"PHR",140043,"/Date(1703142082000)/",47700,600,88900,4215000000,50,false,0.1
"PHR",135851,"/Date(1703141969000)/",47700,600,88300,4186000000,50,false,0.1
"PHR",135507,"/Date(1703141745000)/",47700,200,87700,4157000000,50,false,0.1
"PHR",135426,"/Date(1703141704000)/",47700,500,87500,4148000000,50,false,0.1
"PHR",135426,"/Date(1703141704000)/",47700,1100,87000,4124000000,50,false,0.1
"PHR",135422,"/Date(1703141701000)/",47700,100,85900,4071000000,50,true,0.1
"PHR",135357,"/Date(1703141674000)/",47700,800,85800,4067000000,50,true,0.1
"PHR",134844,"/Date(1703141362000)/",47700,500,85000,4029000000,50,false,0.1
"PHR",134844,"/Date(1703141362000)/",47700,1300,84500,4005000000,50,false,0.1
"PHR",134542,"/Date(1703141177000)/",47650,100,83200,3943000000,0,true,0
"PHR",134454,"/Date(1703141130000)/",47700,100,83100,3938000000,50,true,0.1
"PHR",134454,"/Date(1703141130000)/",47700,600,83000,3933000000,50,true,0.1
"PHR",134438,"/Date(1703141113000)/",47700,200,82400,3905000000,50,true,0.1
"PHR",134331,"/Date(1703141047000)/",47700,500,82200,3895000000,50,true,0.1
"PHR",134243,"/Date(1703141000000)/",47750,100,81700,3871000000,100,false,0.21
"PHR",134227,"/Date(1703140982000)/",47700,100,81600,3866000000,50,false,0.1
"PHR",134227,"/Date(1703140982000)/",47700,1000,81500,3862000000,50,false,0.1
"PHR",134101,"/Date(1703140896000)/",47650,200,80500,3814000000,0,true,0
"PHR",133928,"/Date(1703140805000)/",47650,200,80300,3804000000,0,false,0
"PHR",133828,"/Date(1703140744000)/",47650,200,80100,3795000000,0,false,0
"PHR",133529,"/Date(1703140566000)/",47650,100,79900,3785000000,0,false,0
"PHR",133410,"/Date(1703140486000)/",47650,400,79800,3781000000,0,false,0
"PHR",133410,"/Date(1703140486000)/",47600,100,79400,3761000000,-50,false,-0.1
"PHR",133410,"/Date(1703140486000)/",47600,300,79300,3757000000,-50,false,-0.1
"PHR",132923,"/Date(1703140198000)/",47550,100,79000,3742000000,-100,false,-0.21
"PHR",132832,"/Date(1703140146000)/",47550,200,78900,3738000000,-100,false,-0.21
"PHR",132806,"/Date(1703140122000)/",47550,200,78700,3728000000,-100,false,-0.21
"PHR",132709,"/Date(1703140064000)/",47500,200,78500,3719000000,-150,false,-0.31
"PHR",132555,"/Date(1703139991000)/",47500,800,78300,3709000000,-150,false,-0.31
"PHR",132555,"/Date(1703139991000)/",47500,1200,77500,3671000000,-150,false,-0.31
"PHR",132403,"/Date(1703139878000)/",47450,600,76300,3614000000,-200,true,-0.42
"PHR",132303,"/Date(1703139817000)/",47400,800,75700,3586000000,-250,true,-0.52
"PHR",132231,"/Date(1703139785000)/",47400,4200,74900,3548000000,-250,false,-0.52
"PHR",132231,"/Date(1703139785000)/",47400,2400,70700,3349000000,-250,false,-0.52
"PHR",132156,"/Date(1703139752000)/",47400,1000,68300,3235000000,-250,false,-0.52
"PHR",132059,"/Date(1703139692000)/",47400,2000,67300,3188000000,-250,false,-0.52
"PHR",131706,"/Date(1703139461000)/",47400,100,65300,3093000000,-250,false,-0.52
"PHR",131335,"/Date(1703139249000)/",47400,2000,65200,3088000000,-250,false,-0.52
"PHR",131222,"/Date(1703139174000)/",47350,200,63200,2993000000,-300,true,-0.63
"PHR",131222,"/Date(1703139174000)/",47350,400,63000,2984000000,-300,true,-0.63
"PHR",130128,"/Date(1703138519000)/",47350,100,62600,2965000000,-300,true,-0.63
"PHR",112327,"/Date(1703132629000)/",47350,100,62500,2960000000,-300,true,-0.63
"PHR",112327,"/Date(1703132629000)/",47350,400,62400,2955000000,-300,true,-0.63
"PHR",111818,"/Date(1703132318000)/",47350,1000,62000,2936000000,-300,true,-0.63
"PHR",111549,"/Date(1703132170000)/",47400,400,61000,2889000000,-250,false,-0.52
"PHR",110959,"/Date(1703131820000)/",47350,300,60600,2870000000,-300,true,-0.63
"PHR",110927,"/Date(1703131787000)/",47350,100,60300,2856000000,-300,true,-0.63
"PHR",110927,"/Date(1703131787000)/",47350,300,60200,2851000000,-300,true,-0.63
"PHR",110927,"/Date(1703131787000)/",47350,200,59900,2837000000,-300,true,-0.63
"PHR",110557,"/Date(1703131577000)/",47400,2100,59700,2827000000,-250,false,-0.52
"PHR",110557,"/Date(1703131577000)/",47400,600,57600,2728000000,-250,false,-0.52
"PHR",110557,"/Date(1703131577000)/",47400,300,57000,2699000000,-250,false,-0.52
"PHR",110318,"/Date(1703131418000)/",47400,300,56700,2685000000,-250,false,-0.52
"PHR",110318,"/Date(1703131418000)/",47400,100,56400,2671000000,-250,false,-0.52
"PHR",110318,"/Date(1703131418000)/",47400,100,56300,2666000000,-250,false,-0.52
"PHR",110252,"/Date(1703131391000)/",47400,100,56200,2662000000,-250,false,-0.52
"PHR",110217,"/Date(1703131359000)/",47400,5000,56100,2657000000,-250,false,-0.52
"PHR",105932,"/Date(1703131191000)/",47400,800,51100,2420000000,-250,false,-0.52
"PHR",105906,"/Date(1703131167000)/",47350,300,50300,2382000000,-300,false,-0.63
"PHR",105819,"/Date(1703131119000)/",47350,600,50000,2368000000,-300,false,-0.63
"PHR",105803,"/Date(1703131103000)/",47350,100,49400,2339000000,-300,false,-0.63
"PHR",105803,"/Date(1703131103000)/",47350,2300,49300,2335000000,-300,false,-0.63
"PHR",105504,"/Date(1703130922000)/",47350,100,47000,2226000000,-300,false,-0.63
"PHR",105303,"/Date(1703130802000)/",47350,200,46900,2221000000,-300,false,-0.63
"PHR",104952,"/Date(1703130609000)/",47350,100,46700,2211000000,-300,false,-0.63
"PHR",104819,"/Date(1703130516000)/",47350,200,46600,2207000000,-300,false,-0.63
"PHR",104631,"/Date(1703130408000)/",47300,500,46400,2197000000,-350,false,-0.73
"PHR",104543,"/Date(1703130360000)/",47300,100,45900,2174000000,-350,false,-0.73
"PHR",104310,"/Date(1703130209000)/",47300,400,45800,2169000000,-350,false,-0.73
"PHR",103856,"/Date(1703129955000)/",47300,1000,45400,2150000000,-350,false,-0.73
"PHR",103808,"/Date(1703129904000)/",47300,100,44400,2103000000,-350,false,-0.73
"PHR",103711,"/Date(1703129849000)/",47300,100,44300,2098000000,-350,false,-0.73
"PHR",103134,"/Date(1703129509000)/",47300,1000,44200,2093000000,-350,false,-0.73
"PHR",103109,"/Date(1703129485000)/",47300,800,43200,2046000000,-350,false,-0.73
"PHR",102855,"/Date(1703129350000)/",47300,200,42400,2008000000,-350,false,-0.73
"PHR",102736,"/Date(1703129273000)/",47300,500,42200,1999000000,-350,false,-0.73
"PHR",102658,"/Date(1703129234000)/",47300,300,41700,1975000000,-350,false,-0.73
"PHR",102149,"/Date(1703128925000)/",47200,4600,41400,1961000000,-450,true,-0.94
"PHR",102149,"/Date(1703128925000)/",47200,700,36800,1744000000,-450,true,-0.94
"PHR",102149,"/Date(1703128925000)/",47200,500,36100,1711000000,-450,true,-0.94
"PHR",102149,"/Date(1703128925000)/",47200,200,35600,1687000000,-450,true,-0.94
"PHR",102149,"/Date(1703128925000)/",47200,500,35400,1678000000,-450,true,-0.94
"PHR",102149,"/Date(1703128925000)/",47200,300,34900,1654000000,-450,true,-0.94
"PHR",102149,"/Date(1703128925000)/",47200,100,34600,1640000000,-450,true,-0.94
"PHR",102149,"/Date(1703128925000)/",47200,1200,34500,1635000000,-450,true,-0.94
"PHR",102149,"/Date(1703128925000)/",47200,100,33300,1578000000,-450,true,-0.94
"PHR",102149,"/Date(1703128925000)/",47250,500,33200,1574000000,-400,false,-0.84
"PHR",102149,"/Date(1703128925000)/",47300,200,32700,1550000000,-350,false,-0.73
"PHR",102149,"/Date(1703128925000)/",47300,500,32500,1541000000,-350,false,-0.73
"PHR",102149,"/Date(1703128925000)/",47300,100,32000,1517000000,-350,false,-0.73
"PHR",102149,"/Date(1703128925000)/",47300,100,31900,1512000000,-350,false,-0.73
"PHR",102149,"/Date(1703128925000)/",47300,400,31800,1507000000,-350,false,-0.73
"PHR",102114,"/Date(1703128891000)/",47300,600,31400,1489000000,-350,true,-0.73
"PHR",102114,"/Date(1703128891000)/",47300,100,30800,1460000000,-350,true,-0.73
"PHR",102114,"/Date(1703128891000)/",47300,500,30700,1455000000,-350,true,-0.73
"PHR",102114,"/Date(1703128891000)/",47300,200,30200,1432000000,-350,true,-0.73
"PHR",102114,"/Date(1703128891000)/",47300,100,30000,1422000000,-350,true,-0.73
"PHR",101832,"/Date(1703128728000)/",47350,500,29900,1418000000,-300,true,-0.63
"PHR",101832,"/Date(1703128728000)/",47350,1600,29400,1394000000,-300,true,-0.63
"PHR",101826,"/Date(1703128721000)/",47350,1100,27800,1318000000,-300,true,-0.63
"PHR",101544,"/Date(1703128558000)/",47350,3300,26700,1266000000,-300,false,-0.63
"PHR",101531,"/Date(1703128546000)/",47300,400,23400,1110000000,-350,true,-0.73
"PHR",101531,"/Date(1703128546000)/",47300,1000,23000,1091000000,-350,true,-0.73
"PHR",101531,"/Date(1703128546000)/",47300,200,22000,1044000000,-350,true,-0.73
"PHR",101531,"/Date(1703128546000)/",47300,300,21800,1034000000,-350,true,-0.73
"PHR",101531,"/Date(1703128546000)/",47300,100,21500,1020000000,-350,true,-0.73
"PHR",101531,"/Date(1703128546000)/",47300,500,21400,1015000000,-350,true,-0.73
"PHR",101531,"/Date(1703128546000)/",47300,1200,20900,992000000,-350,true,-0.73
"PHR",101531,"/Date(1703128546000)/",47300,300,19700,935000000,-350,true,-0.73
"PHR",100922,"/Date(1703128177000)/",47350,200,19400,921000000,-300,true,-0.63
"PHR",100922,"/Date(1703128177000)/",47350,400,19200,911000000,-300,true,-0.63
"PHR",100922,"/Date(1703128177000)/",47350,500,18800,892000000,-300,true,-0.63
"PHR",100922,"/Date(1703128177000)/",47350,100,18300,869000000,-300,true,-0.63
"PHR",100922,"/Date(1703128177000)/",47350,500,18200,864000000,-300,true,-0.63
"PHR",100252,"/Date(1703127786000)/",47400,200,17700,840000000,-250,false,-0.52
"PHR",95054,"/Date(1703127065000)/",47300,500,17500,831000000,-350,true,-0.73
"PHR",95054,"/Date(1703127065000)/",47300,100,17000,807000000,-350,true,-0.73
"PHR",95054,"/Date(1703127065000)/",47300,200,16900,802000000,-350,true,-0.73
"PHR",94944,"/Date(1703126997000)/",47350,500,16700,793000000,-300,true,-0.63
"PHR",94944,"/Date(1703126997000)/",47350,300,16200,769000000,-300,true,-0.63
"PHR",94913,"/Date(1703126965000)/",47350,500,15900,755000000,-300,true,-0.63
"PHR",94913,"/Date(1703126965000)/",47350,100,15400,731000000,-300,true,-0.63
"PHR",94909,"/Date(1703126960000)/",47400,100,15300,727000000,-250,false,-0.52
"PHR",94806,"/Date(1703126897000)/",47400,300,15200,722000000,-250,false,-0.52
"PHR",94659,"/Date(1703126830000)/",47400,600,14900,708000000,-250,true,-0.52
"PHR",94659,"/Date(1703126830000)/",47400,100,14300,679000000,-250,true,-0.52
"PHR",94659,"/Date(1703126830000)/",47400,100,14200,674000000,-250,true,-0.52
"PHR",94659,"/Date(1703126830000)/",47400,100,14100,670000000,-250,true,-0.52
"PHR",94659,"/Date(1703126830000)/",47400,500,14000,665000000,-250,true,-0.52
"PHR",94659,"/Date(1703126830000)/",47400,300,13500,641000000,-250,true,-0.52
"PHR",94659,"/Date(1703126830000)/",47400,900,13200,627000000,-250,true,-0.52
"PHR",94659,"/Date(1703126830000)/",47400,500,12300,584000000,-250,true,-0.52
"PHR",94659,"/Date(1703126830000)/",47400,200,11800,561000000,-250,true,-0.52
"PHR",94659,"/Date(1703126830000)/",47400,100,11600,551000000,-250,true,-0.52
"PHR",94531,"/Date(1703126741000)/",47500,100,11500,546000000,-150,false,-0.31
"PHR",94324,"/Date(1703126617000)/",47500,700,11400,542000000,-150,true,-0.31
"PHR",94324,"/Date(1703126617000)/",47500,500,10700,508000000,-150,true,-0.31
"PHR",94324,"/Date(1703126617000)/",47500,100,10200,485000000,-150,true,-0.31
"PHR",94324,"/Date(1703126617000)/",47500,100,10100,480000000,-150,true,-0.31
"PHR",94252,"/Date(1703126582000)/",47550,200,10000,475000000,-100,false,-0.21
"PHR",93848,"/Date(1703126340000)/",47550,600,9800,466000000,-100,false,-0.21
"PHR",93719,"/Date(1703126250000)/",47500,200,9200,437000000,-150,false,-0.31
"PHR",93648,"/Date(1703126218000)/",47500,100,9000,428000000,-150,false,-0.31
"PHR",93616,"/Date(1703126188000)/",47500,100,8900,423000000,-150,true,-0.31
"PHR",93444,"/Date(1703126095000)/",47550,1000,8800,418000000,-100,false,-0.21
"PHR",93328,"/Date(1703126018000)/",47500,200,7800,371000000,-150,false,-0.31
"PHR",93027,"/Date(1703125838000)/",47500,400,7600,361000000,-150,false,-0.31
"PHR",92946,"/Date(1703125797000)/",47500,100,7200,342000000,-150,false,-0.31
"PHR",92940,"/Date(1703125790000)/",47500,100,7100,337000000,-150,false,-0.31
"PHR",92808,"/Date(1703125696000)/",47500,100,7000,333000000,-150,false,-0.31
"PHR",92539,"/Date(1703125549000)/",47500,100,6900,328000000,-150,true,-0.31
"PHR",92539,"/Date(1703125549000)/",47500,300,6800,323000000,-150,true,-0.31
"PHR",92539,"/Date(1703125549000)/",47500,100,6500,309000000,-150,true,-0.31
"PHR",92539,"/Date(1703125549000)/",47500,100,6400,304000000,-150,true,-0.31
"PHR",92539,"/Date(1703125549000)/",47500,200,6300,299000000,-150,true,-0.31
"PHR",92539,"/Date(1703125549000)/",47500,200,6100,290000000,-150,true,-0.31
"PHR",92539,"/Date(1703125549000)/",47500,100,5900,280000000,-150,true,-0.31
"PHR",92539,"/Date(1703125549000)/",47500,1000,5800,276000000,-150,true,-0.31
"PHR",92530,"/Date(1703125540000)/",47550,100,4800,228000000,-100,false,-0.21
"PHR",92139,"/Date(1703125308000)/",47500,100,4700,223000000,-150,false,-0.31
"PHR",92129,"/Date(1703125297000)/",47500,200,4600,219000000,-150,false,-0.31
"PHR",92129,"/Date(1703125297000)/",47500,100,4400,209000000,-150,false,-0.31
"PHR",92026,"/Date(1703125235000)/",47550,500,4300,204000000,-100,true,-0.21
"PHR",92026,"/Date(1703125235000)/",47550,100,3800,181000000,-100,true,-0.21
"PHR",92026,"/Date(1703125235000)/",47550,100,3700,176000000,-100,true,-0.21
"PHR",92026,"/Date(1703125234000)/",47650,100,3600,171000000,0,false,0
"PHR",92020,"/Date(1703125230000)/",47650,900,3500,166000000,0,false,0
"PHR",92020,"/Date(1703125230000)/",47650,100,2600,123000000,0,false,0
"PHR",92020,"/Date(1703125229000)/",47650,900,2500,119000000,0,false,0
"PHR",92020,"/Date(1703125229000)/",47650,600,1600,76000000,0,false,0
"PHR",91455,"/Date(1703124901000)/",47650,1000,1000,47000000,0,true,0
