"Stockcode","Package","TradingDate","Price","Vol","TotalVol","TotalVal","Change","IsBuy","PerChange"
"SHB",144423,"/Date(1703144701000)/",10650,627100,9622900,102760000000,-50,false,-0.47
"SHB",142908,"/Date(1703143790000)/",10750,1000,8995800,96081000000,50,false,0.47
"SHB",142858,"/Date(1703143781000)/",10750,2000,8994800,96071000000,50,false,0.47
"SHB",142858,"/Date(1703143780000)/",10750,8200,8992800,96049000000,50,false,0.47
"SHB",142858,"/Date(1703143780000)/",10750,300,8984600,95961000000,50,false,0.47
"SHB",142858,"/Date(1703143780000)/",10750,1100,8984300,95958000000,50,false,0.47
"SHB",142858,"/Date(1703143779000)/",10750,900,8983200,95946000000,50,false,0.47
"SHB",142858,"/Date(1703143779000)/",10750,300,8982300,95936000000,50,false,0.47
"SHB",142858,"/Date(1703143779000)/",10750,4000,8982000,95933000000,50,false,0.47
"SHB",142858,"/Date(1703143779000)/",10750,600,8978000,95890000000,50,false,0.47
"SHB",142858,"/Date(1703143779000)/",10750,3800,8977400,95884000000,50,false,0.47
"SHB",142858,"/Date(1703143778000)/",10700,700,8973600,95843000000,0,true,0
"SHB",142858,"/Date(1703143778000)/",10700,1000,8972900,95835000000,0,true,0
"SHB",142858,"/Date(1703143778000)/",10700,2000,8971900,95825000000,0,true,0
"SHB",142858,"/Date(1703143778000)/",10700,5000,8969900,95803000000,0,true,0
"SHB",142858,"/Date(1703143778000)/",10700,500,8964900,95750000000,0,true,0
"SHB",142858,"/Date(1703143778000)/",10700,800,8964400,95744000000,0,true,0
"SHB",142849,"/Date(1703143770000)/",10750,200,8963600,95736000000,50,false,0.47
"SHB",142849,"/Date(1703143770000)/",10750,2100,8963400,95734000000,50,false,0.47
"SHB",142849,"/Date(1703143770000)/",10750,500,8961300,95711000000,50,false,0.47
"SHB",142845,"/Date(1703143767000)/",10750,7400,8960800,95706000000,50,false,0.47
"SHB",142845,"/Date(1703143767000)/",10750,500,8953400,95626000000,50,false,0.47
"SHB",142845,"/Date(1703143767000)/",10750,1700,8952900,95621000000,50,false,0.47
"SHB",142845,"/Date(1703143767000)/",10750,4800,8951200,95602000000,50,false,0.47
"SHB",142845,"/Date(1703143767000)/",10750,1000,8946400,95551000000,50,false,0.47
"SHB",142845,"/Date(1703143767000)/",10750,1000,8945400,95540000000,50,false,0.47
"SHB",142845,"/Date(1703143767000)/",10750,20000,8944400,95529000000,50,false,0.47
"SHB",142845,"/Date(1703143767000)/",10750,10000,8924400,95314000000,50,false,0.47
"SHB",142845,"/Date(1703143767000)/",10750,5000,8914400,95207000000,50,false,0.47
"SHB",142839,"/Date(1703143759000)/",10700,2200,8909400,95153000000,0,true,0
"SHB",142839,"/Date(1703143759000)/",10700,1500,8907200,95130000000,0,true,0
"SHB",142839,"/Date(1703143759000)/",10700,4500,8905700,95114000000,0,true,0
"SHB",142839,"/Date(1703143759000)/",10700,10000,8901200,95065000000,0,true,0
"SHB",142839,"/Date(1703143759000)/",10700,5000,8891200,94958000000,0,true,0
"SHB",142826,"/Date(1703143748000)/",10750,2300,8886200,94905000000,50,false,0.47
"SHB",142823,"/Date(1703143744000)/",10700,9600,8883900,94880000000,0,true,0
"SHB",142820,"/Date(1703143739000)/",10700,600,8874300,94777000000,0,true,0
"SHB",142817,"/Date(1703143738000)/",10750,2300,8873700,94771000000,50,false,0.47
"SHB",142814,"/Date(1703143736000)/",10750,9600,8871400,94746000000,50,false,0.47
"SHB",142810,"/Date(1703143731000)/",10700,17200,8861800,94643000000,0,true,0
"SHB",142810,"/Date(1703143730000)/",10750,500,8844600,94459000000,50,false,0.47
"SHB",142807,"/Date(1703143729000)/",10750,1000,8844100,94454000000,50,false,0.47
"SHB",142807,"/Date(1703143728000)/",10750,9300,8843100,94443000000,50,false,0.47
"SHB",142807,"/Date(1703143728000)/",10750,5000,8833800,94343000000,50,false,0.47
"SHB",142807,"/Date(1703143728000)/",10750,700,8828800,94289000000,50,false,0.47
"SHB",142807,"/Date(1703143728000)/",10750,8000,8828100,94282000000,50,false,0.47
"SHB",142807,"/Date(1703143728000)/",10750,15000,8820100,94196000000,50,false,0.47
"SHB",142807,"/Date(1703143728000)/",10750,1000,8805100,94034000000,50,false,0.47
"SHB",142807,"/Date(1703143728000)/",10750,1300,8804100,94024000000,50,false,0.47
"SHB",142758,"/Date(1703143718000)/",10750,2300,8802800,94010000000,50,false,0.47
"SHB",142751,"/Date(1703143711000)/",10700,300,8800500,93985000000,0,true,0
"SHB",142748,"/Date(1703143710000)/",10750,2300,8800200,93982000000,50,false,0.47
"SHB",142738,"/Date(1703143699000)/",10750,2300,8797900,93957000000,50,false,0.47
"SHB",142735,"/Date(1703143696000)/",10700,12100,8795600,93932000000,0,true,0
"SHB",142735,"/Date(1703143696000)/",10700,1000,8783500,93803000000,0,true,0
"SHB",142735,"/Date(1703143696000)/",10700,4000,8782500,93792000000,0,true,0
"SHB",142735,"/Date(1703143696000)/",10700,100,8778500,93749000000,0,true,0
"SHB",142729,"/Date(1703143691000)/",10750,1800,8778400,93748000000,50,false,0.47
"SHB",142729,"/Date(1703143691000)/",10750,5500,8776600,93729000000,50,false,0.47
"SHB",142700,"/Date(1703143662000)/",10700,2300,8771100,93670000000,0,true,0
"SHB",142700,"/Date(1703143662000)/",10700,100,8768800,93645000000,0,true,0
"SHB",142700,"/Date(1703143662000)/",10700,500,8768700,93644000000,0,true,0
"SHB",142700,"/Date(1703143662000)/",10700,100,8768200,93639000000,0,true,0
"SHB",142700,"/Date(1703143662000)/",10700,3000,8768100,93638000000,0,true,0
"SHB",142657,"/Date(1703143659000)/",10750,6400,8765100,93606000000,50,false,0.47
"SHB",142651,"/Date(1703143650000)/",10700,3200,8758700,93537000000,0,true,0
"SHB",142651,"/Date(1703143650000)/",10700,5000,8755500,93503000000,0,true,0
"SHB",142651,"/Date(1703143650000)/",10700,100,8750500,93449000000,0,true,0
"SHB",142651,"/Date(1703143650000)/",10700,1700,8750400,93448000000,0,true,0
"SHB",142647,"/Date(1703143649000)/",10700,500,8748700,93430000000,0,true,0
"SHB",142631,"/Date(1703143631000)/",10700,7800,8748200,93424000000,0,true,0
"SHB",142631,"/Date(1703143631000)/",10700,3000,8740400,93341000000,0,true,0
"SHB",142631,"/Date(1703143631000)/",10700,500,8737400,93309000000,0,true,0
"SHB",142631,"/Date(1703143631000)/",10700,8700,8736900,93304000000,0,true,0
"SHB",142625,"/Date(1703143625000)/",10750,9600,8728200,93210000000,50,false,0.47
"SHB",142622,"/Date(1703143624000)/",10700,1300,8718600,93107000000,0,true,0
"SHB",142622,"/Date(1703143624000)/",10700,15900,8717300,93093000000,0,true,0
"SHB",142609,"/Date(1703143611000)/",10700,100,8701400,92923000000,0,false,0
"SHB",142609,"/Date(1703143611000)/",10700,4000,8701300,92922000000,0,false,0
"SHB",142609,"/Date(1703143610000)/",10700,10800,8697300,92879000000,0,false,0
"SHB",142609,"/Date(1703143610000)/",10700,9200,8686500,92764000000,0,false,0
"SHB",142609,"/Date(1703143609000)/",10700,800,8677300,92665000000,0,false,0
"SHB",142609,"/Date(1703143609000)/",10700,100,8676500,92657000000,0,false,0
"SHB",142609,"/Date(1703143609000)/",10700,30000,8676400,92656000000,0,false,0
"SHB",142609,"/Date(1703143609000)/",10700,1100,8646400,92335000000,0,false,0
"SHB",142606,"/Date(1703143606000)/",10700,1800,8645300,92323000000,0,false,0
"SHB",142606,"/Date(1703143606000)/",10700,500,8643500,92304000000,0,false,0
"SHB",142606,"/Date(1703143606000)/",10700,500,8643000,92298000000,0,false,0
"SHB",142606,"/Date(1703143606000)/",10700,10000,8642500,92293000000,0,false,0
"SHB",142606,"/Date(1703143606000)/",10700,4000,8632500,92186000000,0,false,0
"SHB",142606,"/Date(1703143606000)/",10700,20000,8628500,92143000000,0,false,0
"SHB",142606,"/Date(1703143606000)/",10700,20000,8608500,91929000000,0,false,0
"SHB",142606,"/Date(1703143606000)/",10700,500,8588500,91715000000,0,false,0
"SHB",142606,"/Date(1703143606000)/",10700,300,8588000,91710000000,0,false,0
"SHB",142606,"/Date(1703143606000)/",10700,5000,8587700,91707000000,0,false,0
"SHB",142606,"/Date(1703143606000)/",10700,37600,8582700,91653000000,0,false,0
"SHB",142553,"/Date(1703143594000)/",10700,100,8545100,91251000000,0,false,0
"SHB",142550,"/Date(1703143592000)/",10700,3600,8545000,91250000000,0,false,0
"SHB",142550,"/Date(1703143590000)/",10650,100,8541400,91211000000,-50,true,-0.47
"SHB",142550,"/Date(1703143590000)/",10650,2200,8541300,91210000000,-50,true,-0.47
"SHB",142550,"/Date(1703143590000)/",10650,100,8539100,91187000000,-50,true,-0.47
"SHB",142550,"/Date(1703143590000)/",10650,100,8539000,91186000000,-50,true,-0.47
"SHB",142550,"/Date(1703143590000)/",10650,1000,8538900,91185000000,-50,true,-0.47
"SHB",142550,"/Date(1703143590000)/",10650,13700,8537900,91174000000,-50,true,-0.47
"SHB",142550,"/Date(1703143589000)/",10700,200,8524200,91028000000,0,false,0
"SHB",142547,"/Date(1703143587000)/",10700,9600,8524000,91026000000,0,false,0
"SHB",142543,"/Date(1703143584000)/",10700,33900,8514400,90923000000,0,false,0
"SHB",142543,"/Date(1703143584000)/",10700,20000,8480500,90560000000,0,false,0
"SHB",142543,"/Date(1703143584000)/",10700,200,8460500,90346000000,0,false,0
"SHB",142543,"/Date(1703143584000)/",10700,800,8460300,90344000000,0,false,0
"SHB",142543,"/Date(1703143584000)/",10700,39500,8459500,90336000000,0,false,0
"SHB",142543,"/Date(1703143584000)/",10700,500,8420000,89913000000,0,false,0
"SHB",142543,"/Date(1703143584000)/",10700,1100,8419500,89908000000,0,false,0
"SHB",142543,"/Date(1703143584000)/",10700,4000,8418400,89896000000,0,false,0
"SHB",142534,"/Date(1703143573000)/",10700,400,8414400,89853000000,0,false,0
"SHB",142531,"/Date(1703143573000)/",10700,400,8414000,89849000000,0,false,0
"SHB",142524,"/Date(1703143565000)/",10700,500,8413600,89845000000,0,false,0
"SHB",142521,"/Date(1703143561000)/",10700,2200,8413100,89839000000,0,false,0
"SHB",142515,"/Date(1703143556000)/",10700,200,8410900,89816000000,0,false,0
"SHB",142508,"/Date(1703143549000)/",10700,9600,8410700,89814000000,0,false,0
"SHB",142502,"/Date(1703143542000)/",10650,17200,8401100,89711000000,-50,true,-0.47
"SHB",142452,"/Date(1703143533000)/",10650,1500,8383900,89528000000,-50,true,-0.47
"SHB",142446,"/Date(1703143526000)/",10700,2100,8382400,89512000000,0,false,0
"SHB",142436,"/Date(1703143516000)/",10700,9600,8380300,89489000000,0,false,0
"SHB",142436,"/Date(1703143516000)/",10650,200,8370700,89387000000,-50,true,-0.47
"SHB",142430,"/Date(1703143510000)/",10650,4400,8370500,89384000000,-50,true,-0.47
"SHB",142430,"/Date(1703143510000)/",10650,1600,8366100,89338000000,-50,true,-0.47
"SHB",142427,"/Date(1703143508000)/",10700,2100,8364500,89320000000,0,false,0
"SHB",142424,"/Date(1703143506000)/",10700,500,8362400,89298000000,0,false,0
"SHB",142424,"/Date(1703143505000)/",10700,300,8361900,89293000000,0,false,0
"SHB",142411,"/Date(1703143492000)/",10700,2100,8361600,89289000000,0,false,0
"SHB",142401,"/Date(1703143481000)/",10700,100,8359500,89267000000,0,false,0
"SHB",142358,"/Date(1703143480000)/",10700,2000,8359400,89266000000,0,false,0
"SHB",142355,"/Date(1703143476000)/",10700,100,8357400,89245000000,0,false,0
"SHB",142355,"/Date(1703143475000)/",10700,9600,8357300,89243000000,0,false,0
"SHB",142352,"/Date(1703143472000)/",10650,16900,8347700,89141000000,-50,true,-0.47
"SHB",142352,"/Date(1703143472000)/",10650,300,8330800,88961000000,-50,true,-0.47
"SHB",142342,"/Date(1703143464000)/",10650,4700,8330500,88958000000,-50,true,-0.47
"SHB",142342,"/Date(1703143464000)/",10650,5000,8325800,88907000000,-50,true,-0.47
"SHB",142342,"/Date(1703143464000)/",10650,300,8320800,88854000000,-50,true,-0.47
"SHB",142332,"/Date(1703143452000)/",10650,17200,8320500,88851000000,-50,true,-0.47
"SHB",142320,"/Date(1703143442000)/",10700,2000,8303300,88668000000,0,false,0
"SHB",142320,"/Date(1703143440000)/",10700,2100,8301300,88646000000,0,false,0
"SHB",142313,"/Date(1703143433000)/",10700,7900,8299200,88624000000,0,false,0
"SHB",142313,"/Date(1703143433000)/",10700,500,8291300,88539000000,0,false,0
"SHB",142313,"/Date(1703143433000)/",10700,100,8290800,88534000000,0,false,0
"SHB",142313,"/Date(1703143433000)/",10700,900,8290700,88533000000,0,false,0
"SHB",142313,"/Date(1703143433000)/",10700,200,8289800,88523000000,0,false,0
"SHB",142310,"/Date(1703143429000)/",10700,200,8289600,88521000000,0,false,0
"SHB",142310,"/Date(1703143429000)/",10700,2100,8289400,88519000000,0,false,0
"SHB",142304,"/Date(1703143423000)/",10700,2900,8287300,88497000000,0,false,0
"SHB",142304,"/Date(1703143423000)/",10700,2100,8284400,88466000000,0,false,0
"SHB",142301,"/Date(1703143422000)/",10700,900,8282300,88443000000,0,false,0
"SHB",142301,"/Date(1703143422000)/",10700,200,8281400,88434000000,0,false,0
"SHB",142301,"/Date(1703143422000)/",10700,1100,8281200,88431000000,0,false,0
"SHB",142257,"/Date(1703143417000)/",10700,2300,8280100,88420000000,0,false,0
"SHB",142248,"/Date(1703143408000)/",10650,500,8277800,88395000000,-50,true,-0.47
"SHB",142245,"/Date(1703143406000)/",10700,2100,8277300,88390000000,0,false,0
"SHB",142235,"/Date(1703143396000)/",10700,9600,8275200,88367000000,0,false,0
"SHB",142229,"/Date(1703143389000)/",10650,12000,8265600,88265000000,-50,true,-0.47
"SHB",142229,"/Date(1703143389000)/",10650,1000,8253600,88137000000,-50,true,-0.47
"SHB",142229,"/Date(1703143389000)/",10650,4200,8252600,88126000000,-50,true,-0.47
"SHB",142229,"/Date(1703143387000)/",10700,2200,8248400,88081000000,0,false,0
"SHB",142225,"/Date(1703143387000)/",10700,2700,8246200,88058000000,0,false,0
"SHB",142225,"/Date(1703143387000)/",10700,2000,8243500,88029000000,0,false,0
"SHB",142225,"/Date(1703143387000)/",10700,5000,8241500,88007000000,0,false,0
"SHB",142225,"/Date(1703143387000)/",10700,300,8236500,87954000000,0,false,0
"SHB",142222,"/Date(1703143383000)/",10700,20000,8236200,87951000000,0,false,0
"SHB",142222,"/Date(1703143382000)/",10700,9600,8216200,87737000000,0,false,0
"SHB",142222,"/Date(1703143381000)/",10700,9600,8206600,87634000000,0,false,0
"SHB",142213,"/Date(1703143372000)/",10700,1000,8197000,87531000000,0,false,0
"SHB",142213,"/Date(1703143372000)/",10700,5000,8196000,87521000000,0,false,0
"SHB",142210,"/Date(1703143371000)/",10700,2100,8191000,87467000000,0,false,0
"SHB",142203,"/Date(1703143362000)/",10700,9600,8188900,87445000000,0,false,0
"SHB",142200,"/Date(1703143360000)/",10700,3000,8179300,87342000000,0,false,0
"SHB",142157,"/Date(1703143356000)/",10700,50000,8176300,87310000000,0,false,0
"SHB",142150,"/Date(1703143349000)/",10650,6000,8126300,86775000000,-50,true,-0.47
"SHB",142138,"/Date(1703143337000)/",10700,2200,8120300,86711000000,0,false,0
"SHB",142134,"/Date(1703143335000)/",10700,300,8118100,86687000000,0,false,0
"SHB",142131,"/Date(1703143333000)/",10700,9600,8117800,86684000000,0,false,0
"SHB",142131,"/Date(1703143330000)/",10700,34800,8108200,86581000000,0,false,0
"SHB",142118,"/Date(1703143319000)/",10700,2100,8073400,86209000000,0,false,0
"SHB",142106,"/Date(1703143305000)/",10700,200,8071300,86187000000,0,false,0
"SHB",142102,"/Date(1703143302000)/",10700,2200,8071100,86185000000,0,false,0
"SHB",142059,"/Date(1703143299000)/",10700,100,8068900,86161000000,0,false,0
"SHB",142056,"/Date(1703143296000)/",10700,9600,8068800,86160000000,0,false,0
"SHB",142046,"/Date(1703143288000)/",10650,17200,8059200,86057000000,-50,true,-0.47
"SHB",142043,"/Date(1703143285000)/",10700,2100,8042000,85874000000,0,false,0
"SHB",142037,"/Date(1703143276000)/",10700,3000,8039900,85852000000,0,false,0
"SHB",142027,"/Date(1703143267000)/",10700,2100,8036900,85819000000,0,false,0
"SHB",142018,"/Date(1703143258000)/",10700,300,8034800,85797000000,0,false,0
"SHB",142008,"/Date(1703143250000)/",10700,100,8034500,85794000000,0,false,0
"SHB",142008,"/Date(1703143250000)/",10700,2200,8034400,85793000000,0,false,0
"SHB",142008,"/Date(1703143247000)/",10700,10000,8032200,85769000000,0,false,0
"SHB",142005,"/Date(1703143244000)/",10700,6000,8022200,85662000000,0,false,0
"SHB",141959,"/Date(1703143239000)/",10700,2100,8016200,85598000000,0,true,0
"SHB",141959,"/Date(1703143239000)/",10700,800,8014100,85575000000,0,true,0
"SHB",141943,"/Date(1703143223000)/",10700,600,8013300,85567000000,0,true,0
"SHB",141939,"/Date(1703143221000)/",10700,8200,8012700,85560000000,0,true,0
"SHB",141939,"/Date(1703143221000)/",10700,2200,8004500,85473000000,0,true,0
"SHB",141939,"/Date(1703143221000)/",10700,100,8002300,85449000000,0,true,0
"SHB",141939,"/Date(1703143221000)/",10700,10000,8002200,85448000000,0,true,0
"SHB",141939,"/Date(1703143221000)/",10700,2100,7992200,85341000000,0,true,0
"SHB",141939,"/Date(1703143221000)/",10700,200,7990100,85319000000,0,true,0
"SHB",141939,"/Date(1703143221000)/",10700,7200,7989900,85317000000,0,true,0
"SHB",141936,"/Date(1703143215000)/",10700,17200,7982700,85239000000,0,true,0
"SHB",141936,"/Date(1703143215000)/",10750,8500,7965500,85055000000,50,false,0.47
"SHB",141936,"/Date(1703143215000)/",10750,100,7957000,84964000000,50,false,0.47
"SHB",141936,"/Date(1703143215000)/",10750,1000,7956900,84963000000,50,false,0.47
"SHB",141924,"/Date(1703143204000)/",10700,10000,7955900,84952000000,0,true,0
"SHB",141920,"/Date(1703143199000)/",10700,10000,7945900,84845000000,0,true,0
"SHB",141904,"/Date(1703143183000)/",10700,1000,7935900,84738000000,0,true,0
"SHB",141904,"/Date(1703143183000)/",10700,10000,7934900,84728000000,0,true,0
"SHB",141904,"/Date(1703143183000)/",10700,10000,7924900,84621000000,0,true,0
"SHB",141904,"/Date(1703143183000)/",10700,34600,7914900,84514000000,0,true,0
"SHB",141901,"/Date(1703143181000)/",10700,2100,7880300,84143000000,0,false,0
"SHB",141855,"/Date(1703143174000)/",10700,1300,7878200,84121000000,0,false,0
"SHB",141848,"/Date(1703143169000)/",10700,34800,7876900,84107000000,0,false,0
"SHB",141842,"/Date(1703143164000)/",10700,2200,7842100,83735000000,0,false,0
"SHB",141842,"/Date(1703143163000)/",10700,9600,7839900,83711000000,0,false,0
"SHB",141842,"/Date(1703143161000)/",10650,17200,7830300,83608000000,-50,true,-0.47
"SHB",141836,"/Date(1703143155000)/",10700,10000,7813100,83425000000,0,true,0
"SHB",141836,"/Date(1703143155000)/",10700,1000,7803100,83318000000,0,true,0
"SHB",141836,"/Date(1703143155000)/",10700,1000,7802100,83307000000,0,true,0
"SHB",141836,"/Date(1703143155000)/",10700,2100,7801100,83297000000,0,true,0
"SHB",141836,"/Date(1703143155000)/",10700,9000,7799000,83274000000,0,true,0
"SHB",141836,"/Date(1703143155000)/",10700,2000,7790000,83178000000,0,true,0
"SHB",141836,"/Date(1703143155000)/",10700,90300,7788000,83157000000,0,true,0
"SHB",141829,"/Date(1703143150000)/",10700,9700,7697700,82190000000,0,true,0
"SHB",141829,"/Date(1703143150000)/",10700,300,7688000,82087000000,0,true,0
"SHB",141810,"/Date(1703143131000)/",10700,500,7687700,82083000000,0,false,0
"SHB",141810,"/Date(1703143130000)/",10700,300,7687200,82078000000,0,false,0
"SHB",141810,"/Date(1703143130000)/",10700,2200,7686900,82075000000,0,false,0
"SHB",141810,"/Date(1703143129000)/",10700,300,7684700,82051000000,0,false,0
"SHB",141810,"/Date(1703143129000)/",10700,100,7684400,82048000000,0,false,0
"SHB",141810,"/Date(1703143129000)/",10700,9600,7684300,82047000000,0,false,0
"SHB",141804,"/Date(1703143125000)/",10700,27900,7674700,81944000000,0,false,0
"SHB",141804,"/Date(1703143125000)/",10700,24400,7646800,81646000000,0,false,0
"SHB",141804,"/Date(1703143125000)/",10700,2200,7622400,81385000000,0,false,0
"SHB",141804,"/Date(1703143123000)/",10700,1000,7620200,81361000000,0,false,0
"SHB",141804,"/Date(1703143123000)/",10700,100,7619200,81350000000,0,false,0
"SHB",141801,"/Date(1703143121000)/",10700,100,7619100,81349000000,0,false,0
"SHB",141801,"/Date(1703143120000)/",10700,500,7619000,81348000000,0,false,0
"SHB",141801,"/Date(1703143119000)/",10700,2000,7618500,81343000000,0,false,0
"SHB",141757,"/Date(1703143119000)/",10700,2100,7616500,81322000000,0,false,0
"SHB",141754,"/Date(1703143116000)/",10700,300,7614400,81299000000,0,false,0
"SHB",141754,"/Date(1703143113000)/",10700,4800,7614100,81296000000,0,false,0
"SHB",141754,"/Date(1703143113000)/",10700,10000,7609300,81244000000,0,false,0
"SHB",141754,"/Date(1703143113000)/",10700,5200,7599300,81137000000,0,false,0
"SHB",141751,"/Date(1703143112000)/",10700,2100,7594100,81082000000,0,false,0
"SHB",141748,"/Date(1703143107000)/",10700,2700,7592000,81059000000,0,false,0
"SHB",141748,"/Date(1703143107000)/",10700,6900,7589300,81030000000,0,false,0
"SHB",141748,"/Date(1703143107000)/",10700,9600,7582400,80957000000,0,false,0
"SHB",141748,"/Date(1703143106000)/",10700,9600,7572800,80854000000,0,false,0
"SHB",141741,"/Date(1703143100000)/",10700,3900,7563200,80751000000,0,false,0
"SHB",141741,"/Date(1703143100000)/",10700,1000,7559300,80709000000,0,false,0
"SHB",141741,"/Date(1703143100000)/",10700,100,7558300,80699000000,0,false,0
"SHB",141738,"/Date(1703143097000)/",10700,300,7558200,80698000000,0,false,0
"SHB",141738,"/Date(1703143097000)/",10700,1800,7557900,80695000000,0,false,0
"SHB",141732,"/Date(1703143092000)/",10700,2000,7556100,80675000000,0,false,0
"SHB",141732,"/Date(1703143091000)/",10650,6000,7554100,80654000000,-50,true,-0.47
"SHB",141729,"/Date(1703143087000)/",10700,9600,7548100,80590000000,0,false,0
"SHB",141719,"/Date(1703143078000)/",10700,2200,7538500,80487000000,0,false,0
"SHB",141700,"/Date(1703143061000)/",10700,2100,7536300,80464000000,0,false,0
"SHB",141700,"/Date(1703143059000)/",10700,100,7534200,80441000000,0,false,0
"SHB",141657,"/Date(1703143058000)/",10700,2200,7534100,80440000000,0,false,0
"SHB",141657,"/Date(1703143058000)/",10700,7400,7531900,80417000000,0,false,0
"SHB",141657,"/Date(1703143056000)/",10650,17200,7524500,80337000000,-50,true,-0.47
"SHB",141657,"/Date(1703143055000)/",10700,100,7507300,80154000000,0,false,0
"SHB",141647,"/Date(1703143046000)/",10700,400,7507200,80153000000,0,false,0
"SHB",141644,"/Date(1703143043000)/",10700,400,7506800,80149000000,0,false,0
"SHB",141644,"/Date(1703143043000)/",10700,1800,7506400,80145000000,0,false,0
"SHB",141638,"/Date(1703143039000)/",10700,100,7504600,80125000000,0,false,0
"SHB",141631,"/Date(1703143030000)/",10700,8900,7504500,80124000000,0,false,0
"SHB",141631,"/Date(1703143030000)/",10700,700,7495600,80029000000,0,false,0
"SHB",141625,"/Date(1703143026000)/",10700,2100,7494900,80022000000,0,false,0
"SHB",141618,"/Date(1703143017000)/",10700,9600,7492800,79999000000,0,false,0
"SHB",141615,"/Date(1703143015000)/",10700,100,7483200,79896000000,0,false,0
"SHB",141615,"/Date(1703143013000)/",10650,17200,7483100,79895000000,-50,true,-0.47
"SHB",141609,"/Date(1703143009000)/",10700,500,7465900,79712000000,0,false,0
"SHB",141609,"/Date(1703143009000)/",10700,100,7465400,79707000000,0,false,0
"SHB",141609,"/Date(1703143009000)/",10700,2100,7465300,79706000000,0,false,0
"SHB",141609,"/Date(1703143007000)/",10700,500,7463200,79683000000,0,false,0
"SHB",141606,"/Date(1703143006000)/",10700,3000,7462700,79678000000,0,false,0
"SHB",141553,"/Date(1703142993000)/",10700,1300,7459700,79646000000,0,false,0
"SHB",141553,"/Date(1703142993000)/",10700,10000,7458400,79632000000,0,false,0
"SHB",141553,"/Date(1703142993000)/",10700,3000,7448400,79525000000,0,false,0
"SHB",141553,"/Date(1703142993000)/",10700,5700,7445400,79493000000,0,false,0
"SHB",141540,"/Date(1703142981000)/",10650,500,7439700,79432000000,-50,true,-0.47
"SHB",141537,"/Date(1703142975000)/",10700,100,7439200,79426000000,0,false,0
"SHB",141534,"/Date(1703142974000)/",10700,2100,7439100,79425000000,0,false,0
"SHB",141527,"/Date(1703142966000)/",10700,9600,7437000,79403000000,0,false,0
"SHB",141521,"/Date(1703142962000)/",10700,200,7427400,79300000000,0,false,0
"SHB",141518,"/Date(1703142959000)/",10700,400,7427200,79298000000,0,false,0
"SHB",141518,"/Date(1703142957000)/",10650,14500,7426800,79294000000,-50,true,-0.47
"SHB",141518,"/Date(1703142957000)/",10650,1000,7412300,79139000000,-50,true,-0.47
"SHB",141518,"/Date(1703142957000)/",10650,500,7411300,79129000000,-50,true,-0.47
"SHB",141518,"/Date(1703142957000)/",10650,300,7410800,79123000000,-50,true,-0.47
"SHB",141518,"/Date(1703142957000)/",10650,100,7410500,79120000000,-50,true,-0.47
"SHB",141518,"/Date(1703142957000)/",10650,800,7410400,79119000000,-50,true,-0.47
"SHB",141518,"/Date(1703142957000)/",10700,2100,7409600,79111000000,0,false,0
"SHB",141508,"/Date(1703142948000)/",10700,9600,7407500,79088000000,0,false,0
"SHB",141505,"/Date(1703142943000)/",10700,100,7397900,78985000000,0,true,0
"SHB",141505,"/Date(1703142943000)/",10700,2000,7397800,78984000000,0,true,0
"SHB",141505,"/Date(1703142943000)/",10700,200,7395800,78963000000,0,true,0
"SHB",141505,"/Date(1703142943000)/",10700,400,7395600,78961000000,0,true,0
"SHB",141459,"/Date(1703142940000)/",10700,9200,7395200,78957000000,0,true,0
"SHB",141459,"/Date(1703142940000)/",10700,100,7386000,78858000000,0,true,0
"SHB",141459,"/Date(1703142940000)/",10700,700,7385900,78857000000,0,true,0
"SHB",141459,"/Date(1703142940000)/",10750,2200,7385200,78850000000,50,false,0.47
"SHB",141443,"/Date(1703142921000)/",10750,2100,7383000,78826000000,50,false,0.47
"SHB",141440,"/Date(1703142920000)/",10750,4700,7380900,78803000000,50,false,0.47
"SHB",141440,"/Date(1703142920000)/",10750,4900,7376200,78753000000,50,false,0.47
"SHB",141430,"/Date(1703142911000)/",10700,200,7371300,78700000000,0,true,0
"SHB",141427,"/Date(1703142905000)/",10700,2100,7371100,78698000000,0,false,0
"SHB",141424,"/Date(1703142905000)/",10700,2200,7369000,78675000000,0,false,0
"SHB",141420,"/Date(1703142901000)/",10700,10700,7366800,78652000000,0,false,0
"SHB",141411,"/Date(1703142890000)/",10700,1000,7356100,78537000000,0,false,0
"SHB",141411,"/Date(1703142890000)/",10700,10000,7355100,78527000000,0,false,0
"SHB",141411,"/Date(1703142890000)/",10700,30000,7345100,78420000000,0,false,0
"SHB",141411,"/Date(1703142890000)/",10700,20000,7315100,78099000000,0,false,0
"SHB",141411,"/Date(1703142890000)/",10700,10000,7295100,77885000000,0,false,0
"SHB",141411,"/Date(1703142890000)/",10700,1000,7285100,77778000000,0,false,0
"SHB",141411,"/Date(1703142890000)/",10700,17300,7284100,77767000000,0,false,0
"SHB",141408,"/Date(1703142887000)/",10700,2100,7266800,77582000000,0,false,0
"SHB",141404,"/Date(1703142883000)/",10700,600,7264700,77559000000,0,false,0
"SHB",141404,"/Date(1703142883000)/",10700,49400,7264100,77553000000,0,false,0
"SHB",141358,"/Date(1703142877000)/",10700,32000,7214700,77024000000,0,false,0
"SHB",141352,"/Date(1703142871000)/",10700,2100,7182700,76682000000,0,false,0
"SHB",141348,"/Date(1703142869000)/",10700,4500,7180600,76660000000,0,false,0
"SHB",141332,"/Date(1703142853000)/",10700,1000,7176100,76611000000,0,false,0
"SHB",141332,"/Date(1703142853000)/",10700,1000,7175100,76601000000,0,false,0
"SHB",141332,"/Date(1703142853000)/",10700,200,7174100,76590000000,0,false,0
"SHB",141329,"/Date(1703142849000)/",10700,1800,7173900,76588000000,0,false,0
"SHB",141329,"/Date(1703142849000)/",10700,1000,7172100,76569000000,0,false,0
"SHB",141329,"/Date(1703142849000)/",10700,2900,7171100,76558000000,0,false,0
"SHB",141329,"/Date(1703142849000)/",10700,1500,7168200,76527000000,0,false,0
"SHB",141329,"/Date(1703142849000)/",10700,15000,7166700,76511000000,0,false,0
"SHB",141329,"/Date(1703142849000)/",10700,500,7151700,76350000000,0,false,0
"SHB",141329,"/Date(1703142849000)/",10700,500,7151200,76345000000,0,false,0
"SHB",141329,"/Date(1703142849000)/",10700,100,7150700,76340000000,0,false,0
"SHB",141329,"/Date(1703142849000)/",10700,1700,7150600,76339000000,0,false,0
"SHB",141329,"/Date(1703142849000)/",10700,1000,7148900,76320000000,0,false,0
"SHB",141329,"/Date(1703142849000)/",10700,3000,7147900,76310000000,0,false,0
"SHB",141329,"/Date(1703142849000)/",10700,2000,7144900,76278000000,0,false,0
"SHB",141329,"/Date(1703142849000)/",10700,1000,7142900,76256000000,0,false,0
"SHB",141329,"/Date(1703142849000)/",10700,2000,7141900,76246000000,0,false,0
"SHB",141329,"/Date(1703142849000)/",10700,10000,7139900,76224000000,0,false,0
"SHB",141329,"/Date(1703142849000)/",10700,200,7129900,76117000000,0,false,0
"SHB",141329,"/Date(1703142849000)/",10700,200,7129700,76115000000,0,false,0
"SHB",141329,"/Date(1703142849000)/",10700,2000,7129500,76113000000,0,false,0
"SHB",141329,"/Date(1703142849000)/",10700,100,7127500,76091000000,0,false,0
"SHB",141329,"/Date(1703142849000)/",10700,46800,7127400,76090000000,0,false,0
"SHB",141329,"/Date(1703142849000)/",10700,1000,7080600,75590000000,0,false,0
"SHB",141329,"/Date(1703142849000)/",10700,100000,7079600,75579000000,0,false,0
"SHB",141329,"/Date(1703142849000)/",10700,2000,6979600,74509000000,0,false,0
"SHB",141329,"/Date(1703142849000)/",10700,400,6977600,74488000000,0,false,0
"SHB",141329,"/Date(1703142849000)/",10700,2000,6977200,74483000000,0,false,0
"SHB",141329,"/Date(1703142849000)/",10700,1300,6975200,74462000000,0,false,0
"SHB",141316,"/Date(1703142836000)/",10700,2100,6973900,74448000000,0,false,0
"SHB",141310,"/Date(1703142828000)/",10700,9000,6971800,74425000000,0,false,0
"SHB",141301,"/Date(1703142818000)/",10700,2200,6962800,74329000000,0,false,0
"SHB",141251,"/Date(1703142812000)/",10700,900,6960600,74306000000,0,false,0
"SHB",141251,"/Date(1703142809000)/",10700,9600,6959700,74296000000,0,false,0
"SHB",141241,"/Date(1703142802000)/",10700,2100,6950100,74193000000,0,false,0
"SHB",141241,"/Date(1703142801000)/",10700,100,6948000,74171000000,0,false,0
"SHB",141241,"/Date(1703142800000)/",10700,2700,6947900,74170000000,0,false,0
"SHB",141241,"/Date(1703142800000)/",10700,5000,6945200,74141000000,0,false,0
"SHB",141241,"/Date(1703142800000)/",10700,1600,6940200,74087000000,0,false,0
"SHB",141241,"/Date(1703142800000)/",10700,300,6938600,74070000000,0,false,0
"SHB",141241,"/Date(1703142800000)/",10700,10000,6938300,74067000000,0,false,0
"SHB",141232,"/Date(1703142792000)/",10700,5000,6928300,73960000000,0,false,0
"SHB",141229,"/Date(1703142789000)/",10700,4700,6923300,73907000000,0,false,0
"SHB",141229,"/Date(1703142789000)/",10700,500,6918600,73856000000,0,false,0
"SHB",141229,"/Date(1703142789000)/",10700,200,6918100,73851000000,0,false,0
"SHB",141229,"/Date(1703142789000)/",10700,2000,6917900,73849000000,0,false,0
"SHB",141229,"/Date(1703142789000)/",10700,100,6915900,73827000000,0,false,0
"SHB",141229,"/Date(1703142789000)/",10700,2000,6915800,73826000000,0,false,0
"SHB",141229,"/Date(1703142789000)/",10700,5000,6913800,73805000000,0,false,0
"SHB",141229,"/Date(1703142789000)/",10700,5500,6908800,73751000000,0,false,0
"SHB",141229,"/Date(1703142788000)/",10700,4500,6903300,73693000000,0,false,0
"SHB",141229,"/Date(1703142788000)/",10700,5000,6898800,73644000000,0,false,0
"SHB",141229,"/Date(1703142788000)/",10700,100,6893800,73591000000,0,false,0
"SHB",141225,"/Date(1703142783000)/",10700,1900,6893700,73590000000,0,false,0
"SHB",141225,"/Date(1703142783000)/",10700,100,6891800,73569000000,0,false,0
"SHB",141225,"/Date(1703142783000)/",10700,100,6891700,73568000000,0,false,0
"SHB",141222,"/Date(1703142781000)/",10700,100,6891600,73567000000,0,false,0
"SHB",141222,"/Date(1703142781000)/",10700,4700,6891500,73566000000,0,false,0
"SHB",141209,"/Date(1703142768000)/",10700,3300,6886800,73516000000,0,false,0
"SHB",141209,"/Date(1703142768000)/",10700,1500,6883500,73481000000,0,false,0
"SHB",141206,"/Date(1703142767000)/",10700,2200,6882000,73465000000,0,false,0
"SHB",141203,"/Date(1703142762000)/",10700,1000,6879800,73441000000,0,false,0
"SHB",141150,"/Date(1703142750000)/",10700,2100,6878800,73430000000,0,false,0
"SHB",141150,"/Date(1703142749000)/",10700,4500,6876700,73408000000,0,false,0
"SHB",141147,"/Date(1703142747000)/",10700,2300,6872200,73360000000,0,false,0
"SHB",141137,"/Date(1703142737000)/",10700,2300,6869900,73335000000,0,false,0
"SHB",141137,"/Date(1703142736000)/",10700,5000,6867600,73311000000,0,false,0
"SHB",141134,"/Date(1703142732000)/",10700,2200,6862600,73257000000,0,false,0
"SHB",141128,"/Date(1703142728000)/",10700,2300,6860400,73233000000,0,false,0
"SHB",141128,"/Date(1703142727000)/",10700,1000,6858100,73209000000,0,false,0
"SHB",141115,"/Date(1703142716000)/",10700,2300,6857100,73198000000,0,false,0
"SHB",141115,"/Date(1703142715000)/",10700,2100,6854800,73174000000,0,false,0
"SHB",141106,"/Date(1703142704000)/",10700,1000,6852700,73151000000,0,false,0
"SHB",141102,"/Date(1703142703000)/",10650,500,6851700,73140000000,-50,true,-0.47
"SHB",141059,"/Date(1703142699000)/",10650,1000,6851200,73135000000,-50,true,-0.47
"SHB",141011,"/Date(1703142650000)/",10650,500,6850200,73124000000,-50,true,-0.47
"SHB",140943,"/Date(1703142621000)/",10650,200,6849700,73119000000,-50,true,-0.47
"SHB",140943,"/Date(1703142621000)/",10650,1800,6849500,73117000000,-50,true,-0.47
"SHB",140908,"/Date(1703142588000)/",10650,100,6847700,73098000000,-50,true,-0.47
"SHB",140826,"/Date(1703142546000)/",10650,300,6847600,73097000000,-50,true,-0.47
"SHB",140823,"/Date(1703142542000)/",10700,2100,6847300,73094000000,0,false,0
"SHB",140813,"/Date(1703142533000)/",10700,500,6845200,73071000000,0,false,0
"SHB",140810,"/Date(1703142529000)/",10700,500,6844700,73066000000,0,false,0
"SHB",140810,"/Date(1703142528000)/",10650,2800,6844200,73060000000,-50,true,-0.47
"SHB",140810,"/Date(1703142528000)/",10650,500,6841400,73031000000,-50,true,-0.47
"SHB",140810,"/Date(1703142527000)/",10650,10000,6840900,73025000000,-50,true,-0.47
"SHB",140810,"/Date(1703142527000)/",10650,1000,6830900,72919000000,-50,true,-0.47
"SHB",140810,"/Date(1703142527000)/",10650,500,6829900,72908000000,-50,true,-0.47
"SHB",140810,"/Date(1703142527000)/",10650,100,6829400,72903000000,-50,true,-0.47
"SHB",140810,"/Date(1703142527000)/",10650,1000,6829300,72902000000,-50,true,-0.47
"SHB",140810,"/Date(1703142527000)/",10650,500,6828300,72891000000,-50,true,-0.47
"SHB",140810,"/Date(1703142527000)/",10650,200,6827800,72886000000,-50,true,-0.47
"SHB",140810,"/Date(1703142527000)/",10650,1000,6827600,72884000000,-50,true,-0.47
"SHB",140810,"/Date(1703142527000)/",10650,1000,6826600,72873000000,-50,true,-0.47
"SHB",140810,"/Date(1703142527000)/",10650,300,6825600,72862000000,-50,true,-0.47
"SHB",140810,"/Date(1703142527000)/",10650,100,6825300,72859000000,-50,true,-0.47
"SHB",140810,"/Date(1703142527000)/",10650,3500,6825200,72858000000,-50,true,-0.47
"SHB",140810,"/Date(1703142527000)/",10650,300,6821700,72821000000,-50,true,-0.47
"SHB",140810,"/Date(1703142527000)/",10650,2200,6821400,72818000000,-50,true,-0.47
"SHB",140800,"/Date(1703142519000)/",10650,2000,6819200,72794000000,-50,true,-0.47
"SHB",140748,"/Date(1703142508000)/",10700,2200,6817200,72773000000,0,false,0
"SHB",140732,"/Date(1703142490000)/",10700,2100,6815000,72749000000,0,false,0
"SHB",140732,"/Date(1703142489000)/",10700,500,6812900,72727000000,0,false,0
"SHB",140725,"/Date(1703142483000)/",10700,100,6812400,72721000000,0,false,0
"SHB",140719,"/Date(1703142477000)/",10700,200,6812300,72720000000,0,false,0
"SHB",140719,"/Date(1703142477000)/",10700,200,6812100,72718000000,0,false,0
"SHB",140719,"/Date(1703142477000)/",10700,100,6811900,72716000000,0,false,0
"SHB",140716,"/Date(1703142474000)/",10700,1200,6811800,72715000000,0,false,0
"SHB",140716,"/Date(1703142474000)/",10700,1000,6810600,72702000000,0,false,0
"SHB",140709,"/Date(1703142467000)/",10700,1000,6809600,72691000000,0,false,0
"SHB",140657,"/Date(1703142457000)/",10700,2100,6808600,72681000000,0,false,0
"SHB",140653,"/Date(1703142453000)/",10700,100,6806500,72658000000,0,false,0
"SHB",140641,"/Date(1703142440000)/",10650,3000,6806400,72657000000,-50,true,-0.47
"SHB",140641,"/Date(1703142438000)/",10700,2100,6803400,72625000000,0,false,0
"SHB",140625,"/Date(1703142423000)/",10700,2300,6801300,72603000000,0,false,0
"SHB",140621,"/Date(1703142422000)/",10700,400,6799000,72578000000,0,false,0
"SHB",140621,"/Date(1703142422000)/",10700,300,6798600,72574000000,0,false,0
"SHB",140621,"/Date(1703142422000)/",10700,200,6798300,72571000000,0,false,0
"SHB",140621,"/Date(1703142422000)/",10700,1300,6798100,72569000000,0,false,0
"SHB",140612,"/Date(1703142409000)/",10700,200,6796800,72555000000,0,false,0
"SHB",140612,"/Date(1703142409000)/",10700,3400,6796600,72553000000,0,false,0
"SHB",140605,"/Date(1703142405000)/",10700,2100,6793200,72516000000,0,false,0
"SHB",140553,"/Date(1703142392000)/",10700,100,6791100,72494000000,0,false,0
"SHB",140546,"/Date(1703142386000)/",10700,2100,6791000,72493000000,0,false,0
"SHB",140530,"/Date(1703142370000)/",10700,2200,6788900,72470000000,0,false,0
"SHB",140530,"/Date(1703142369000)/",10700,2300,6786700,72447000000,0,false,0
"SHB",140514,"/Date(1703142352000)/",10700,2100,6784400,72422000000,0,false,0
"SHB",140505,"/Date(1703142344000)/",10700,100,6782300,72400000000,0,false,0
"SHB",140449,"/Date(1703142328000)/",10650,1000,6782200,72398000000,-50,true,-0.47
"SHB",140449,"/Date(1703142328000)/",10700,1000,6781200,72388000000,0,false,0
"SHB",140439,"/Date(1703142318000)/",10650,100,6780200,72377000000,-50,true,-0.47
"SHB",140439,"/Date(1703142318000)/",10700,2100,6780100,72376000000,0,false,0
"SHB",140423,"/Date(1703142302000)/",10700,100,6778000,72354000000,0,false,0
"SHB",140423,"/Date(1703142301000)/",10700,2100,6777900,72352000000,0,false,0
"SHB",140417,"/Date(1703142297000)/",10700,500,6775800,72330000000,0,false,0
"SHB",140414,"/Date(1703142292000)/",10700,2300,6775300,72325000000,0,false,0
"SHB",140401,"/Date(1703142280000)/",10650,1100,6773000,72300000000,-50,true,-0.47
"SHB",140401,"/Date(1703142280000)/",10650,500,6771900,72288000000,-50,true,-0.47
"SHB",140401,"/Date(1703142280000)/",10650,6000,6771400,72283000000,-50,true,-0.47
"SHB",140401,"/Date(1703142280000)/",10650,400,6765400,72219000000,-50,true,-0.47
"SHB",140401,"/Date(1703142280000)/",10650,100,6765000,72215000000,-50,true,-0.47
"SHB",140401,"/Date(1703142280000)/",10650,200,6764900,72214000000,-50,true,-0.47
"SHB",140401,"/Date(1703142280000)/",10650,100,6764700,72212000000,-50,true,-0.47
"SHB",140401,"/Date(1703142280000)/",10650,1600,6764600,72211000000,-50,true,-0.47
"SHB",140355,"/Date(1703142273000)/",10700,100,6763000,72194000000,0,false,0
"SHB",140348,"/Date(1703142267000)/",10700,2100,6762900,72192000000,0,false,0
"SHB",140339,"/Date(1703142256000)/",10700,47800,6760800,72170000000,0,false,0
"SHB",140339,"/Date(1703142256000)/",10700,10000,6713000,71659000000,0,false,0
"SHB",140339,"/Date(1703142256000)/",10700,2000,6703000,71552000000,0,false,0
"SHB",140339,"/Date(1703142256000)/",10700,16200,6701000,71530000000,0,false,0
"SHB",140336,"/Date(1703142253000)/",10700,400,6684800,71357000000,0,false,0
"SHB",140329,"/Date(1703142249000)/",10700,100,6684400,71353000000,0,false,0
"SHB",140329,"/Date(1703142249000)/",10700,2200,6684300,71351000000,0,false,0
"SHB",140320,"/Date(1703142237000)/",10700,1200,6682100,71328000000,0,false,0
"SHB",140313,"/Date(1703142231000)/",10700,2100,6680900,71315000000,0,false,0
"SHB",140257,"/Date(1703142217000)/",10700,500,6678800,71293000000,0,false,0
"SHB",140257,"/Date(1703142215000)/",10700,2100,6678300,71287000000,0,false,0
"SHB",140244,"/Date(1703142202000)/",10700,1000,6676200,71265000000,0,false,0
"SHB",140238,"/Date(1703142197000)/",10700,2200,6675200,71254000000,0,false,0
"SHB",140235,"/Date(1703142195000)/",10700,1000,6673000,71231000000,0,false,0
"SHB",140228,"/Date(1703142188000)/",10700,1000,6672000,71220000000,0,false,0
"SHB",140222,"/Date(1703142180000)/",10700,2100,6671000,71209000000,0,false,0
"SHB",140219,"/Date(1703142178000)/",10700,10400,6668900,71187000000,0,false,0
"SHB",140203,"/Date(1703142162000)/",10700,2200,6658500,71075000000,0,false,0
"SHB",140150,"/Date(1703142148000)/",10700,2000,6656300,71052000000,0,false,0
"SHB",140147,"/Date(1703142146000)/",10700,2100,6654300,71030000000,0,false,0
"SHB",140143,"/Date(1703142143000)/",10700,400,6652200,71008000000,0,false,0
"SHB",140137,"/Date(1703142135000)/",10700,100,6651800,71004000000,0,false,0
"SHB",140134,"/Date(1703142132000)/",10700,700,6651700,71003000000,0,false,0
"SHB",140134,"/Date(1703142132000)/",10700,300,6651000,70995000000,0,false,0
"SHB",140131,"/Date(1703142129000)/",10700,2100,6650700,70992000000,0,false,0
"SHB",140118,"/Date(1703142116000)/",10700,500,6648600,70969000000,0,false,0
"SHB",140111,"/Date(1703142111000)/",10700,100,6648100,70964000000,0,false,0
"SHB",140111,"/Date(1703142111000)/",10700,2100,6648000,70963000000,0,false,0
"SHB",140059,"/Date(1703142096000)/",10700,100,6645900,70941000000,0,false,0
"SHB",140055,"/Date(1703142094000)/",10700,2100,6645800,70940000000,0,false,0
"SHB",140055,"/Date(1703142093000)/",10700,200,6643700,70917000000,0,false,0
"SHB",140043,"/Date(1703142082000)/",10700,100,6643500,70915000000,0,false,0
"SHB",140036,"/Date(1703142076000)/",10650,3400,6643400,70914000000,-50,true,-0.47
"SHB",140036,"/Date(1703142076000)/",10650,100,6640000,70878000000,-50,true,-0.47
"SHB",140036,"/Date(1703142076000)/",10650,1900,6639900,70877000000,-50,true,-0.47
"SHB",140036,"/Date(1703142076000)/",10650,200,6638000,70856000000,-50,true,-0.47
"SHB",140036,"/Date(1703142076000)/",10650,1900,6637800,70854000000,-50,true,-0.47
"SHB",140036,"/Date(1703142076000)/",10650,200,6635900,70834000000,-50,true,-0.47
"SHB",140036,"/Date(1703142076000)/",10650,2300,6635700,70832000000,-50,true,-0.47
"SHB",140020,"/Date(1703142060000)/",10700,400,6633400,70807000000,0,false,0
"SHB",140020,"/Date(1703142060000)/",10700,1700,6633000,70803000000,0,false,0
"SHB",140008,"/Date(1703142047000)/",10700,700,6631300,70785000000,0,false,0
"SHB",140008,"/Date(1703142047000)/",10700,300,6630600,70777000000,0,false,0
"SHB",140004,"/Date(1703142041000)/",10700,1700,6630300,70774000000,0,false,0
"SHB",140004,"/Date(1703142041000)/",10700,200,6628600,70756000000,0,false,0
"SHB",140004,"/Date(1703142041000)/",10700,100,6628400,70754000000,0,false,0
"SHB",140004,"/Date(1703142041000)/",10700,100,6628300,70753000000,0,false,0
"SHB",140001,"/Date(1703142041000)/",10700,100,6628200,70752000000,0,false,0
"SHB",135952,"/Date(1703142028000)/",10700,1000,6628100,70751000000,0,false,0
"SHB",135948,"/Date(1703142028000)/",10700,100,6627100,70740000000,0,false,0
"SHB",135945,"/Date(1703142024000)/",10700,900,6627000,70739000000,0,false,0
"SHB",135945,"/Date(1703142024000)/",10700,1300,6626100,70729000000,0,false,0
"SHB",135945,"/Date(1703142023000)/",10700,2000,6624800,70715000000,0,false,0
"SHB",135945,"/Date(1703142022000)/",10700,2000,6622800,70694000000,0,false,0
"SHB",135939,"/Date(1703142018000)/",10700,2100,6620800,70673000000,0,false,0
"SHB",135939,"/Date(1703142018000)/",10700,2200,6618700,70650000000,0,false,0
"SHB",135939,"/Date(1703142018000)/",10700,1000,6616500,70627000000,0,false,0
"SHB",135939,"/Date(1703142018000)/",10700,500,6615500,70616000000,0,false,0
"SHB",135939,"/Date(1703142018000)/",10700,200,6615000,70610000000,0,false,0
"SHB",135939,"/Date(1703142018000)/",10700,3000,6614800,70608000000,0,false,0
"SHB",135939,"/Date(1703142018000)/",10700,2100,6611800,70576000000,0,false,0
"SHB",135939,"/Date(1703142018000)/",10700,500,6609700,70554000000,0,false,0
"SHB",135939,"/Date(1703142018000)/",10700,2100,6609200,70548000000,0,false,0
"SHB",135939,"/Date(1703142018000)/",10700,100,6607100,70526000000,0,false,0
"SHB",135939,"/Date(1703142018000)/",10700,2200,6607000,70525000000,0,false,0
"SHB",135939,"/Date(1703142018000)/",10700,3500,6604800,70501000000,0,false,0
"SHB",135939,"/Date(1703142018000)/",10700,2100,6601300,70464000000,0,false,0
"SHB",135939,"/Date(1703142018000)/",10700,100,6599200,70441000000,0,false,0
"SHB",135939,"/Date(1703142018000)/",10700,2200,6599100,70440000000,0,false,0
"SHB",135939,"/Date(1703142018000)/",10700,800,6596900,70417000000,0,false,0
"SHB",135936,"/Date(1703142013000)/",10700,1300,6596100,70408000000,0,true,0
"SHB",135936,"/Date(1703142013000)/",10700,3600,6594800,70394000000,0,true,0
"SHB",135936,"/Date(1703142013000)/",10700,2000,6591200,70356000000,0,true,0
"SHB",135929,"/Date(1703142007000)/",10700,100,6589200,70334000000,0,true,0
"SHB",135929,"/Date(1703142007000)/",10700,4900,6589100,70333000000,0,true,0
"SHB",135926,"/Date(1703142004000)/",10700,1000,6584200,70281000000,0,true,0
"SHB",135923,"/Date(1703142000000)/",10700,9100,6583200,70270000000,0,true,0
"SHB",135923,"/Date(1703142000000)/",10700,1000,6574100,70173000000,0,true,0
"SHB",135923,"/Date(1703142000000)/",10700,2200,6573100,70162000000,0,true,0
"SHB",135923,"/Date(1703142000000)/",10700,500,6570900,70139000000,0,true,0
"SHB",135923,"/Date(1703142000000)/",10700,2100,6570400,70133000000,0,true,0
"SHB",135923,"/Date(1703142000000)/",10700,2100,6568300,70111000000,0,true,0
"SHB",135923,"/Date(1703142000000)/",10700,700,6566200,70088000000,0,true,0
"SHB",135923,"/Date(1703142000000)/",10700,1000,6565500,70081000000,0,true,0
"SHB",135923,"/Date(1703142000000)/",10700,2200,6564500,70070000000,0,true,0
"SHB",135923,"/Date(1703142000000)/",10700,2100,6562300,70047000000,0,true,0
"SHB",135923,"/Date(1703142000000)/",10700,27000,6560200,70024000000,0,true,0
"SHB",135923,"/Date(1703142000000)/",10700,10000,6533200,69735000000,0,true,0
"SHB",135916,"/Date(1703141995000)/",10700,100,6523200,69628000000,0,true,0
"SHB",135913,"/Date(1703141992000)/",10700,7200,6523100,69627000000,0,true,0
"SHB",135913,"/Date(1703141990000)/",10700,40000,6515900,69550000000,0,true,0
"SHB",135907,"/Date(1703141984000)/",10700,15700,6475900,69122000000,0,true,0
"SHB",135907,"/Date(1703141984000)/",10700,10000,6460200,68954000000,0,true,0
"SHB",135907,"/Date(1703141984000)/",10700,1100,6450200,68847000000,0,true,0
"SHB",135900,"/Date(1703141977000)/",10700,100,6449100,68835000000,0,true,0
"SHB",135847,"/Date(1703141966000)/",10700,1000,6449000,68834000000,0,true,0
"SHB",135847,"/Date(1703141966000)/",10700,2100,6448000,68824000000,0,true,0
"SHB",135847,"/Date(1703141966000)/",10700,6900,6445900,68801000000,0,true,0
"SHB",135838,"/Date(1703141955000)/",10700,200,6439000,68727000000,0,true,0
"SHB",135835,"/Date(1703141951000)/",10700,10000,6438800,68725000000,0,true,0
"SHB",135822,"/Date(1703141939000)/",10700,3000,6428800,68618000000,0,true,0
"SHB",135812,"/Date(1703141930000)/",10700,10000,6425800,68586000000,0,true,0
"SHB",135656,"/Date(1703141853000)/",10700,10000,6415800,68479000000,0,true,0
"SHB",135640,"/Date(1703141839000)/",10700,50000,6405800,68372000000,0,true,0
"SHB",135624,"/Date(1703141823000)/",10700,9900,6355800,67837000000,0,true,0
"SHB",135624,"/Date(1703141823000)/",10700,100,6345900,67731000000,0,true,0
"SHB",135539,"/Date(1703141778000)/",10700,800,6345800,67730000000,0,true,0
"SHB",135523,"/Date(1703141761000)/",10700,2000,6345000,67721000000,0,true,0
"SHB",135510,"/Date(1703141749000)/",10700,3500,6343000,67700000000,0,true,0
"SHB",135507,"/Date(1703141746000)/",10700,5000,6339500,67663000000,0,true,0
"SHB",135507,"/Date(1703141746000)/",10700,600,6334500,67609000000,0,true,0
"SHB",135507,"/Date(1703141746000)/",10700,500,6333900,67603000000,0,true,0
"SHB",135507,"/Date(1703141746000)/",10700,10000,6333400,67597000000,0,true,0
"SHB",135507,"/Date(1703141746000)/",10700,2900,6323400,67490000000,0,true,0
"SHB",135507,"/Date(1703141746000)/",10700,600,6320500,67459000000,0,true,0
"SHB",135507,"/Date(1703141743000)/",10700,1400,6319900,67453000000,0,true,0
"SHB",135507,"/Date(1703141743000)/",10700,5600,6318500,67438000000,0,true,0
"SHB",135504,"/Date(1703141741000)/",10700,100,6312900,67378000000,0,false,0
"SHB",135504,"/Date(1703141740000)/",10700,100,6312800,67377000000,0,false,0
"SHB",135501,"/Date(1703141738000)/",10700,1000,6312700,67376000000,0,false,0
"SHB",135457,"/Date(1703141734000)/",10700,1800,6311700,67365000000,0,false,0
"SHB",135454,"/Date(1703141733000)/",10700,500,6309900,67346000000,0,false,0
"SHB",135454,"/Date(1703141732000)/",10700,2100,6309400,67341000000,0,false,0
"SHB",135454,"/Date(1703141731000)/",10700,200,6307300,67318000000,0,false,0
"SHB",135454,"/Date(1703141731000)/",10700,3000,6307100,67316000000,0,false,0
"SHB",135454,"/Date(1703141731000)/",10700,2200,6304100,67284000000,0,false,0
"SHB",135454,"/Date(1703141731000)/",10700,3400,6301900,67260000000,0,false,0
"SHB",135445,"/Date(1703141723000)/",10700,2000,6298500,67224000000,0,true,0
"SHB",135442,"/Date(1703141719000)/",10700,10600,6296500,67203000000,0,true,0
"SHB",135442,"/Date(1703141719000)/",10700,800,6285900,67089000000,0,true,0
"SHB",135442,"/Date(1703141719000)/",10700,100,6285100,67081000000,0,true,0
"SHB",135442,"/Date(1703141719000)/",10700,2100,6285000,67079000000,0,true,0
"SHB",135442,"/Date(1703141719000)/",10700,1000,6282900,67057000000,0,true,0
"SHB",135442,"/Date(1703141719000)/",10700,500,6281900,67046000000,0,true,0
"SHB",135442,"/Date(1703141719000)/",10700,2200,6281400,67041000000,0,true,0
"SHB",135442,"/Date(1703141719000)/",10700,1000,6279200,67017000000,0,true,0
"SHB",135442,"/Date(1703141719000)/",10700,200,6278200,67007000000,0,true,0
"SHB",135442,"/Date(1703141719000)/",10700,2100,6278000,67005000000,0,true,0
"SHB",135442,"/Date(1703141719000)/",10700,1600,6275900,66982000000,0,true,0
"SHB",135442,"/Date(1703141719000)/",10700,2800,6274300,66965000000,0,true,0
"SHB",135442,"/Date(1703141719000)/",10700,7500,6271500,66935000000,0,true,0
"SHB",135438,"/Date(1703141717000)/",10700,19600,6264000,66855000000,0,true,0
"SHB",135435,"/Date(1703141713000)/",10700,2500,6244400,66645000000,0,true,0
"SHB",135435,"/Date(1703141713000)/",10700,2100,6241900,66618000000,0,true,0
"SHB",135435,"/Date(1703141713000)/",10700,2200,6239800,66596000000,0,true,0
"SHB",135435,"/Date(1703141713000)/",10700,2100,6237600,66572000000,0,true,0
"SHB",135435,"/Date(1703141713000)/",10700,100,6235500,66550000000,0,true,0
"SHB",135435,"/Date(1703141713000)/",10700,2200,6235400,66549000000,0,true,0
"SHB",135435,"/Date(1703141713000)/",10700,500,6233200,66525000000,0,true,0
"SHB",135435,"/Date(1703141713000)/",10700,8300,6232700,66520000000,0,true,0
"SHB",135429,"/Date(1703141707000)/",10700,1300,6224400,66431000000,0,true,0
"SHB",135429,"/Date(1703141707000)/",10700,700,6223100,66417000000,0,true,0
"SHB",135422,"/Date(1703141701000)/",10700,300,6222400,66410000000,0,true,0
"SHB",135422,"/Date(1703141701000)/",10700,2100,6222100,66406000000,0,true,0
"SHB",135422,"/Date(1703141701000)/",10700,800,6220000,66384000000,0,true,0
"SHB",135422,"/Date(1703141701000)/",10700,2100,6219200,66375000000,0,true,0
"SHB",135422,"/Date(1703141701000)/",10700,14700,6217100,66353000000,0,true,0
"SHB",135422,"/Date(1703141701000)/",10700,5000,6202400,66196000000,0,true,0
"SHB",135422,"/Date(1703141700000)/",10700,3500,6197400,66142000000,0,true,0
"SHB",135413,"/Date(1703141691000)/",10700,400,6193900,66105000000,0,true,0
"SHB",135403,"/Date(1703141681000)/",10700,1400,6193500,66100000000,0,true,0
"SHB",135403,"/Date(1703141681000)/",10700,18600,6192100,66085000000,0,true,0
"SHB",135357,"/Date(1703141675000)/",10700,31400,6173500,65886000000,0,true,0
"SHB",135357,"/Date(1703141675000)/",10700,2200,6142100,65550000000,0,true,0
"SHB",135357,"/Date(1703141675000)/",10700,200,6139900,65527000000,0,true,0
"SHB",135357,"/Date(1703141675000)/",10700,2100,6139700,65525000000,0,true,0
"SHB",135357,"/Date(1703141675000)/",10700,3000,6137600,65502000000,0,true,0
"SHB",135357,"/Date(1703141675000)/",10700,13500,6134600,65470000000,0,true,0
"SHB",135357,"/Date(1703141675000)/",10700,2200,6121100,65326000000,0,true,0
"SHB",135357,"/Date(1703141675000)/",10700,500,6118900,65302000000,0,true,0
"SHB",135357,"/Date(1703141675000)/",10700,2100,6118400,65297000000,0,true,0
"SHB",135357,"/Date(1703141675000)/",10700,100000,6116300,65274000000,0,true,0
"SHB",135357,"/Date(1703141675000)/",10700,2100,6016300,64204000000,0,true,0
"SHB",135357,"/Date(1703141675000)/",10700,300,6014200,64182000000,0,true,0
"SHB",135357,"/Date(1703141675000)/",10700,3900,6013900,64179000000,0,true,0
"SHB",135331,"/Date(1703141648000)/",10700,20000,6010000,64137000000,0,true,0
"SHB",135315,"/Date(1703141633000)/",10700,15100,5990000,63923000000,0,true,0
"SHB",135312,"/Date(1703141630000)/",10750,100,5974900,63761000000,50,false,0.47
"SHB",135303,"/Date(1703141620000)/",10700,500,5974800,63760000000,0,true,0
"SHB",135300,"/Date(1703141618000)/",10700,300,5974300,63755000000,0,true,0
"SHB",135256,"/Date(1703141615000)/",10700,5500,5974000,63752000000,0,true,0
"SHB",135234,"/Date(1703141591000)/",10700,14400,5968500,63693000000,0,true,0
"SHB",135224,"/Date(1703141581000)/",10700,3000,5954100,63539000000,0,true,0
"SHB",135218,"/Date(1703141575000)/",10700,1000,5951100,63507000000,0,true,0
"SHB",135205,"/Date(1703141561000)/",10700,20000,5950100,63496000000,0,true,0
"SHB",135152,"/Date(1703141549000)/",10700,16300,5930100,63282000000,0,true,0
"SHB",135152,"/Date(1703141549000)/",10700,300,5913800,63108000000,0,true,0
"SHB",135152,"/Date(1703141549000)/",10700,2000,5913500,63104000000,0,true,0
"SHB",135152,"/Date(1703141549000)/",10700,500,5911500,63083000000,0,true,0
"SHB",135152,"/Date(1703141549000)/",10700,2200,5911000,63078000000,0,true,0
"SHB",135152,"/Date(1703141549000)/",10700,200,5908800,63054000000,0,true,0
"SHB",135152,"/Date(1703141549000)/",10700,500,5908600,63052000000,0,true,0
"SHB",135146,"/Date(1703141544000)/",10700,300,5908100,63047000000,0,true,0
"SHB",135133,"/Date(1703141530000)/",10700,1000,5907800,63043000000,0,true,0
"SHB",135107,"/Date(1703141504000)/",10700,200,5906800,63033000000,0,true,0
"SHB",135107,"/Date(1703141504000)/",10700,1000,5906600,63031000000,0,true,0
"SHB",135107,"/Date(1703141504000)/",10700,500,5905600,63020000000,0,true,0
"SHB",135026,"/Date(1703141463000)/",10700,100,5905100,63015000000,0,true,0
"SHB",135010,"/Date(1703141448000)/",10700,1500,5905000,63013000000,0,true,0
"SHB",135010,"/Date(1703141448000)/",10700,300,5903500,62997000000,0,true,0
"SHB",135000,"/Date(1703141437000)/",10700,9700,5903200,62994000000,0,false,0
"SHB",135000,"/Date(1703141436000)/",10700,1300,5893500,62890000000,0,false,0
"SHB",135000,"/Date(1703141436000)/",10700,2700,5892200,62877000000,0,false,0
"SHB",134957,"/Date(1703141435000)/",10700,100,5889500,62848000000,0,false,0
"SHB",134957,"/Date(1703141433000)/",10700,3000,5889400,62847000000,0,false,0
"SHB",134957,"/Date(1703141433000)/",10700,2000,5886400,62814000000,0,false,0
"SHB",134954,"/Date(1703141432000)/",10700,500,5884400,62793000000,0,false,0
"SHB",134954,"/Date(1703141431000)/",10700,500,5883900,62788000000,0,false,0
"SHB",134954,"/Date(1703141430000)/",10700,200,5883400,62782000000,0,false,0
"SHB",134951,"/Date(1703141428000)/",10700,2500,5883200,62780000000,0,false,0
"SHB",134951,"/Date(1703141428000)/",10700,100,5880700,62753000000,0,false,0
"SHB",134951,"/Date(1703141427000)/",10700,26500,5880600,62752000000,0,false,0
"SHB",134951,"/Date(1703141427000)/",10700,1500,5854100,62469000000,0,false,0
"SHB",134951,"/Date(1703141427000)/",10700,100,5852600,62453000000,0,false,0
"SHB",134951,"/Date(1703141427000)/",10700,1100,5852500,62452000000,0,false,0
"SHB",134951,"/Date(1703141427000)/",10700,900,5851400,62440000000,0,false,0
"SHB",134951,"/Date(1703141427000)/",10700,5800,5850500,62430000000,0,false,0
"SHB",134951,"/Date(1703141427000)/",10700,100,5844700,62368000000,0,false,0
"SHB",134951,"/Date(1703141427000)/",10700,500,5844600,62367000000,0,false,0
"SHB",134951,"/Date(1703141427000)/",10700,3500,5844100,62362000000,0,false,0
"SHB",134951,"/Date(1703141427000)/",10700,38700,5840600,62324000000,0,false,0
"SHB",134951,"/Date(1703141427000)/",10700,500,5801900,61910000000,0,false,0
"SHB",134951,"/Date(1703141427000)/",10700,500,5801400,61905000000,0,false,0
"SHB",134951,"/Date(1703141427000)/",10700,900,5800900,61900000000,0,false,0
"SHB",134951,"/Date(1703141427000)/",10700,1000,5800000,61890000000,0,false,0
"SHB",134951,"/Date(1703141427000)/",10700,200,5799000,61879000000,0,false,0
"SHB",134951,"/Date(1703141427000)/",10700,8000,5798800,61877000000,0,false,0
"SHB",134951,"/Date(1703141427000)/",10700,300,5790800,61792000000,0,false,0
"SHB",134951,"/Date(1703141427000)/",10700,2200,5790500,61788000000,0,false,0
"SHB",134951,"/Date(1703141427000)/",10700,1200,5788300,61765000000,0,false,0
"SHB",134951,"/Date(1703141427000)/",10700,1200,5787100,61752000000,0,false,0
"SHB",134951,"/Date(1703141427000)/",10700,200,5785900,61739000000,0,false,0
"SHB",134951,"/Date(1703141427000)/",10700,1000,5785700,61737000000,0,false,0
"SHB",134951,"/Date(1703141427000)/",10700,700,5784700,61726000000,0,false,0
"SHB",134951,"/Date(1703141427000)/",10700,100,5784000,61719000000,0,false,0
"SHB",134951,"/Date(1703141427000)/",10700,200,5783900,61718000000,0,false,0
"SHB",134951,"/Date(1703141427000)/",10700,3100,5783700,61716000000,0,false,0
"SHB",134948,"/Date(1703141426000)/",10700,1000,5780600,61682000000,0,false,0
"SHB",134948,"/Date(1703141423000)/",10700,2000,5779600,61672000000,0,false,0
"SHB",134944,"/Date(1703141421000)/",10700,500,5777600,61650000000,0,false,0
"SHB",134944,"/Date(1703141421000)/",10700,2200,5777100,61645000000,0,false,0
"SHB",134941,"/Date(1703141419000)/",10700,500,5774900,61621000000,0,false,0
"SHB",134938,"/Date(1703141416000)/",10700,500,5774400,61616000000,0,false,0
"SHB",134938,"/Date(1703141416000)/",10700,26000,5773900,61611000000,0,false,0
"SHB",134938,"/Date(1703141416000)/",10700,100,5747900,61332000000,0,false,0
"SHB",134938,"/Date(1703141416000)/",10700,700,5747800,61331000000,0,false,0
"SHB",134938,"/Date(1703141416000)/",10700,100,5747100,61324000000,0,false,0
"SHB",134938,"/Date(1703141416000)/",10700,2200,5747000,61323000000,0,false,0
"SHB",134938,"/Date(1703141416000)/",10700,2700,5744800,61299000000,0,false,0
"SHB",134938,"/Date(1703141416000)/",10700,52100,5742100,61270000000,0,false,0
"SHB",134938,"/Date(1703141416000)/",10700,9900,5690000,60713000000,0,false,0
"SHB",134938,"/Date(1703141416000)/",10700,1000,5680100,60607000000,0,false,0
"SHB",134938,"/Date(1703141416000)/",10700,200,5679100,60596000000,0,false,0
"SHB",134938,"/Date(1703141416000)/",10700,2600,5678900,60594000000,0,false,0
"SHB",134938,"/Date(1703141416000)/",10700,700,5676300,60566000000,0,false,0
"SHB",134938,"/Date(1703141416000)/",10700,1000,5675600,60559000000,0,false,0
"SHB",134938,"/Date(1703141416000)/",10700,200,5674600,60548000000,0,false,0
"SHB",134938,"/Date(1703141416000)/",10700,200,5674400,60546000000,0,false,0
"SHB",134938,"/Date(1703141416000)/",10700,300,5674200,60544000000,0,false,0
"SHB",134938,"/Date(1703141415000)/",10700,700,5673900,60541000000,0,false,0
"SHB",134938,"/Date(1703141415000)/",10700,300,5673200,60533000000,0,false,0
"SHB",134938,"/Date(1703141415000)/",10700,1000,5672900,60530000000,0,false,0
"SHB",134938,"/Date(1703141415000)/",10700,200,5671900,60519000000,0,false,0
"SHB",134938,"/Date(1703141415000)/",10700,200,5671700,60517000000,0,false,0
"SHB",134938,"/Date(1703141415000)/",10700,3600,5671500,60515000000,0,false,0
"SHB",134938,"/Date(1703141415000)/",10700,100000,5667900,60476000000,0,false,0
"SHB",134938,"/Date(1703141415000)/",10700,1100,5567900,59406000000,0,false,0
"SHB",134938,"/Date(1703141415000)/",10700,200,5566800,59395000000,0,false,0
"SHB",134938,"/Date(1703141415000)/",10700,200,5566600,59393000000,0,false,0
"SHB",134938,"/Date(1703141415000)/",10700,200,5566400,59390000000,0,false,0
"SHB",134938,"/Date(1703141415000)/",10700,5000,5566200,59388000000,0,false,0
"SHB",134938,"/Date(1703141415000)/",10700,600,5561200,59335000000,0,false,0
"SHB",134938,"/Date(1703141415000)/",10700,200,5560600,59328000000,0,false,0
"SHB",134938,"/Date(1703141415000)/",10700,15500,5560400,59326000000,0,false,0
"SHB",134938,"/Date(1703141415000)/",10700,200,5544900,59160000000,0,false,0
"SHB",134938,"/Date(1703141415000)/",10700,2000,5544700,59158000000,0,false,0
"SHB",134938,"/Date(1703141415000)/",10700,26500,5542700,59137000000,0,false,0
"SHB",134938,"/Date(1703141415000)/",10700,2000,5516200,58853000000,0,false,0
"SHB",134938,"/Date(1703141415000)/",10700,300,5514200,58832000000,0,false,0
"SHB",134938,"/Date(1703141415000)/",10700,500,5513900,58829000000,0,false,0
"SHB",134938,"/Date(1703141415000)/",10700,10000,5513400,58823000000,0,false,0
"SHB",134938,"/Date(1703141415000)/",10700,400,5503400,58716000000,0,false,0
"SHB",134938,"/Date(1703141415000)/",10700,2000,5503000,58712000000,0,false,0
"SHB",134938,"/Date(1703141415000)/",10700,2000,5501000,58691000000,0,false,0
"SHB",134938,"/Date(1703141415000)/",10700,24800,5499000,58669000000,0,false,0
"SHB",134935,"/Date(1703141412000)/",10700,8000,5474200,58404000000,0,false,0
"SHB",134935,"/Date(1703141411000)/",10700,100,5466200,58318000000,0,false,0
"SHB",134935,"/Date(1703141411000)/",10700,1500,5466100,58317000000,0,false,0
"SHB",134932,"/Date(1703141409000)/",10700,10000,5464600,58301000000,0,false,0
"SHB",134928,"/Date(1703141407000)/",10700,2100,5454600,58194000000,0,false,0
"SHB",134928,"/Date(1703141407000)/",10700,400,5452500,58172000000,0,false,0
"SHB",134928,"/Date(1703141407000)/",10700,600,5452100,58167000000,0,false,0
"SHB",134928,"/Date(1703141407000)/",10700,400,5451500,58161000000,0,false,0
"SHB",134928,"/Date(1703141407000)/",10700,700,5451100,58157000000,0,false,0
"SHB",134928,"/Date(1703141407000)/",10700,5400,5450400,58149000000,0,false,0
"SHB",134928,"/Date(1703141406000)/",10700,44600,5445000,58091000000,0,false,0
"SHB",134928,"/Date(1703141406000)/",10700,1200,5400400,57614000000,0,false,0
"SHB",134928,"/Date(1703141406000)/",10700,400,5399200,57601000000,0,false,0
"SHB",134928,"/Date(1703141406000)/",10700,3800,5398800,57597000000,0,false,0
"SHB",134925,"/Date(1703141404000)/",10700,2100,5395000,57556000000,0,false,0
"SHB",134925,"/Date(1703141402000)/",10700,1000,5392900,57534000000,0,false,0
"SHB",134922,"/Date(1703141400000)/",10700,1500,5391900,57523000000,0,false,0
"SHB",134919,"/Date(1703141395000)/",10700,500,5390400,57507000000,0,false,0
"SHB",134916,"/Date(1703141394000)/",10650,10000,5389900,57502000000,-50,true,-0.47
"SHB",134916,"/Date(1703141393000)/",10700,2100,5379900,57395000000,0,false,0
"SHB",134909,"/Date(1703141387000)/",10700,200,5377800,57373000000,0,false,0
"SHB",134909,"/Date(1703141387000)/",10700,8800,5377600,57371000000,0,false,0
"SHB",134909,"/Date(1703141387000)/",10700,400,5368800,57277000000,0,false,0
"SHB",134909,"/Date(1703141387000)/",10700,400,5368400,57272000000,0,false,0
"SHB",134909,"/Date(1703141386000)/",10700,2000,5368000,57268000000,0,false,0
"SHB",134909,"/Date(1703141386000)/",10700,100,5366000,57247000000,0,false,0
"SHB",134856,"/Date(1703141372000)/",10700,100,5365900,57246000000,0,false,0
"SHB",134856,"/Date(1703141372000)/",10700,500,5365800,57245000000,0,false,0
"SHB",134856,"/Date(1703141372000)/",10700,400,5365300,57239000000,0,false,0
"SHB",134856,"/Date(1703141372000)/",10700,400,5364900,57235000000,0,false,0
"SHB",134856,"/Date(1703141372000)/",10700,600,5364500,57231000000,0,false,0
"SHB",134856,"/Date(1703141372000)/",10700,46500,5363900,57224000000,0,false,0
"SHB",134856,"/Date(1703141372000)/",10700,500,5317400,56727000000,0,false,0
"SHB",134856,"/Date(1703141372000)/",10700,1000,5316900,56721000000,0,false,0
"SHB",134850,"/Date(1703141369000)/",10700,2000,5315900,56711000000,0,false,0
"SHB",134850,"/Date(1703141369000)/",10700,200,5313900,56689000000,0,false,0
"SHB",134850,"/Date(1703141367000)/",10700,2400,5313700,56687000000,0,false,0
"SHB",134850,"/Date(1703141367000)/",10700,200,5311300,56661000000,0,false,0
"SHB",134850,"/Date(1703141367000)/",10700,700,5311100,56659000000,0,false,0
"SHB",134850,"/Date(1703141367000)/",10700,2000,5310400,56652000000,0,false,0
"SHB",134850,"/Date(1703141367000)/",10700,600,5308400,56630000000,0,false,0
"SHB",134850,"/Date(1703141367000)/",10700,100,5307800,56624000000,0,false,0
"SHB",134837,"/Date(1703141355000)/",10700,400,5307700,56623000000,0,false,0
"SHB",134837,"/Date(1703141355000)/",10700,600,5307300,56619000000,0,false,0
"SHB",134837,"/Date(1703141354000)/",10700,1400,5306700,56612000000,0,false,0
"SHB",134837,"/Date(1703141354000)/",10700,200,5305300,56597000000,0,false,0
"SHB",134837,"/Date(1703141354000)/",10700,18400,5305100,56595000000,0,false,0
"SHB",134834,"/Date(1703141352000)/",10700,1600,5286700,56398000000,0,false,0
"SHB",134834,"/Date(1703141352000)/",10700,600,5285100,56381000000,0,false,0
"SHB",134834,"/Date(1703141352000)/",10700,200,5284500,56375000000,0,false,0
"SHB",134834,"/Date(1703141352000)/",10700,500,5284300,56372000000,0,false,0
"SHB",134834,"/Date(1703141352000)/",10700,200,5283800,56367000000,0,false,0
"SHB",134834,"/Date(1703141352000)/",10700,300,5283600,56365000000,0,false,0
"SHB",134834,"/Date(1703141352000)/",10700,1000,5283300,56362000000,0,false,0
"SHB",134834,"/Date(1703141352000)/",10700,200,5282300,56351000000,0,false,0
"SHB",134834,"/Date(1703141352000)/",10700,100,5282100,56349000000,0,false,0
"SHB",134834,"/Date(1703141352000)/",10700,200,5282000,56348000000,0,false,0
"SHB",134834,"/Date(1703141352000)/",10700,400,5281800,56346000000,0,false,0
"SHB",134834,"/Date(1703141352000)/",10700,200,5281400,56341000000,0,false,0
"SHB",134834,"/Date(1703141352000)/",10700,300,5281200,56339000000,0,false,0
"SHB",134834,"/Date(1703141352000)/",10700,200,5280900,56336000000,0,false,0
"SHB",134834,"/Date(1703141352000)/",10700,3600,5280700,56334000000,0,false,0
"SHB",134834,"/Date(1703141351000)/",10700,1400,5277100,56295000000,0,false,0
"SHB",134834,"/Date(1703141351000)/",10700,200,5275700,56280000000,0,false,0
"SHB",134834,"/Date(1703141351000)/",10700,400,5275500,56278000000,0,false,0
"SHB",134834,"/Date(1703141351000)/",10700,100,5275100,56274000000,0,false,0
"SHB",134834,"/Date(1703141350000)/",10700,2000,5275000,56273000000,0,false,0
"SHB",134831,"/Date(1703141347000)/",10700,100,5273000,56252000000,0,false,0
"SHB",134828,"/Date(1703141343000)/",10650,1000,5272900,56250000000,-50,true,-0.47
"SHB",134821,"/Date(1703141340000)/",10650,700,5271900,56240000000,-50,true,-0.47
"SHB",134821,"/Date(1703141340000)/",10650,900,5271200,56232000000,-50,true,-0.47
"SHB",134821,"/Date(1703141340000)/",10650,2000,5270300,56223000000,-50,true,-0.47
"SHB",134821,"/Date(1703141340000)/",10650,2000,5268300,56202000000,-50,true,-0.47
"SHB",134821,"/Date(1703141340000)/",10650,1800,5266300,56180000000,-50,true,-0.47
"SHB",134821,"/Date(1703141339000)/",10700,300,5264500,56161000000,0,false,0
"SHB",134818,"/Date(1703141335000)/",10700,2100,5264200,56158000000,0,false,0
"SHB",134812,"/Date(1703141330000)/",10700,300,5262100,56135000000,0,false,0
"SHB",134805,"/Date(1703141323000)/",10700,9600,5261800,56132000000,0,false,0
"SHB",134756,"/Date(1703141314000)/",10650,100,5252200,56029000000,-50,true,-0.47
"SHB",134756,"/Date(1703141314000)/",10650,100,5252100,56028000000,-50,true,-0.47
"SHB",134753,"/Date(1703141309000)/",10700,300,5252000,56027000000,0,false,0
"SHB",134743,"/Date(1703141300000)/",10700,2100,5251700,56024000000,0,false,0
"SHB",134727,"/Date(1703141283000)/",10700,2200,5249600,56002000000,0,false,0
"SHB",134714,"/Date(1703141272000)/",10700,1000,5247400,55978000000,0,false,0
"SHB",134708,"/Date(1703141266000)/",10700,2100,5246400,55967000000,0,false,0
"SHB",134702,"/Date(1703141257000)/",10700,20000,5244300,55945000000,0,false,0
"SHB",134652,"/Date(1703141248000)/",10700,2100,5224300,55731000000,0,false,0
"SHB",134646,"/Date(1703141241000)/",10700,200,5222200,55708000000,0,false,0
"SHB",134642,"/Date(1703141238000)/",10700,2000,5222000,55706000000,0,false,0
"SHB",134642,"/Date(1703141238000)/",10700,8000,5220000,55685000000,0,false,0
"SHB",134633,"/Date(1703141231000)/",10700,2200,5212000,55599000000,0,false,0
"SHB",134626,"/Date(1703141223000)/",10700,10000,5209800,55576000000,0,false,0
"SHB",134617,"/Date(1703141213000)/",10700,2100,5199800,55469000000,0,false,0
"SHB",134610,"/Date(1703141208000)/",10700,200,5197700,55446000000,0,false,0
"SHB",134604,"/Date(1703141200000)/",10700,5000,5197500,55444000000,0,false,0
"SHB",134601,"/Date(1703141197000)/",10700,2200,5192500,55391000000,0,false,0
"SHB",134542,"/Date(1703141178000)/",10700,2100,5190300,55367000000,0,false,0
"SHB",134542,"/Date(1703141177000)/",10700,1000,5188200,55345000000,0,false,0
"SHB",134526,"/Date(1703141161000)/",10700,2100,5187200,55334000000,0,false,0
"SHB",134519,"/Date(1703141155000)/",10700,500,5185100,55311000000,0,false,0
"SHB",134516,"/Date(1703141152000)/",10700,5000,5184600,55306000000,0,false,0
"SHB",134513,"/Date(1703141147000)/",10700,3000,5179600,55253000000,0,false,0
"SHB",134513,"/Date(1703141145000)/",10700,2200,5176600,55221000000,0,false,0
"SHB",134513,"/Date(1703141144000)/",10700,100,5174400,55197000000,0,false,0
"SHB",134513,"/Date(1703141141000)/",10700,300,5174300,55196000000,0,false,0
"SHB",134513,"/Date(1703141141000)/",10700,10000,5174000,55193000000,0,false,0
"SHB",134500,"/Date(1703141138000)/",10700,2000,5164000,55086000000,0,false,0
"SHB",134500,"/Date(1703141137000)/",10700,4400,5162000,55064000000,0,false,0
"SHB",134451,"/Date(1703141128000)/",10700,2100,5157600,55017000000,0,false,0
"SHB",134447,"/Date(1703141123000)/",10700,5700,5155500,54995000000,0,false,0
"SHB",134441,"/Date(1703141118000)/",10650,1800,5149800,54934000000,-50,true,-0.47
"SHB",134441,"/Date(1703141118000)/",10650,3000,5148000,54915000000,-50,true,-0.47
"SHB",134441,"/Date(1703141118000)/",10650,700,5145000,54883000000,-50,true,-0.47
"SHB",134441,"/Date(1703141118000)/",10650,100,5144300,54875000000,-50,true,-0.47
"SHB",134441,"/Date(1703141118000)/",10650,14400,5144200,54874000000,-50,true,-0.47
"SHB",134441,"/Date(1703141116000)/",10700,4200,5129800,54721000000,0,false,0
"SHB",134435,"/Date(1703141110000)/",10700,2200,5125600,54676000000,0,false,0
"SHB",134425,"/Date(1703141103000)/",10700,23400,5123400,54652000000,0,false,0
"SHB",134425,"/Date(1703141103000)/",10700,400,5100000,54402000000,0,false,0
"SHB",134425,"/Date(1703141103000)/",10700,300,5099600,54398000000,0,false,0
"SHB",134425,"/Date(1703141103000)/",10700,5400,5099300,54394000000,0,false,0
"SHB",134425,"/Date(1703141103000)/",10700,1700,5093900,54337000000,0,false,0
"SHB",134425,"/Date(1703141103000)/",10700,100,5092200,54318000000,0,false,0
"SHB",134425,"/Date(1703141103000)/",10700,200,5092100,54317000000,0,false,0
"SHB",134425,"/Date(1703141103000)/",10700,200,5091900,54315000000,0,false,0
"SHB",134425,"/Date(1703141103000)/",10700,200,5091700,54313000000,0,false,0
"SHB",134425,"/Date(1703141103000)/",10700,400,5091500,54311000000,0,false,0
"SHB",134425,"/Date(1703141103000)/",10700,600,5091100,54307000000,0,false,0
"SHB",134425,"/Date(1703141103000)/",10700,400,5090500,54300000000,0,false,0
"SHB",134425,"/Date(1703141103000)/",10700,200,5090100,54296000000,0,false,0
"SHB",134425,"/Date(1703141103000)/",10700,300,5089900,54294000000,0,false,0
"SHB",134425,"/Date(1703141103000)/",10700,1800,5089600,54291000000,0,false,0
"SHB",134425,"/Date(1703141103000)/",10700,50000,5087800,54271000000,0,false,0
"SHB",134425,"/Date(1703141103000)/",10700,200,5037800,53736000000,0,false,0
"SHB",134425,"/Date(1703141103000)/",10700,2000,5037600,53734000000,0,false,0
"SHB",134425,"/Date(1703141103000)/",10700,1000,5035600,53713000000,0,false,0
"SHB",134425,"/Date(1703141103000)/",10700,400,5034600,53702000000,0,false,0
"SHB",134425,"/Date(1703141103000)/",10700,500,5034200,53698000000,0,false,0
"SHB",134425,"/Date(1703141103000)/",10700,200,5033700,53692000000,0,false,0
"SHB",134425,"/Date(1703141103000)/",10700,200,5033500,53690000000,0,false,0
"SHB",134425,"/Date(1703141103000)/",10700,700,5033300,53688000000,0,false,0
"SHB",134425,"/Date(1703141103000)/",10700,200,5032600,53681000000,0,false,0
"SHB",134425,"/Date(1703141103000)/",10700,700,5032400,53679000000,0,false,0
"SHB",134425,"/Date(1703141103000)/",10700,400,5031700,53671000000,0,false,0
"SHB",134425,"/Date(1703141103000)/",10700,1500,5031300,53667000000,0,false,0
"SHB",134425,"/Date(1703141103000)/",10700,18400,5029800,53651000000,0,false,0
"SHB",134425,"/Date(1703141103000)/",10700,28100,5011400,53454000000,0,false,0
"SHB",134425,"/Date(1703141103000)/",10700,1000,4983300,53153000000,0,false,0
"SHB",134425,"/Date(1703141103000)/",10700,400,4982300,53143000000,0,false,0
"SHB",134425,"/Date(1703141103000)/",10700,5000,4981900,53138000000,0,false,0
"SHB",134425,"/Date(1703141103000)/",10700,600,4976900,53085000000,0,false,0
"SHB",134425,"/Date(1703141103000)/",10700,5000,4976300,53078000000,0,false,0
"SHB",134425,"/Date(1703141103000)/",10700,800,4971300,53025000000,0,false,0
"SHB",134425,"/Date(1703141103000)/",10700,200,4970500,53016000000,0,false,0
"SHB",134425,"/Date(1703141103000)/",10700,600,4970300,53014000000,0,false,0
"SHB",134425,"/Date(1703141103000)/",10700,600,4969700,53008000000,0,false,0
"SHB",134425,"/Date(1703141103000)/",10700,1400,4969100,53001000000,0,false,0
"SHB",134425,"/Date(1703141103000)/",10700,500,4967700,52986000000,0,false,0
"SHB",134425,"/Date(1703141103000)/",10700,200,4967200,52981000000,0,false,0
"SHB",134425,"/Date(1703141103000)/",10700,30000,4967000,52979000000,0,false,0
"SHB",134425,"/Date(1703141103000)/",10700,400,4937000,52658000000,0,false,0
"SHB",134425,"/Date(1703141103000)/",10700,500,4936600,52654000000,0,false,0
"SHB",134425,"/Date(1703141103000)/",10700,20000,4936100,52648000000,0,false,0
"SHB",134425,"/Date(1703141103000)/",10700,14400,4916100,52434000000,0,false,0
"SHB",134425,"/Date(1703141103000)/",10700,400,4901700,52280000000,0,false,0
"SHB",134425,"/Date(1703141103000)/",10700,1700,4901300,52276000000,0,false,0
"SHB",134425,"/Date(1703141103000)/",10700,5000,4899600,52258000000,0,false,0
"SHB",134425,"/Date(1703141103000)/",10700,1200,4894600,52204000000,0,false,0
"SHB",134425,"/Date(1703141103000)/",10700,26800,4893400,52191000000,0,false,0
"SHB",134425,"/Date(1703141103000)/",10700,400,4866600,51905000000,0,false,0
"SHB",134425,"/Date(1703141103000)/",10700,200,4866200,51900000000,0,false,0
"SHB",134425,"/Date(1703141103000)/",10700,400,4866000,51898000000,0,false,0
"SHB",134425,"/Date(1703141103000)/",10700,200,4865600,51894000000,0,false,0
"SHB",134425,"/Date(1703141103000)/",10700,14400,4865400,51892000000,0,false,0
"SHB",134425,"/Date(1703141103000)/",10700,1000,4851000,51738000000,0,false,0
"SHB",134425,"/Date(1703141103000)/",10700,2600,4850000,51727000000,0,false,0
"SHB",134425,"/Date(1703141103000)/",10700,400,4847400,51699000000,0,false,0
"SHB",134425,"/Date(1703141103000)/",10700,200,4847000,51695000000,0,false,0
"SHB",134425,"/Date(1703141103000)/",10700,400,4846800,51693000000,0,false,0
"SHB",134425,"/Date(1703141103000)/",10700,200,4846400,51688000000,0,false,0
"SHB",134425,"/Date(1703141103000)/",10700,500,4846200,51686000000,0,false,0
"SHB",134425,"/Date(1703141103000)/",10700,100,4845700,51681000000,0,false,0
"SHB",134425,"/Date(1703141103000)/",10700,200,4845600,51680000000,0,false,0
"SHB",134425,"/Date(1703141103000)/",10700,100,4845400,51678000000,0,false,0
"SHB",134425,"/Date(1703141103000)/",10700,100,4845300,51677000000,0,false,0
"SHB",134425,"/Date(1703141103000)/",10700,20000,4845200,51676000000,0,false,0
"SHB",134425,"/Date(1703141103000)/",10700,600,4825200,51462000000,0,false,0
"SHB",134425,"/Date(1703141103000)/",10700,1000,4824600,51455000000,0,false,0
"SHB",134425,"/Date(1703141103000)/",10700,500,4823600,51444000000,0,false,0
"SHB",134425,"/Date(1703141103000)/",10700,100,4823100,51439000000,0,false,0
"SHB",134425,"/Date(1703141103000)/",10700,200,4823000,51438000000,0,false,0
"SHB",134425,"/Date(1703141103000)/",10700,800,4822800,51436000000,0,false,0
"SHB",134425,"/Date(1703141103000)/",10700,5000,4822000,51427000000,0,false,0
"SHB",134425,"/Date(1703141103000)/",10700,200,4817000,51374000000,0,false,0
"SHB",134425,"/Date(1703141103000)/",10700,100,4816800,51372000000,0,false,0
"SHB",134425,"/Date(1703141103000)/",10700,300,4816700,51371000000,0,false,0
"SHB",134425,"/Date(1703141103000)/",10700,14400,4816400,51367000000,0,false,0
"SHB",134425,"/Date(1703141103000)/",10700,1000,4802000,51213000000,0,false,0
"SHB",134425,"/Date(1703141103000)/",10700,7700,4801000,51203000000,0,false,0
"SHB",134425,"/Date(1703141103000)/",10700,200,4793300,51120000000,0,false,0
"SHB",134425,"/Date(1703141103000)/",10700,1000,4793100,51118000000,0,false,0
"SHB",134425,"/Date(1703141103000)/",10700,500,4792100,51107000000,0,false,0
"SHB",134425,"/Date(1703141103000)/",10700,100,4791600,51102000000,0,false,0
"SHB",134425,"/Date(1703141103000)/",10700,1300,4791500,51101000000,0,false,0
"SHB",134425,"/Date(1703141103000)/",10700,2400,4790200,51087000000,0,false,0
"SHB",134425,"/Date(1703141103000)/",10700,11000,4787800,51061000000,0,false,0
"SHB",134425,"/Date(1703141103000)/",10700,400,4776800,50944000000,0,false,0
"SHB",134425,"/Date(1703141103000)/",10700,5000,4776400,50939000000,0,false,0
"SHB",134425,"/Date(1703141103000)/",10700,1000,4771400,50886000000,0,false,0
"SHB",134425,"/Date(1703141103000)/",10700,35800,4770400,50875000000,0,false,0
"SHB",134425,"/Date(1703141103000)/",10700,100,4734600,50492000000,0,false,0
"SHB",134425,"/Date(1703141103000)/",10700,2000,4734500,50491000000,0,false,0
"SHB",134425,"/Date(1703141103000)/",10700,8000,4732500,50470000000,0,false,0
"SHB",134425,"/Date(1703141103000)/",10700,200,4724500,50384000000,0,false,0
"SHB",134425,"/Date(1703141103000)/",10700,2000,4724300,50382000000,0,false,0
"SHB",134425,"/Date(1703141103000)/",10700,25200,4722300,50361000000,0,false,0
"SHB",134425,"/Date(1703141103000)/",10700,100,4697100,50091000000,0,false,0
"SHB",134425,"/Date(1703141103000)/",10700,400,4697000,50090000000,0,false,0
"SHB",134425,"/Date(1703141103000)/",10700,2500,4696600,50086000000,0,false,0
"SHB",134425,"/Date(1703141103000)/",10700,200,4694100,50059000000,0,false,0
"SHB",134425,"/Date(1703141103000)/",10700,100,4693900,50057000000,0,false,0
"SHB",134425,"/Date(1703141103000)/",10700,3000,4693800,50056000000,0,false,0
"SHB",134425,"/Date(1703141103000)/",10700,500,4690800,50023000000,0,false,0
"SHB",134425,"/Date(1703141103000)/",10700,2500,4690300,50018000000,0,false,0
"SHB",134425,"/Date(1703141103000)/",10700,200,4687800,49991000000,0,false,0
"SHB",134425,"/Date(1703141103000)/",10700,100,4687600,49989000000,0,false,0
"SHB",134425,"/Date(1703141103000)/",10700,100,4687500,49988000000,0,false,0
"SHB",134425,"/Date(1703141103000)/",10700,700,4687400,49987000000,0,false,0
"SHB",134425,"/Date(1703141103000)/",10700,900,4686700,49980000000,0,false,0
"SHB",134425,"/Date(1703141103000)/",10700,10000,4685800,49970000000,0,false,0
"SHB",134425,"/Date(1703141103000)/",10700,300,4675800,49863000000,0,false,0
"SHB",134425,"/Date(1703141103000)/",10700,1000,4675500,49860000000,0,false,0
"SHB",134425,"/Date(1703141103000)/",10700,1000,4674500,49849000000,0,false,0
"SHB",134425,"/Date(1703141103000)/",10700,20500,4673500,49838000000,0,false,0
"SHB",134425,"/Date(1703141103000)/",10700,100,4653000,49619000000,0,false,0
"SHB",134425,"/Date(1703141103000)/",10700,300,4652900,49618000000,0,false,0
"SHB",134425,"/Date(1703141103000)/",10700,200,4652600,49615000000,0,false,0
"SHB",134425,"/Date(1703141103000)/",10700,200,4652400,49613000000,0,false,0
"SHB",134425,"/Date(1703141103000)/",10700,100,4652200,49610000000,0,false,0
"SHB",134425,"/Date(1703141103000)/",10700,1000,4652100,49609000000,0,false,0
"SHB",134425,"/Date(1703141103000)/",10700,5000,4651100,49599000000,0,false,0
"SHB",134425,"/Date(1703141103000)/",10700,1600,4646100,49545000000,0,false,0
"SHB",134425,"/Date(1703141103000)/",10700,100,4644500,49528000000,0,false,0
"SHB",134425,"/Date(1703141103000)/",10700,200,4644400,49527000000,0,false,0
"SHB",134425,"/Date(1703141103000)/",10700,2000,4644200,49525000000,0,false,0
"SHB",134425,"/Date(1703141103000)/",10700,5000,4642200,49503000000,0,false,0
"SHB",134425,"/Date(1703141103000)/",10700,20000,4637200,49450000000,0,false,0
"SHB",134425,"/Date(1703141103000)/",10700,10000,4617200,49236000000,0,false,0
"SHB",134425,"/Date(1703141103000)/",10700,100,4607200,49129000000,0,false,0
"SHB",134425,"/Date(1703141103000)/",10700,2500,4607100,49128000000,0,false,0
"SHB",134425,"/Date(1703141103000)/",10700,100,4604600,49101000000,0,false,0
"SHB",134425,"/Date(1703141103000)/",10700,200,4604500,49100000000,0,false,0
"SHB",134425,"/Date(1703141103000)/",10700,10000,4604300,49098000000,0,false,0
"SHB",134425,"/Date(1703141103000)/",10700,100,4594300,48991000000,0,false,0
"SHB",134425,"/Date(1703141103000)/",10700,200,4594200,48990000000,0,false,0
"SHB",134425,"/Date(1703141103000)/",10700,1000,4594000,48988000000,0,false,0
"SHB",134425,"/Date(1703141103000)/",10700,200,4593000,48977000000,0,false,0
"SHB",134425,"/Date(1703141103000)/",10700,100,4592800,48975000000,0,false,0
"SHB",134425,"/Date(1703141103000)/",10700,300,4592700,48974000000,0,false,0
"SHB",134425,"/Date(1703141103000)/",10700,5000,4592400,48971000000,0,false,0
"SHB",134425,"/Date(1703141103000)/",10700,100,4587400,48917000000,0,false,0
"SHB",134425,"/Date(1703141103000)/",10700,100,4587300,48916000000,0,false,0
"SHB",134425,"/Date(1703141103000)/",10700,400,4587200,48915000000,0,false,0
"SHB",134425,"/Date(1703141103000)/",10700,400,4586800,48911000000,0,false,0
"SHB",134425,"/Date(1703141103000)/",10700,200,4586400,48906000000,0,false,0
"SHB",134425,"/Date(1703141103000)/",10700,300,4586200,48904000000,0,false,0
"SHB",134425,"/Date(1703141103000)/",10700,100,4585900,48901000000,0,false,0
"SHB",134425,"/Date(1703141103000)/",10700,100,4585800,48900000000,0,false,0
"SHB",134425,"/Date(1703141103000)/",10700,1000,4585700,48899000000,0,false,0
"SHB",134425,"/Date(1703141103000)/",10700,20000,4584700,48888000000,0,false,0
"SHB",134425,"/Date(1703141103000)/",10700,100,4564700,48674000000,0,false,0
"SHB",134425,"/Date(1703141103000)/",10700,2000,4564600,48673000000,0,false,0
"SHB",134425,"/Date(1703141103000)/",10700,2000,4562600,48652000000,0,false,0
"SHB",134425,"/Date(1703141103000)/",10700,200,4560600,48630000000,0,false,0
"SHB",134425,"/Date(1703141103000)/",10700,2000,4560400,48628000000,0,false,0
"SHB",134425,"/Date(1703141103000)/",10700,10000,4558400,48607000000,0,false,0
"SHB",134425,"/Date(1703141103000)/",10700,2000,4548400,48500000000,0,false,0
"SHB",134425,"/Date(1703141103000)/",10700,1000,4546400,48478000000,0,false,0
"SHB",134425,"/Date(1703141103000)/",10700,6000,4545400,48468000000,0,false,0
"SHB",134425,"/Date(1703141103000)/",10700,500,4539400,48403000000,0,false,0
"SHB",134425,"/Date(1703141103000)/",10700,100,4538900,48398000000,0,false,0
"SHB",134425,"/Date(1703141103000)/",10700,500,4538800,48397000000,0,false,0
"SHB",134425,"/Date(1703141103000)/",10700,1700,4538300,48392000000,0,false,0
"SHB",134425,"/Date(1703141103000)/",10700,14400,4536600,48374000000,0,false,0
"SHB",134425,"/Date(1703141103000)/",10700,10800,4522200,48219000000,0,false,0
"SHB",134412,"/Date(1703141088000)/",10650,2000,4511400,48104000000,-50,true,-0.47
"SHB",134400,"/Date(1703141075000)/",10650,2500,4509400,48083000000,-50,true,-0.47
"SHB",134400,"/Date(1703141075000)/",10650,1900,4506900,48056000000,-50,true,-0.47
"SHB",134400,"/Date(1703141075000)/",10650,100,4505000,48036000000,-50,true,-0.47
"SHB",134400,"/Date(1703141075000)/",10650,500,4504900,48035000000,-50,true,-0.47
"SHB",134400,"/Date(1703141075000)/",10650,6300,4504400,48029000000,-50,true,-0.47
"SHB",134400,"/Date(1703141075000)/",10650,2000,4498100,47962000000,-50,true,-0.47
"SHB",134400,"/Date(1703141075000)/",10650,1200,4496100,47941000000,-50,true,-0.47
"SHB",134400,"/Date(1703141075000)/",10650,200,4494900,47928000000,-50,true,-0.47
"SHB",134400,"/Date(1703141075000)/",10650,100,4494700,47926000000,-50,true,-0.47
"SHB",134400,"/Date(1703141075000)/",10650,1000,4494600,47925000000,-50,true,-0.47
"SHB",134400,"/Date(1703141075000)/",10650,600,4493600,47914000000,-50,true,-0.47
"SHB",134400,"/Date(1703141075000)/",10650,100,4493000,47908000000,-50,true,-0.47
"SHB",134400,"/Date(1703141075000)/",10650,100,4492900,47907000000,-50,true,-0.47
"SHB",134400,"/Date(1703141075000)/",10650,3400,4492800,47906000000,-50,true,-0.47
"SHB",134356,"/Date(1703141073000)/",10650,600,4489400,47870000000,-50,true,-0.47
"SHB",134353,"/Date(1703141069000)/",10650,4000,4488800,47863000000,-50,true,-0.47
"SHB",134344,"/Date(1703141059000)/",10700,2200,4484800,47821000000,0,false,0
"SHB",134340,"/Date(1703141055000)/",10700,500,4482600,47797000000,0,false,0
"SHB",134328,"/Date(1703141043000)/",10650,100,4482100,47792000000,-50,true,-0.47
"SHB",134325,"/Date(1703141041000)/",10700,2100,4482000,47791000000,0,false,0
"SHB",134321,"/Date(1703141039000)/",10700,9600,4479900,47768000000,0,false,0
"SHB",134321,"/Date(1703141038000)/",10700,4800,4470300,47665000000,0,false,0
"SHB",134321,"/Date(1703141037000)/",10700,4800,4465500,47614000000,0,false,0
"SHB",134321,"/Date(1703141036000)/",10700,4800,4460700,47563000000,0,false,0
"SHB",134309,"/Date(1703141025000)/",10700,5000,4455900,47511000000,0,false,0
"SHB",134309,"/Date(1703141024000)/",10700,2200,4450900,47458000000,0,false,0
"SHB",134249,"/Date(1703141007000)/",10700,2100,4448700,47434000000,0,false,0
"SHB",134246,"/Date(1703141003000)/",10700,200,4446600,47412000000,0,false,0
"SHB",134243,"/Date(1703141001000)/",10700,100,4446400,47410000000,0,false,0
"SHB",134243,"/Date(1703140999000)/",10700,500,4446300,47409000000,0,false,0
"SHB",134233,"/Date(1703140990000)/",10700,2100,4445800,47403000000,0,false,0
"SHB",134224,"/Date(1703140980000)/",10700,1000,4443700,47381000000,0,false,0
"SHB",134221,"/Date(1703140978000)/",10700,200,4442700,47370000000,0,false,0
"SHB",134214,"/Date(1703140971000)/",10700,2200,4442500,47368000000,0,false,0
"SHB",134158,"/Date(1703140955000)/",10700,2100,4440300,47344000000,0,false,0
"SHB",134158,"/Date(1703140954000)/",10700,500,4438200,47322000000,0,false,0
"SHB",134142,"/Date(1703140937000)/",10700,2200,4437700,47317000000,0,false,0
"SHB",134130,"/Date(1703140925000)/",10700,9500,4435500,47293000000,0,false,0
"SHB",134123,"/Date(1703140921000)/",10700,2100,4426000,47191000000,0,false,0
"SHB",134107,"/Date(1703140903000)/",10700,2100,4423900,47169000000,0,false,0
"SHB",134058,"/Date(1703140894000)/",10700,500,4421800,47146000000,0,false,0
"SHB",134048,"/Date(1703140886000)/",10700,2200,4421300,47141000000,0,false,0
"SHB",134032,"/Date(1703140868000)/",10700,2100,4419100,47118000000,0,false,0
"SHB",134032,"/Date(1703140868000)/",10700,4200,4417000,47095000000,0,false,0
"SHB",134016,"/Date(1703140852000)/",10700,2200,4412800,47050000000,0,false,0
"SHB",133957,"/Date(1703140833000)/",10700,2100,4410600,47027000000,0,false,0
"SHB",133954,"/Date(1703140831000)/",10700,500,4408500,47004000000,0,false,0
"SHB",133941,"/Date(1703140817000)/",10700,2100,4408000,46999000000,0,false,0
"SHB",133928,"/Date(1703140806000)/",10700,1000,4405900,46976000000,0,false,0
"SHB",133928,"/Date(1703140803000)/",10650,100,4404900,46966000000,-50,true,-0.47
"SHB",133913,"/Date(1703140788000)/",10650,1400,4404800,46965000000,-50,true,-0.47
"SHB",133906,"/Date(1703140783000)/",10650,10000,4403400,46950000000,-50,true,-0.47
"SHB",133906,"/Date(1703140781000)/",10650,4000,4393400,46843000000,-50,true,-0.47
"SHB",133857,"/Date(1703140773000)/",10650,200,4389400,46801000000,-50,true,-0.47
"SHB",133850,"/Date(1703140768000)/",10700,100,4389200,46798000000,0,false,0
"SHB",133847,"/Date(1703140762000)/",10650,4700,4389100,46797000000,-50,true,-0.47
"SHB",133812,"/Date(1703140728000)/",10650,500,4384400,46747000000,-50,true,-0.47
"SHB",133812,"/Date(1703140728000)/",10650,2800,4383900,46742000000,-50,true,-0.47
"SHB",133809,"/Date(1703140724000)/",10700,200,4381100,46712000000,0,false,0
"SHB",133759,"/Date(1703140713000)/",10700,2200,4380900,46710000000,0,false,0
"SHB",133740,"/Date(1703140695000)/",10700,2100,4378700,46687000000,0,false,0
"SHB",133737,"/Date(1703140694000)/",10700,2300,4376600,46664000000,0,false,0
"SHB",133724,"/Date(1703140680000)/",10700,2300,4374300,46639000000,0,false,0
"SHB",133724,"/Date(1703140679000)/",10700,200,4372000,46615000000,0,false,0
"SHB",133724,"/Date(1703140679000)/",10700,1900,4371800,46613000000,0,false,0
"SHB",133715,"/Date(1703140669000)/",10700,1100,4369900,46592000000,0,false,0
"SHB",133715,"/Date(1703140669000)/",10700,200,4368800,46581000000,0,false,0
"SHB",133715,"/Date(1703140669000)/",10700,1000,4368600,46578000000,0,false,0
"SHB",133705,"/Date(1703140662000)/",10700,2200,4367600,46568000000,0,false,0
"SHB",133702,"/Date(1703140658000)/",10700,2300,4365400,46544000000,0,false,0
"SHB",133652,"/Date(1703140647000)/",10700,2300,4363100,46520000000,0,false,0
"SHB",133649,"/Date(1703140644000)/",10700,2100,4360800,46495000000,0,false,0
"SHB",133643,"/Date(1703140638000)/",10700,2300,4358700,46473000000,0,false,0
"SHB",133643,"/Date(1703140638000)/",10700,100,4356400,46448000000,0,false,0
"SHB",133643,"/Date(1703140638000)/",10650,500,4356300,46447000000,-50,true,-0.47
"SHB",133633,"/Date(1703140628000)/",10700,2300,4355800,46441000000,0,false,0
"SHB",133627,"/Date(1703140624000)/",10650,10000,4353500,46417000000,-50,true,-0.47
"SHB",133620,"/Date(1703140617000)/",10700,2300,4343500,46310000000,0,false,0
"SHB",133614,"/Date(1703140610000)/",10700,2100,4341200,46286000000,0,false,0
"SHB",133558,"/Date(1703140592000)/",10700,2100,4339100,46263000000,0,false,0
"SHB",133552,"/Date(1703140588000)/",10700,100,4337000,46241000000,0,false,0
"SHB",133545,"/Date(1703140581000)/",10650,2000,4336900,46240000000,-50,true,-0.47
"SHB",133539,"/Date(1703140575000)/",10700,2200,4334900,46218000000,0,false,0
"SHB",133536,"/Date(1703140572000)/",10700,300,4332700,46195000000,0,false,0
"SHB",133529,"/Date(1703140565000)/",10650,2000,4332400,46192000000,-50,true,-0.47
"SHB",133457,"/Date(1703140533000)/",10650,500,4330400,46170000000,-50,true,-0.47
"SHB",133454,"/Date(1703140529000)/",10650,2000,4329900,46165000000,-50,true,-0.47
"SHB",133451,"/Date(1703140526000)/",10700,1000,4327900,46144000000,0,false,0
"SHB",133448,"/Date(1703140524000)/",10700,300,4326900,46133000000,0,false,0
"SHB",133448,"/Date(1703140524000)/",10700,500,4326600,46130000000,0,false,0
"SHB",133448,"/Date(1703140524000)/",10700,300,4326100,46125000000,0,false,0
"SHB",133448,"/Date(1703140524000)/",10700,100,4325800,46121000000,0,false,0
"SHB",133448,"/Date(1703140524000)/",10700,200,4325700,46120000000,0,false,0
"SHB",133448,"/Date(1703140524000)/",10700,700,4325500,46118000000,0,false,0
"SHB",133438,"/Date(1703140512000)/",10700,1500,4324800,46111000000,0,false,0
"SHB",133429,"/Date(1703140503000)/",10650,500,4323300,46095000000,-50,true,-0.47
"SHB",133419,"/Date(1703140496000)/",10650,100,4322800,46089000000,-50,true,-0.47
"SHB",133419,"/Date(1703140496000)/",10700,1800,4322700,46088000000,0,false,0
"SHB",133419,"/Date(1703140496000)/",10700,100,4320900,46069000000,0,false,0
"SHB",133419,"/Date(1703140496000)/",10700,400,4320800,46068000000,0,false,0
"SHB",133413,"/Date(1703140489000)/",10700,500,4320400,46064000000,0,false,0
"SHB",133413,"/Date(1703140489000)/",10700,1500,4319900,46058000000,0,false,0
"SHB",133413,"/Date(1703140489000)/",10700,700,4318400,46042000000,0,false,0
"SHB",133410,"/Date(1703140484000)/",10700,2300,4317700,46035000000,0,false,0
"SHB",133357,"/Date(1703140473000)/",10700,2300,4315400,46010000000,0,false,0
"SHB",133357,"/Date(1703140472000)/",10700,100,4313100,45985000000,0,false,0
"SHB",133357,"/Date(1703140471000)/",10700,2100,4313000,45984000000,0,false,0
"SHB",133350,"/Date(1703140465000)/",10700,2300,4310900,45962000000,0,false,0
"SHB",133341,"/Date(1703140455000)/",10700,200,4308600,45937000000,0,false,0
"SHB",133341,"/Date(1703140455000)/",10700,300,4308400,45935000000,0,false,0
"SHB",133341,"/Date(1703140455000)/",10700,100,4308100,45932000000,0,false,0
"SHB",133341,"/Date(1703140455000)/",10700,1700,4308000,45931000000,0,false,0
"SHB",133338,"/Date(1703140455000)/",10700,2200,4306300,45913000000,0,false,0
"SHB",133328,"/Date(1703140444000)/",10700,1100,4304100,45889000000,0,false,0
"SHB",133328,"/Date(1703140444000)/",10700,1000,4303000,45877000000,0,false,0
"SHB",133328,"/Date(1703140444000)/",10700,200,4302000,45867000000,0,false,0
"SHB",133322,"/Date(1703140437000)/",10700,300,4301800,45865000000,0,false,0
"SHB",133322,"/Date(1703140437000)/",10700,700,4301500,45861000000,0,false,0
"SHB",133322,"/Date(1703140437000)/",10700,1100,4300800,45854000000,0,false,0
"SHB",133319,"/Date(1703140435000)/",10700,2300,4299700,45842000000,0,false,0
"SHB",133315,"/Date(1703140432000)/",10700,1000,4297400,45817000000,0,false,0
"SHB",133309,"/Date(1703140426000)/",10700,100,4296400,45807000000,0,false,0
"SHB",133303,"/Date(1703140420000)/",10700,2100,4296300,45806000000,0,false,0
"SHB",133250,"/Date(1703140406000)/",10700,100,4294200,45783000000,0,false,0
"SHB",133250,"/Date(1703140404000)/",10700,4800,4294100,45782000000,0,false,0
"SHB",133247,"/Date(1703140402000)/",10700,2200,4289300,45731000000,0,false,0
"SHB",133234,"/Date(1703140388000)/",10700,4800,4287100,45707000000,0,false,0
"SHB",133231,"/Date(1703140386000)/",10700,2100,4282300,45656000000,0,false,0
"SHB",133221,"/Date(1703140376000)/",10700,4800,4280200,45633000000,0,false,0
"SHB",133218,"/Date(1703140374000)/",10700,100,4275400,45582000000,0,false,0
"SHB",133212,"/Date(1703140368000)/",10650,800,4275300,45581000000,-50,true,-0.47
"SHB",133202,"/Date(1703140357000)/",10650,3000,4274500,45572000000,-50,true,-0.47
"SHB",133202,"/Date(1703140357000)/",10700,4800,4271500,45541000000,0,false,0
"SHB",133159,"/Date(1703140354000)/",10700,1000,4266700,45489000000,0,false,0
"SHB",133156,"/Date(1703140352000)/",10700,400,4265700,45478000000,0,false,0
"SHB",133156,"/Date(1703140350000)/",10700,100,4265300,45474000000,0,false,0
"SHB",133149,"/Date(1703140344000)/",10650,20000,4265200,45473000000,-50,true,-0.47
"SHB",133140,"/Date(1703140334000)/",10700,2100,4245200,45260000000,0,false,0
"SHB",133127,"/Date(1703140321000)/",10700,2000,4243100,45238000000,0,false,0
"SHB",133121,"/Date(1703140317000)/",10700,2200,4241100,45216000000,0,false,0
"SHB",133114,"/Date(1703140309000)/",10700,100,4238900,45193000000,0,false,0
"SHB",133114,"/Date(1703140308000)/",10650,1900,4238800,45192000000,-50,true,-0.47
"SHB",133105,"/Date(1703140299000)/",10650,2000,4236900,45171000000,-50,true,-0.47
"SHB",133105,"/Date(1703140299000)/",10650,15000,4234900,45150000000,-50,true,-0.47
"SHB",133105,"/Date(1703140298000)/",10700,2100,4219900,44990000000,0,false,0
"SHB",133046,"/Date(1703140282000)/",10700,2200,4217800,44968000000,0,false,0
"SHB",133030,"/Date(1703140265000)/",10700,2100,4215600,44944000000,0,false,0
"SHB",133014,"/Date(1703140248000)/",10700,2100,4213500,44922000000,0,false,0
"SHB",133010,"/Date(1703140246000)/",10700,1000,4211400,44899000000,0,false,0
"SHB",132958,"/Date(1703140233000)/",10650,200,4210400,44889000000,-50,true,-0.47
"SHB",132951,"/Date(1703140226000)/",10650,500,4210200,44887000000,-50,true,-0.47
"SHB",132951,"/Date(1703140226000)/",10650,500,4209700,44881000000,-50,true,-0.47
"SHB",132942,"/Date(1703140218000)/",10650,1400,4209200,44876000000,-50,true,-0.47
"SHB",132942,"/Date(1703140215000)/",10650,1400,4207800,44861000000,-50,true,-0.47
"SHB",132942,"/Date(1703140215000)/",10650,2300,4206400,44846000000,-50,true,-0.47
"SHB",132942,"/Date(1703140215000)/",10650,500,4204100,44822000000,-50,true,-0.47
"SHB",132932,"/Date(1703140209000)/",10650,1100,4203600,44816000000,-50,true,-0.47
"SHB",132932,"/Date(1703140209000)/",10650,9000,4202500,44805000000,-50,true,-0.47
"SHB",132900,"/Date(1703140174000)/",10650,200,4193500,44709000000,-50,true,-0.47
"SHB",132844,"/Date(1703140161000)/",10700,900,4193300,44707000000,0,false,0
"SHB",132844,"/Date(1703140161000)/",10700,900,4192400,44697000000,0,false,0
"SHB",132844,"/Date(1703140161000)/",10700,300,4191500,44687000000,0,false,0
"SHB",132844,"/Date(1703140158000)/",10700,1000,4191200,44684000000,0,false,0
"SHB",132812,"/Date(1703140128000)/",10650,100,4190200,44673000000,-50,true,-0.47
"SHB",132800,"/Date(1703140113000)/",10650,100,4190100,44672000000,-50,true,-0.47
"SHB",132800,"/Date(1703140113000)/",10650,1400,4190000,44671000000,-50,true,-0.47
"SHB",132756,"/Date(1703140110000)/",10650,600,4188600,44656000000,-50,true,-0.47
"SHB",132756,"/Date(1703140110000)/",10650,12400,4188000,44650000000,-50,true,-0.47
"SHB",132753,"/Date(1703140109000)/",10700,2100,4175600,44518000000,0,false,0
"SHB",132747,"/Date(1703140101000)/",10700,100,4173500,44495000000,0,false,0
"SHB",132737,"/Date(1703140093000)/",10700,500,4173400,44494000000,0,false,0
"SHB",132737,"/Date(1703140093000)/",10700,400,4172900,44489000000,0,false,0
"SHB",132737,"/Date(1703140093000)/",10700,600,4172500,44485000000,0,false,0
"SHB",132737,"/Date(1703140091000)/",10700,400,4171900,44478000000,0,false,0
"SHB",132737,"/Date(1703140091000)/",10700,300,4171500,44474000000,0,false,0
"SHB",132737,"/Date(1703140091000)/",10700,200,4171200,44471000000,0,false,0
"SHB",132737,"/Date(1703140091000)/",10700,300,4171000,44469000000,0,false,0
"SHB",132737,"/Date(1703140091000)/",10700,1000,4170700,44466000000,0,false,0
"SHB",132721,"/Date(1703140075000)/",10700,2100,4169700,44455000000,0,false,0
"SHB",132702,"/Date(1703140057000)/",10700,2200,4167600,44432000000,0,false,0
"SHB",132649,"/Date(1703140044000)/",10700,2000,4165400,44409000000,0,false,0
"SHB",132646,"/Date(1703140040000)/",10700,2100,4163400,44387000000,0,false,0
"SHB",132627,"/Date(1703140023000)/",10700,4700,4161300,44365000000,0,false,0
"SHB",132627,"/Date(1703140022000)/",10700,900,4156600,44315000000,0,false,0
"SHB",132627,"/Date(1703140022000)/",10700,400,4155700,44305000000,0,false,0
"SHB",132627,"/Date(1703140022000)/",10700,100,4155300,44301000000,0,false,0
"SHB",132627,"/Date(1703140022000)/",10700,700,4155200,44300000000,0,false,0
"SHB",132627,"/Date(1703140022000)/",10700,300,4154500,44292000000,0,false,0
"SHB",132627,"/Date(1703140022000)/",10700,300,4154200,44289000000,0,false,0
"SHB",132627,"/Date(1703140022000)/",10700,100,4153900,44286000000,0,false,0
"SHB",132627,"/Date(1703140022000)/",10700,100,4153800,44285000000,0,false,0
"SHB",132627,"/Date(1703140022000)/",10700,100,4153700,44284000000,0,false,0
"SHB",132627,"/Date(1703140022000)/",10700,100,4153600,44283000000,0,false,0
"SHB",132611,"/Date(1703140005000)/",10700,100,4153500,44281000000,0,false,0
"SHB",132611,"/Date(1703140005000)/",10700,100,4153400,44280000000,0,false,0
"SHB",132611,"/Date(1703140005000)/",10700,100,4153300,44279000000,0,false,0
"SHB",132611,"/Date(1703140005000)/",10700,100,4153200,44278000000,0,false,0
"SHB",132611,"/Date(1703140005000)/",10700,100,4153100,44277000000,0,false,0
"SHB",132611,"/Date(1703140005000)/",10700,100,4153000,44276000000,0,false,0
"SHB",132611,"/Date(1703140005000)/",10700,1600,4152900,44275000000,0,false,0
"SHB",132608,"/Date(1703140002000)/",10700,100,4151300,44258000000,0,false,0
"SHB",132608,"/Date(1703140002000)/",10700,8300,4151200,44257000000,0,false,0
"SHB",132608,"/Date(1703140002000)/",10700,6000,4142900,44168000000,0,false,0
"SHB",132608,"/Date(1703140002000)/",10700,100,4136900,44104000000,0,false,0
"SHB",132608,"/Date(1703140002000)/",10700,600,4136800,44103000000,0,false,0
"SHB",132558,"/Date(1703139993000)/",10700,100,4136200,44096000000,0,false,0
"SHB",132555,"/Date(1703139989000)/",10700,2100,4136100,44095000000,0,false,0
"SHB",132536,"/Date(1703139971000)/",10700,2200,4134000,44073000000,0,false,0
"SHB",132520,"/Date(1703139954000)/",10700,700,4131800,44049000000,0,false,0
"SHB",132520,"/Date(1703139954000)/",10700,2100,4131100,44042000000,0,false,0
"SHB",132517,"/Date(1703139951000)/",10700,2000,4129000,44019000000,0,false,0
"SHB",132517,"/Date(1703139951000)/",10700,100,4127000,43998000000,0,false,0
"SHB",132510,"/Date(1703139946000)/",10700,100,4126900,43997000000,0,false,0
"SHB",132507,"/Date(1703139942000)/",10650,3900,4126800,43996000000,-50,true,-0.47
"SHB",132501,"/Date(1703139936000)/",10700,2100,4122900,43954000000,0,false,0
"SHB",132455,"/Date(1703139929000)/",10700,100,4120800,43932000000,0,false,0
"SHB",132445,"/Date(1703139920000)/",10700,2200,4120700,43931000000,0,false,0
"SHB",132435,"/Date(1703139911000)/",10700,600,4118500,43907000000,0,false,0
"SHB",132435,"/Date(1703139911000)/",10700,300,4117900,43901000000,0,false,0
"SHB",132435,"/Date(1703139911000)/",10700,1000,4117600,43898000000,0,false,0
"SHB",132435,"/Date(1703139911000)/",10700,500,4116600,43887000000,0,false,0
"SHB",132435,"/Date(1703139911000)/",10700,600,4116100,43881000000,0,false,0
"SHB",132426,"/Date(1703139901000)/",10700,2100,4115500,43875000000,0,false,0
"SHB",132410,"/Date(1703139885000)/",10700,1600,4113400,43853000000,0,false,0
"SHB",132410,"/Date(1703139885000)/",10700,600,4111800,43835000000,0,false,0
"SHB",132410,"/Date(1703139884000)/",10700,4400,4111200,43829000000,0,false,0
"SHB",132410,"/Date(1703139884000)/",10700,200,4106800,43782000000,0,false,0
"SHB",132410,"/Date(1703139884000)/",10700,800,4106600,43780000000,0,false,0
"SHB",132410,"/Date(1703139884000)/",10700,2600,4105800,43771000000,0,false,0
