"Stockcode","Package","TradingDate","Price","Vol","TotalVol","TotalVal","Change","IsBuy","PerChange"
"GMD",144507,"/Date(1703749500000)/",72000,29600,1437100,103886000000,200,true,0.28
"GMD",143005,"/Date(1703748598000)/",71800,300,1407500,101755000000,0,true,0
"GMD",143002,"/Date(1703748594000)/",71800,600,1407200,101733000000,0,true,0
"GMD",142958,"/Date(1703748591000)/",71800,300,1406600,101690000000,0,true,0
"GMD",142952,"/Date(1703748586000)/",71800,1200,1406300,101669000000,0,false,0
"GMD",142952,"/Date(1703748586000)/",71700,100,1405100,101583000000,-100,false,-0.14
"GMD",142952,"/Date(1703748586000)/",71700,700,1405000,101576000000,-100,false,-0.14
"GMD",142949,"/Date(1703748583000)/",71600,400,1404300,101525000000,-200,true,-0.28
"GMD",142949,"/Date(1703748583000)/",71600,100,1403900,101497000000,-200,true,-0.28
"GMD",142949,"/Date(1703748583000)/",71700,100,1403800,101490000000,-100,false,-0.14
"GMD",142945,"/Date(1703748580000)/",71700,100,1403700,101482000000,-100,false,-0.14
"GMD",142945,"/Date(1703748580000)/",71600,600,1403600,101475000000,-200,true,-0.28
"GMD",142945,"/Date(1703748580000)/",71600,200,1403000,101432000000,-200,true,-0.28
"GMD",142945,"/Date(1703748580000)/",71600,200,1402800,101418000000,-200,true,-0.28
"GMD",142945,"/Date(1703748580000)/",71600,500,1402600,101404000000,-200,true,-0.28
"GMD",142945,"/Date(1703748580000)/",71600,500,1402100,101368000000,-200,true,-0.28
"GMD",142945,"/Date(1703748580000)/",71600,500,1401600,101332000000,-200,true,-0.28
"GMD",142945,"/Date(1703748580000)/",71600,700,1401100,101296000000,-200,true,-0.28
"GMD",142939,"/Date(1703748572000)/",71600,300,1400400,101246000000,-200,true,-0.28
"GMD",142936,"/Date(1703748569000)/",71700,100,1400100,101225000000,-100,false,-0.14
"GMD",142930,"/Date(1703748563000)/",71700,200,1400000,101217000000,-100,true,-0.14
"GMD",142930,"/Date(1703748563000)/",71700,100,1399800,101203000000,-100,true,-0.14
"GMD",142920,"/Date(1703748553000)/",71700,200,1399700,101196000000,-100,true,-0.14
"GMD",142920,"/Date(1703748553000)/",71700,100,1399500,101182000000,-100,true,-0.14
"GMD",142920,"/Date(1703748553000)/",71700,500,1399400,101174000000,-100,true,-0.14
"GMD",142920,"/Date(1703748553000)/",71800,10000,1398900,101139000000,0,false,0
"GMD",142920,"/Date(1703748553000)/",71800,500,1388900,100421000000,0,false,0
"GMD",142920,"/Date(1703748553000)/",71800,200,1388400,100385000000,0,false,0
"GMD",142920,"/Date(1703748553000)/",71800,500,1388200,100370000000,0,false,0
"GMD",142920,"/Date(1703748553000)/",71800,5000,1387700,100334000000,0,false,0
"GMD",142920,"/Date(1703748553000)/",71800,3000,1382700,99975000000,0,false,0
"GMD",142914,"/Date(1703748547000)/",71800,100,1379700,99760000000,0,true,0
"GMD",142907,"/Date(1703748542000)/",71800,200,1379600,99753000000,0,true,0
"GMD",142854,"/Date(1703748527000)/",71800,500,1379400,99738000000,0,true,0
"GMD",142851,"/Date(1703748525000)/",71800,200,1378900,99703000000,0,true,0
"GMD",142819,"/Date(1703748493000)/",71900,200,1378700,99688000000,100,true,0.14
"GMD",142810,"/Date(1703748483000)/",71900,100,1378500,99674000000,100,true,0.14
"GMD",142807,"/Date(1703748479000)/",71900,100,1378400,99667000000,100,true,0.14
"GMD",142803,"/Date(1703748479000)/",71800,100,1378300,99659000000,0,true,0
"GMD",142803,"/Date(1703748478000)/",71800,900,1378200,99652000000,0,true,0
"GMD",142803,"/Date(1703748478000)/",71800,100,1377300,99588000000,0,true,0
"GMD",142803,"/Date(1703748478000)/",71800,200,1377200,99580000000,0,true,0
"GMD",142803,"/Date(1703748478000)/",71800,6800,1377000,99566000000,0,true,0
"GMD",142747,"/Date(1703748463000)/",71800,1400,1370200,99078000000,0,true,0
"GMD",142741,"/Date(1703748453000)/",71900,100,1368800,98977000000,100,false,0.14
"GMD",142741,"/Date(1703748453000)/",71900,100,1368700,98970000000,100,false,0.14
"GMD",142741,"/Date(1703748453000)/",71900,100,1368600,98963000000,100,false,0.14
"GMD",142715,"/Date(1703748430000)/",71900,100,1368500,98956000000,100,false,0.14
"GMD",142709,"/Date(1703748424000)/",71900,100,1368400,98949000000,100,false,0.14
"GMD",142706,"/Date(1703748420000)/",71900,300,1368300,98941000000,100,false,0.14
"GMD",142703,"/Date(1703748417000)/",71900,400,1368000,98920000000,100,false,0.14
"GMD",142703,"/Date(1703748417000)/",71900,100,1367600,98891000000,100,false,0.14
"GMD",142656,"/Date(1703748411000)/",71800,1000,1367500,98884000000,0,true,0
"GMD",142647,"/Date(1703748402000)/",71800,800,1366500,98812000000,0,true,0
"GMD",142647,"/Date(1703748402000)/",71800,200,1365700,98755000000,0,true,0
"GMD",142631,"/Date(1703748383000)/",71900,200,1365500,98740000000,100,false,0.14
"GMD",142608,"/Date(1703748362000)/",71900,100,1365300,98726000000,100,true,0.14
"GMD",142605,"/Date(1703748357000)/",71800,100,1365200,98719000000,0,true,0
"GMD",142605,"/Date(1703748357000)/",71800,1900,1365100,98712000000,0,true,0
"GMD",142559,"/Date(1703748353000)/",71800,600,1363200,98575000000,0,true,0
"GMD",142555,"/Date(1703748351000)/",71800,100,1362600,98532000000,0,true,0
"GMD",142552,"/Date(1703748346000)/",71800,2400,1362500,98525000000,0,true,0
"GMD",142552,"/Date(1703748346000)/",71800,100,1360100,98353000000,0,true,0
"GMD",142552,"/Date(1703748346000)/",71800,300,1360000,98345000000,0,true,0
"GMD",142552,"/Date(1703748346000)/",71800,100,1359700,98324000000,0,true,0
"GMD",142552,"/Date(1703748346000)/",71800,7100,1359600,98317000000,0,true,0
"GMD",142546,"/Date(1703748339000)/",71800,100,1352500,97807000000,0,true,0
"GMD",142523,"/Date(1703748316000)/",71800,500,1352400,97800000000,0,true,0
"GMD",142517,"/Date(1703748311000)/",71800,300,1351900,97764000000,0,true,0
"GMD",142517,"/Date(1703748311000)/",71900,200,1351600,97742000000,100,false,0.14
"GMD",142517,"/Date(1703748311000)/",71900,400,1351400,97728000000,100,false,0.14
"GMD",142517,"/Date(1703748311000)/",71900,600,1351000,97699000000,100,false,0.14
"GMD",142507,"/Date(1703748303000)/",71900,200,1350400,97656000000,100,false,0.14
"GMD",142507,"/Date(1703748303000)/",71900,300,1350200,97642000000,100,false,0.14
"GMD",142507,"/Date(1703748303000)/",71900,100,1349900,97620000000,100,false,0.14
"GMD",142507,"/Date(1703748303000)/",71900,3400,1349800,97613000000,100,false,0.14
"GMD",142501,"/Date(1703748294000)/",71900,100,1346400,97368000000,100,false,0.14
"GMD",142458,"/Date(1703748290000)/",71900,3000,1346300,97361000000,100,false,0.14
"GMD",142455,"/Date(1703748287000)/",71900,200,1343300,97145000000,100,false,0.14
"GMD",142455,"/Date(1703748287000)/",71800,2000,1343100,97131000000,0,true,0
"GMD",142455,"/Date(1703748287000)/",71800,2500,1341100,96987000000,0,true,0
"GMD",142455,"/Date(1703748287000)/",71800,100,1338600,96808000000,0,true,0
"GMD",142455,"/Date(1703748287000)/",71800,1400,1338500,96801000000,0,true,0
"GMD",142438,"/Date(1703748273000)/",71800,100,1337100,96700000000,0,true,0
"GMD",142438,"/Date(1703748271000)/",71900,100,1337000,96693000000,100,false,0.14
"GMD",142435,"/Date(1703748270000)/",71800,500,1336900,96686000000,0,true,0
"GMD",142435,"/Date(1703748269000)/",71900,1000,1336400,96650000000,100,false,0.14
"GMD",142432,"/Date(1703748266000)/",71900,500,1335400,96578000000,100,false,0.14
"GMD",142426,"/Date(1703748260000)/",71900,300,1334900,96542000000,100,false,0.14
"GMD",142403,"/Date(1703748239000)/",71900,100,1334600,96521000000,100,false,0.14
"GMD",142353,"/Date(1703748229000)/",71900,500,1334500,96513000000,100,false,0.14
"GMD",142353,"/Date(1703748226000)/",71900,100,1334000,96477000000,100,false,0.14
"GMD",142350,"/Date(1703748225000)/",71800,600,1333900,96470000000,0,true,0
"GMD",142350,"/Date(1703748225000)/",71900,200,1333300,96427000000,100,false,0.14
"GMD",142337,"/Date(1703748210000)/",71800,100,1333100,96413000000,0,true,0
"GMD",142337,"/Date(1703748210000)/",71900,3200,1333000,96406000000,100,false,0.14
"GMD",142337,"/Date(1703748210000)/",71900,600,1329800,96176000000,100,false,0.14
"GMD",142331,"/Date(1703748205000)/",71900,400,1329200,96132000000,100,false,0.14
"GMD",142331,"/Date(1703748205000)/",71900,100,1328800,96104000000,100,false,0.14
"GMD",142331,"/Date(1703748205000)/",71900,100,1328700,96096000000,100,false,0.14
"GMD",142331,"/Date(1703748204000)/",71800,300,1328600,96089000000,0,true,0
"GMD",142318,"/Date(1703748191000)/",71900,200,1328300,96068000000,100,false,0.14
"GMD",142315,"/Date(1703748190000)/",71800,100,1328100,96053000000,0,true,0
"GMD",142305,"/Date(1703748179000)/",71800,500,1328000,96046000000,0,true,0
"GMD",142252,"/Date(1703748167000)/",71900,500,1327500,96010000000,100,false,0.14
"GMD",142252,"/Date(1703748167000)/",71800,1400,1327000,95974000000,0,true,0
"GMD",142242,"/Date(1703748158000)/",71600,500,1325600,95874000000,-200,true,-0.28
"GMD",142242,"/Date(1703748158000)/",71600,1000,1325100,95838000000,-200,true,-0.28
"GMD",142242,"/Date(1703748158000)/",71600,100,1324100,95766000000,-200,true,-0.28
"GMD",142242,"/Date(1703748158000)/",71600,100,1324000,95759000000,-200,true,-0.28
"GMD",142242,"/Date(1703748158000)/",71600,100,1323900,95752000000,-200,true,-0.28
"GMD",142242,"/Date(1703748158000)/",71600,200,1323800,95745000000,-200,true,-0.28
"GMD",142242,"/Date(1703748158000)/",71600,1000,1323600,95731000000,-200,true,-0.28
"GMD",142242,"/Date(1703748158000)/",71600,100,1322600,95659000000,-200,true,-0.28
"GMD",142242,"/Date(1703748158000)/",71700,2000,1322500,95652000000,-100,true,-0.14
"GMD",142242,"/Date(1703748158000)/",71700,100,1320500,95508000000,-100,true,-0.14
"GMD",142242,"/Date(1703748158000)/",71700,100,1320400,95501000000,-100,true,-0.14
"GMD",142242,"/Date(1703748158000)/",71700,100,1320300,95494000000,-100,true,-0.14
"GMD",142242,"/Date(1703748158000)/",71700,100,1320200,95487000000,-100,true,-0.14
"GMD",142242,"/Date(1703748158000)/",71700,2000,1320100,95480000000,-100,true,-0.14
"GMD",142242,"/Date(1703748158000)/",71700,100,1318100,95336000000,-100,true,-0.14
"GMD",142242,"/Date(1703748158000)/",71700,1000,1318000,95329000000,-100,true,-0.14
"GMD",142242,"/Date(1703748158000)/",71700,100,1317000,95257000000,-100,true,-0.14
"GMD",142242,"/Date(1703748158000)/",71700,500,1316900,95250000000,-100,true,-0.14
"GMD",142242,"/Date(1703748158000)/",71700,100,1316400,95214000000,-100,true,-0.14
"GMD",142242,"/Date(1703748158000)/",71700,700,1316300,95207000000,-100,true,-0.14
"GMD",142236,"/Date(1703748151000)/",71700,200,1315600,95157000000,-100,true,-0.14
"GMD",142236,"/Date(1703748150000)/",71700,100,1315400,95143000000,-100,true,-0.14
"GMD",142233,"/Date(1703748147000)/",71800,100,1315300,95136000000,0,true,0
"GMD",142220,"/Date(1703748134000)/",71800,600,1315200,95128000000,0,true,0
"GMD",142216,"/Date(1703748133000)/",71800,100,1314600,95085000000,0,true,0
"GMD",142207,"/Date(1703748123000)/",71800,100,1314500,95078000000,0,true,0
"GMD",142203,"/Date(1703748119000)/",71800,200,1314400,95071000000,0,true,0
"GMD",142200,"/Date(1703748116000)/",71800,200,1314200,95057000000,0,false,0
"GMD",142157,"/Date(1703748111000)/",71800,100,1314000,95042000000,0,false,0
"GMD",142154,"/Date(1703748110000)/",71800,500,1313900,95035000000,0,false,0
"GMD",142154,"/Date(1703748110000)/",71800,200,1313400,94999000000,0,false,0
"GMD",142150,"/Date(1703748104000)/",71800,200,1313200,94985000000,0,true,0
"GMD",142147,"/Date(1703748102000)/",71800,3000,1313000,94970000000,0,true,0
"GMD",142141,"/Date(1703748097000)/",71800,800,1310000,94755000000,0,true,0
"GMD",142141,"/Date(1703748097000)/",71800,800,1309200,94698000000,0,true,0
"GMD",142141,"/Date(1703748096000)/",71800,200,1308400,94640000000,0,true,0
"GMD",142137,"/Date(1703748094000)/",71800,500,1308200,94626000000,0,false,0
"GMD",142137,"/Date(1703748094000)/",71800,100,1307700,94590000000,0,false,0
"GMD",142137,"/Date(1703748094000)/",71800,100,1307600,94583000000,0,false,0
"GMD",142137,"/Date(1703748094000)/",71800,300,1307500,94576000000,0,false,0
"GMD",142137,"/Date(1703748094000)/",71800,400,1307200,94554000000,0,false,0
"GMD",142137,"/Date(1703748092000)/",71800,100,1306800,94525000000,0,false,0
"GMD",142134,"/Date(1703748089000)/",71800,600,1306700,94518000000,0,true,0
"GMD",142124,"/Date(1703748081000)/",71800,100,1306100,94475000000,0,true,0
"GMD",142104,"/Date(1703748061000)/",71800,1000,1306000,94468000000,0,true,0
"GMD",142104,"/Date(1703748060000)/",71800,1200,1305000,94396000000,0,true,0
"GMD",142104,"/Date(1703748060000)/",71800,100,1303800,94310000000,0,true,0
"GMD",142104,"/Date(1703748060000)/",71800,200,1303700,94303000000,0,true,0
"GMD",142101,"/Date(1703748058000)/",71800,1200,1303500,94288000000,0,true,0
"GMD",142101,"/Date(1703748058000)/",71800,100,1302300,94202000000,0,true,0
"GMD",142101,"/Date(1703748058000)/",71800,100,1302200,94195000000,0,true,0
"GMD",142101,"/Date(1703748058000)/",71800,100,1302100,94188000000,0,true,0
"GMD",142101,"/Date(1703748058000)/",71800,1000,1302000,94181000000,0,true,0
"GMD",142101,"/Date(1703748058000)/",71800,1000,1301000,94109000000,0,true,0
"GMD",142101,"/Date(1703748058000)/",71800,200,1300000,94037000000,0,true,0
"GMD",142101,"/Date(1703748058000)/",71800,1000,1299800,94023000000,0,true,0
"GMD",142101,"/Date(1703748058000)/",71800,100,1298800,93951000000,0,true,0
"GMD",142101,"/Date(1703748058000)/",71800,200,1298700,93944000000,0,true,0
"GMD",142058,"/Date(1703748056000)/",71800,300,1298500,93929000000,0,true,0
"GMD",142058,"/Date(1703748056000)/",71800,100,1298200,93908000000,0,true,0
"GMD",142058,"/Date(1703748056000)/",71800,100,1298100,93901000000,0,true,0
"GMD",142058,"/Date(1703748056000)/",71800,100,1298000,93893000000,0,true,0
"GMD",142058,"/Date(1703748056000)/",71800,500,1297900,93886000000,0,true,0
"GMD",142058,"/Date(1703748056000)/",71800,100,1297400,93850000000,0,true,0
"GMD",142058,"/Date(1703748056000)/",71800,100,1297300,93843000000,0,true,0
"GMD",142058,"/Date(1703748056000)/",71800,2700,1297200,93836000000,0,true,0
"GMD",142054,"/Date(1703748052000)/",71800,1500,1294500,93642000000,0,true,0
"GMD",142054,"/Date(1703748051000)/",71800,700,1293000,93534000000,0,true,0
"GMD",142051,"/Date(1703748048000)/",71900,300,1292300,93484000000,100,false,0.14
"GMD",142048,"/Date(1703748044000)/",71800,100,1292000,93463000000,0,true,0
"GMD",142048,"/Date(1703748044000)/",71800,400,1291900,93455000000,0,true,0
"GMD",142038,"/Date(1703748036000)/",71800,100,1291500,93427000000,0,true,0
"GMD",142038,"/Date(1703748035000)/",71900,500,1291400,93420000000,100,false,0.14
"GMD",142038,"/Date(1703748035000)/",71900,100,1290900,93384000000,100,false,0.14
"GMD",142038,"/Date(1703748035000)/",71900,300,1290800,93376000000,100,false,0.14
"GMD",142038,"/Date(1703748035000)/",71900,100,1290500,93355000000,100,false,0.14
"GMD",142038,"/Date(1703748035000)/",71900,500,1290400,93348000000,100,false,0.14
"GMD",142038,"/Date(1703748035000)/",71900,300,1289900,93312000000,100,false,0.14
"GMD",142038,"/Date(1703748035000)/",71900,500,1289600,93290000000,100,false,0.14
"GMD",142038,"/Date(1703748035000)/",71900,7700,1289100,93254000000,100,false,0.14
"GMD",142038,"/Date(1703748035000)/",71900,2000,1281400,92701000000,100,false,0.14
"GMD",142021,"/Date(1703748020000)/",72000,100,1279400,92557000000,200,false,0.28
"GMD",142008,"/Date(1703748006000)/",72000,100,1279300,92550000000,200,true,0.28
"GMD",142008,"/Date(1703748006000)/",72000,100,1279200,92542000000,200,true,0.28
"GMD",142008,"/Date(1703748006000)/",72000,100,1279100,92535000000,200,true,0.28
"GMD",142001,"/Date(1703748001000)/",72000,300,1279000,92528000000,200,true,0.28
"GMD",142001,"/Date(1703748000000)/",72100,200,1278700,92506000000,300,false,0.42
"GMD",142001,"/Date(1703747999000)/",72000,100,1278500,92492000000,200,true,0.28
"GMD",142001,"/Date(1703747999000)/",72000,500,1278400,92485000000,200,true,0.28
"GMD",142001,"/Date(1703747999000)/",72000,500,1277900,92449000000,200,true,0.28
"GMD",141957,"/Date(1703747996000)/",72000,900,1277400,92413000000,200,true,0.28
"GMD",141950,"/Date(1703747992000)/",72000,1300,1276500,92348000000,200,true,0.28
"GMD",141944,"/Date(1703747984000)/",72000,1000,1275200,92254000000,200,true,0.28
"GMD",141937,"/Date(1703747979000)/",72000,100,1274200,92182000000,200,true,0.28
"GMD",141937,"/Date(1703747979000)/",72100,100,1274100,92175000000,300,false,0.42
"GMD",141934,"/Date(1703747975000)/",72000,700,1274000,92168000000,200,true,0.28
"GMD",141934,"/Date(1703747975000)/",72000,700,1273300,92118000000,200,true,0.28
"GMD",141934,"/Date(1703747975000)/",72000,100,1272600,92067000000,200,true,0.28
"GMD",141934,"/Date(1703747974000)/",72000,100,1272500,92060000000,200,true,0.28
"GMD",141934,"/Date(1703747974000)/",72000,100,1272400,92053000000,200,true,0.28
"GMD",141934,"/Date(1703747974000)/",72000,100,1272300,92046000000,200,true,0.28
"GMD",141934,"/Date(1703747974000)/",72000,200,1272200,92038000000,200,true,0.28
"GMD",141934,"/Date(1703747974000)/",72000,200,1272000,92024000000,200,true,0.28
"GMD",141934,"/Date(1703747974000)/",72000,1000,1271800,92010000000,200,true,0.28
"GMD",141934,"/Date(1703747974000)/",72000,5000,1270800,91938000000,200,true,0.28
"GMD",141934,"/Date(1703747974000)/",72000,200,1265800,91578000000,200,true,0.28
"GMD",141934,"/Date(1703747974000)/",72000,5000,1265600,91563000000,200,true,0.28
"GMD",141934,"/Date(1703747974000)/",72000,5000,1260600,91203000000,200,true,0.28
"GMD",141934,"/Date(1703747974000)/",72000,3000,1255600,90843000000,200,true,0.28
"GMD",141934,"/Date(1703747974000)/",72000,2000,1252600,90627000000,200,true,0.28
"GMD",141934,"/Date(1703747974000)/",72000,100,1250600,90483000000,200,true,0.28
"GMD",141934,"/Date(1703747974000)/",72000,200,1250500,90476000000,200,true,0.28
"GMD",141934,"/Date(1703747974000)/",72000,500,1250300,90462000000,200,true,0.28
"GMD",141934,"/Date(1703747974000)/",72000,100,1249800,90426000000,200,true,0.28
"GMD",141934,"/Date(1703747974000)/",72000,100,1249700,90418000000,200,true,0.28
"GMD",141934,"/Date(1703747974000)/",72000,1000,1249600,90411000000,200,true,0.28
"GMD",141928,"/Date(1703747968000)/",72100,800,1248600,90339000000,300,false,0.42
"GMD",141928,"/Date(1703747968000)/",72100,500,1247800,90281000000,300,false,0.42
"GMD",141928,"/Date(1703747968000)/",72100,500,1247300,90245000000,300,false,0.42
"GMD",141928,"/Date(1703747968000)/",72100,4800,1246800,90209000000,300,false,0.42
"GMD",141925,"/Date(1703747966000)/",72100,100,1242000,89863000000,300,true,0.42
"GMD",141915,"/Date(1703747954000)/",72100,100,1241900,89856000000,300,true,0.42
"GMD",141915,"/Date(1703747954000)/",72100,500,1241800,89849000000,300,true,0.42
"GMD",141912,"/Date(1703747952000)/",72100,1800,1241300,89813000000,300,true,0.42
"GMD",141912,"/Date(1703747952000)/",72100,700,1239500,89683000000,300,true,0.42
"GMD",141912,"/Date(1703747952000)/",72100,100,1238800,89633000000,300,true,0.42
"GMD",141912,"/Date(1703747952000)/",72100,200,1238700,89625000000,300,true,0.42
"GMD",141906,"/Date(1703747946000)/",72100,100,1238500,89611000000,300,true,0.42
"GMD",141843,"/Date(1703747923000)/",72100,100,1238400,89604000000,300,true,0.42
"GMD",141834,"/Date(1703747912000)/",72200,200,1238300,89596000000,400,false,0.56
"GMD",141827,"/Date(1703747908000)/",72100,100,1238100,89582000000,300,true,0.42
"GMD",141827,"/Date(1703747908000)/",72100,400,1238000,89575000000,300,true,0.42
"GMD",141824,"/Date(1703747904000)/",72200,200,1237600,89546000000,400,false,0.56
"GMD",141824,"/Date(1703747904000)/",72200,100,1237400,89532000000,400,false,0.56
"GMD",141814,"/Date(1703747895000)/",72200,200,1237300,89524000000,400,false,0.56
"GMD",141811,"/Date(1703747890000)/",72200,100,1237100,89510000000,400,false,0.56
"GMD",141752,"/Date(1703747871000)/",72200,800,1237000,89503000000,400,false,0.56
"GMD",141752,"/Date(1703747871000)/",72200,1200,1236200,89445000000,400,false,0.56
"GMD",141749,"/Date(1703747868000)/",72100,100,1235000,89358000000,300,true,0.42
"GMD",141742,"/Date(1703747863000)/",72100,600,1234900,89351000000,300,true,0.42
"GMD",141717,"/Date(1703747836000)/",72200,500,1234300,89308000000,400,false,0.56
"GMD",141717,"/Date(1703747836000)/",72200,800,1233800,89272000000,400,false,0.56
"GMD",141657,"/Date(1703747818000)/",72100,600,1233000,89214000000,300,true,0.42
"GMD",141654,"/Date(1703747814000)/",72100,100,1232400,89171000000,300,true,0.42
"GMD",141648,"/Date(1703747808000)/",72200,200,1232300,89163000000,400,false,0.56
"GMD",141612,"/Date(1703747773000)/",72100,500,1232100,89149000000,300,true,0.42
"GMD",141612,"/Date(1703747772000)/",72100,100,1231600,89113000000,300,true,0.42
"GMD",141559,"/Date(1703747760000)/",72100,100,1231500,89106000000,300,true,0.42
"GMD",141527,"/Date(1703747728000)/",72100,600,1231400,89099000000,300,true,0.42
"GMD",141511,"/Date(1703747712000)/",72300,200,1230800,89055000000,500,false,0.7
"GMD",141508,"/Date(1703747708000)/",72100,500,1230600,89041000000,300,true,0.42
"GMD",141508,"/Date(1703747708000)/",72100,7000,1230100,89005000000,300,true,0.42
"GMD",141505,"/Date(1703747707000)/",72200,10000,1223100,88500000000,400,false,0.56
"GMD",141505,"/Date(1703747707000)/",72200,1600,1213100,87778000000,400,false,0.56
"GMD",141505,"/Date(1703747707000)/",72200,400,1211500,87663000000,400,false,0.56
"GMD",141505,"/Date(1703747707000)/",72100,100,1211100,87634000000,300,true,0.42
"GMD",141442,"/Date(1703747684000)/",72100,100,1211000,87626000000,300,true,0.42
"GMD",141442,"/Date(1703747684000)/",72100,100,1210900,87619000000,300,true,0.42
"GMD",141442,"/Date(1703747684000)/",72100,100,1210800,87612000000,300,true,0.42
"GMD",141442,"/Date(1703747684000)/",72100,100,1210700,87605000000,300,true,0.42
"GMD",141442,"/Date(1703747684000)/",72100,100,1210600,87598000000,300,true,0.42
"GMD",141442,"/Date(1703747684000)/",72100,100,1210500,87590000000,300,true,0.42
"GMD",141416,"/Date(1703747657000)/",72100,200,1210400,87583000000,300,true,0.42
"GMD",141413,"/Date(1703747656000)/",72100,2000,1210200,87569000000,300,true,0.42
"GMD",141413,"/Date(1703747654000)/",72100,100,1208200,87425000000,300,true,0.42
"GMD",141357,"/Date(1703747638000)/",72100,500,1208100,87417000000,300,true,0.42
"GMD",141334,"/Date(1703747616000)/",72200,200,1207600,87381000000,400,false,0.56
"GMD",141321,"/Date(1703747602000)/",72100,100,1207400,87367000000,300,true,0.42
"GMD",141312,"/Date(1703747593000)/",72100,600,1207300,87360000000,300,true,0.42
"GMD",141255,"/Date(1703747578000)/",72200,5000,1206700,87316000000,400,false,0.56
"GMD",141236,"/Date(1703747559000)/",72100,100,1201700,86955000000,300,true,0.42
"GMD",141226,"/Date(1703747549000)/",72100,100,1201600,86948000000,300,true,0.42
"GMD",141226,"/Date(1703747547000)/",72100,100,1201500,86941000000,300,true,0.42
"GMD",141226,"/Date(1703747547000)/",72100,400,1201400,86934000000,300,true,0.42
"GMD",141220,"/Date(1703747544000)/",72200,600,1201000,86905000000,400,true,0.56
"GMD",141220,"/Date(1703747544000)/",72200,500,1200400,86862000000,400,true,0.56
"GMD",141220,"/Date(1703747544000)/",72200,3300,1199900,86826000000,400,true,0.56
"GMD",141206,"/Date(1703747528000)/",72200,100,1196600,86587000000,400,false,0.56
"GMD",141206,"/Date(1703747528000)/",72200,1600,1196500,86580000000,400,false,0.56
"GMD",141200,"/Date(1703747521000)/",72200,500,1194900,86465000000,400,false,0.56
"GMD",141156,"/Date(1703747520000)/",72200,200,1194400,86428000000,400,false,0.56
"GMD",141143,"/Date(1703747507000)/",72200,100,1194200,86414000000,400,false,0.56
"GMD",141140,"/Date(1703747503000)/",72100,600,1194100,86407000000,300,true,0.42
"GMD",141133,"/Date(1703747497000)/",72100,100,1193500,86364000000,300,true,0.42
"GMD",141133,"/Date(1703747496000)/",72200,5000,1193400,86356000000,400,false,0.56
"GMD",141130,"/Date(1703747495000)/",72200,1000,1188400,85995000000,400,false,0.56
"GMD",141130,"/Date(1703747494000)/",72200,800,1187400,85923000000,400,false,0.56
"GMD",141130,"/Date(1703747494000)/",72200,800,1186600,85865000000,400,false,0.56
"GMD",141116,"/Date(1703747480000)/",72200,500,1185800,85808000000,400,true,0.56
"GMD",141052,"/Date(1703747457000)/",72200,600,1185300,85771000000,400,true,0.56
"GMD",141039,"/Date(1703747446000)/",72200,100,1184700,85728000000,400,true,0.56
"GMD",141021,"/Date(1703747431000)/",72200,900,1184600,85721000000,400,true,0.56
"GMD",141018,"/Date(1703747425000)/",72300,200,1183700,85656000000,500,false,0.7
"GMD",141011,"/Date(1703747421000)/",72200,2100,1183500,85642000000,400,false,0.56
"GMD",141003,"/Date(1703747412000)/",72100,500,1181400,85490000000,300,true,0.42
"GMD",141003,"/Date(1703747412000)/",72100,1100,1180900,85454000000,300,true,0.42
"GMD",140942,"/Date(1703747395000)/",72100,100,1179800,85375000000,300,true,0.42
"GMD",140938,"/Date(1703747390000)/",72200,7900,1179700,85367000000,400,false,0.56
"GMD",140938,"/Date(1703747390000)/",72200,1000,1171800,84797000000,400,false,0.56
"GMD",140924,"/Date(1703747379000)/",72200,1000,1170800,84725000000,400,true,0.56
"GMD",140909,"/Date(1703747368000)/",72200,300,1169800,84653000000,400,true,0.56
"GMD",140909,"/Date(1703747368000)/",72200,300,1169500,84631000000,400,true,0.56
"GMD",140842,"/Date(1703747344000)/",72200,100,1169200,84609000000,400,true,0.56
"GMD",140827,"/Date(1703747330000)/",72400,200,1169100,84602000000,600,false,0.84
"GMD",140815,"/Date(1703747323000)/",72200,400,1168900,84588000000,400,true,0.56
"GMD",140815,"/Date(1703747323000)/",72200,200,1168500,84559000000,400,true,0.56
"GMD",140815,"/Date(1703747322000)/",72200,1000,1168300,84544000000,400,true,0.56
"GMD",140803,"/Date(1703747311000)/",72200,2600,1167300,84472000000,400,true,0.56
"GMD",140803,"/Date(1703747311000)/",72200,1000,1164700,84284000000,400,true,0.56
"GMD",140803,"/Date(1703747311000)/",72200,200,1163700,84212000000,400,true,0.56
"GMD",140803,"/Date(1703747311000)/",72200,5000,1163500,84198000000,400,true,0.56
"GMD",140803,"/Date(1703747311000)/",72200,600,1158500,83837000000,400,true,0.56
"GMD",140803,"/Date(1703747311000)/",72300,600,1157900,83793000000,500,true,0.7
"GMD",140759,"/Date(1703747310000)/",72300,400,1157300,83750000000,500,true,0.7
"GMD",140742,"/Date(1703747297000)/",72300,500,1156900,83721000000,500,false,0.7
"GMD",140742,"/Date(1703747297000)/",72300,600,1156400,83685000000,500,false,0.7
"GMD",140738,"/Date(1703747294000)/",72200,100,1155800,83641000000,400,true,0.56
"GMD",140738,"/Date(1703747292000)/",72300,2400,1155700,83634000000,500,false,0.7
"GMD",140738,"/Date(1703747292000)/",72300,100,1153300,83461000000,500,false,0.7
"GMD",140738,"/Date(1703747292000)/",72300,200,1153200,83454000000,500,false,0.7
"GMD",140738,"/Date(1703747292000)/",72300,300,1153000,83439000000,500,false,0.7
"GMD",140738,"/Date(1703747292000)/",72300,5000,1152700,83417000000,500,false,0.7
"GMD",140738,"/Date(1703747292000)/",72300,1000,1147700,83056000000,500,false,0.7
"GMD",140738,"/Date(1703747292000)/",72300,1000,1146700,82984000000,500,false,0.7
"GMD",140718,"/Date(1703747277000)/",72200,500,1145700,82911000000,400,true,0.56
"GMD",140656,"/Date(1703747254000)/",72200,1800,1145200,82875000000,400,false,0.56
"GMD",140653,"/Date(1703747251000)/",72200,200,1143400,82745000000,400,false,0.56
"GMD",140646,"/Date(1703747244000)/",72200,1000,1143200,82731000000,400,false,0.56
"GMD",140646,"/Date(1703747244000)/",72200,500,1142200,82659000000,400,false,0.56
"GMD",140646,"/Date(1703747244000)/",72200,2100,1141700,82622000000,400,false,0.56
"GMD",140646,"/Date(1703747244000)/",72100,100,1139600,82471000000,300,true,0.42
"GMD",140646,"/Date(1703747243000)/",72200,1100,1139500,82464000000,400,false,0.56
"GMD",140643,"/Date(1703747242000)/",72200,100,1138400,82384000000,400,false,0.56
"GMD",140637,"/Date(1703747233000)/",72200,200,1138300,82377000000,400,false,0.56
"GMD",140634,"/Date(1703747233000)/",72200,1500,1138100,82363000000,400,false,0.56
"GMD",140634,"/Date(1703747232000)/",72100,100,1136600,82254000000,300,true,0.42
"GMD",140634,"/Date(1703747232000)/",72100,500,1136500,82247000000,300,true,0.42
"GMD",140621,"/Date(1703747219000)/",72200,4800,1136000,82211000000,400,false,0.56
"GMD",140555,"/Date(1703747194000)/",72100,100,1131200,81864000000,300,true,0.42
"GMD",140552,"/Date(1703747190000)/",72100,100,1131100,81857000000,300,true,0.42
"GMD",140549,"/Date(1703747186000)/",72100,200,1131000,81850000000,300,true,0.42
"GMD",140549,"/Date(1703747186000)/",72100,100,1130800,81836000000,300,true,0.42
"GMD",140549,"/Date(1703747186000)/",72100,300,1130700,81828000000,300,true,0.42
"GMD",140507,"/Date(1703747146000)/",72100,200,1130400,81807000000,300,true,0.42
"GMD",140507,"/Date(1703747144000)/",72100,100,1130200,81792000000,300,true,0.42
"GMD",140504,"/Date(1703747141000)/",72100,500,1130100,81785000000,300,true,0.42
"GMD",140501,"/Date(1703747137000)/",72200,200,1129600,81749000000,400,false,0.56
"GMD",140420,"/Date(1703747096000)/",72100,600,1129400,81735000000,300,true,0.42
"GMD",140416,"/Date(1703747094000)/",72200,100,1128800,81691000000,400,true,0.56
"GMD",140410,"/Date(1703747088000)/",72200,500,1128700,81684000000,400,false,0.56
"GMD",140410,"/Date(1703747087000)/",72200,100,1128200,81648000000,400,false,0.56
"GMD",140410,"/Date(1703747087000)/",72200,1400,1128100,81641000000,400,false,0.56
"GMD",140351,"/Date(1703747069000)/",72200,8600,1126700,81540000000,400,false,0.56
"GMD",140351,"/Date(1703747069000)/",72200,1400,1118100,80919000000,400,false,0.56
"GMD",140348,"/Date(1703747065000)/",72200,100,1116700,80818000000,400,false,0.56
"GMD",140335,"/Date(1703747051000)/",72100,600,1116600,80811000000,300,true,0.42
"GMD",140332,"/Date(1703747048000)/",72200,100,1116000,80767000000,400,false,0.56
"GMD",140329,"/Date(1703747045000)/",72100,100,1115900,80760000000,300,true,0.42
"GMD",140325,"/Date(1703747042000)/",72200,200,1115800,80753000000,400,false,0.56
"GMD",140247,"/Date(1703747005000)/",72100,500,1115600,80738000000,300,true,0.42
"GMD",140238,"/Date(1703746996000)/",72100,100,1115100,80702000000,300,true,0.42
"GMD",140203,"/Date(1703746960000)/",72100,600,1115000,80695000000,300,true,0.42
"GMD",140150,"/Date(1703746947000)/",72100,100,1114400,80652000000,300,true,0.42
"GMD",140150,"/Date(1703746946000)/",72200,200,1114300,80645000000,400,false,0.56
"GMD",140118,"/Date(1703746915000)/",72100,600,1114100,80630000000,300,true,0.42
"GMD",140102,"/Date(1703746898000)/",72100,100,1113500,80587000000,300,true,0.42
"GMD",140049,"/Date(1703746887000)/",72200,100,1113400,80580000000,400,false,0.56
"GMD",140040,"/Date(1703746878000)/",72200,100,1113300,80573000000,400,true,0.56
"GMD",140040,"/Date(1703746878000)/",72200,200,1113200,80565000000,400,true,0.56
"GMD",140040,"/Date(1703746877000)/",72300,100,1113000,80551000000,500,false,0.7
"GMD",140033,"/Date(1703746870000)/",72200,300,1112900,80544000000,400,true,0.56
"GMD",140033,"/Date(1703746870000)/",72200,200,1112600,80522000000,400,true,0.56
"GMD",140027,"/Date(1703746864000)/",72200,100,1112400,80508000000,400,true,0.56
"GMD",140027,"/Date(1703746864000)/",72200,100,1112300,80500000000,400,true,0.56
"GMD",140027,"/Date(1703746864000)/",72200,4600,1112200,80493000000,400,true,0.56
"GMD",140011,"/Date(1703746849000)/",72100,100,1107600,80161000000,300,true,0.42
"GMD",140011,"/Date(1703746849000)/",72200,200,1107500,80154000000,400,false,0.56
"GMD",135955,"/Date(1703746833000)/",72200,5000,1107300,80139000000,400,true,0.56
"GMD",135955,"/Date(1703746833000)/",72200,200,1102300,79778000000,400,true,0.56
"GMD",135952,"/Date(1703746828000)/",72300,600,1102100,79764000000,500,false,0.7
"GMD",135949,"/Date(1703746825000)/",72200,600,1101500,79721000000,400,true,0.56
"GMD",135926,"/Date(1703746802000)/",72200,1400,1100900,79677000000,400,true,0.56
"GMD",135923,"/Date(1703746801000)/",72200,100,1099500,79576000000,400,true,0.56
"GMD",135917,"/Date(1703746795000)/",72200,500,1099400,79569000000,400,false,0.56
"GMD",135917,"/Date(1703746795000)/",72200,2200,1098900,79533000000,400,false,0.56
"GMD",135904,"/Date(1703746782000)/",72100,300,1096700,79374000000,300,true,0.42
"GMD",135904,"/Date(1703746780000)/",72100,500,1096400,79352000000,300,true,0.42
"GMD",135851,"/Date(1703746768000)/",72100,100,1095900,79316000000,300,true,0.42
"GMD",135839,"/Date(1703746756000)/",72100,300,1095800,79309000000,300,true,0.42
"GMD",135836,"/Date(1703746754000)/",72200,200,1095500,79287000000,400,false,0.56
"GMD",135836,"/Date(1703746753000)/",72100,100,1095300,79273000000,300,true,0.42
"GMD",135820,"/Date(1703746735000)/",72100,600,1095200,79266000000,300,true,0.42
"GMD",135748,"/Date(1703746705000)/",72100,100,1094600,79223000000,300,true,0.42
"GMD",135741,"/Date(1703746697000)/",72100,400,1094500,79215000000,300,true,0.42
"GMD",135732,"/Date(1703746689000)/",72100,600,1094100,79186000000,300,true,0.42
"GMD",135729,"/Date(1703746686000)/",72200,1800,1093500,79143000000,400,true,0.56
"GMD",135729,"/Date(1703746686000)/",72200,5800,1091700,79013000000,400,true,0.56
"GMD",135716,"/Date(1703746672000)/",72200,100,1085900,78595000000,400,true,0.56
"GMD",135707,"/Date(1703746663000)/",72200,1800,1085800,78587000000,400,false,0.56
"GMD",135707,"/Date(1703746662000)/",72100,2500,1084000,78457000000,300,true,0.42
"GMD",135707,"/Date(1703746662000)/",72100,500,1081500,78277000000,300,true,0.42
"GMD",135707,"/Date(1703746662000)/",72100,100,1081000,78241000000,300,true,0.42
"GMD",135707,"/Date(1703746662000)/",72100,500,1080900,78234000000,300,true,0.42
"GMD",135707,"/Date(1703746662000)/",72100,100,1080400,78198000000,300,true,0.42
"GMD",135707,"/Date(1703746662000)/",72100,800,1080300,78191000000,300,true,0.42
"GMD",135703,"/Date(1703746658000)/",72200,200,1079500,78133000000,400,false,0.56
"GMD",135700,"/Date(1703746657000)/",72100,100,1079300,78118000000,300,true,0.42
"GMD",135648,"/Date(1703746644000)/",72100,100,1079200,78111000000,300,true,0.42
"GMD",135648,"/Date(1703746644000)/",72100,400,1079100,78104000000,300,true,0.42
"GMD",135638,"/Date(1703746633000)/",72200,1300,1078700,78075000000,400,false,0.56
"GMD",135625,"/Date(1703746620000)/",72200,100,1077400,77981000000,400,false,0.56
"GMD",135622,"/Date(1703746618000)/",72200,100,1077300,77974000000,400,true,0.56
"GMD",135622,"/Date(1703746618000)/",72200,100,1077200,77967000000,400,true,0.56
"GMD",135622,"/Date(1703746617000)/",72200,100,1077100,77960000000,400,true,0.56
"GMD",135619,"/Date(1703746616000)/",72300,100,1077000,77952000000,500,false,0.7
"GMD",135613,"/Date(1703746609000)/",72200,100,1076900,77945000000,400,true,0.56
"GMD",135603,"/Date(1703746600000)/",72200,700,1076800,77938000000,400,false,0.56
"GMD",135603,"/Date(1703746599000)/",72100,300,1076100,77887000000,300,true,0.42
"GMD",135603,"/Date(1703746599000)/",72100,300,1075800,77866000000,300,true,0.42
"GMD",135547,"/Date(1703746583000)/",72200,300,1075500,77844000000,400,false,0.56
"GMD",135544,"/Date(1703746579000)/",72200,3800,1075200,77823000000,400,true,0.56
"GMD",135544,"/Date(1703746579000)/",72200,500,1071400,77548000000,400,true,0.56
"GMD",135544,"/Date(1703746579000)/",72200,1000,1070900,77512000000,400,true,0.56
"GMD",135544,"/Date(1703746579000)/",72200,500,1069900,77440000000,400,true,0.56
"GMD",135544,"/Date(1703746579000)/",72200,500,1069400,77404000000,400,true,0.56
"GMD",135544,"/Date(1703746579000)/",72200,1000,1068900,77368000000,400,true,0.56
"GMD",135544,"/Date(1703746579000)/",72200,100,1067900,77295000000,400,true,0.56
"GMD",135544,"/Date(1703746579000)/",72200,1600,1067800,77288000000,400,true,0.56
"GMD",135529,"/Date(1703746562000)/",72300,200,1066200,77173000000,500,false,0.7
"GMD",135525,"/Date(1703746561000)/",72200,100,1066000,77158000000,400,true,0.56
"GMD",135519,"/Date(1703746554000)/",72200,600,1065900,77151000000,400,true,0.56
"GMD",135438,"/Date(1703746514000)/",72200,100,1065300,77108000000,400,true,0.56
"GMD",135435,"/Date(1703746509000)/",72200,500,1065200,77101000000,400,true,0.56
"GMD",135413,"/Date(1703746486000)/",72200,100,1064700,77064000000,400,true,0.56
"GMD",135355,"/Date(1703746466000)/",72400,100,1064600,77057000000,600,false,0.84
"GMD",135355,"/Date(1703746466000)/",72400,100,1064500,77050000000,600,false,0.84
"GMD",135355,"/Date(1703746466000)/",72200,100,1064400,77043000000,400,true,0.56
"GMD",135352,"/Date(1703746464000)/",72200,600,1064300,77035000000,400,true,0.56
"GMD",135346,"/Date(1703746459000)/",72400,100,1063700,76992000000,600,false,0.84
"GMD",135309,"/Date(1703746420000)/",72200,1300,1063600,76985000000,400,true,0.56
"GMD",135309,"/Date(1703746420000)/",72200,500,1062300,76891000000,400,true,0.56
"GMD",135309,"/Date(1703746420000)/",72200,100,1061800,76855000000,400,true,0.56
"GMD",135309,"/Date(1703746420000)/",72200,100,1061700,76848000000,400,true,0.56
"GMD",135309,"/Date(1703746420000)/",72200,100,1061600,76841000000,400,true,0.56
"GMD",135309,"/Date(1703746420000)/",72200,1600,1061500,76833000000,400,true,0.56
"GMD",135309,"/Date(1703746419000)/",72200,100,1059900,76718000000,400,true,0.56
"GMD",135309,"/Date(1703746418000)/",72200,600,1059800,76711000000,400,true,0.56
"GMD",135245,"/Date(1703746395000)/",72200,100,1059200,76667000000,400,true,0.56
"GMD",135227,"/Date(1703746374000)/",72200,500,1059100,76660000000,400,true,0.56
"GMD",135224,"/Date(1703746371000)/",72200,100,1058600,76624000000,400,true,0.56
"GMD",135224,"/Date(1703746370000)/",72400,200,1058500,76617000000,600,false,0.84
"GMD",135215,"/Date(1703746361000)/",72300,700,1058300,76602000000,500,false,0.7
"GMD",135215,"/Date(1703746361000)/",72300,100,1057600,76552000000,500,false,0.7
"GMD",135210,"/Date(1703746356000)/",72300,200,1057500,76544000000,500,true,0.7
"GMD",135207,"/Date(1703746354000)/",72300,100,1057300,76530000000,500,false,0.7
"GMD",135147,"/Date(1703746329000)/",72200,600,1057200,76523000000,400,true,0.56
"GMD",135141,"/Date(1703746324000)/",72200,100,1056600,76479000000,400,true,0.56
"GMD",135105,"/Date(1703746283000)/",72300,100,1056500,76472000000,500,false,0.7
"GMD",135105,"/Date(1703746283000)/",72300,400,1056400,76465000000,500,false,0.7
"GMD",135103,"/Date(1703746277000)/",72300,100,1056000,76436000000,500,true,0.7
"GMD",135100,"/Date(1703746274000)/",72400,200,1055900,76429000000,600,false,0.84
"GMD",135100,"/Date(1703746274000)/",72300,100,1055700,76414000000,500,true,0.7
"GMD",135035,"/Date(1703746244000)/",72300,100,1055600,76407000000,500,true,0.7
"GMD",135030,"/Date(1703746238000)/",72200,500,1055500,76400000000,400,true,0.56
"GMD",135030,"/Date(1703746236000)/",72300,100,1055000,76364000000,500,false,0.7
"GMD",135030,"/Date(1703746236000)/",72300,100,1054900,76357000000,500,false,0.7
"GMD",135030,"/Date(1703746236000)/",72300,1000,1054800,76349000000,500,false,0.7
"GMD",135030,"/Date(1703746236000)/",72300,200,1053800,76277000000,500,false,0.7
"GMD",135025,"/Date(1703746231000)/",72300,100,1053600,76263000000,500,true,0.7
"GMD",134959,"/Date(1703746193000)/",72300,600,1053500,76255000000,500,true,0.7
"GMD",134949,"/Date(1703746184000)/",72300,100,1052900,76212000000,500,true,0.7
"GMD",134945,"/Date(1703746178000)/",72400,200,1052800,76205000000,600,false,0.84
"GMD",134918,"/Date(1703746153000)/",72300,1000,1052600,76190000000,500,false,0.7
"GMD",134918,"/Date(1703746153000)/",72300,1800,1051600,76118000000,500,false,0.7
"GMD",134915,"/Date(1703746151000)/",72300,200,1049800,75988000000,500,false,0.7
"GMD",134915,"/Date(1703746151000)/",72300,100,1049600,75973000000,500,false,0.7
"GMD",134911,"/Date(1703746149000)/",72200,600,1049500,75966000000,400,true,0.56
"GMD",134911,"/Date(1703746146000)/",72200,100,1048900,75923000000,400,true,0.56
"GMD",134901,"/Date(1703746137000)/",72200,100,1048800,75916000000,400,true,0.56
"GMD",134824,"/Date(1703746102000)/",72200,200,1048700,75908000000,400,true,0.56
"GMD",134824,"/Date(1703746102000)/",72200,300,1048500,75894000000,400,true,0.56
"GMD",134811,"/Date(1703746091000)/",72200,100,1048200,75872000000,400,true,0.56
"GMD",134805,"/Date(1703746083000)/",72400,200,1048100,75865000000,600,false,0.84
"GMD",134749,"/Date(1703746067000)/",72200,600,1047900,75851000000,400,true,0.56
"GMD",134749,"/Date(1703746067000)/",72200,100,1047300,75807000000,400,true,0.56
"GMD",134749,"/Date(1703746067000)/",72200,300,1047200,75800000000,400,true,0.56
"GMD",134739,"/Date(1703746057000)/",72200,600,1046900,75778000000,400,true,0.56
"GMD",134736,"/Date(1703746055000)/",72200,100,1046300,75735000000,400,true,0.56
"GMD",134736,"/Date(1703746055000)/",72200,300,1046200,75728000000,400,true,0.56
"GMD",134736,"/Date(1703746055000)/",72200,3000,1045900,75706000000,400,true,0.56
"GMD",134736,"/Date(1703746055000)/",72200,400,1042900,75490000000,400,true,0.56
"GMD",134736,"/Date(1703746055000)/",72200,500,1042500,75461000000,400,true,0.56
"GMD",134736,"/Date(1703746055000)/",72200,300,1042000,75425000000,400,true,0.56
"GMD",134736,"/Date(1703746055000)/",72200,5300,1041700,75403000000,400,true,0.56
"GMD",134736,"/Date(1703746055000)/",72300,100,1036400,75020000000,500,false,0.7
"GMD",134726,"/Date(1703746044000)/",72200,100,1036300,75013000000,400,true,0.56
"GMD",134652,"/Date(1703746012000)/",72200,600,1036200,75006000000,400,true,0.56
"GMD",134638,"/Date(1703746001000)/",72400,3800,1035600,74962000000,600,false,0.84
"GMD",134635,"/Date(1703745998000)/",72200,100,1031800,74687000000,400,true,0.56
"GMD",134625,"/Date(1703745987000)/",72400,200,1031700,74680000000,600,false,0.84
"GMD",134621,"/Date(1703745986000)/",72300,100,1031500,74666000000,500,false,0.7
"GMD",134618,"/Date(1703745980000)/",72300,4900,1031400,74658000000,500,false,0.7
"GMD",134618,"/Date(1703745980000)/",72300,100,1026500,74304000000,500,false,0.7
"GMD",134604,"/Date(1703745967000)/",72200,600,1026400,74297000000,400,true,0.56
"GMD",134557,"/Date(1703745963000)/",72300,100,1025800,74254000000,500,false,0.7
"GMD",134547,"/Date(1703745952000)/",72200,100,1025700,74246000000,400,true,0.56
"GMD",134515,"/Date(1703745922000)/",72200,600,1025600,74239000000,400,true,0.56
"GMD",134511,"/Date(1703745920000)/",72200,900,1025000,74196000000,400,true,0.56
"GMD",134511,"/Date(1703745920000)/",72300,100,1024100,74131000000,500,true,0.7
"GMD",134453,"/Date(1703745906000)/",72300,100,1024000,74124000000,500,true,0.7
"GMD",134449,"/Date(1703745900000)/",72300,2000,1023900,74116000000,500,true,0.7
"GMD",134438,"/Date(1703745892000)/",72400,200,1021900,73972000000,600,false,0.84
"GMD",134423,"/Date(1703745877000)/",72300,500,1021700,73957000000,500,true,0.7
"GMD",134419,"/Date(1703745877000)/",72300,7300,1021200,73921000000,500,true,0.7
"GMD",134403,"/Date(1703745859000)/",72200,100,1013900,73393000000,400,true,0.56
"GMD",134334,"/Date(1703745832000)/",72200,600,1013800,73386000000,400,true,0.56
"GMD",134315,"/Date(1703745813000)/",72200,100,1013200,73343000000,400,true,0.56
"GMD",134315,"/Date(1703745811000)/",72200,100,1013100,73336000000,400,true,0.56
"GMD",134259,"/Date(1703745795000)/",72300,200,1013000,73328000000,500,false,0.7
"GMD",134249,"/Date(1703745786000)/",72200,500,1012800,73314000000,400,true,0.56
"GMD",134246,"/Date(1703745784000)/",72300,100,1012300,73278000000,500,false,0.7
"GMD",134230,"/Date(1703745768000)/",72200,100,1012200,73271000000,400,true,0.56
"GMD",134208,"/Date(1703745745000)/",72300,2400,1012100,73263000000,500,false,0.7
"GMD",134205,"/Date(1703745742000)/",72300,600,1009700,73090000000,500,true,0.7
"GMD",134146,"/Date(1703745722000)/",72300,100,1009100,73046000000,500,true,0.7
"GMD",134142,"/Date(1703745719000)/",72300,1900,1009000,73039000000,500,false,0.7
"GMD",134123,"/Date(1703745699000)/",72300,200,1007100,72902000000,500,false,0.7
"GMD",134120,"/Date(1703745697000)/",72200,200,1006900,72887000000,400,true,0.56
"GMD",134120,"/Date(1703745697000)/",72200,400,1006700,72873000000,400,true,0.56
"GMD",134101,"/Date(1703745676000)/",72200,100,1006300,72844000000,400,true,0.56
"GMD",134054,"/Date(1703745670000)/",72300,600,1006200,72837000000,500,false,0.7
"GMD",134054,"/Date(1703745670000)/",72300,500,1005600,72793000000,500,false,0.7
"GMD",134054,"/Date(1703745670000)/",72300,3900,1005100,72757000000,500,false,0.7
"GMD",134035,"/Date(1703745651000)/",72200,500,1001200,72475000000,400,true,0.56
"GMD",134026,"/Date(1703745644000)/",72200,1000,1000700,72439000000,400,true,0.56
"GMD",134026,"/Date(1703745644000)/",72200,1000,999700,72367000000,400,true,0.56
"GMD",134026,"/Date(1703745644000)/",72200,1000,998700,72295000000,400,true,0.56
"GMD",134013,"/Date(1703745630000)/",72200,100,997700,72223000000,400,true,0.56
"GMD",134013,"/Date(1703745629000)/",72300,100,997600,72215000000,500,false,0.7
"GMD",134013,"/Date(1703745629000)/",72300,100,997500,72208000000,500,false,0.7
"GMD",134013,"/Date(1703745629000)/",72300,300,997400,72201000000,500,false,0.7
"GMD",134013,"/Date(1703745629000)/",72300,2600,997100,72179000000,500,false,0.7
"GMD",133951,"/Date(1703745607000)/",72300,600,994500,71991000000,500,true,0.7
"GMD",133938,"/Date(1703745595000)/",72300,2500,993900,71948000000,500,true,0.7
"GMD",133935,"/Date(1703745592000)/",72300,4300,991400,71767000000,500,true,0.7
"GMD",133935,"/Date(1703745592000)/",72300,700,987100,71456000000,500,true,0.7
"GMD",133928,"/Date(1703745585000)/",72300,100,986400,71406000000,500,true,0.7
"GMD",133906,"/Date(1703745562000)/",72300,500,986300,71398000000,500,true,0.7
"GMD",133843,"/Date(1703745540000)/",72300,100,985800,71362000000,500,true,0.7
"GMD",133818,"/Date(1703745516000)/",72300,600,985700,71355000000,500,true,0.7
"GMD",133805,"/Date(1703745501000)/",72300,200,985100,71312000000,500,true,0.7
"GMD",133805,"/Date(1703745501000)/",72300,100,984900,71297000000,500,true,0.7
"GMD",133805,"/Date(1703745501000)/",72300,200,984800,71290000000,500,true,0.7
"GMD",133759,"/Date(1703745494000)/",72300,100,984600,71276000000,500,true,0.7
"GMD",133743,"/Date(1703745480000)/",72300,100,984500,71268000000,500,true,0.7
"GMD",133733,"/Date(1703745471000)/",72300,100,984400,71261000000,500,true,0.7
"GMD",133733,"/Date(1703745471000)/",72300,100,984300,71254000000,500,true,0.7
"GMD",133733,"/Date(1703745471000)/",72300,300,984200,71247000000,500,true,0.7
"GMD",133730,"/Date(1703745468000)/",72400,300,983900,71225000000,600,false,0.84
"GMD",133710,"/Date(1703745449000)/",72300,100,983600,71203000000,500,true,0.7
"GMD",133648,"/Date(1703745426000)/",72300,600,983500,71196000000,500,true,0.7
"GMD",133635,"/Date(1703745413000)/",72400,500,982900,71153000000,600,false,0.84
"GMD",133626,"/Date(1703745403000)/",72300,100,982400,71116000000,500,true,0.7
"GMD",133619,"/Date(1703745395000)/",72400,600,982300,71109000000,600,false,0.84
"GMD",133619,"/Date(1703745395000)/",72400,100,981700,71066000000,600,false,0.84
"GMD",133619,"/Date(1703745395000)/",72400,3000,981600,71058000000,600,false,0.84
"GMD",133619,"/Date(1703745395000)/",72400,200,978600,70841000000,600,false,0.84
"GMD",133619,"/Date(1703745395000)/",72400,100,978400,70827000000,600,false,0.84
"GMD",133610,"/Date(1703745387000)/",72400,900,978300,70820000000,600,true,0.84
"GMD",133610,"/Date(1703745387000)/",72400,3800,977400,70754000000,600,true,0.84
"GMD",133610,"/Date(1703745387000)/",72400,5000,973600,70479000000,600,true,0.84
"GMD",133610,"/Date(1703745387000)/",72400,300,968600,70117000000,600,true,0.84
"GMD",133603,"/Date(1703745380000)/",72400,600,968300,70096000000,600,true,0.84
"GMD",133600,"/Date(1703745378000)/",72400,2900,967700,70052000000,600,true,0.84
"GMD",133600,"/Date(1703745378000)/",72400,2100,964800,69842000000,600,true,0.84
"GMD",133541,"/Date(1703745359000)/",72400,100,962700,69690000000,600,true,0.84
"GMD",133519,"/Date(1703745336000)/",72500,100,962600,69683000000,700,true,0.97
"GMD",133515,"/Date(1703745332000)/",72500,100,962500,69676000000,700,false,0.97
"GMD",133515,"/Date(1703745332000)/",72500,300,962400,69668000000,700,false,0.97
"GMD",133515,"/Date(1703745332000)/",72500,500,962100,69647000000,700,false,0.97
"GMD",133456,"/Date(1703745313000)/",72400,100,961600,69610000000,600,true,0.84
"GMD",133434,"/Date(1703745291000)/",72400,600,961500,69603000000,600,true,0.84
"GMD",133412,"/Date(1703745268000)/",72400,100,960900,69560000000,600,true,0.84
"GMD",133405,"/Date(1703745263000)/",72400,400,960800,69552000000,600,true,0.84
"GMD",133349,"/Date(1703745246000)/",72400,400,960400,69523000000,600,true,0.84
"GMD",133349,"/Date(1703745246000)/",72400,100,960000,69495000000,600,true,0.84
"GMD",133327,"/Date(1703745223000)/",72400,100,959900,69487000000,600,true,0.84
"GMD",133321,"/Date(1703745216000)/",72500,600,959800,69480000000,700,true,0.97
"GMD",133308,"/Date(1703745205000)/",72500,300,959200,69437000000,700,true,0.97
"GMD",133305,"/Date(1703745200000)/",72500,400,958900,69415000000,700,true,0.97
"GMD",133305,"/Date(1703745200000)/",72500,100,958500,69386000000,700,true,0.97
"GMD",133302,"/Date(1703745199000)/",72500,200,958400,69379000000,700,true,0.97
"GMD",133302,"/Date(1703745199000)/",72500,100,958200,69364000000,700,true,0.97
"GMD",133302,"/Date(1703745199000)/",72500,300,958100,69357000000,700,true,0.97
"GMD",133243,"/Date(1703745178000)/",72500,100,957800,69335000000,700,true,0.97
"GMD",133240,"/Date(1703745169000)/",72500,100,957700,69328000000,700,true,0.97
"GMD",133224,"/Date(1703745158000)/",72500,500,957600,69321000000,700,false,0.97
"GMD",133218,"/Date(1703745155000)/",72500,100,957100,69284000000,700,true,0.97
"GMD",133218,"/Date(1703745154000)/",72500,100,957000,69277000000,700,true,0.97
"GMD",133211,"/Date(1703745147000)/",72500,200,956900,69270000000,700,false,0.97
"GMD",133205,"/Date(1703745142000)/",72500,100,956700,69255000000,700,true,0.97
"GMD",133205,"/Date(1703745142000)/",72500,500,956600,69248000000,700,true,0.97
"GMD",133205,"/Date(1703745142000)/",72500,100,956100,69212000000,700,true,0.97
"GMD",133205,"/Date(1703745142000)/",72500,900,956000,69205000000,700,true,0.97
"GMD",133205,"/Date(1703745142000)/",72500,200,955100,69139000000,700,true,0.97
"GMD",133202,"/Date(1703745138000)/",72500,200,954900,69125000000,700,false,0.97
"GMD",133158,"/Date(1703745134000)/",72400,100,954700,69110000000,600,true,0.84
"GMD",133133,"/Date(1703745109000)/",72400,500,954600,69103000000,600,true,0.84
"GMD",133114,"/Date(1703745089000)/",72400,100,954100,69067000000,600,true,0.84
"GMD",133049,"/Date(1703745065000)/",72400,600,954000,69060000000,600,true,0.84
"GMD",133049,"/Date(1703745063000)/",72500,100,953400,69016000000,700,false,0.97
"GMD",133049,"/Date(1703745063000)/",72500,400,953300,69009000000,700,false,0.97
"GMD",133040,"/Date(1703745054000)/",72500,3800,952900,68980000000,700,false,0.97
"GMD",133040,"/Date(1703745053000)/",72500,200,949100,68704000000,700,false,0.97
"GMD",133033,"/Date(1703745047000)/",72500,200,948900,68690000000,700,false,0.97
"GMD",133030,"/Date(1703745045000)/",72500,100,948700,68675000000,700,false,0.97
"GMD",133030,"/Date(1703745044000)/",72400,100,948600,68668000000,600,true,0.84
"GMD",133027,"/Date(1703745041000)/",72500,300,948500,68661000000,700,false,0.97
"GMD",133027,"/Date(1703745041000)/",72500,200,948200,68639000000,700,false,0.97
"GMD",133012,"/Date(1703745026000)/",72500,400,948000,68625000000,700,false,0.97
"GMD",133012,"/Date(1703745026000)/",72500,100,947600,68596000000,700,false,0.97
"GMD",133005,"/Date(1703745020000)/",72400,500,947500,68588000000,600,true,0.84
"GMD",132947,"/Date(1703745000000)/",72400,100,947000,68552000000,600,true,0.84
"GMD",132940,"/Date(1703744995000)/",72500,200,946900,68545000000,700,false,0.97
"GMD",132940,"/Date(1703744995000)/",72500,2000,946700,68531000000,700,false,0.97
"GMD",132940,"/Date(1703744995000)/",72500,5000,944700,68386000000,700,false,0.97
"GMD",132940,"/Date(1703744995000)/",72500,1000,939700,68023000000,700,false,0.97
"GMD",132940,"/Date(1703744995000)/",72500,1800,938700,67951000000,700,false,0.97
"GMD",132928,"/Date(1703744982000)/",72400,400,936900,67820000000,600,true,0.84
"GMD",132928,"/Date(1703744982000)/",72400,100,936500,67791000000,600,true,0.84
"GMD",132925,"/Date(1703744978000)/",72500,100,936400,67784000000,700,false,0.97
"GMD",132922,"/Date(1703744974000)/",72400,600,936300,67777000000,600,true,0.84
"GMD",132907,"/Date(1703744960000)/",72500,100,935700,67733000000,700,false,0.97
"GMD",132904,"/Date(1703744955000)/",72400,100,935600,67726000000,600,true,0.84
"GMD",132839,"/Date(1703744928000)/",72400,500,935500,67719000000,600,true,0.84
"GMD",132821,"/Date(1703744911000)/",72400,100,935000,67682000000,600,true,0.84
"GMD",132807,"/Date(1703744895000)/",72400,100,934900,67675000000,600,true,0.84
"GMD",132807,"/Date(1703744895000)/",72400,4900,934800,67668000000,600,true,0.84
"GMD",132758,"/Date(1703744883000)/",72400,100,929900,67313000000,600,true,0.84
"GMD",132758,"/Date(1703744883000)/",72400,100,929800,67306000000,600,true,0.84
"GMD",132758,"/Date(1703744883000)/",72400,400,929700,67299000000,600,true,0.84
"GMD",132740,"/Date(1703744866000)/",72400,100,929300,67270000000,600,true,0.84
"GMD",132732,"/Date(1703744855000)/",72500,3000,929200,67263000000,700,false,0.97
"GMD",132732,"/Date(1703744855000)/",72500,100,926200,67045000000,700,false,0.97
"GMD",132732,"/Date(1703744855000)/",72500,100,926100,67038000000,700,false,0.97
"GMD",132732,"/Date(1703744855000)/",72400,1000,926000,67031000000,600,false,0.84
"GMD",132721,"/Date(1703744844000)/",72400,6000,925000,66958000000,600,true,0.84
"GMD",132721,"/Date(1703744844000)/",72400,100,919000,66524000000,600,true,0.84
"GMD",132721,"/Date(1703744844000)/",72400,1400,918900,66516000000,600,true,0.84
"GMD",132721,"/Date(1703744844000)/",72400,500,917500,66415000000,600,true,0.84
"GMD",132721,"/Date(1703744844000)/",72400,300,917000,66379000000,600,true,0.84
"GMD",132721,"/Date(1703744844000)/",72400,700,916700,66357000000,600,true,0.84
"GMD",132718,"/Date(1703744840000)/",72400,300,916000,66307000000,600,true,0.84
"GMD",132718,"/Date(1703744840000)/",72400,100,915700,66285000000,600,true,0.84
"GMD",132718,"/Date(1703744840000)/",72400,100,915600,66278000000,600,true,0.84
"GMD",132718,"/Date(1703744838000)/",72400,600,915500,66270000000,600,true,0.84
"GMD",132710,"/Date(1703744831000)/",72400,100,914900,66227000000,600,true,0.84
"GMD",132701,"/Date(1703744822000)/",72400,100,914800,66220000000,600,true,0.84
"GMD",132640,"/Date(1703744794000)/",72400,500,914700,66212000000,600,true,0.84
"GMD",132626,"/Date(1703744780000)/",72400,100,914200,66176000000,600,true,0.84
"GMD",132626,"/Date(1703744778000)/",72400,100,914100,66169000000,600,true,0.84
"GMD",132613,"/Date(1703744767000)/",72400,500,914000,66162000000,600,true,0.84
"GMD",132553,"/Date(1703744748000)/",72400,600,913500,66126000000,600,true,0.84
"GMD",132539,"/Date(1703744733000)/",72400,100,912900,66082000000,600,true,0.84
"GMD",132516,"/Date(1703744712000)/",72400,500,912800,66075000000,600,true,0.84
"GMD",132506,"/Date(1703744704000)/",72400,500,912300,66039000000,600,true,0.84
"GMD",132453,"/Date(1703744689000)/",72400,100,911800,66002000000,600,true,0.84
"GMD",132447,"/Date(1703744682000)/",72400,300,911700,65995000000,600,true,0.84
"GMD",132440,"/Date(1703744678000)/",72400,700,911400,65973000000,600,true,0.84
"GMD",132421,"/Date(1703744659000)/",72400,600,910700,65923000000,600,true,0.84
"GMD",132414,"/Date(1703744651000)/",72400,300,910100,65879000000,600,true,0.84
"GMD",132408,"/Date(1703744645000)/",72400,100,909800,65858000000,600,true,0.84
"GMD",132338,"/Date(1703744617000)/",72400,400,909700,65850000000,600,true,0.84
"GMD",132338,"/Date(1703744617000)/",72400,100,909300,65821000000,600,true,0.84
"GMD",132335,"/Date(1703744613000)/",72400,500,909200,65814000000,600,true,0.84
"GMD",132321,"/Date(1703744601000)/",72400,100,908700,65778000000,600,true,0.84
"GMD",132318,"/Date(1703744597000)/",72400,2000,908600,65771000000,600,true,0.84
"GMD",132318,"/Date(1703744597000)/",72400,300,906600,65626000000,600,true,0.84
"GMD",132315,"/Date(1703744595000)/",72400,100,906300,65604000000,600,false,0.84
"GMD",132248,"/Date(1703744567000)/",72300,200,906200,65597000000,500,true,0.7
"GMD",132248,"/Date(1703744567000)/",72300,400,906000,65583000000,500,true,0.7
"GMD",132234,"/Date(1703744557000)/",72300,100,905600,65554000000,500,true,0.7
"GMD",132200,"/Date(1703744522000)/",72400,200,905500,65546000000,600,true,0.84
"GMD",132149,"/Date(1703744514000)/",72500,400,905300,65532000000,700,false,0.97
"GMD",132149,"/Date(1703744514000)/",72500,2000,904900,65503000000,700,false,0.97
"GMD",132149,"/Date(1703744514000)/",72500,300,902900,65358000000,700,false,0.97
"GMD",132149,"/Date(1703744514000)/",72400,100,902600,65336000000,600,false,0.84
"GMD",132149,"/Date(1703744514000)/",72400,400,902500,65329000000,600,false,0.84
"GMD",132149,"/Date(1703744513000)/",72300,100,902100,65300000000,500,true,0.7
"GMD",132146,"/Date(1703744511000)/",72400,1600,902000,65293000000,600,false,0.84
"GMD",132146,"/Date(1703744511000)/",72400,1000,900400,65177000000,600,false,0.84
"GMD",132146,"/Date(1703744511000)/",72400,100,899400,65104000000,600,false,0.84
"GMD",132146,"/Date(1703744511000)/",72400,500,899300,65097000000,600,false,0.84
"GMD",132146,"/Date(1703744511000)/",72400,1000,898800,65061000000,600,false,0.84
"GMD",132146,"/Date(1703744511000)/",72400,1000,897800,64989000000,600,false,0.84
"GMD",132146,"/Date(1703744511000)/",72400,4400,896800,64916000000,600,false,0.84
"GMD",132142,"/Date(1703744509000)/",72500,1000,892400,64598000000,700,false,0.97
"GMD",132110,"/Date(1703744479000)/",72500,100,891400,64525000000,700,false,0.97
"GMD",132110,"/Date(1703744478000)/",72400,500,891300,64518000000,600,true,0.84
"GMD",132100,"/Date(1703744469000)/",72400,100,890800,64482000000,600,true,0.84
"GMD",132034,"/Date(1703744443000)/",72500,500,890700,64474000000,700,false,0.97
"GMD",132024,"/Date(1703744433000)/",72400,600,890200,64438000000,600,true,0.84
"GMD",132014,"/Date(1703744425000)/",72400,100,889600,64395000000,600,true,0.84
"GMD",132014,"/Date(1703744425000)/",72500,1000,889500,64388000000,700,false,0.97
"GMD",131958,"/Date(1703744409000)/",72500,100,888500,64315000000,700,false,0.97
"GMD",131958,"/Date(1703744409000)/",72500,400,888400,64308000000,700,false,0.97
"GMD",131946,"/Date(1703744396000)/",72400,300,888000,64279000000,600,true,0.84
"GMD",131936,"/Date(1703744388000)/",72400,500,887700,64257000000,600,true,0.84
"GMD",131933,"/Date(1703744382000)/",72400,100,887200,64221000000,600,true,0.84
"GMD",131911,"/Date(1703744360000)/",72500,500,887100,64214000000,700,false,0.97
"GMD",131851,"/Date(1703744343000)/",72400,600,886600,64177000000,600,true,0.84
"GMD",131848,"/Date(1703744338000)/",72400,100,886000,64134000000,600,true,0.84
"GMD",131807,"/Date(1703744296000)/",72400,600,885900,64127000000,600,true,0.84
"GMD",131804,"/Date(1703744294000)/",72400,100,885300,64083000000,600,true,0.84
"GMD",131754,"/Date(1703744284000)/",72400,100,885200,64076000000,600,true,0.84
"GMD",131722,"/Date(1703744251000)/",72400,500,885100,64069000000,600,true,0.84
"GMD",131719,"/Date(1703744250000)/",72400,100,884600,64033000000,600,true,0.84
"GMD",131716,"/Date(1703744247000)/",72500,100,884500,64025000000,700,false,0.97
"GMD",131709,"/Date(1703744240000)/",72500,4700,884400,64018000000,700,false,0.97
"GMD",131657,"/Date(1703744226000)/",72500,300,879700,63677000000,700,false,0.97
"GMD",131657,"/Date(1703744226000)/",72500,700,879400,63656000000,700,false,0.97
"GMD",131647,"/Date(1703744218000)/",72500,300,878700,63605000000,700,false,0.97
"GMD",131647,"/Date(1703744218000)/",72500,3000,878400,63583000000,700,false,0.97
"GMD",131647,"/Date(1703744218000)/",72500,5000,875400,63366000000,700,false,0.97
"GMD",131647,"/Date(1703744218000)/",72500,500,870400,63003000000,700,false,0.97
"GMD",131647,"/Date(1703744218000)/",72500,1000,869900,62967000000,700,false,0.97
"GMD",131647,"/Date(1703744218000)/",72500,200,868900,62894000000,700,false,0.97
"GMD",131637,"/Date(1703744207000)/",72400,100,868700,62880000000,600,true,0.84
"GMD",131637,"/Date(1703744207000)/",72400,600,868600,62873000000,600,true,0.84
"GMD",131625,"/Date(1703744195000)/",72400,100,868000,62829000000,600,true,0.84
"GMD",131553,"/Date(1703744163000)/",72400,100,867900,62822000000,600,true,0.84
"GMD",131553,"/Date(1703744162000)/",72400,400,867800,62815000000,600,true,0.84
"GMD",131553,"/Date(1703744162000)/",72400,100,867400,62786000000,600,true,0.84
"GMD",131511,"/Date(1703744120000)/",72400,100,867300,62778000000,600,true,0.84
"GMD",131508,"/Date(1703744116000)/",72400,600,867200,62771000000,600,true,0.84
"GMD",131452,"/Date(1703744102000)/",72500,800,866600,62728000000,700,false,0.97
"GMD",131433,"/Date(1703744083000)/",72400,200,865800,62670000000,600,false,0.84
"GMD",131426,"/Date(1703744076000)/",72300,100,865600,62655000000,500,true,0.7
"GMD",131420,"/Date(1703744071000)/",72300,300,865500,62648000000,500,true,0.7
"GMD",131420,"/Date(1703744071000)/",72300,100,865200,62626000000,500,true,0.7
"GMD",131420,"/Date(1703744071000)/",72300,100,865100,62619000000,500,true,0.7
"GMD",131342,"/Date(1703744033000)/",72300,100,865000,62612000000,500,true,0.7
"GMD",131335,"/Date(1703744025000)/",72400,400,864900,62605000000,600,false,0.84
"GMD",131316,"/Date(1703744006000)/",72300,1900,864500,62576000000,500,true,0.7
"GMD",131316,"/Date(1703744006000)/",72300,200,862600,62438000000,500,true,0.7
"GMD",131316,"/Date(1703744006000)/",72400,300,862400,62424000000,600,false,0.84
"GMD",131316,"/Date(1703744006000)/",72400,500,862100,62402000000,600,false,0.84
"GMD",131316,"/Date(1703744006000)/",72400,200,861600,62366000000,600,false,0.84
"GMD",131316,"/Date(1703744006000)/",72300,100,861400,62352000000,500,true,0.7
"GMD",131307,"/Date(1703743997000)/",72300,100,861300,62344000000,500,true,0.7
"GMD",131300,"/Date(1703743991000)/",72300,400,861200,62337000000,500,true,0.7
"GMD",131300,"/Date(1703743990000)/",72300,100,860800,62308000000,500,true,0.7
"GMD",131251,"/Date(1703743980000)/",72300,300,860700,62301000000,500,true,0.7
"GMD",131251,"/Date(1703743980000)/",72300,100,860400,62279000000,500,true,0.7
"GMD",131251,"/Date(1703743980000)/",72300,200,860300,62272000000,500,true,0.7
"GMD",131219,"/Date(1703743948000)/",72400,300,860100,62258000000,600,false,0.84
"GMD",131216,"/Date(1703743946000)/",72400,100,859800,62236000000,600,true,0.84
"GMD",131212,"/Date(1703743942000)/",72400,100,859700,62229000000,600,true,0.84
"GMD",131206,"/Date(1703743936000)/",72400,100,859600,62221000000,600,true,0.84
"GMD",131206,"/Date(1703743936000)/",72400,100,859500,62214000000,600,true,0.84
"GMD",131206,"/Date(1703743936000)/",72400,300,859400,62207000000,600,true,0.84
"GMD",131153,"/Date(1703743923000)/",72500,100,859100,62185000000,700,false,0.97
"GMD",131144,"/Date(1703743912000)/",72500,300,859000,62178000000,700,true,0.97
"GMD",131144,"/Date(1703743912000)/",72500,200,858700,62156000000,700,true,0.97
"GMD",131140,"/Date(1703743910000)/",72500,100,858500,62142000000,700,true,0.97
"GMD",131140,"/Date(1703743907000)/",72500,2700,858400,62134000000,700,true,0.97
"GMD",131140,"/Date(1703743907000)/",72500,100,855700,61939000000,700,true,0.97
"GMD",131140,"/Date(1703743907000)/",72500,5000,855600,61931000000,700,true,0.97
"GMD",131140,"/Date(1703743907000)/",72500,1500,850600,61569000000,700,true,0.97
"GMD",131140,"/Date(1703743907000)/",72500,300,849100,61460000000,700,true,0.97
"GMD",131140,"/Date(1703743907000)/",72500,500,848800,61438000000,700,true,0.97
"GMD",131140,"/Date(1703743907000)/",72500,300,848300,61402000000,700,true,0.97
"GMD",131140,"/Date(1703743907000)/",72500,500,848000,61380000000,700,true,0.97
"GMD",131140,"/Date(1703743907000)/",72500,200,847500,61344000000,700,true,0.97
"GMD",131140,"/Date(1703743907000)/",72500,900,847300,61330000000,700,true,0.97
"GMD",131140,"/Date(1703743903000)/",72500,100,846400,61264000000,700,true,0.97
"GMD",131140,"/Date(1703743900000)/",72600,100,846300,61257000000,800,true,1.11
"GMD",131140,"/Date(1703743900000)/",72600,100,846200,61250000000,800,true,1.11
"GMD",131125,"/Date(1703743894000)/",72600,500,846100,61243000000,800,true,1.11
"GMD",131125,"/Date(1703743894000)/",72600,1500,845600,61206000000,800,true,1.11
"GMD",131125,"/Date(1703743894000)/",72600,1500,844100,61097000000,800,true,1.11
"GMD",131125,"/Date(1703743894000)/",72600,200,842600,60989000000,800,true,1.11
"GMD",131125,"/Date(1703743894000)/",72600,1300,842400,60974000000,800,true,1.11
"GMD",131121,"/Date(1703743891000)/",72600,600,841100,60880000000,800,true,1.11
"GMD",131112,"/Date(1703743881000)/",72600,100,840500,60836000000,800,true,1.11
"GMD",131109,"/Date(1703743878000)/",72600,500,840400,60829000000,800,true,1.11
"GMD",131102,"/Date(1703743872000)/",72600,4500,839900,60793000000,800,true,1.11
"GMD",131102,"/Date(1703743872000)/",72600,3000,835400,60466000000,800,true,1.11
"GMD",131102,"/Date(1703743872000)/",72600,2500,832400,60248000000,800,true,1.11
"GMD",131050,"/Date(1703743860000)/",72600,100,829900,60067000000,800,true,1.11
"GMD",131021,"/Date(1703743831000)/",72600,100,829800,60059000000,800,true,1.11
"GMD",131014,"/Date(1703743823000)/",72600,300,829700,60052000000,800,true,1.11
"GMD",131014,"/Date(1703743823000)/",72600,100,829400,60030000000,800,true,1.11
"GMD",131014,"/Date(1703743823000)/",72600,100,829300,60023000000,800,true,1.11
"GMD",131014,"/Date(1703743823000)/",72600,300,829200,60016000000,800,true,1.11
"GMD",131014,"/Date(1703743823000)/",72600,100,828900,59994000000,800,true,1.11
"GMD",131014,"/Date(1703743823000)/",72600,200,828800,59987000000,800,true,1.11
"GMD",131014,"/Date(1703743823000)/",72600,700,828600,59972000000,800,true,1.11
"GMD",131014,"/Date(1703743823000)/",72600,200,827900,59921000000,800,true,1.11
"GMD",131008,"/Date(1703743817000)/",72600,100,827700,59907000000,800,true,1.11
"GMD",130955,"/Date(1703743806000)/",72700,100,827600,59900000000,900,false,1.25
"GMD",130955,"/Date(1703743806000)/",72700,400,827500,59892000000,900,false,1.25
"GMD",130936,"/Date(1703743785000)/",72600,100,827100,59863000000,800,true,1.11
"GMD",130933,"/Date(1703743782000)/",72700,200,827000,59856000000,900,false,1.25
"GMD",130923,"/Date(1703743774000)/",72600,100,826800,59841000000,800,true,1.11
"GMD",130923,"/Date(1703743772000)/",72700,400,826700,59834000000,900,true,1.25
"GMD",130917,"/Date(1703743766000)/",72700,200,826300,59805000000,900,true,1.25
"GMD",130917,"/Date(1703743766000)/",72700,200,826100,59790000000,900,true,1.25
"GMD",130917,"/Date(1703743766000)/",72700,100,825900,59776000000,900,true,1.25
"GMD",130917,"/Date(1703743766000)/",72700,2200,825800,59769000000,900,true,1.25
"GMD",130917,"/Date(1703743766000)/",72700,1300,823600,59609000000,900,true,1.25
"GMD",130901,"/Date(1703743751000)/",72700,5000,822300,59514000000,900,true,1.25
"GMD",130901,"/Date(1703743749000)/",72700,100,817300,59151000000,900,true,1.25
"GMD",130842,"/Date(1703743732000)/",72800,1500,817200,59143000000,1000,false,1.39
"GMD",130842,"/Date(1703743731000)/",72700,100,815700,59034000000,900,true,1.25
"GMD",130833,"/Date(1703743722000)/",72800,900,815600,59027000000,1000,false,1.39
"GMD",130833,"/Date(1703743721000)/",72800,4100,814700,58961000000,1000,false,1.39
"GMD",130826,"/Date(1703743715000)/",72800,5000,810600,58663000000,1000,true,1.39
"GMD",130820,"/Date(1703743709000)/",72800,1000,805600,58299000000,1000,true,1.39
"GMD",130820,"/Date(1703743709000)/",72800,2000,804600,58226000000,1000,true,1.39
"GMD",130820,"/Date(1703743709000)/",72800,2900,802600,58081000000,1000,true,1.39
"GMD",130817,"/Date(1703743704000)/",72800,100,799700,57869000000,1000,false,1.39
"GMD",130810,"/Date(1703743701000)/",72800,500,799600,57862000000,1000,true,1.39
"GMD",130810,"/Date(1703743701000)/",72800,1000,799100,57826000000,1000,true,1.39
"GMD",130810,"/Date(1703743701000)/",72800,600,798100,57753000000,1000,true,1.39
"GMD",130810,"/Date(1703743701000)/",72800,500,797500,57709000000,1000,true,1.39
"GMD",130810,"/Date(1703743701000)/",72800,200,797000,57673000000,1000,true,1.39
"GMD",130810,"/Date(1703743701000)/",72800,2200,796800,57658000000,1000,true,1.39
"GMD",130810,"/Date(1703743701000)/",72800,500,794600,57498000000,1000,true,1.39
"GMD",130807,"/Date(1703743695000)/",72800,500,794100,57462000000,1000,true,1.39
"GMD",130807,"/Date(1703743695000)/",72800,400,793600,57425000000,1000,true,1.39
"GMD",130758,"/Date(1703743688000)/",72800,100,793200,57396000000,1000,true,1.39
"GMD",130758,"/Date(1703743686000)/",72800,1300,793100,57389000000,1000,true,1.39
"GMD",130758,"/Date(1703743686000)/",72800,100,791800,57294000000,1000,true,1.39
"GMD",130758,"/Date(1703743686000)/",72800,3600,791700,57287000000,1000,true,1.39
"GMD",130732,"/Date(1703743660000)/",72800,100,788100,57025000000,1000,true,1.39
"GMD",130717,"/Date(1703743645000)/",72800,100,788000,57018000000,1000,true,1.39
"GMD",130714,"/Date(1703743643000)/",72800,500,787900,57010000000,1000,true,1.39
"GMD",130714,"/Date(1703743643000)/",72800,500,787400,56974000000,1000,true,1.39
"GMD",130714,"/Date(1703743642000)/",72900,100,786900,56938000000,1100,false,1.53
"GMD",130707,"/Date(1703743635000)/",72800,5000,786800,56930000000,1000,true,1.39
"GMD",130645,"/Date(1703743613000)/",72900,300,781800,56566000000,1100,false,1.53
"GMD",130633,"/Date(1703743602000)/",72800,100,781500,56544000000,1000,true,1.39
"GMD",130614,"/Date(1703743582000)/",72900,200,781400,56537000000,1100,true,1.53
"GMD",130602,"/Date(1703743569000)/",72900,100,781200,56523000000,1100,true,1.53
"GMD",130602,"/Date(1703743567000)/",72900,100,781100,56515000000,1100,true,1.53
"GMD",130555,"/Date(1703743564000)/",72900,300,781000,56508000000,1100,false,1.53
"GMD",130555,"/Date(1703743564000)/",72900,100,780700,56486000000,1100,false,1.53
"GMD",130552,"/Date(1703743559000)/",72900,100,780600,56479000000,1100,false,1.53
"GMD",130552,"/Date(1703743559000)/",72900,100,780500,56472000000,1100,false,1.53
"GMD",130552,"/Date(1703743559000)/",72800,100,780400,56464000000,1000,true,1.39
"GMD",130534,"/Date(1703743540000)/",72900,1000,780300,56457000000,1100,false,1.53
"GMD",130522,"/Date(1703743528000)/",72900,300,779300,56384000000,1100,true,1.53
"GMD",130522,"/Date(1703743528000)/",73000,200,779000,56362000000,1200,false,1.67
"GMD",130519,"/Date(1703743524000)/",72900,900,778800,56348000000,1100,true,1.53
"GMD",130519,"/Date(1703743524000)/",72900,700,777900,56282000000,1100,true,1.53
"GMD",130519,"/Date(1703743524000)/",72900,400,777200,56231000000,1100,true,1.53
"GMD",130516,"/Date(1703743521000)/",72900,4600,776800,56202000000,1100,true,1.53
"GMD",130516,"/Date(1703743521000)/",72900,300,772200,55867000000,1100,true,1.53
"GMD",130516,"/Date(1703743520000)/",72900,200,771900,55845000000,1100,true,1.53
"GMD",130509,"/Date(1703743516000)/",72900,100,771700,55830000000,1100,true,1.53
"GMD",130506,"/Date(1703743511000)/",72900,100,771600,55823000000,1100,true,1.53
"GMD",130445,"/Date(1703743490000)/",73000,200,771500,55815000000,1200,false,1.67
"GMD",130445,"/Date(1703743488000)/",72900,1000,771300,55801000000,1100,true,1.53
"GMD",130445,"/Date(1703743488000)/",72900,500,770300,55728000000,1100,true,1.53
"GMD",130445,"/Date(1703743488000)/",72900,600,769800,55692000000,1100,true,1.53
"GMD",130445,"/Date(1703743488000)/",72900,700,769200,55648000000,1100,true,1.53
"GMD",130445,"/Date(1703743488000)/",72900,300,768500,55597000000,1100,true,1.53
"GMD",130442,"/Date(1703743486000)/",73000,500,768200,55575000000,1200,false,1.67
"GMD",130442,"/Date(1703743485000)/",72900,300,767700,55538000000,1100,true,1.53
"GMD",130430,"/Date(1703743474000)/",72900,1000,767400,55517000000,1100,true,1.53
"GMD",130430,"/Date(1703743473000)/",72900,100,766400,55444000000,1100,true,1.53
"GMD",130418,"/Date(1703743459000)/",73000,100,766300,55436000000,1200,false,1.67
"GMD",130404,"/Date(1703743443000)/",73000,100,766200,55429000000,1200,false,1.67
"GMD",130404,"/Date(1703743443000)/",73000,100,766100,55422000000,1200,false,1.67
"GMD",130404,"/Date(1703743443000)/",73000,100,766000,55414000000,1200,false,1.67
"GMD",130404,"/Date(1703743443000)/",73000,100,765900,55407000000,1200,false,1.67
"GMD",130404,"/Date(1703743443000)/",73100,700,765800,55400000000,1300,false,1.81
"GMD",130404,"/Date(1703743443000)/",73100,900,765100,55349000000,1300,false,1.81
"GMD",130401,"/Date(1703743442000)/",73200,100,764200,55283000000,1400,false,1.95
"GMD",130401,"/Date(1703743441000)/",73200,600,764100,55276000000,1400,false,1.95
"GMD",130401,"/Date(1703743440000)/",73100,400,763500,55232000000,1300,true,1.81
"GMD",130401,"/Date(1703743440000)/",73100,100,763100,55202000000,1300,true,1.81
"GMD",130401,"/Date(1703743440000)/",73100,500,763000,55195000000,1300,true,1.81
"GMD",130401,"/Date(1703743439000)/",73100,200,762500,55159000000,1300,true,1.81
"GMD",130358,"/Date(1703743438000)/",73100,1500,762300,55144000000,1300,true,1.81
"GMD",130352,"/Date(1703743431000)/",73200,200,760800,55034000000,1400,false,1.95
"GMD",130352,"/Date(1703743430000)/",73100,100,760600,55020000000,1300,true,1.81
"GMD",130349,"/Date(1703743429000)/",73200,300,760500,55012000000,1400,false,1.95
"GMD",130329,"/Date(1703743406000)/",73200,8300,760200,54990000000,1400,false,1.95
"GMD",130323,"/Date(1703743400000)/",73100,300,751900,54383000000,1300,true,1.81
"GMD",130323,"/Date(1703743398000)/",73100,100,751600,54361000000,1300,true,1.81
"GMD",130318,"/Date(1703743394000)/",73100,300,751500,54354000000,1300,true,1.81
"GMD",130318,"/Date(1703743394000)/",73100,100,751200,54332000000,1300,true,1.81
"GMD",130318,"/Date(1703743394000)/",73100,1900,751100,54324000000,1300,true,1.81
"GMD",130318,"/Date(1703743392000)/",73000,100,749200,54185000000,1200,true,1.67
"GMD",130315,"/Date(1703743390000)/",73100,1300,749100,54178000000,1300,false,1.81
"GMD",130312,"/Date(1703743388000)/",73000,100,747800,54083000000,1200,true,1.67
"GMD",130251,"/Date(1703743365000)/",73100,1800,747700,54076000000,1300,false,1.81
"GMD",130248,"/Date(1703743363000)/",73200,1400,745900,53944000000,1400,false,1.95
"GMD",130248,"/Date(1703743363000)/",73200,100,744500,53842000000,1400,false,1.95
"GMD",130248,"/Date(1703743361000)/",72900,100,744400,53834000000,1100,true,1.53
"GMD",130231,"/Date(1703743345000)/",72900,100,744300,53827000000,1100,true,1.53
"GMD",130218,"/Date(1703743334000)/",72900,4500,744200,53820000000,1100,true,1.53
"GMD",130218,"/Date(1703743334000)/",73000,500,739700,53492000000,1200,false,1.67
"GMD",130208,"/Date(1703743322000)/",72900,3600,739200,53455000000,1100,true,1.53
"GMD",130208,"/Date(1703743322000)/",73000,300,735600,53193000000,1200,false,1.67
"GMD",130208,"/Date(1703743322000)/",73000,4700,735300,53171000000,1200,false,1.67
"GMD",130205,"/Date(1703743319000)/",73000,3100,730600,52828000000,1200,true,1.67
"GMD",130205,"/Date(1703743319000)/",73000,600,727500,52602000000,1200,true,1.67
"GMD",130205,"/Date(1703743319000)/",73000,100,726900,52558000000,1200,true,1.67
"GMD",130205,"/Date(1703743319000)/",73000,1000,726800,52550000000,1200,true,1.67
"GMD",130205,"/Date(1703743319000)/",73000,500,725800,52477000000,1200,true,1.67
"GMD",130201,"/Date(1703743315000)/",73300,500,725300,52441000000,1500,false,2.09
"GMD",130201,"/Date(1703743315000)/",73300,100,724800,52404000000,1500,false,2.09
"GMD",130201,"/Date(1703743315000)/",73200,500,724700,52397000000,1400,false,1.95
"GMD",130201,"/Date(1703743315000)/",73200,500,724200,52360000000,1400,false,1.95
"GMD",130201,"/Date(1703743315000)/",73200,100,723700,52324000000,1400,false,1.95
"GMD",130201,"/Date(1703743315000)/",73200,100,723600,52316000000,1400,false,1.95
"GMD",130201,"/Date(1703743315000)/",73200,100,723500,52309000000,1400,false,1.95
"GMD",130201,"/Date(1703743315000)/",73200,100,723400,52302000000,1400,false,1.95
"GMD",130148,"/Date(1703743304000)/",73000,500,723300,52294000000,1200,true,1.67
"GMD",130148,"/Date(1703743304000)/",73000,500,722800,52258000000,1200,true,1.67
"GMD",130148,"/Date(1703743303000)/",73100,100,722300,52221000000,1300,false,1.81
"GMD",130148,"/Date(1703743302000)/",73100,100,722200,52214000000,1300,false,1.81
"GMD",130142,"/Date(1703743297000)/",73100,100,722100,52207000000,1300,true,1.81
"GMD",130135,"/Date(1703743291000)/",73100,500,722000,52200000000,1300,false,1.81
"GMD",130135,"/Date(1703743290000)/",73100,500,721500,52163000000,1300,false,1.81
"GMD",130135,"/Date(1703743290000)/",73100,100,721000,52126000000,1300,false,1.81
"GMD",130123,"/Date(1703743280000)/",73000,100,720900,52119000000,1200,true,1.67
"GMD",130113,"/Date(1703743270000)/",73000,5000,720800,52112000000,1200,true,1.67
"GMD",130106,"/Date(1703743261000)/",73000,100,715800,51747000000,1200,true,1.67
"GMD",130103,"/Date(1703743260000)/",73000,100,715700,51740000000,1200,true,1.67
"GMD",130100,"/Date(1703743257000)/",73000,2800,715600,51732000000,1200,false,1.67
"GMD",130100,"/Date(1703743257000)/",73000,100,712800,51528000000,1200,false,1.67
"GMD",130100,"/Date(1703743257000)/",73000,100,712700,51521000000,1200,false,1.67
"GMD",130100,"/Date(1703743257000)/",73000,100,712600,51513000000,1200,false,1.67
"GMD",130100,"/Date(1703743257000)/",73000,600,712500,51506000000,1200,false,1.67
"GMD",130100,"/Date(1703743257000)/",73000,100,711900,51462000000,1200,false,1.67
"GMD",130100,"/Date(1703743257000)/",73000,200,711800,51455000000,1200,false,1.67
"GMD",130100,"/Date(1703743257000)/",73000,100,711600,51440000000,1200,false,1.67
"GMD",130100,"/Date(1703743257000)/",73000,3000,711500,51433000000,1200,false,1.67
"GMD",130100,"/Date(1703743257000)/",73000,3000,708500,51214000000,1200,false,1.67
"GMD",130100,"/Date(1703743257000)/",73000,3000,705500,50995000000,1200,false,1.67
"GMD",130100,"/Date(1703743257000)/",73000,5000,702500,50776000000,1200,false,1.67
"GMD",130100,"/Date(1703743257000)/",73000,400,697500,50411000000,1200,false,1.67
"GMD",130100,"/Date(1703743257000)/",73000,500,697100,50382000000,1200,false,1.67
"GMD",130100,"/Date(1703743257000)/",73000,1000,696600,50345000000,1200,false,1.67
"GMD",130100,"/Date(1703743257000)/",73000,2000,695600,50272000000,1200,false,1.67
"GMD",130100,"/Date(1703743257000)/",73000,800,693600,50126000000,1200,false,1.67
"GMD",130057,"/Date(1703743253000)/",73000,400,692800,50068000000,1200,false,1.67
"GMD",130057,"/Date(1703743253000)/",73000,8800,692400,50039000000,1200,false,1.67
"GMD",130057,"/Date(1703743253000)/",73000,100,683600,49396000000,1200,false,1.67
"GMD",130057,"/Date(1703743253000)/",73000,100,683500,49389000000,1200,false,1.67
"GMD",130057,"/Date(1703743253000)/",73000,100,683400,49382000000,1200,false,1.67
"GMD",130057,"/Date(1703743253000)/",73000,100,683300,49374000000,1200,false,1.67
"GMD",130057,"/Date(1703743253000)/",73000,100,683200,49367000000,1200,false,1.67
"GMD",130057,"/Date(1703743253000)/",73000,2700,683100,49360000000,1200,false,1.67
"GMD",130053,"/Date(1703743250000)/",73000,300,680400,49163000000,1200,false,1.67
"GMD",130053,"/Date(1703743250000)/",73000,100,680100,49141000000,1200,false,1.67
"GMD",130053,"/Date(1703743250000)/",73000,100,680000,49133000000,1200,false,1.67
"GMD",130053,"/Date(1703743250000)/",73000,100,679900,49126000000,1200,false,1.67
"GMD",130037,"/Date(1703743230000)/",73000,200,679800,49119000000,1200,false,1.67
"GMD",130037,"/Date(1703743223000)/",73000,300,679600,49104000000,1200,false,1.67
"GMD",130037,"/Date(1703743223000)/",73000,1000,679300,49082000000,1200,false,1.67
"GMD",130037,"/Date(1703743223000)/",73000,400,678300,49009000000,1200,false,1.67
"GMD",130037,"/Date(1703743223000)/",73000,2000,677900,48980000000,1200,false,1.67
"GMD",130037,"/Date(1703743223000)/",73000,400,675900,48834000000,1200,false,1.67
"GMD",130037,"/Date(1703743223000)/",72900,2700,675500,48805000000,1100,true,1.53
"GMD",130037,"/Date(1703743221000)/",72900,800,672800,48608000000,1100,true,1.53
"GMD",130037,"/Date(1703743221000)/",72900,700,672000,48550000000,1100,true,1.53
"GMD",130037,"/Date(1703743221000)/",72900,800,671300,48499000000,1100,true,1.53
"GMD",130034,"/Date(1703743216000)/",72900,100,670500,48440000000,1100,true,1.53
"GMD",130034,"/Date(1703743215000)/",72900,100,670400,48433000000,1100,true,1.53
"GMD",130031,"/Date(1703743214000)/",72900,100,670300,48426000000,1100,true,1.53
"GMD",130031,"/Date(1703743214000)/",72900,100,670200,48419000000,1100,true,1.53
"GMD",130031,"/Date(1703743213000)/",73000,100,670100,48411000000,1200,false,1.67
"GMD",130027,"/Date(1703743208000)/",72900,200,670000,48404000000,1100,true,1.53
"GMD",130027,"/Date(1703743208000)/",72800,2600,669800,48389000000,1000,false,1.39
"GMD",130027,"/Date(1703743206000)/",72800,2000,667200,48200000000,1000,false,1.39
"GMD",130027,"/Date(1703743206000)/",72800,100,665200,48055000000,1000,false,1.39
"GMD",130027,"/Date(1703743206000)/",72800,2300,665100,48047000000,1000,false,1.39
"GMD",130027,"/Date(1703743206000)/",72800,2700,662800,47880000000,1000,false,1.39
"GMD",130027,"/Date(1703743206000)/",72800,400,660100,47683000000,1000,false,1.39
"GMD",130027,"/Date(1703743206000)/",72800,900,659700,47654000000,1000,false,1.39
"GMD",130027,"/Date(1703743206000)/",72900,200,658800,47589000000,1100,true,1.53
"GMD",130027,"/Date(1703743206000)/",72900,100,658600,47574000000,1100,true,1.53
"GMD",130027,"/Date(1703743206000)/",72900,900,658500,47567000000,1100,true,1.53
"GMD",130027,"/Date(1703743206000)/",72900,100,657600,47501000000,1100,true,1.53
"GMD",130027,"/Date(1703743206000)/",72900,1700,657500,47494000000,1100,true,1.53
"GMD",130027,"/Date(1703743206000)/",72900,100,655800,47370000000,1100,true,1.53
"GMD",130027,"/Date(1703743205000)/",72900,200,655700,47363000000,1100,true,1.53
"GMD",130027,"/Date(1703743205000)/",72900,1800,655500,47348000000,1100,true,1.53
"GMD",130024,"/Date(1703743204000)/",72900,100,653700,47217000000,1100,true,1.53
"GMD",130024,"/Date(1703743202000)/",72900,100,653600,47210000000,1100,true,1.53
"GMD",130021,"/Date(1703743201000)/",72900,100,653500,47202000000,1100,false,1.53
"GMD",130021,"/Date(1703743201000)/",72900,400,653400,47195000000,1100,false,1.53
"GMD",130021,"/Date(1703743201000)/",72900,100,653000,47166000000,1100,false,1.53
"GMD",130021,"/Date(1703743201000)/",72900,200,652900,47158000000,1100,false,1.53
"GMD",130018,"/Date(1703743201000)/",72900,200,652700,47144000000,1100,false,1.53
"GMD",130018,"/Date(1703743200000)/",72800,100,652500,47129000000,1000,true,1.39
"GMD",130014,"/Date(1703743200000)/",72900,200,652400,47122000000,1100,false,1.53
"GMD",130014,"/Date(1703743200000)/",72800,200,652200,47107000000,1000,true,1.39
"GMD",130014,"/Date(1703743200000)/",72800,1000,652000,47093000000,1000,true,1.39
"GMD",130014,"/Date(1703743200000)/",72800,100,651000,47020000000,1000,true,1.39
"GMD",130014,"/Date(1703743200000)/",72900,400,650900,47013000000,1100,false,1.53
"GMD",130014,"/Date(1703743200000)/",72900,600,650500,46984000000,1100,false,1.53
"GMD",130014,"/Date(1703743200000)/",72900,200,649900,46940000000,1100,false,1.53
"GMD",130014,"/Date(1703743200000)/",72900,100,649700,46925000000,1100,false,1.53
"GMD",130014,"/Date(1703743200000)/",72900,100,649600,46918000000,1100,false,1.53
"GMD",130014,"/Date(1703743200000)/",72900,600,649500,46911000000,1100,false,1.53
"GMD",130014,"/Date(1703743200000)/",72900,5000,648900,46867000000,1100,false,1.53
"GMD",112957,"/Date(1703737793000)/",72900,400,643900,46503000000,1100,false,1.53
"GMD",112957,"/Date(1703737793000)/",72900,200,643500,46473000000,1100,false,1.53
"GMD",112944,"/Date(1703737781000)/",72800,200,643300,46459000000,1000,true,1.39
"GMD",112931,"/Date(1703737768000)/",72800,100,643100,46444000000,1000,true,1.39
"GMD",112928,"/Date(1703737766000)/",72800,100,643000,46437000000,1000,false,1.39
"GMD",112928,"/Date(1703737766000)/",72800,900,642900,46430000000,1000,false,1.39
"GMD",112928,"/Date(1703737766000)/",72800,600,642000,46364000000,1000,false,1.39
"GMD",112928,"/Date(1703737765000)/",72800,100,641400,46320000000,1000,false,1.39
"GMD",112921,"/Date(1703737759000)/",72800,400,641300,46313000000,1000,false,1.39
"GMD",112921,"/Date(1703737759000)/",72800,100,640900,46284000000,1000,false,1.39
"GMD",112915,"/Date(1703737752000)/",72700,100,640800,46277000000,900,true,1.25
"GMD",112915,"/Date(1703737752000)/",72700,100,640700,46270000000,900,true,1.25
"GMD",112915,"/Date(1703737752000)/",72700,500,640600,46262000000,900,true,1.25
"GMD",112915,"/Date(1703737752000)/",72700,100,640100,46226000000,900,true,1.25
"GMD",112915,"/Date(1703737752000)/",72700,300,640000,46219000000,900,true,1.25
"GMD",112915,"/Date(1703737752000)/",72700,4100,639700,46197000000,900,true,1.25
"GMD",112915,"/Date(1703737751000)/",72600,100,635600,45899000000,800,true,1.11
"GMD",112905,"/Date(1703737745000)/",72600,600,635500,45891000000,800,false,1.11
"GMD",112905,"/Date(1703737745000)/",72600,100,634900,45848000000,800,false,1.11
"GMD",112905,"/Date(1703737745000)/",72600,1100,634800,45841000000,800,false,1.11
"GMD",112905,"/Date(1703737744000)/",72600,300,633700,45761000000,800,false,1.11
"GMD",112902,"/Date(1703737742000)/",72600,100,633400,45739000000,800,false,1.11
"GMD",112902,"/Date(1703737740000)/",72600,300,633300,45732000000,800,false,1.11
"GMD",112902,"/Date(1703737739000)/",72600,1000,633000,45710000000,800,false,1.11
"GMD",112846,"/Date(1703737725000)/",72600,100,632000,45637000000,800,false,1.11
"GMD",112846,"/Date(1703737725000)/",72600,500,631900,45630000000,800,false,1.11
"GMD",112846,"/Date(1703737724000)/",72600,600,631400,45594000000,800,false,1.11
"GMD",112840,"/Date(1703737717000)/",72600,1000,630800,45550000000,800,false,1.11
"GMD",112840,"/Date(1703737717000)/",72600,400,629800,45478000000,800,false,1.11
"GMD",112840,"/Date(1703737716000)/",72500,4000,629400,45449000000,700,false,0.97
"GMD",112824,"/Date(1703737701000)/",72500,6000,625400,45159000000,700,true,0.97
"GMD",112814,"/Date(1703737693000)/",72600,100,619400,44724000000,800,false,1.11
"GMD",112802,"/Date(1703737678000)/",72500,94000,619300,44716000000,700,false,0.97
"GMD",112758,"/Date(1703737677000)/",72500,500,525300,37901000000,700,false,0.97
"GMD",112755,"/Date(1703737674000)/",72500,500,524800,37865000000,700,true,0.97
"GMD",112755,"/Date(1703737674000)/",72500,3400,524300,37829000000,700,true,0.97
"GMD",112752,"/Date(1703737671000)/",72500,500,520900,37582000000,700,false,0.97
"GMD",112752,"/Date(1703737671000)/",72500,600,520400,37546000000,700,false,0.97
"GMD",112733,"/Date(1703737649000)/",72500,99400,519800,37503000000,700,false,0.97
"GMD",112733,"/Date(1703737649000)/",72500,100,420400,30296000000,700,false,0.97
"GMD",112733,"/Date(1703737649000)/",72500,200,420300,30289000000,700,false,0.97
"GMD",112733,"/Date(1703737649000)/",72500,300,420100,30274000000,700,false,0.97
"GMD",112714,"/Date(1703737631000)/",72400,100,419800,30253000000,600,true,0.84
"GMD",112701,"/Date(1703737618000)/",72500,600,419700,30245000000,700,false,0.97
"GMD",112635,"/Date(1703737592000)/",72500,1000,419100,30202000000,700,false,0.97
"GMD",112629,"/Date(1703737586000)/",72500,600,418100,30129000000,700,false,0.97
"GMD",112619,"/Date(1703737577000)/",72500,500,417500,30086000000,700,false,0.97
"GMD",112619,"/Date(1703737577000)/",72500,900,417000,30050000000,700,false,0.97
"GMD",112619,"/Date(1703737577000)/",72500,2000,416100,29984000000,700,false,0.97
"GMD",112619,"/Date(1703737577000)/",72500,500,414100,29839000000,700,false,0.97
"GMD",112619,"/Date(1703737577000)/",72500,2000,413600,29803000000,700,false,0.97
"GMD",112619,"/Date(1703737577000)/",72500,1800,411600,29658000000,700,false,0.97
"GMD",112613,"/Date(1703737571000)/",72500,600,409800,29528000000,700,false,0.97
"GMD",112544,"/Date(1703737542000)/",72400,100,409200,29484000000,600,true,0.84
"GMD",112538,"/Date(1703737536000)/",72400,100,409100,29477000000,600,true,0.84
"GMD",112538,"/Date(1703737536000)/",72400,400,409000,29470000000,600,true,0.84
"GMD",112456,"/Date(1703737494000)/",72500,600,408600,29441000000,700,false,0.97
"GMD",112453,"/Date(1703737490000)/",72400,2100,408000,29397000000,600,true,0.84
"GMD",112444,"/Date(1703737482000)/",72400,1800,405900,29245000000,600,false,0.84
"GMD",112441,"/Date(1703737480000)/",72400,500,404100,29115000000,600,false,0.84
"GMD",112425,"/Date(1703737463000)/",72400,600,403600,29079000000,600,false,0.84
"GMD",112425,"/Date(1703737463000)/",72400,100,403000,29035000000,600,false,0.84
"GMD",112425,"/Date(1703737463000)/",72400,300,402900,29028000000,600,false,0.84
"GMD",112415,"/Date(1703737454000)/",72300,100,402600,29006000000,500,true,0.7
"GMD",112343,"/Date(1703737422000)/",72300,100,402500,28999000000,500,true,0.7
"GMD",112343,"/Date(1703737422000)/",72300,1600,402400,28992000000,500,true,0.7
"GMD",112324,"/Date(1703737402000)/",72300,400,400800,28876000000,500,false,0.7
"GMD",112324,"/Date(1703737402000)/",72300,200,400400,28847000000,500,false,0.7
"GMD",112249,"/Date(1703737366000)/",72100,100,400200,28833000000,300,true,0.42
"GMD",112246,"/Date(1703737364000)/",72300,600,400100,28825000000,500,false,0.7
"GMD",112211,"/Date(1703737328000)/",72100,100,399500,28782000000,300,true,0.42
"GMD",112211,"/Date(1703737328000)/",72100,1000,399400,28775000000,300,true,0.42
"GMD",112211,"/Date(1703737328000)/",72100,500,398400,28703000000,300,true,0.42
"GMD",112211,"/Date(1703737328000)/",72100,500,397900,28667000000,300,true,0.42
"GMD",112211,"/Date(1703737328000)/",72100,1000,397400,28631000000,300,true,0.42
"GMD",112211,"/Date(1703737328000)/",72100,1900,396400,28559000000,300,true,0.42
"GMD",112204,"/Date(1703737323000)/",72300,200,394500,28422000000,500,false,0.7
"GMD",112204,"/Date(1703737323000)/",72300,1000,394300,28407000000,500,false,0.7
"GMD",112204,"/Date(1703737323000)/",72300,3800,393300,28335000000,500,false,0.7
"GMD",112123,"/Date(1703737280000)/",72300,600,389500,28060000000,500,false,0.7
"GMD",112120,"/Date(1703737279000)/",72100,100,388900,28017000000,300,true,0.42
"GMD",112022,"/Date(1703737220000)/",72300,600,388800,28010000000,500,false,0.7
"GMD",111953,"/Date(1703737191000)/",72000,100,388200,27966000000,200,true,0.28
"GMD",111947,"/Date(1703737184000)/",72300,600,388100,27959000000,500,false,0.7
"GMD",111937,"/Date(1703737177000)/",72100,200,387500,27916000000,300,false,0.42
"GMD",111937,"/Date(1703737177000)/",72100,2000,387300,27901000000,300,false,0.42
"GMD",111937,"/Date(1703737177000)/",72100,800,385300,27757000000,300,false,0.42
"GMD",111909,"/Date(1703737148000)/",72100,2200,384500,27699000000,300,true,0.42
"GMD",111909,"/Date(1703737148000)/",72100,800,382300,27541000000,300,true,0.42
"GMD",111824,"/Date(1703737103000)/",72100,100,381500,27483000000,300,true,0.42
"GMD",111752,"/Date(1703737071000)/",72300,200,381400,27476000000,500,false,0.7
"GMD",111730,"/Date(1703737048000)/",72300,600,381200,27461000000,500,false,0.7
"GMD",111658,"/Date(1703737015000)/",72100,100,380600,27418000000,300,true,0.42
"GMD",111648,"/Date(1703737006000)/",72300,500,380500,27411000000,500,false,0.7
"GMD",111600,"/Date(1703736957000)/",72300,100,380000,27375000000,500,false,0.7
"GMD",111600,"/Date(1703736957000)/",72300,1900,379900,27367000000,500,false,0.7
"GMD",111538,"/Date(1703736935000)/",72000,400,378000,27230000000,200,true,0.28
"GMD",111528,"/Date(1703736928000)/",72000,100,377600,27201000000,200,true,0.28
"GMD",111431,"/Date(1703736869000)/",72300,600,377500,27194000000,500,false,0.7
"GMD",111402,"/Date(1703736840000)/",72000,100,376900,27151000000,200,true,0.28
"GMD",111359,"/Date(1703736838000)/",72000,900,376800,27143000000,200,true,0.28
"GMD",111359,"/Date(1703736838000)/",72000,900,375900,27079000000,200,true,0.28
"GMD",111359,"/Date(1703736838000)/",72000,200,375000,27014000000,200,true,0.28
"GMD",111359,"/Date(1703736838000)/",72000,500,374800,26999000000,200,true,0.28
"GMD",111359,"/Date(1703736838000)/",72100,1600,374300,26963000000,300,true,0.42
"GMD",111359,"/Date(1703736838000)/",72100,400,372700,26848000000,300,true,0.42
"GMD",111359,"/Date(1703736838000)/",72100,200,372300,26819000000,300,true,0.42
"GMD",111359,"/Date(1703736838000)/",72100,500,372100,26805000000,300,true,0.42
"GMD",111359,"/Date(1703736838000)/",72100,800,371600,26769000000,300,true,0.42
"GMD",111340,"/Date(1703736819000)/",72100,100,370800,26711000000,300,true,0.42
"GMD",111236,"/Date(1703736753000)/",72100,100,370700,26704000000,300,true,0.42
"GMD",111155,"/Date(1703736714000)/",72100,100,370600,26697000000,300,true,0.42
"GMD",111107,"/Date(1703736665000)/",72100,100,370500,26689000000,300,false,0.42
"GMD",111104,"/Date(1703736660000)/",72300,500,370400,26682000000,500,false,0.7
"GMD",111029,"/Date(1703736627000)/",72300,100,369900,26646000000,500,true,0.7
"GMD",111019,"/Date(1703736617000)/",72000,500,369800,26639000000,200,true,0.28
"GMD",111019,"/Date(1703736617000)/",72000,10000,369300,26603000000,200,true,0.28
"GMD",111019,"/Date(1703736617000)/",72000,500,359300,25883000000,200,true,0.28
"GMD",111019,"/Date(1703736617000)/",72000,1000,358800,25847000000,200,true,0.28
"GMD",111019,"/Date(1703736617000)/",72000,500,357800,25775000000,200,true,0.28
"GMD",111019,"/Date(1703736617000)/",72000,500,357300,25739000000,200,true,0.28
"GMD",111019,"/Date(1703736617000)/",72000,2500,356800,25703000000,200,true,0.28
"GMD",111019,"/Date(1703736617000)/",72100,200,354300,25523000000,300,false,0.42
"GMD",111019,"/Date(1703736617000)/",72100,1000,354100,25508000000,300,false,0.42
"GMD",111019,"/Date(1703736617000)/",72100,500,353100,25436000000,300,false,0.42
"GMD",111019,"/Date(1703736617000)/",72100,600,352600,25400000000,300,false,0.42
"GMD",111019,"/Date(1703736617000)/",72100,1000,352000,25357000000,300,false,0.42
"GMD",111019,"/Date(1703736617000)/",72200,100,351000,25285000000,400,false,0.56
"GMD",111019,"/Date(1703736617000)/",72200,300,350900,25278000000,400,false,0.56
"GMD",111019,"/Date(1703736617000)/",72200,200,350600,25256000000,400,false,0.56
"GMD",111019,"/Date(1703736617000)/",72200,500,350400,25242000000,400,false,0.56
"GMD",111019,"/Date(1703736617000)/",72200,100,349900,25205000000,400,false,0.56
"GMD",110941,"/Date(1703736578000)/",72200,100,349800,25198000000,400,true,0.56
"GMD",110934,"/Date(1703736572000)/",72200,1000,349700,25191000000,400,true,0.56
"GMD",110906,"/Date(1703736544000)/",72300,20000,348700,25119000000,500,false,0.7
"GMD",110906,"/Date(1703736542000)/",72300,100,328700,23673000000,500,false,0.7
"GMD",110846,"/Date(1703736526000)/",72200,500,328600,23666000000,400,false,0.56
"GMD",110834,"/Date(1703736512000)/",72200,500,328100,23629000000,400,false,0.56
"GMD",110811,"/Date(1703736491000)/",72000,100,327600,23593000000,200,true,0.28
"GMD",110759,"/Date(1703736478000)/",72100,50000,327500,23586000000,300,false,0.42
"GMD",110733,"/Date(1703736450000)/",72000,7400,277500,19981000000,200,true,0.28
"GMD",110733,"/Date(1703736450000)/",72000,2600,270100,19448000000,200,true,0.28
"GMD",110730,"/Date(1703736449000)/",72400,200,267500,19261000000,600,false,0.84
"GMD",110714,"/Date(1703736433000)/",72000,1000,267300,19247000000,200,true,0.28
"GMD",110714,"/Date(1703736433000)/",72000,400,266300,19175000000,200,true,0.28
"GMD",110714,"/Date(1703736433000)/",72000,100,265900,19146000000,200,true,0.28
"GMD",110714,"/Date(1703736433000)/",72000,1000,265800,19139000000,200,true,0.28
"GMD",110714,"/Date(1703736433000)/",72000,600,264800,19067000000,200,true,0.28
"GMD",110714,"/Date(1703736433000)/",72000,1000,264200,19024000000,200,true,0.28
"GMD",110714,"/Date(1703736432000)/",72400,500,263200,18952000000,600,false,0.84
"GMD",110652,"/Date(1703736411000)/",72400,300,262700,18915000000,600,false,0.84
"GMD",110645,"/Date(1703736404000)/",72000,100,262400,18894000000,200,true,0.28
"GMD",110613,"/Date(1703736371000)/",72000,3900,262300,18886000000,200,true,0.28
"GMD",110613,"/Date(1703736371000)/",72000,5000,258400,18606000000,200,true,0.28
"GMD",110613,"/Date(1703736371000)/",72000,1000,253400,18246000000,200,true,0.28
"GMD",110613,"/Date(1703736371000)/",72000,100,252400,18174000000,200,true,0.28
"GMD",110613,"/Date(1703736371000)/",72000,800,252300,18166000000,200,true,0.28
"GMD",110613,"/Date(1703736371000)/",72100,1300,251500,18109000000,300,true,0.42
"GMD",110613,"/Date(1703736371000)/",72100,1000,250200,18015000000,300,true,0.42
"GMD",110613,"/Date(1703736371000)/",72100,2500,249200,17943000000,300,true,0.42
"GMD",110613,"/Date(1703736371000)/",72200,100,246700,17763000000,400,true,0.56
"GMD",110613,"/Date(1703736371000)/",72200,500,246600,17755000000,400,true,0.56
"GMD",110613,"/Date(1703736371000)/",72200,200,246100,17719000000,400,true,0.56
"GMD",110613,"/Date(1703736371000)/",72200,600,245900,17705000000,400,true,0.56
"GMD",110604,"/Date(1703736362000)/",72500,400,245300,17662000000,700,false,0.97
"GMD",110604,"/Date(1703736362000)/",72300,100,244900,17633000000,500,false,0.7
"GMD",110557,"/Date(1703736356000)/",72300,200,244800,17625000000,500,true,0.7
"GMD",110554,"/Date(1703736354000)/",72300,500,244600,17611000000,500,true,0.7
"GMD",110554,"/Date(1703736354000)/",72300,500,244100,17575000000,500,true,0.7
"GMD",110529,"/Date(1703736326000)/",72300,100,243600,17539000000,500,true,0.7
"GMD",110519,"/Date(1703736317000)/",72300,100,243500,17531000000,500,true,0.7
"GMD",110503,"/Date(1703736302000)/",72300,1000,243400,17524000000,500,true,0.7
"GMD",110441,"/Date(1703736280000)/",72300,4000,242400,17452000000,500,true,0.7
"GMD",110441,"/Date(1703736280000)/",72300,500,238400,17163000000,500,true,0.7
"GMD",110441,"/Date(1703736280000)/",72300,1500,237900,17127000000,500,true,0.7
"GMD",110359,"/Date(1703736238000)/",72200,500,236400,17018000000,400,true,0.56
"GMD",110359,"/Date(1703736238000)/",72200,100,235900,16982000000,400,true,0.56
"GMD",110359,"/Date(1703736238000)/",72200,1400,235800,16975000000,400,true,0.56
"GMD",110353,"/Date(1703736229000)/",72700,500,234400,16874000000,900,false,1.25
"GMD",110353,"/Date(1703736229000)/",72600,500,233900,16837000000,800,false,1.11
"GMD",110353,"/Date(1703736229000)/",72600,100,233400,16801000000,800,false,1.11
"GMD",110353,"/Date(1703736229000)/",72200,100,233300,16794000000,400,true,0.56
"GMD",110350,"/Date(1703736227000)/",72600,100,233200,16787000000,800,false,1.11
"GMD",110346,"/Date(1703736224000)/",72700,400,233100,16779000000,900,false,1.25
"GMD",110337,"/Date(1703736215000)/",72700,700,232700,16750000000,900,false,1.25
"GMD",110327,"/Date(1703736206000)/",72700,100,232000,16699000000,900,false,1.25
"GMD",110327,"/Date(1703736206000)/",72700,100,231900,16692000000,900,false,1.25
"GMD",110327,"/Date(1703736206000)/",72500,800,231800,16685000000,700,false,0.97
"GMD",110324,"/Date(1703736202000)/",72500,600,231000,16627000000,700,false,0.97
"GMD",110324,"/Date(1703736202000)/",72600,300,230400,16583000000,800,false,1.11
"GMD",110324,"/Date(1703736202000)/",72600,800,230100,16561000000,800,false,1.11
"GMD",110315,"/Date(1703736194000)/",72600,100,229300,16503000000,800,false,1.11
"GMD",110315,"/Date(1703736194000)/",72600,100,229200,16496000000,800,false,1.11
"GMD",110315,"/Date(1703736191000)/",72600,200,229100,16489000000,800,false,1.11
"GMD",110308,"/Date(1703736187000)/",72600,1300,228900,16474000000,800,false,1.11
"GMD",110308,"/Date(1703736186000)/",72500,4400,227600,16380000000,700,true,0.97
"GMD",110308,"/Date(1703736186000)/",72500,1500,223200,16061000000,700,true,0.97
"GMD",110308,"/Date(1703736186000)/",72500,14100,221700,15952000000,700,true,0.97
"GMD",110308,"/Date(1703736186000)/",72600,1000,207600,14930000000,800,false,1.11
"GMD",110308,"/Date(1703736186000)/",72600,100,206600,14857000000,800,false,1.11
"GMD",110249,"/Date(1703736168000)/",72500,500,206500,14850000000,700,false,0.97
"GMD",110249,"/Date(1703736168000)/",72500,100,206000,14814000000,700,false,0.97
"GMD",110249,"/Date(1703736168000)/",72500,2000,205900,14807000000,700,false,0.97
"GMD",110249,"/Date(1703736168000)/",72500,3100,203900,14662000000,700,false,0.97
"GMD",110249,"/Date(1703736168000)/",72500,100,200800,14437000000,700,false,0.97
"GMD",110249,"/Date(1703736168000)/",72500,500,200700,14430000000,700,false,0.97
"GMD",110249,"/Date(1703736168000)/",72500,500,200200,14393000000,700,false,0.97
"GMD",110249,"/Date(1703736168000)/",72500,100,199700,14357000000,700,false,0.97
"GMD",110249,"/Date(1703736168000)/",72500,300,199600,14350000000,700,false,0.97
"GMD",110249,"/Date(1703736168000)/",72500,600,199300,14328000000,700,false,0.97
"GMD",110249,"/Date(1703736168000)/",72500,1900,198700,14285000000,700,false,0.97
"GMD",110249,"/Date(1703736168000)/",72500,100,196800,14147000000,700,false,0.97
"GMD",110249,"/Date(1703736168000)/",72500,1100,196700,14140000000,700,false,0.97
"GMD",110249,"/Date(1703736168000)/",72400,5000,195600,14060000000,600,false,0.84
"GMD",110239,"/Date(1703736157000)/",72500,1100,190600,13698000000,700,false,0.97
"GMD",110239,"/Date(1703736157000)/",72400,300,189500,13618000000,600,false,0.84
"GMD",110239,"/Date(1703736157000)/",72400,800,189200,13596000000,600,false,0.84
"GMD",110239,"/Date(1703736157000)/",72400,100,188400,13538000000,600,false,0.84
