"Stockcode","Package","TradingDate","Price","Vol","TotalVol","TotalVal","Change","IsBuy","PerChange"
"L14",144508,"/Date(1703749501000)/",45100,10400,239133,10732225400,400,false,0.89
"L14",142944,"/Date(1703748584000)/",45000,100,228733,10263185400,300,false,0.67
"L14",142933,"/Date(1703748573000)/",45000,100,228633,10258685400,300,false,0.67
"L14",142930,"/Date(1703748570000)/",45000,800,228533,10254185400,300,true,0.67
"L14",142930,"/Date(1703748569000)/",45000,300,227733,10218185400,300,true,0.67
"L14",142929,"/Date(1703748568000)/",45000,1000,227433,10204685400,300,true,0.67
"L14",142922,"/Date(1703748561000)/",45000,1000,226433,10159685400,300,true,0.67
"L14",142917,"/Date(1703748557000)/",45000,100,225433,10114685400,300,true,0.67
"L14",142845,"/Date(1703748525000)/",45000,100,225333,10110185400,300,true,0.67
"L14",142814,"/Date(1703748494000)/",45100,1400,225233,10105685400,400,false,0.89
"L14",142809,"/Date(1703748489000)/",45000,300,223833,10042595400,300,true,0.67
"L14",142803,"/Date(1703748483000)/",45000,100,223533,10029095400,300,true,0.67
"L14",142754,"/Date(1703748474000)/",45000,200,223433,10024595400,300,true,0.67
"L14",142751,"/Date(1703748471000)/",45000,700,223233,10015595400,300,true,0.67
"L14",142748,"/Date(1703748468000)/",45000,800,222533,9984095400,300,true,0.67
"L14",142729,"/Date(1703748449000)/",45000,1000,221733,9948095400,300,true,0.67
"L14",142707,"/Date(1703748427000)/",45000,1000,220733,9903095400,300,true,0.67
"L14",142645,"/Date(1703748405000)/",45000,500,219733,9858095400,300,true,0.67
"L14",142638,"/Date(1703748398000)/",45000,2600,219233,9835595400,300,true,0.67
"L14",142629,"/Date(1703748389000)/",45000,700,216633,9718595400,300,true,0.67
"L14",142621,"/Date(1703748381000)/",45000,200,215933,9687095400,300,true,0.67
"L14",142618,"/Date(1703748378000)/",45000,700,215733,9678095400,300,true,0.67
"L14",142543,"/Date(1703748343000)/",45000,100,215033,9646595400,300,true,0.67
"L14",142535,"/Date(1703748335000)/",45000,200,214933,9642095400,300,true,0.67
"L14",142505,"/Date(1703748305000)/",45000,1000,214733,9633095400,300,true,0.67
"L14",142215,"/Date(1703748135000)/",45000,1000,213733,9588095400,300,true,0.67
"L14",142211,"/Date(1703748131000)/",45000,100,212733,9543095400,300,true,0.67
"L14",142201,"/Date(1703748121000)/",45000,700,212633,9538595400,300,true,0.67
"L14",142139,"/Date(1703748099000)/",45000,1400,211933,9507095400,300,true,0.67
"L14",142120,"/Date(1703748080000)/",45100,2000,210533,9444095400,400,false,0.89
"L14",142110,"/Date(1703748070000)/",45000,200,208533,9353895400,300,true,0.67
"L14",142012,"/Date(1703748012000)/",45100,800,208333,9344895400,400,false,0.89
"L14",141916,"/Date(1703747956000)/",45100,1200,207533,9308815400,400,false,0.89
"L14",141841,"/Date(1703747921000)/",45100,800,206333,9254695400,400,false,0.89
"L14",141840,"/Date(1703747920000)/",45100,200,205533,9218615400,400,true,0.89
"L14",141812,"/Date(1703747892000)/",45100,400,205333,9209595400,400,false,0.89
"L14",141739,"/Date(1703747859000)/",45100,900,204933,9191555400,400,true,0.89
"L14",141713,"/Date(1703747833000)/",45100,300,204033,9150965400,400,true,0.89
"L14",141650,"/Date(1703747810000)/",45100,500,203733,9137435400,400,false,0.89
"L14",141550,"/Date(1703747750000)/",45000,900,203233,9114885400,300,true,0.67
"L14",141538,"/Date(1703747738000)/",45100,2200,202333,9074325400,400,true,0.89
"L14",141535,"/Date(1703747735000)/",45100,200,200133,8975105400,400,false,0.89
"L14",141531,"/Date(1703747731000)/",45100,500,199933,8966085400,400,false,0.89
"L14",141519,"/Date(1703747719000)/",45100,1000,199433,8943535400,400,false,0.89
"L14",141517,"/Date(1703747717000)/",45100,2000,198433,8898435400,400,false,0.89
"L14",141445,"/Date(1703747685000)/",45100,900,196433,8808235400,400,false,0.89
"L14",141429,"/Date(1703747669000)/",45000,100,195533,8767645400,300,true,0.67
"L14",141428,"/Date(1703747668000)/",45100,300,195433,8763145400,400,false,0.89
"L14",141419,"/Date(1703747659000)/",45000,2000,195133,8749615400,300,true,0.67
"L14",141413,"/Date(1703747653000)/",45100,500,193133,8659615400,400,false,0.89
"L14",141402,"/Date(1703747642000)/",45100,800,192633,8637065400,400,false,0.89
"L14",141351,"/Date(1703747631000)/",45000,600,191833,8600985400,300,true,0.67
"L14",141142,"/Date(1703747502000)/",45000,100,191233,8573985400,300,true,0.67
"L14",141139,"/Date(1703747499000)/",45000,200,191133,8569485400,300,true,0.67
"L14",141111,"/Date(1703747471000)/",45000,500,190933,8560485400,300,true,0.67
"L14",141016,"/Date(1703747416000)/",45000,100,190433,8537985400,300,true,0.67
"L14",140950,"/Date(1703747390000)/",45000,1600,190333,8533485400,300,true,0.67
"L14",140913,"/Date(1703747352000)/",45000,1300,188733,8461485400,300,false,0.67
"L14",140859,"/Date(1703747338000)/",45000,200,187433,8402985400,300,false,0.67
"L14",140821,"/Date(1703747300000)/",45000,300,187233,8393985400,300,true,0.67
"L14",140731,"/Date(1703747250000)/",45000,200,186933,8380485400,300,false,0.67
"L14",140725,"/Date(1703747245000)/",45000,100,186733,8371485400,300,false,0.67
"L14",140256,"/Date(1703746976000)/",45000,500,186633,8366985400,300,false,0.67
"L14",135956,"/Date(1703746796000)/",45000,500,186133,8344485400,300,false,0.67
"L14",135854,"/Date(1703746734000)/",45000,1300,185633,8321985400,300,true,0.67
"L14",135847,"/Date(1703746727000)/",45000,1100,184333,8263485400,300,true,0.67
"L14",135809,"/Date(1703746689000)/",45000,100,183233,8213985400,300,true,0.67
"L14",135759,"/Date(1703746679000)/",45100,100,183133,8209485400,400,false,0.89
"L14",135709,"/Date(1703746629000)/",45000,100,183033,8204975400,300,true,0.67
"L14",135506,"/Date(1703746506000)/",45100,600,182933,8200475400,400,false,0.89
"L14",135429,"/Date(1703746469000)/",45100,1300,182333,8173415400,400,true,0.89
"L14",135320,"/Date(1703746400000)/",45100,100,181033,8114785400,400,true,0.89
"L14",135304,"/Date(1703746384000)/",45200,800,180933,8110275400,500,false,1.12
"L14",135249,"/Date(1703746369000)/",45100,500,180133,8074115400,400,true,0.89
"L14",135223,"/Date(1703746343000)/",45100,100,179633,8051565400,400,true,0.89
"L14",135204,"/Date(1703746324000)/",45200,100,179533,8047055400,500,false,1.12
"L14",135144,"/Date(1703746304000)/",45200,100,179433,8042535400,500,false,1.12
"L14",135130,"/Date(1703746290000)/",45200,100,179333,8038015400,500,true,1.12
"L14",134951,"/Date(1703746191000)/",45200,100,179233,8033495400,500,false,1.12
"L14",134923,"/Date(1703746163000)/",45200,1000,179133,8028975400,500,false,1.12
"L14",134855,"/Date(1703746135000)/",45200,100,178133,7983775400,500,true,1.12
"L14",134849,"/Date(1703746129000)/",45200,100,178033,7979255400,500,false,1.12
"L14",134839,"/Date(1703746119000)/",45200,800,177933,7974735400,500,false,1.12
"L14",134822,"/Date(1703746102000)/",45200,3000,177133,7938575400,500,false,1.12
"L14",134759,"/Date(1703746079000)/",45100,1000,174133,7802995400,400,false,0.89
"L14",134756,"/Date(1703746076000)/",45100,2,173133,7757895400,400,false,0.89
"L14",134706,"/Date(1703746026000)/",45100,600,173131,7757805200,400,false,0.89
"L14",134648,"/Date(1703746008000)/",45100,100,172531,7730745200,400,false,0.89
"L14",134641,"/Date(1703746001000)/",45100,200,172431,7726235200,400,false,0.89
"L14",134432,"/Date(1703745872000)/",45100,500,172231,7717215200,400,false,0.89
"L14",134412,"/Date(1703745852000)/",45100,300,171731,7694665200,400,false,0.89
"L14",134147,"/Date(1703745707000)/",45100,3000,171431,7681135200,400,false,0.89
"L14",134014,"/Date(1703745614000)/",45000,1000,168431,7545835200,300,true,0.67
"L14",133949,"/Date(1703745589000)/",45000,1000,167431,7500835200,300,true,0.67
"L14",133916,"/Date(1703745556000)/",45000,100,166431,7455835200,300,true,0.67
"L14",133758,"/Date(1703745478000)/",45100,800,166331,7451335200,400,false,0.89
"L14",133749,"/Date(1703745468000)/",45100,1300,165531,7415255200,400,true,0.89
"L14",133556,"/Date(1703745355000)/",45200,100,164231,7356625200,500,false,1.12
"L14",133550,"/Date(1703745349000)/",45200,500,164131,7352105200,500,false,1.12
"L14",133533,"/Date(1703745333000)/",45200,600,163631,7329505200,500,false,1.12
"L14",133517,"/Date(1703745317000)/",45200,1500,163031,7302385200,500,false,1.12
"L14",133436,"/Date(1703745275000)/",45100,100,161531,7234585200,400,true,0.89
"L14",133346,"/Date(1703745226000)/",45100,200,161431,7230075200,400,true,0.89
"L14",133241,"/Date(1703745161000)/",45200,500,161231,7221055200,500,false,1.12
"L14",133220,"/Date(1703745140000)/",45200,53,160731,7198455200,500,false,1.12
"L14",133146,"/Date(1703745106000)/",45200,1500,160678,7196070200,500,false,1.12
"L14",133145,"/Date(1703745105000)/",45100,300,159178,7128290200,400,false,0.89
"L14",133138,"/Date(1703745098000)/",45100,700,158878,7114760200,400,true,0.89
"L14",133128,"/Date(1703745088000)/",45000,1900,158178,7083190200,300,true,0.67
"L14",133125,"/Date(1703745085000)/",45000,9000,156278,6997690200,300,false,0.67
"L14",133108,"/Date(1703745068000)/",45000,100,147278,6592690200,300,false,0.67
"L14",133048,"/Date(1703745048000)/",45000,37,147178,6588190200,300,false,0.67
"L14",133043,"/Date(1703745043000)/",45000,3000,147141,6586525200,300,false,0.67
"L14",133013,"/Date(1703745013000)/",45000,1500,144141,6451525200,300,false,0.67
"L14",133010,"/Date(1703745010000)/",45000,20,142641,6384025200,300,false,0.67
"L14",132839,"/Date(1703744919000)/",45000,100,142621,6383127200,300,false,0.67
"L14",132835,"/Date(1703744915000)/",45000,100,142521,6378627200,300,false,0.67
"L14",132748,"/Date(1703744868000)/",45000,5000,142421,6374127200,300,false,0.67
"L14",132742,"/Date(1703744862000)/",45000,5000,137421,6149127200,300,false,0.67
"L14",132729,"/Date(1703744849000)/",44900,200,132421,5924127200,200,true,0.45
"L14",132718,"/Date(1703744838000)/",45000,100,132221,5915147200,300,false,0.67
"L14",132629,"/Date(1703744789000)/",44900,100,132121,5910647200,200,false,0.45
"L14",132605,"/Date(1703744765000)/",44900,100,132021,5906157200,200,false,0.45
"L14",132604,"/Date(1703744764000)/",44900,200,131921,5901667200,200,false,0.45
"L14",132559,"/Date(1703744759000)/",44900,100,131721,5892687200,200,true,0.45
"L14",132436,"/Date(1703744676000)/",44900,500,131621,5888197200,200,false,0.45
"L14",132418,"/Date(1703744658000)/",44800,1300,131121,5865747200,100,true,0.22
"L14",132417,"/Date(1703744657000)/",44900,700,129821,5807507200,200,false,0.45
"L14",132228,"/Date(1703744548000)/",44800,700,129121,5776077200,100,true,0.22
"L14",132103,"/Date(1703744463000)/",44800,500,128421,5744657200,100,true,0.22
"L14",132057,"/Date(1703744457000)/",44800,100,127921,5722257200,100,false,0.22
"L14",131939,"/Date(1703744379000)/",44800,700,127821,5717777200,100,true,0.22
"L14",131920,"/Date(1703744360000)/",44800,2700,127121,5686417200,100,true,0.22
"L14",131805,"/Date(1703744285000)/",44900,200,124421,5565457200,200,false,0.45
"L14",131743,"/Date(1703744263000)/",44900,400,124221,5556477200,200,false,0.45
"L14",131741,"/Date(1703744261000)/",44900,100,123821,5538517200,200,true,0.45
"L14",131700,"/Date(1703744220000)/",44900,100,123721,5534027200,200,true,0.45
"L14",131659,"/Date(1703744219000)/",44900,1000,123621,5529537200,200,true,0.45
"L14",131559,"/Date(1703744159000)/",44900,500,122621,5484637200,200,true,0.45
"L14",131514,"/Date(1703744114000)/",44900,600,122121,5462187200,200,true,0.45
"L14",131505,"/Date(1703744105000)/",44900,100,121521,5435247200,200,true,0.45
"L14",131303,"/Date(1703743983000)/",44900,200,121421,5430757200,200,true,0.45
"L14",131300,"/Date(1703743980000)/",45000,700,121221,5421777200,300,false,0.67
"L14",131157,"/Date(1703743917000)/",44900,1000,120521,5390277200,200,true,0.45
"L14",131134,"/Date(1703743894000)/",44900,700,119521,5345377200,200,true,0.45
"L14",131126,"/Date(1703743886000)/",44900,100,118821,5313947200,200,true,0.45
"L14",130952,"/Date(1703743792000)/",44900,100,118721,5309457200,200,true,0.45
"L14",130821,"/Date(1703743701000)/",44900,800,118621,5304967200,200,true,0.45
"L14",130820,"/Date(1703743700000)/",44800,200,117821,5269047200,100,true,0.22
"L14",130803,"/Date(1703743683000)/",44800,100,117621,5260087200,100,false,0.22
"L14",130729,"/Date(1703743649000)/",44800,500,117521,5255607200,100,false,0.22
"L14",130627,"/Date(1703743587000)/",44800,2500,117021,5233207200,100,false,0.22
"L14",130525,"/Date(1703743525000)/",44800,200,114521,5121207200,100,false,0.22
"L14",130342,"/Date(1703743422000)/",44700,100,114321,5112247200,0,true,0
"L14",112606,"/Date(1703737566000)/",44700,15,114221,5107777200,0,true,0
"L14",112507,"/Date(1703737507000)/",44700,1000,114206,5107110400,0,true,0
"L14",112403,"/Date(1703737443000)/",44800,50,113206,5062410400,100,false,0.22
"L14",112340,"/Date(1703737420000)/",44800,500,113156,5060180400,100,false,0.22
"L14",112322,"/Date(1703737402000)/",44700,100,112656,5037780400,0,true,0
"L14",112220,"/Date(1703737340000)/",44800,1000,112556,5033310400,100,false,0.22
"L14",111625,"/Date(1703736984000)/",44700,600,111556,4988510400,0,true,0
"L14",111536,"/Date(1703736935000)/",44700,1000,110956,4961690400,0,true,0
"L14",110733,"/Date(1703736452000)/",44800,400,109956,4916990400,100,false,0.22
"L14",110717,"/Date(1703736436000)/",44700,100,109556,4899070400,0,true,0
"L14",110259,"/Date(1703736178000)/",44800,200,109456,4894600400,100,false,0.22
"L14",110109,"/Date(1703736069000)/",44700,600,109256,4885640400,0,true,0
"L14",105716,"/Date(1703735836000)/",44700,200,108656,4858820400,0,true,0
"L14",105650,"/Date(1703735810000)/",44800,500,108456,4849880400,100,false,0.22
"L14",105553,"/Date(1703735753000)/",44800,200,107956,4827480400,100,false,0.22
"L14",105513,"/Date(1703735713000)/",44800,600,107756,4818520400,100,false,0.22
"L14",105433,"/Date(1703735673000)/",44800,100,107156,4791640400,100,false,0.22
"L14",105350,"/Date(1703735630000)/",44800,1200,107056,4787160400,100,false,0.22
"L14",105159,"/Date(1703735519000)/",44800,300,105856,4733400400,100,true,0.22
"L14",104940,"/Date(1703735380000)/",45000,500,105556,4719960400,300,false,0.67
"L14",104931,"/Date(1703735371000)/",44800,1000,105056,4697460400,100,true,0.22
"L14",104913,"/Date(1703735353000)/",44900,2000,104056,4652660400,200,true,0.45
"L14",104653,"/Date(1703735213000)/",45000,300,102056,4562860400,300,false,0.67
"L14",103409,"/Date(1703734448000)/",45000,2400,101756,4549360400,300,false,0.67
"L14",103158,"/Date(1703734317000)/",45000,100,99356,4441360400,300,true,0.67
"L14",103126,"/Date(1703734285000)/",45000,400,99256,4436860400,300,true,0.67
"L14",103035,"/Date(1703734234000)/",45000,1000,98856,4418860400,300,false,0.67
"L14",103031,"/Date(1703734230000)/",45000,1100,97856,4373860400,300,false,0.67
"L14",103025,"/Date(1703734224000)/",45000,500,96756,4324360400,300,true,0.67
"L14",103022,"/Date(1703734221000)/",45000,800,96256,4301860400,300,true,0.67
"L14",102712,"/Date(1703734031000)/",45000,500,95456,4265860400,300,false,0.67
"L14",102422,"/Date(1703733862000)/",45000,100,94956,4243360400,300,false,0.67
"L14",102335,"/Date(1703733815000)/",45000,100,94856,4238860400,300,false,0.67
"L14",102301,"/Date(1703733781000)/",45000,4000,94756,4234360400,300,false,0.67
"L14",102239,"/Date(1703733758000)/",44900,500,90756,4054360400,200,false,0.45
"L14",102128,"/Date(1703733688000)/",44900,5000,90256,4031910400,200,false,0.45
"L14",101731,"/Date(1703733451000)/",44700,800,85256,3807410400,0,true,0
"L14",101415,"/Date(1703733255000)/",44700,100,84456,3771650400,0,true,0
"L14",101412,"/Date(1703733252000)/",44700,11,84356,3767180400,0,true,0
"L14",101338,"/Date(1703733218000)/",44700,1900,84345,3766689800,0,false,0
"L14",101333,"/Date(1703733213000)/",44700,500,82445,3681759800,0,false,0
"L14",101327,"/Date(1703733207000)/",44700,2000,81945,3659409800,0,false,0
"L14",101311,"/Date(1703733191000)/",44700,3000,79945,3570009800,0,false,0
"L14",101308,"/Date(1703733188000)/",44700,100,76945,3435909800,0,false,0
"L14",101242,"/Date(1703733162000)/",44700,300,76845,3431439800,0,false,0
"L14",101238,"/Date(1703733158000)/",44700,1000,76545,3418029800,0,false,0
"L14",101223,"/Date(1703733143000)/",44700,500,75545,3373329800,0,false,0
"L14",101137,"/Date(1703733097000)/",44700,100,75045,3350979800,0,false,0
"L14",101050,"/Date(1703733050000)/",44700,5000,74945,3346509800,0,false,0
"L14",101023,"/Date(1703733023000)/",44700,1100,69945,3123009800,0,false,0
"L14",100817,"/Date(1703732897000)/",44700,600,68845,3073839800,0,false,0
"L14",100800,"/Date(1703732880000)/",44700,4,68245,3047019800,0,false,0
"L14",100722,"/Date(1703732842000)/",44700,5000,68241,3046841400,0,false,0
"L14",100721,"/Date(1703732841000)/",44600,40,63241,2823341400,-100,true,-0.22
"L14",100633,"/Date(1703732793000)/",44600,200,63201,2821557400,-100,true,-0.22
"L14",100618,"/Date(1703732778000)/",44600,300,63001,2812637400,-100,true,-0.22
"L14",100613,"/Date(1703732773000)/",44600,200,62701,2799257400,-100,true,-0.22
"L14",100438,"/Date(1703732678000)/",44600,1000,62501,2790337400,-100,true,-0.22
"L14",100238,"/Date(1703732558000)/",44600,1000,61501,2745737400,-100,true,-0.22
"L14",100210,"/Date(1703732530000)/",44600,20,60501,2701137400,-100,true,-0.22
"L14",100149,"/Date(1703732509000)/",44600,500,60481,2700245400,-100,true,-0.22
"L14",100057,"/Date(1703732457000)/",44600,6800,59981,2677945400,-100,true,-0.22
"L14",100043,"/Date(1703732443000)/",44600,300,53181,2374665400,-100,false,-0.22
"L14",100016,"/Date(1703732415000)/",44600,700,52881,2361285400,-100,false,-0.22
"L14",95833,"/Date(1703732312000)/",44600,100,52181,2330065400,-100,false,-0.22
"L14",95818,"/Date(1703732297000)/",44600,100,52081,2325605400,-100,false,-0.22
"L14",95711,"/Date(1703732230000)/",44600,600,51981,2321145400,-100,false,-0.22
"L14",95710,"/Date(1703732229000)/",44500,200,51381,2294385400,-200,true,-0.45
"L14",95622,"/Date(1703732181000)/",44500,1000,51181,2285485400,-200,true,-0.45
"L14",95608,"/Date(1703732167000)/",44500,1000,50181,2240985400,-200,true,-0.45
"L14",95450,"/Date(1703732089000)/",44500,69,49181,2196485400,-200,true,-0.45
"L14",95428,"/Date(1703732067000)/",44500,200,49112,2193414900,-200,true,-0.45
"L14",95324,"/Date(1703732004000)/",44500,100,48912,2184514900,-200,true,-0.45
"L14",95320,"/Date(1703732000000)/",44600,100,48812,2180064900,-100,false,-0.22
"L14",95315,"/Date(1703731994000)/",44600,2300,48712,2175604900,-100,false,-0.22
"L14",95258,"/Date(1703731978000)/",44600,200,46412,2073024900,-100,false,-0.22
"L14",95244,"/Date(1703731963000)/",44600,1000,46212,2064104900,-100,false,-0.22
"L14",95121,"/Date(1703731881000)/",44600,200,45212,2019504900,-100,false,-0.22
"L14",95033,"/Date(1703731833000)/",44600,500,45012,2010584900,-100,false,-0.22
"L14",95018,"/Date(1703731818000)/",44500,100,44512,1988284900,-200,true,-0.45
"L14",94836,"/Date(1703731716000)/",44500,2000,44412,1983834900,-200,true,-0.45
"L14",94755,"/Date(1703731675000)/",44600,200,42412,1894834900,-100,false,-0.22
"L14",94621,"/Date(1703731581000)/",44600,200,42212,1885914900,-100,false,-0.22
"L14",94423,"/Date(1703731463000)/",44600,100,42012,1876994900,-100,false,-0.22
"L14",94226,"/Date(1703731346000)/",44600,200,41912,1872534900,-100,false,-0.22
"L14",94207,"/Date(1703731327000)/",44500,1700,41712,1863614900,-200,true,-0.45
"L14",94015,"/Date(1703731215000)/",44500,10,40012,1787964900,-200,true,-0.45
"L14",94010,"/Date(1703731210000)/",44500,100,40002,1787519400,-200,true,-0.45
"L14",93819,"/Date(1703731099000)/",44600,100,39902,1783069400,-100,false,-0.22
"L14",93622,"/Date(1703730982000)/",44600,1100,39802,1778609400,-100,false,-0.22
"L14",93618,"/Date(1703730978000)/",44500,1000,38702,1729549400,-200,true,-0.45
"L14",93550,"/Date(1703730950000)/",44600,600,37702,1685049400,-100,false,-0.22
"L14",93442,"/Date(1703730882000)/",44500,500,37102,1658289400,-200,true,-0.45
"L14",93353,"/Date(1703730833000)/",44500,500,36602,1636039400,-200,true,-0.45
"L14",93339,"/Date(1703730819000)/",44500,100,36102,1613789400,-200,true,-0.45
"L14",93335,"/Date(1703730815000)/",44500,700,36002,1609339400,-200,true,-0.45
"L14",93315,"/Date(1703730795000)/",44500,300,35302,1578189400,-200,true,-0.45
"L14",93256,"/Date(1703730776000)/",44600,100,35002,1564839400,-100,false,-0.22
"L14",93238,"/Date(1703730758000)/",44600,900,34902,1560379400,-100,false,-0.22
"L14",93206,"/Date(1703730726000)/",44600,2,34002,1520239400,-100,false,-0.22
"L14",93200,"/Date(1703730720000)/",44600,400,34000,1520150000,-100,false,-0.22
"L14",93159,"/Date(1703730719000)/",44600,1900,33600,1502310000,-100,true,-0.22
"L14",93150,"/Date(1703730710000)/",44600,100,31700,1417570000,-100,true,-0.22
"L14",93143,"/Date(1703730703000)/",44600,1000,31600,1413110000,-100,true,-0.22
"L14",93133,"/Date(1703730693000)/",44600,1000,30600,1368510000,-100,true,-0.22
"L14",93115,"/Date(1703730675000)/",44600,1600,29600,1323910000,-100,true,-0.22
"L14",93045,"/Date(1703730644000)/",44600,2000,28000,1252550000,-100,true,-0.22
"L14",92853,"/Date(1703730532000)/",44700,300,26000,1163350000,0,false,0
"L14",92844,"/Date(1703730523000)/",44700,1000,25700,1149940000,0,false,0
"L14",92815,"/Date(1703730494000)/",44700,200,24700,1105240000,0,false,0
"L14",92723,"/Date(1703730442000)/",44600,1100,24500,1096300000,-100,true,-0.22
"L14",92639,"/Date(1703730399000)/",44600,300,23400,1047240000,-100,true,-0.22
"L14",92404,"/Date(1703730244000)/",44700,100,23100,1033860000,0,false,0
"L14",92255,"/Date(1703730175000)/",44700,100,23000,1029390000,0,true,0
"L14",92207,"/Date(1703730127000)/",44700,5000,22900,1024920000,0,true,0
"L14",92150,"/Date(1703730110000)/",44700,2000,17900,801420000,0,true,0
"L14",91840,"/Date(1703729920000)/",44700,500,15900,712020000,0,true,0
"L14",91747,"/Date(1703729867000)/",44700,300,15400,689670000,0,true,0
"L14",91718,"/Date(1703729838000)/",44700,700,15100,676260000,0,true,0
"L14",91716,"/Date(1703729836000)/",44700,300,14400,644970000,0,false,0
"L14",91647,"/Date(1703729807000)/",44700,200,14100,631560000,0,true,0
"L14",91456,"/Date(1703729696000)/",44900,3000,13900,622620000,200,false,0.45
"L14",91338,"/Date(1703729618000)/",44900,5000,10900,487920000,200,false,0.45
"L14",91250,"/Date(1703729570000)/",44700,400,5900,263420000,0,true,0
"L14",91239,"/Date(1703729559000)/",44700,100,5500,245540000,0,false,0
"L14",91142,"/Date(1703729502000)/",44700,200,5400,241070000,0,false,0
"L14",91123,"/Date(1703729483000)/",44700,400,5200,232130000,0,false,0
"L14",90924,"/Date(1703729364000)/",44600,100,4800,214250000,-100,true,-0.22
"L14",90856,"/Date(1703729336000)/",44700,100,4700,209790000,0,false,0
"L14",90705,"/Date(1703729225000)/",44600,200,4600,205320000,-100,true,-0.22
"L14",90704,"/Date(1703729224000)/",44600,500,4400,196400000,-100,false,-0.22
"L14",90530,"/Date(1703729130000)/",44600,200,3900,174100000,-100,false,-0.22
"L14",90509,"/Date(1703729108000)/",44600,1000,3700,165180000,-100,false,-0.22
"L14",90508,"/Date(1703729107000)/",44600,1100,2700,120580000,-100,false,-0.22
"L14",90249,"/Date(1703728968000)/",44700,100,1600,71520000,0,false,0
"L14",90050,"/Date(1703728811000)/",44700,1500,1500,67050000,0,true,0
