"Stockcode","Package","TradingDate","Price","Vol","TotalVol","TotalVal","Change","IsBuy","PerChange"
"NTP",144509,"/Date(1703749501000)/",38600,1300,189293,7204731300,2000,false,5.46
"NTP",142657,"/Date(1703748417000)/",38500,200,187993,7154551300,1900,true,5.19
"NTP",142523,"/Date(1703748323000)/",38500,200,187793,7146851300,1900,true,5.19
"NTP",142503,"/Date(1703748303000)/",38400,200,187593,7139151300,1800,true,4.92
"NTP",142314,"/Date(1703748193000)/",38400,100,187393,7131471300,1800,true,4.92
"NTP",142059,"/Date(1703748058000)/",38800,300,187293,7127631300,2200,false,6.01
"NTP",142005,"/Date(1703748005000)/",38400,1000,186993,7116031300,1800,true,4.92
"NTP",141908,"/Date(1703747947000)/",38500,200,185993,7077631300,1900,false,5.19
"NTP",141755,"/Date(1703747875000)/",38500,100,185793,7069931300,1900,false,5.19
"NTP",141751,"/Date(1703747871000)/",38500,100,185693,7066081300,1900,false,5.19
"NTP",141702,"/Date(1703747822000)/",38400,200,185593,7062231300,1800,true,4.92
"NTP",141402,"/Date(1703747642000)/",38900,200,185393,7054551300,2300,false,6.28
"NTP",141324,"/Date(1703747604000)/",38400,3000,185193,7046771300,1800,true,4.92
"NTP",140609,"/Date(1703747169000)/",39000,1200,182193,6931351300,2400,false,6.56
"NTP",140419,"/Date(1703747059000)/",39000,12000,180993,6884551300,2400,false,6.56
"NTP",140357,"/Date(1703747037000)/",38800,100,168993,6417331300,2200,false,6.01
"NTP",140238,"/Date(1703746958000)/",38400,200,168893,6413451300,1800,true,4.92
"NTP",140055,"/Date(1703746855000)/",38900,23,168693,6405771300,2300,false,6.28
"NTP",135317,"/Date(1703746397000)/",38900,200,168670,6404888100,2300,false,6.28
"NTP",135119,"/Date(1703746279000)/",38900,100,168470,6397108100,2300,false,6.28
"NTP",135015,"/Date(1703746215000)/",38900,100,168370,6393218100,2300,false,6.28
"NTP",134907,"/Date(1703746147000)/",39000,7200,168270,6389328100,2400,false,6.56
"NTP",134904,"/Date(1703746144000)/",38700,400,161070,6108578100,2100,true,5.74
"NTP",134850,"/Date(1703746130000)/",38800,400,160670,6093098100,2200,true,6.01
"NTP",134801,"/Date(1703746081000)/",38800,100,160270,6077578100,2200,true,6.01
"NTP",134710,"/Date(1703746030000)/",38900,1000,160170,6073698100,2300,false,6.28
"NTP",134659,"/Date(1703746019000)/",38900,500,159170,6034798100,2300,false,6.28
"NTP",134633,"/Date(1703745993000)/",38800,100,158670,6015348100,2200,true,6.01
"NTP",134552,"/Date(1703745952000)/",38900,100,158570,6011468100,2300,false,6.28
"NTP",134533,"/Date(1703745933000)/",38800,500,158470,6007578100,2200,true,6.01
"NTP",134449,"/Date(1703745889000)/",38900,200,157970,5988178100,2300,false,6.28
"NTP",134421,"/Date(1703745861000)/",38900,100,157770,5980398100,2300,false,6.28
"NTP",134305,"/Date(1703745785000)/",38800,100,157670,5976508100,2200,true,6.01
"NTP",134250,"/Date(1703745770000)/",38900,300,157570,5972628100,2300,false,6.28
"NTP",134237,"/Date(1703745757000)/",38800,100,157270,5960958100,2200,true,6.01
"NTP",134207,"/Date(1703745727000)/",38800,200,157170,5957078100,2200,false,6.01
"NTP",134015,"/Date(1703745615000)/",38900,10000,156970,5949318100,2300,false,6.28
"NTP",133954,"/Date(1703745594000)/",38600,100,146970,5562368100,2000,false,5.46
"NTP",133949,"/Date(1703745589000)/",38600,100,146870,5558508100,2000,false,5.46
"NTP",133930,"/Date(1703745570000)/",38400,4000,146770,5554648100,1800,true,4.92
"NTP",133925,"/Date(1703745565000)/",38500,1000,142770,5400748100,1900,false,5.19
"NTP",133912,"/Date(1703745552000)/",38500,1000,141770,5362248100,1900,false,5.19
"NTP",133906,"/Date(1703745546000)/",38500,2000,140770,5323748100,1900,false,5.19
"NTP",133859,"/Date(1703745539000)/",38500,800,138770,5246748100,1900,false,5.19
"NTP",133823,"/Date(1703745503000)/",38500,2000,137970,5215948100,1900,false,5.19
"NTP",133627,"/Date(1703745386000)/",38500,100,135970,5138948100,1900,false,5.19
"NTP",133618,"/Date(1703745377000)/",38500,16,135870,5135098100,1900,false,5.19
"NTP",133600,"/Date(1703745359000)/",38500,5000,135854,5134483700,1900,false,5.19
"NTP",133547,"/Date(1703745346000)/",38400,500,130854,4941983700,1800,true,4.92
"NTP",133519,"/Date(1703745318000)/",38400,100,130354,4922783700,1800,true,4.92
"NTP",133414,"/Date(1703745253000)/",38500,200,130254,4918943700,1900,false,5.19
"NTP",133322,"/Date(1703745202000)/",38500,100,130054,4911243700,1900,false,5.19
"NTP",133304,"/Date(1703745183000)/",38400,1400,129954,4907393700,1800,false,4.92
"NTP",133111,"/Date(1703745070000)/",38400,1000,128554,4853633700,1800,false,4.92
"NTP",133000,"/Date(1703745000000)/",38300,200,127554,4815233700,1700,true,4.64
"NTP",132952,"/Date(1703744992000)/",38400,500,127354,4807573700,1800,false,4.92
"NTP",132851,"/Date(1703744931000)/",38400,100,126854,4788373700,1800,false,4.92
"NTP",132844,"/Date(1703744924000)/",38300,100,126754,4784533700,1700,false,4.64
"NTP",132800,"/Date(1703744880000)/",38300,100,126654,4780703700,1700,false,4.64
"NTP",132746,"/Date(1703744866000)/",38300,100,126554,4776873700,1700,false,4.64
"NTP",132728,"/Date(1703744848000)/",38300,100,126454,4773043700,1700,false,4.64
"NTP",132720,"/Date(1703744840000)/",38300,400,126354,4769213700,1700,false,4.64
"NTP",132601,"/Date(1703744761000)/",38300,100,125954,4753893700,1700,false,4.64
"NTP",132543,"/Date(1703744743000)/",38300,100,125854,4750063700,1700,true,4.64
"NTP",132423,"/Date(1703744663000)/",38300,100,125754,4746233700,1700,true,4.64
"NTP",132214,"/Date(1703744534000)/",38300,200,125654,4742403700,1700,true,4.64
"NTP",132204,"/Date(1703744524000)/",38400,300,125454,4734743700,1800,false,4.92
"NTP",132108,"/Date(1703744468000)/",38300,1500,125154,4723223700,1700,true,4.64
"NTP",131933,"/Date(1703744373000)/",38400,300,123654,4665773700,1800,false,4.92
"NTP",131932,"/Date(1703744372000)/",38300,100,123354,4654253700,1700,true,4.64
"NTP",131740,"/Date(1703744260000)/",38300,1,123254,4650423700,1700,true,4.64
"NTP",131644,"/Date(1703744204000)/",38300,10,123253,4650385300,1700,true,4.64
"NTP",131627,"/Date(1703744187000)/",38300,19,123243,4650001300,1700,true,4.64
"NTP",131557,"/Date(1703744157000)/",38300,10,123224,4649275500,1700,true,4.64
"NTP",131503,"/Date(1703744103000)/",38300,1000,123214,4648892300,1700,true,4.64
"NTP",131441,"/Date(1703744081000)/",38400,10,122214,4610592300,1800,false,4.92
"NTP",131340,"/Date(1703744020000)/",38400,100,122204,4610209300,1800,false,4.92
"NTP",131312,"/Date(1703743992000)/",38300,200,122104,4606369300,1700,true,4.64
"NTP",131242,"/Date(1703743962000)/",38400,300,121904,4598709300,1800,false,4.92
"NTP",131133,"/Date(1703743893000)/",38400,1,121604,4587189300,1800,false,4.92
"NTP",130959,"/Date(1703743799000)/",38400,200,121603,4587151300,1800,false,4.92
"NTP",130956,"/Date(1703743796000)/",38300,300,121403,4579471300,1700,true,4.64
"NTP",130826,"/Date(1703743706000)/",38300,100,121103,4567981300,1700,true,4.64
"NTP",130747,"/Date(1703743667000)/",38300,900,121003,4564151300,1700,true,4.64
"NTP",130637,"/Date(1703743597000)/",38400,100,120103,4529681300,1800,false,4.92
"NTP",130606,"/Date(1703743566000)/",38400,100,120003,4525841300,1800,false,4.92
"NTP",130438,"/Date(1703743478000)/",38400,700,119903,4522001300,1800,true,4.92
"NTP",130311,"/Date(1703743391000)/",38400,100,119203,4495121300,1800,true,4.92
"NTP",130152,"/Date(1703743312000)/",38400,200,119103,4491281300,1800,true,4.92
"NTP",130112,"/Date(1703743272000)/",38400,100,118903,4483601300,1800,false,4.92
"NTP",130104,"/Date(1703743264000)/",38400,300,118803,4479761300,1800,false,4.92
"NTP",130051,"/Date(1703743251000)/",38400,400,118503,4468241300,1800,true,4.92
"NTP",130034,"/Date(1703743234000)/",38400,400,118103,4452881300,1800,false,4.92
"NTP",130029,"/Date(1703743209000)/",38400,300,117703,4437521300,1800,false,4.92
"NTP",130026,"/Date(1703743207000)/",38400,1100,117403,4426001300,1800,false,4.92
"NTP",130024,"/Date(1703743206000)/",38400,2900,116303,4383761300,1800,false,4.92
"NTP",130022,"/Date(1703743205000)/",38300,200,113403,4272401300,1700,true,4.64
"NTP",130015,"/Date(1703743203000)/",38400,700,113203,4264741300,1800,false,4.92
"NTP",112947,"/Date(1703737787000)/",38400,9,112503,4237881300,1800,false,4.92
"NTP",112940,"/Date(1703737780000)/",38400,10,112494,4237543800,1800,false,4.92
"NTP",112926,"/Date(1703737766000)/",38400,10,112484,4237168800,1800,false,4.92
"NTP",112834,"/Date(1703737714000)/",38400,100,112474,4236793800,1800,false,4.92
"NTP",112827,"/Date(1703737707000)/",38400,10,112374,4232953800,1800,true,4.92
"NTP",112721,"/Date(1703737641000)/",38400,100,112364,4232578800,1800,true,4.92
"NTP",112654,"/Date(1703737614000)/",38400,10,112264,4228738800,1800,false,4.92
"NTP",112621,"/Date(1703737581000)/",38400,10,112254,4228363800,1800,false,4.92
"NTP",112550,"/Date(1703737550000)/",38400,10,112244,4227988800,1800,false,4.92
"NTP",112412,"/Date(1703737452000)/",38400,100,112234,4227613800,1800,true,4.92
"NTP",112407,"/Date(1703737447000)/",38500,1000,112134,4223773800,1900,false,5.19
"NTP",112334,"/Date(1703737414000)/",38400,10,111134,4185273800,1800,true,4.92
"NTP",112301,"/Date(1703737381000)/",38400,100,111124,4184898800,1800,false,4.92
"NTP",112253,"/Date(1703737373000)/",38400,2000,111024,4181058800,1800,false,4.92
"NTP",112250,"/Date(1703737370000)/",38400,1000,109024,4104258800,1800,false,4.92
"NTP",112241,"/Date(1703737361000)/",38400,200,108024,4065858800,1800,false,4.92
"NTP",112201,"/Date(1703737321000)/",38400,500,107824,4058178800,1800,false,4.92
"NTP",112123,"/Date(1703737283000)/",38400,100,107324,4038978800,1800,false,4.92
"NTP",111847,"/Date(1703737127000)/",38400,2000,107224,4035138800,1800,false,4.92
"NTP",111827,"/Date(1703737107000)/",38500,10000,105224,3958338800,1900,false,5.19
"NTP",111735,"/Date(1703737055000)/",38300,2100,95224,3574038800,1700,false,4.64
"NTP",111623,"/Date(1703736983000)/",38200,1000,93124,3493658800,1600,false,4.37
"NTP",111545,"/Date(1703736945000)/",38100,200,92124,3455458800,1500,true,4.1
"NTP",111544,"/Date(1703736944000)/",38000,500,91924,3447838800,1400,true,3.83
"NTP",111534,"/Date(1703736934000)/",38100,1000,91424,3428838800,1500,false,4.1
"NTP",111514,"/Date(1703736914000)/",38100,1000,90424,3390738800,1500,false,4.1
"NTP",111454,"/Date(1703736894000)/",38100,100,89424,3352638800,1500,false,4.1
"NTP",111451,"/Date(1703736891000)/",38100,2000,89324,3348828800,1500,false,4.1
"NTP",111443,"/Date(1703736883000)/",38100,2000,87324,3272628800,1500,false,4.1
"NTP",111410,"/Date(1703736850000)/",38100,1200,85324,3196428800,1500,false,4.1
"NTP",111328,"/Date(1703736808000)/",38100,400,84124,3150708800,1500,false,4.1
"NTP",111227,"/Date(1703736747000)/",38000,2000,83724,3135468800,1400,true,3.83
"NTP",111045,"/Date(1703736645000)/",38100,400,81724,3059468800,1500,false,4.1
"NTP",111021,"/Date(1703736621000)/",38000,200,81324,3044228800,1400,true,3.83
"NTP",110922,"/Date(1703736562000)/",38100,100,81124,3036628800,1500,false,4.1
"NTP",110901,"/Date(1703736541000)/",38100,100,81024,3032818800,1500,false,4.1
"NTP",110843,"/Date(1703736523000)/",38100,800,80924,3029008800,1500,false,4.1
"NTP",110806,"/Date(1703736486000)/",38100,200,80124,2998528800,1500,false,4.1
"NTP",110713,"/Date(1703736433000)/",38000,800,79924,2990908800,1400,true,3.83
"NTP",110701,"/Date(1703736421000)/",38000,2500,79124,2960508800,1400,false,3.83
"NTP",110657,"/Date(1703736417000)/",38000,2300,76624,2865508800,1400,false,3.83
"NTP",110641,"/Date(1703736401000)/",37900,100,74324,2778108800,1300,true,3.55
"NTP",110630,"/Date(1703736390000)/",37900,700,74224,2774318800,1300,false,3.55
"NTP",110612,"/Date(1703736372000)/",37900,4000,73524,2747788800,1300,false,3.55
"NTP",110607,"/Date(1703736367000)/",37900,100,69524,2596188800,1300,false,3.55
"NTP",110551,"/Date(1703736351000)/",37800,100,69424,2592398800,1200,true,3.28
"NTP",110547,"/Date(1703736347000)/",37800,1,69324,2588618800,1200,false,3.28
"NTP",110529,"/Date(1703736329000)/",37800,2300,69323,2588581800,1200,false,3.28
"NTP",110151,"/Date(1703736111000)/",37700,200,67023,2501641800,1100,true,3.01
"NTP",110150,"/Date(1703736110000)/",37700,2000,66823,2494101800,1100,true,3.01
"NTP",105957,"/Date(1703735997000)/",37700,700,64823,2418701800,1100,true,3.01
"NTP",105953,"/Date(1703735993000)/",37600,100,64123,2392311800,1000,true,2.73
"NTP",105718,"/Date(1703735837000)/",37600,200,64023,2388551800,1000,true,2.73
"NTP",105634,"/Date(1703735793000)/",37600,200,63823,2381031800,1000,true,2.73
"NTP",105148,"/Date(1703735507000)/",37600,200,63623,2373511800,1000,true,2.73
"NTP",105033,"/Date(1703735432000)/",37600,200,63423,2365991800,1000,true,2.73
"NTP",104934,"/Date(1703735373000)/",37800,3000,63223,2358471800,1200,false,3.28
"NTP",104820,"/Date(1703735299000)/",37700,200,60223,2245071800,1100,false,3.01
"NTP",104656,"/Date(1703735215000)/",37600,1000,60023,2237531800,1000,true,2.73
"NTP",104604,"/Date(1703735164000)/",37800,1500,59023,2199931800,1200,false,3.28
"NTP",104443,"/Date(1703735082000)/",37700,600,57523,2143241800,1100,false,3.01
"NTP",104412,"/Date(1703735051000)/",37600,300,56923,2120621800,1000,false,2.73
"NTP",104404,"/Date(1703735043000)/",37600,200,56623,2109341800,1000,false,2.73
"NTP",104328,"/Date(1703735007000)/",37700,200,56423,2101821800,1100,false,3.01
"NTP",104259,"/Date(1703734978000)/",37600,100,56223,2094291800,1000,false,2.73
"NTP",104255,"/Date(1703734974000)/",37600,100,56123,2090531800,1000,false,2.73
"NTP",104239,"/Date(1703734959000)/",37600,100,56023,2086771800,1000,false,2.73
"NTP",104220,"/Date(1703734939000)/",37600,600,55923,2083011800,1000,false,2.73
"NTP",104106,"/Date(1703734865000)/",37600,200,55323,2060451800,1000,false,2.73
"NTP",104056,"/Date(1703734855000)/",37500,3100,55123,2052931800,900,false,2.46
"NTP",104050,"/Date(1703734850000)/",37500,2600,52023,1936681800,900,false,2.46
"NTP",104020,"/Date(1703734820000)/",37500,1000,49423,1839181800,900,false,2.46
"NTP",104013,"/Date(1703734812000)/",37400,29800,48423,1801681800,800,true,2.19
"NTP",104001,"/Date(1703734801000)/",37200,3500,18623,688751800,600,true,1.64
"NTP",103854,"/Date(1703734734000)/",37100,300,15123,558551800,500,true,1.37
"NTP",103804,"/Date(1703734684000)/",37200,700,14823,547421800,600,false,1.64
"NTP",103630,"/Date(1703734590000)/",37100,2900,14123,521381800,500,false,1.37
"NTP",103351,"/Date(1703734431000)/",37000,100,11223,413791800,400,true,1.09
"NTP",103315,"/Date(1703734395000)/",37000,3200,11123,410091800,400,false,1.09
"NTP",102954,"/Date(1703734194000)/",36900,800,7923,291691800,300,false,0.82
"NTP",102909,"/Date(1703734149000)/",36800,200,7123,262201800,200,false,0.55
"NTP",102320,"/Date(1703733800000)/",36800,1300,6923,254841800,200,false,0.55
"NTP",101906,"/Date(1703733546000)/",36800,300,5623,207001800,200,true,0.55
"NTP",101710,"/Date(1703733430000)/",36800,300,5323,195961800,200,false,0.55
"NTP",101301,"/Date(1703733181000)/",36800,1000,5023,184921800,200,false,0.55
"NTP",101239,"/Date(1703733159000)/",36800,1000,4023,148121800,200,true,0.55
"NTP",100816,"/Date(1703732896000)/",36800,800,3023,111321800,200,true,0.55
"NTP",100759,"/Date(1703732879000)/",36800,200,2223,81881800,200,true,0.55
"NTP",100725,"/Date(1703732845000)/",36800,1000,2023,74521800,200,true,0.55
"NTP",100500,"/Date(1703732700000)/",36900,23,1023,37721800,300,false,0.82
"NTP",95336,"/Date(1703732015000)/",36900,100,1000,36880000,300,false,0.82
"NTP",95039,"/Date(1703731838000)/",36900,100,900,33190000,300,false,0.82
"NTP",94620,"/Date(1703731580000)/",36800,300,800,29500000,200,true,0.55
"NTP",94035,"/Date(1703731235000)/",36800,200,500,18460000,200,true,0.55
"NTP",90214,"/Date(1703728934000)/",37300,200,300,11100000,700,false,1.91
"NTP",90132,"/Date(1703728876000)/",36400,100,100,3640000,-200,false,-0.55
