"Stockcode","Package","TradingDate","Price","Vol","TotalVol","TotalVal","Change","IsBuy","PerChange"
"PC1",144513,"/Date(1703749501000)/",27800,97700,1816000,50814000000,-400,true,-1.42
"PC1",143002,"/Date(1703748596000)/",27800,600,1718300,48097000000,-400,false,-1.42
"PC1",143002,"/Date(1703748595000)/",27800,100,1717700,48081000000,-400,false,-1.42
"PC1",143002,"/Date(1703748595000)/",27800,200,1717600,48078000000,-400,false,-1.42
"PC1",142955,"/Date(1703748590000)/",27850,1700,1717400,48072000000,-350,false,-1.24
"PC1",142955,"/Date(1703748590000)/",27800,200,1715700,48025000000,-400,false,-1.42
"PC1",142952,"/Date(1703748586000)/",27800,300,1715500,48020000000,-400,false,-1.42
"PC1",142952,"/Date(1703748586000)/",27800,200,1715200,48011000000,-400,false,-1.42
"PC1",142949,"/Date(1703748582000)/",27800,100,1715000,48006000000,-400,false,-1.42
"PC1",142945,"/Date(1703748580000)/",27800,500,1714900,48003000000,-400,false,-1.42
"PC1",142942,"/Date(1703748575000)/",27800,200,1714400,47989000000,-400,true,-1.42
"PC1",142942,"/Date(1703748575000)/",27800,500,1714200,47983000000,-400,true,-1.42
"PC1",142942,"/Date(1703748575000)/",27800,1000,1713700,47969000000,-400,true,-1.42
"PC1",142942,"/Date(1703748575000)/",27800,100,1712700,47942000000,-400,true,-1.42
"PC1",142942,"/Date(1703748575000)/",27800,100,1712600,47939000000,-400,true,-1.42
"PC1",142942,"/Date(1703748575000)/",27800,1000,1712500,47936000000,-400,true,-1.42
"PC1",142942,"/Date(1703748575000)/",27800,2000,1711500,47908000000,-400,true,-1.42
"PC1",142942,"/Date(1703748575000)/",27800,1000,1709500,47853000000,-400,true,-1.42
"PC1",142942,"/Date(1703748575000)/",27800,100,1708500,47825000000,-400,true,-1.42
"PC1",142942,"/Date(1703748575000)/",27800,500,1708400,47822000000,-400,true,-1.42
"PC1",142942,"/Date(1703748575000)/",27800,1000,1707900,47808000000,-400,true,-1.42
"PC1",142942,"/Date(1703748575000)/",27800,200,1706900,47780000000,-400,true,-1.42
"PC1",142942,"/Date(1703748575000)/",27800,2100,1706700,47775000000,-400,true,-1.42
"PC1",142942,"/Date(1703748575000)/",27800,200,1704600,47717000000,-400,true,-1.42
"PC1",142942,"/Date(1703748575000)/",27800,5000,1704400,47711000000,-400,true,-1.42
"PC1",142942,"/Date(1703748575000)/",27800,200,1699400,47572000000,-400,true,-1.42
"PC1",142942,"/Date(1703748575000)/",27800,100,1699200,47566000000,-400,true,-1.42
"PC1",142942,"/Date(1703748575000)/",27800,200,1699100,47564000000,-400,true,-1.42
"PC1",142942,"/Date(1703748575000)/",27800,500,1698900,47558000000,-400,true,-1.42
"PC1",142942,"/Date(1703748575000)/",27800,2000,1698400,47544000000,-400,true,-1.42
"PC1",142942,"/Date(1703748575000)/",27800,10000,1696400,47489000000,-400,true,-1.42
"PC1",142942,"/Date(1703748575000)/",27800,1000,1686400,47211000000,-400,true,-1.42
"PC1",142942,"/Date(1703748575000)/",27800,300,1685400,47183000000,-400,true,-1.42
"PC1",142942,"/Date(1703748575000)/",27800,200,1685100,47174000000,-400,true,-1.42
"PC1",142942,"/Date(1703748575000)/",27800,100,1684900,47169000000,-400,true,-1.42
"PC1",142942,"/Date(1703748575000)/",27800,500,1684800,47166000000,-400,true,-1.42
"PC1",142942,"/Date(1703748575000)/",27800,500,1684300,47152000000,-400,true,-1.42
"PC1",142942,"/Date(1703748575000)/",27800,100,1683800,47138000000,-400,true,-1.42
"PC1",142942,"/Date(1703748575000)/",27800,10000,1683700,47135000000,-400,true,-1.42
"PC1",142942,"/Date(1703748575000)/",27800,2000,1673700,46857000000,-400,true,-1.42
"PC1",142942,"/Date(1703748575000)/",27800,1000,1671700,46802000000,-400,true,-1.42
"PC1",142942,"/Date(1703748575000)/",27800,2000,1670700,46774000000,-400,true,-1.42
"PC1",142942,"/Date(1703748575000)/",27800,100,1668700,46718000000,-400,true,-1.42
"PC1",142942,"/Date(1703748575000)/",27800,100,1668600,46716000000,-400,true,-1.42
"PC1",142942,"/Date(1703748575000)/",27800,300,1668500,46713000000,-400,true,-1.42
"PC1",142942,"/Date(1703748575000)/",27800,1000,1668200,46705000000,-400,true,-1.42
"PC1",142942,"/Date(1703748575000)/",27800,1500,1667200,46677000000,-400,true,-1.42
"PC1",142936,"/Date(1703748570000)/",27800,1500,1665700,46635000000,-400,true,-1.42
"PC1",142936,"/Date(1703748570000)/",27800,2000,1664200,46593000000,-400,true,-1.42
"PC1",142936,"/Date(1703748570000)/",27800,1500,1662200,46538000000,-400,true,-1.42
"PC1",142930,"/Date(1703748564000)/",27800,3500,1660700,46496000000,-400,true,-1.42
"PC1",142930,"/Date(1703748561000)/",27800,100,1657200,46399000000,-400,true,-1.42
"PC1",142926,"/Date(1703748557000)/",27800,400,1657100,46396000000,-400,true,-1.42
"PC1",142926,"/Date(1703748557000)/",27800,200,1656700,46385000000,-400,true,-1.42
"PC1",142926,"/Date(1703748557000)/",27800,100,1656500,46379000000,-400,true,-1.42
"PC1",142926,"/Date(1703748557000)/",27800,8000,1656400,46377000000,-400,true,-1.42
"PC1",142926,"/Date(1703748557000)/",27800,11300,1648400,46154000000,-400,true,-1.42
"PC1",142914,"/Date(1703748547000)/",27850,100,1637100,45840000000,-350,false,-1.24
"PC1",142910,"/Date(1703748545000)/",27800,3000,1637000,45837000000,-400,true,-1.42
"PC1",142907,"/Date(1703748540000)/",27850,4900,1634000,45754000000,-350,false,-1.24
"PC1",142907,"/Date(1703748540000)/",27850,100,1629100,45617000000,-350,false,-1.24
"PC1",142907,"/Date(1703748540000)/",27800,15700,1629000,45615000000,-400,true,-1.42
"PC1",142907,"/Date(1703748540000)/",27800,5000,1613300,45178000000,-400,true,-1.42
"PC1",142907,"/Date(1703748540000)/",27800,100,1608300,45039000000,-400,true,-1.42
"PC1",142907,"/Date(1703748540000)/",27800,100,1608200,45036000000,-400,true,-1.42
"PC1",142907,"/Date(1703748540000)/",27800,2500,1608100,45034000000,-400,true,-1.42
"PC1",142907,"/Date(1703748540000)/",27800,400,1605600,44964000000,-400,true,-1.42
"PC1",142907,"/Date(1703748540000)/",27800,300,1605200,44953000000,-400,true,-1.42
"PC1",142907,"/Date(1703748540000)/",27800,1000,1604900,44945000000,-400,true,-1.42
"PC1",142907,"/Date(1703748540000)/",27800,1000,1603900,44917000000,-400,true,-1.42
"PC1",142907,"/Date(1703748540000)/",27800,1000,1602900,44889000000,-400,true,-1.42
"PC1",142907,"/Date(1703748540000)/",27800,1000,1601900,44861000000,-400,true,-1.42
"PC1",142907,"/Date(1703748540000)/",27800,500,1600900,44833000000,-400,true,-1.42
"PC1",142907,"/Date(1703748540000)/",27800,200,1600400,44819000000,-400,true,-1.42
"PC1",142907,"/Date(1703748540000)/",27800,100,1600200,44814000000,-400,true,-1.42
"PC1",142907,"/Date(1703748540000)/",27800,100,1600100,44811000000,-400,true,-1.42
"PC1",142907,"/Date(1703748540000)/",27800,5000,1600000,44808000000,-400,true,-1.42
"PC1",142907,"/Date(1703748540000)/",27800,1000,1595000,44669000000,-400,true,-1.42
"PC1",142904,"/Date(1703748539000)/",27850,200,1594000,44642000000,-350,false,-1.24
"PC1",142858,"/Date(1703748533000)/",27850,100,1593800,44636000000,-350,false,-1.24
"PC1",142848,"/Date(1703748523000)/",27850,100,1593700,44633000000,-350,true,-1.24
"PC1",142848,"/Date(1703748522000)/",27850,200,1593600,44630000000,-350,true,-1.24
"PC1",142848,"/Date(1703748521000)/",27850,200,1593400,44625000000,-350,true,-1.24
"PC1",142848,"/Date(1703748521000)/",27850,500,1593200,44619000000,-350,true,-1.24
"PC1",142848,"/Date(1703748521000)/",27850,400,1592700,44605000000,-350,true,-1.24
"PC1",142848,"/Date(1703748521000)/",27850,300,1592300,44594000000,-350,true,-1.24
"PC1",142848,"/Date(1703748521000)/",27850,200,1592000,44586000000,-350,true,-1.24
"PC1",142848,"/Date(1703748521000)/",27850,7700,1591800,44580000000,-350,true,-1.24
"PC1",142845,"/Date(1703748518000)/",27900,100,1584100,44366000000,-300,false,-1.06
"PC1",142845,"/Date(1703748518000)/",27900,200,1584000,44363000000,-300,false,-1.06
"PC1",142842,"/Date(1703748516000)/",27850,400,1583800,44357000000,-350,true,-1.24
"PC1",142835,"/Date(1703748508000)/",27850,1900,1583400,44346000000,-350,true,-1.24
"PC1",142835,"/Date(1703748508000)/",27850,100,1581500,44293000000,-350,true,-1.24
"PC1",142835,"/Date(1703748508000)/",27850,2000,1581400,44291000000,-350,true,-1.24
"PC1",142835,"/Date(1703748508000)/",27850,300,1579400,44235000000,-350,true,-1.24
"PC1",142835,"/Date(1703748508000)/",27850,5000,1579100,44227000000,-350,true,-1.24
"PC1",142835,"/Date(1703748508000)/",27850,100,1574100,44087000000,-350,true,-1.24
"PC1",142835,"/Date(1703748508000)/",27850,600,1574000,44085000000,-350,true,-1.24
"PC1",142829,"/Date(1703748503000)/",27900,100,1573400,44068000000,-300,false,-1.06
"PC1",142807,"/Date(1703748480000)/",27900,100,1573300,44065000000,-300,false,-1.06
"PC1",142807,"/Date(1703748480000)/",27900,400,1573200,44062000000,-300,false,-1.06
"PC1",142800,"/Date(1703748475000)/",27850,3000,1572800,44051000000,-350,true,-1.24
"PC1",142754,"/Date(1703748467000)/",27900,100,1569800,43968000000,-300,false,-1.06
"PC1",142741,"/Date(1703748454000)/",27900,3600,1569700,43965000000,-300,false,-1.06
"PC1",142728,"/Date(1703748442000)/",27850,1400,1566100,43864000000,-350,true,-1.24
"PC1",142728,"/Date(1703748442000)/",27850,3300,1564700,43825000000,-350,true,-1.24
"PC1",142725,"/Date(1703748438000)/",27850,1700,1561400,43733000000,-350,true,-1.24
"PC1",142725,"/Date(1703748438000)/",27850,600,1559700,43686000000,-350,true,-1.24
"PC1",142725,"/Date(1703748438000)/",27850,400,1559100,43669000000,-350,true,-1.24
"PC1",142709,"/Date(1703748423000)/",27850,4600,1558700,43658000000,-350,true,-1.24
"PC1",142709,"/Date(1703748423000)/",27850,100,1554100,43530000000,-350,true,-1.24
"PC1",142709,"/Date(1703748423000)/",27850,100,1554000,43527000000,-350,true,-1.24
"PC1",142709,"/Date(1703748423000)/",27850,100,1553900,43525000000,-350,true,-1.24
"PC1",142709,"/Date(1703748423000)/",27850,10000,1553800,43522000000,-350,true,-1.24
"PC1",142709,"/Date(1703748423000)/",27850,2000,1543800,43243000000,-350,true,-1.24
"PC1",142709,"/Date(1703748423000)/",27850,100,1541800,43188000000,-350,true,-1.24
"PC1",142709,"/Date(1703748423000)/",27850,2000,1541700,43185000000,-350,true,-1.24
"PC1",142709,"/Date(1703748423000)/",27850,100,1539700,43129000000,-350,true,-1.24
"PC1",142709,"/Date(1703748423000)/",27850,100,1539600,43126000000,-350,true,-1.24
"PC1",142709,"/Date(1703748423000)/",27850,800,1539500,43124000000,-350,true,-1.24
"PC1",142653,"/Date(1703748408000)/",27900,900,1538700,43101000000,-300,true,-1.06
"PC1",142647,"/Date(1703748399000)/",27900,100,1537800,43076000000,-300,true,-1.06
"PC1",142647,"/Date(1703748399000)/",27900,400,1537700,43073000000,-300,true,-1.06
"PC1",142637,"/Date(1703748392000)/",27900,400,1537300,43062000000,-300,true,-1.06
"PC1",142634,"/Date(1703748389000)/",27900,100,1536900,43051000000,-300,true,-1.06
"PC1",142624,"/Date(1703748378000)/",27900,600,1536800,43048000000,-300,false,-1.06
"PC1",142559,"/Date(1703748352000)/",27850,1200,1536200,43031000000,-350,true,-1.24
"PC1",142559,"/Date(1703748351000)/",27900,400,1535000,42998000000,-300,false,-1.06
"PC1",142559,"/Date(1703748351000)/",27900,1000,1534600,42987000000,-300,false,-1.06
"PC1",142559,"/Date(1703748351000)/",27900,600,1533600,42959000000,-300,false,-1.06
"PC1",142536,"/Date(1703748331000)/",27850,3000,1533000,42942000000,-350,false,-1.24
"PC1",142536,"/Date(1703748331000)/",27850,3000,1530000,42859000000,-350,false,-1.24
"PC1",142536,"/Date(1703748331000)/",27850,2000,1527000,42775000000,-350,false,-1.24
"PC1",142533,"/Date(1703748327000)/",27850,100,1525000,42719000000,-350,false,-1.24
"PC1",142527,"/Date(1703748321000)/",27850,2000,1524900,42717000000,-350,false,-1.24
"PC1",142517,"/Date(1703748311000)/",27850,2900,1522900,42661000000,-350,false,-1.24
"PC1",142517,"/Date(1703748311000)/",27850,200,1520000,42580000000,-350,false,-1.24
"PC1",142517,"/Date(1703748311000)/",27850,5000,1519800,42575000000,-350,false,-1.24
"PC1",142517,"/Date(1703748311000)/",27850,1000,1514800,42435000000,-350,false,-1.24
"PC1",142517,"/Date(1703748311000)/",27850,200,1513800,42408000000,-350,false,-1.24
"PC1",142517,"/Date(1703748311000)/",27850,4600,1513600,42402000000,-350,false,-1.24
"PC1",142517,"/Date(1703748310000)/",27850,400,1509000,42274000000,-350,false,-1.24
"PC1",142517,"/Date(1703748310000)/",27850,100,1508600,42263000000,-350,false,-1.24
"PC1",142517,"/Date(1703748310000)/",27850,300,1508500,42260000000,-350,false,-1.24
"PC1",142517,"/Date(1703748310000)/",27850,10000,1508200,42252000000,-350,false,-1.24
"PC1",142517,"/Date(1703748310000)/",27850,5000,1498200,41973000000,-350,false,-1.24
"PC1",142517,"/Date(1703748310000)/",27850,100,1493200,41834000000,-350,false,-1.24
"PC1",142517,"/Date(1703748310000)/",27850,200,1493100,41831000000,-350,false,-1.24
"PC1",142517,"/Date(1703748310000)/",27850,100,1492900,41825000000,-350,false,-1.24
"PC1",142517,"/Date(1703748310000)/",27850,100,1492800,41823000000,-350,false,-1.24
"PC1",142517,"/Date(1703748310000)/",27850,1000,1492700,41820000000,-350,false,-1.24
"PC1",142517,"/Date(1703748310000)/",27850,200,1491700,41792000000,-350,false,-1.24
"PC1",142517,"/Date(1703748310000)/",27850,100,1491500,41786000000,-350,false,-1.24
"PC1",142517,"/Date(1703748310000)/",27850,100,1491400,41784000000,-350,false,-1.24
"PC1",142517,"/Date(1703748310000)/",27850,200,1491300,41781000000,-350,false,-1.24
"PC1",142517,"/Date(1703748310000)/",27850,500,1491100,41775000000,-350,false,-1.24
"PC1",142517,"/Date(1703748310000)/",27850,300,1490600,41761000000,-350,false,-1.24
"PC1",142517,"/Date(1703748310000)/",27850,100,1490300,41753000000,-350,false,-1.24
"PC1",142517,"/Date(1703748310000)/",27850,100,1490200,41750000000,-350,false,-1.24
"PC1",142517,"/Date(1703748310000)/",27850,1100,1490100,41748000000,-350,false,-1.24
"PC1",142517,"/Date(1703748310000)/",27900,500,1489000,41717000000,-300,false,-1.06
"PC1",142504,"/Date(1703748297000)/",27850,900,1488500,41703000000,-350,true,-1.24
"PC1",142504,"/Date(1703748297000)/",27850,200,1487600,41678000000,-350,true,-1.24
"PC1",142504,"/Date(1703748297000)/",27850,2000,1487400,41672000000,-350,true,-1.24
"PC1",142504,"/Date(1703748297000)/",27850,5000,1485400,41617000000,-350,true,-1.24
"PC1",142504,"/Date(1703748297000)/",27850,1000,1480400,41477000000,-350,true,-1.24
"PC1",142504,"/Date(1703748297000)/",27850,100,1479400,41449000000,-350,true,-1.24
"PC1",142504,"/Date(1703748297000)/",27850,1000,1479300,41447000000,-350,true,-1.24
"PC1",142504,"/Date(1703748297000)/",27850,500,1478300,41419000000,-350,true,-1.24
"PC1",142504,"/Date(1703748297000)/",27850,300,1477800,41405000000,-350,true,-1.24
"PC1",142504,"/Date(1703748297000)/",27850,1000,1477500,41397000000,-350,true,-1.24
"PC1",142504,"/Date(1703748297000)/",27850,100,1476500,41369000000,-350,true,-1.24
"PC1",142504,"/Date(1703748297000)/",27850,200,1476400,41366000000,-350,true,-1.24
"PC1",142504,"/Date(1703748297000)/",27850,1000,1476200,41360000000,-350,true,-1.24
"PC1",142504,"/Date(1703748297000)/",27850,3000,1475200,41333000000,-350,true,-1.24
"PC1",142504,"/Date(1703748297000)/",27850,100,1472200,41249000000,-350,true,-1.24
"PC1",142504,"/Date(1703748297000)/",27850,3600,1472100,41246000000,-350,true,-1.24
"PC1",142442,"/Date(1703748276000)/",27900,2000,1468500,41146000000,-300,false,-1.06
"PC1",142438,"/Date(1703748274000)/",27900,200,1466500,41090000000,-300,false,-1.06
"PC1",142435,"/Date(1703748268000)/",27900,100,1466300,41085000000,-300,false,-1.06
"PC1",142435,"/Date(1703748268000)/",27900,100,1466200,41082000000,-300,false,-1.06
"PC1",142432,"/Date(1703748267000)/",27900,200,1466100,41079000000,-300,false,-1.06
"PC1",142429,"/Date(1703748264000)/",27900,200,1465900,41073000000,-300,false,-1.06
"PC1",142419,"/Date(1703748253000)/",27900,200,1465700,41068000000,-300,false,-1.06
"PC1",142409,"/Date(1703748243000)/",27900,200,1465500,41062000000,-300,false,-1.06
"PC1",142403,"/Date(1703748237000)/",27900,300,1465300,41057000000,-300,false,-1.06
"PC1",142400,"/Date(1703748235000)/",27900,2000,1465000,41048000000,-300,false,-1.06
"PC1",142400,"/Date(1703748234000)/",27900,500,1463000,40992000000,-300,false,-1.06
"PC1",142400,"/Date(1703748234000)/",27900,100,1462500,40979000000,-300,false,-1.06
"PC1",142400,"/Date(1703748234000)/",27900,300,1462400,40976000000,-300,false,-1.06
"PC1",142357,"/Date(1703748230000)/",27950,700,1462100,40967000000,-250,false,-0.89
"PC1",142357,"/Date(1703748230000)/",27950,200,1461400,40948000000,-250,false,-0.89
"PC1",142357,"/Date(1703748230000)/",27950,1000,1461200,40942000000,-250,false,-0.89
"PC1",142357,"/Date(1703748230000)/",27950,3100,1460200,40914000000,-250,false,-0.89
"PC1",142337,"/Date(1703748211000)/",27950,200,1457100,40828000000,-250,false,-0.89
"PC1",142331,"/Date(1703748205000)/",27950,300,1456900,40822000000,-250,false,-0.89
"PC1",142324,"/Date(1703748198000)/",27950,100,1456600,40814000000,-250,false,-0.89
"PC1",142255,"/Date(1703748170000)/",27850,1400,1456500,40811000000,-350,true,-1.24
"PC1",142255,"/Date(1703748170000)/",27850,1600,1455100,40772000000,-350,true,-1.24
"PC1",142246,"/Date(1703748162000)/",27850,400,1453500,40727000000,-350,true,-1.24
"PC1",142246,"/Date(1703748162000)/",27850,500,1453100,40716000000,-350,true,-1.24
"PC1",142246,"/Date(1703748162000)/",27850,2000,1452600,40702000000,-350,true,-1.24
"PC1",142246,"/Date(1703748162000)/",27850,1000,1450600,40647000000,-350,true,-1.24
"PC1",142246,"/Date(1703748162000)/",27850,500,1449600,40619000000,-350,true,-1.24
"PC1",142246,"/Date(1703748162000)/",27850,1500,1449100,40605000000,-350,true,-1.24
"PC1",142246,"/Date(1703748162000)/",27900,100,1447600,40563000000,-300,false,-1.06
"PC1",142246,"/Date(1703748162000)/",27900,200,1447500,40560000000,-300,false,-1.06
"PC1",142246,"/Date(1703748162000)/",27900,600,1447300,40555000000,-300,false,-1.06
"PC1",142242,"/Date(1703748159000)/",27900,400,1446700,40538000000,-300,true,-1.06
"PC1",142242,"/Date(1703748159000)/",27900,500,1446300,40527000000,-300,true,-1.06
"PC1",142242,"/Date(1703748159000)/",27900,200,1445800,40513000000,-300,true,-1.06
"PC1",142242,"/Date(1703748159000)/",27900,300,1445600,40507000000,-300,true,-1.06
"PC1",142229,"/Date(1703748143000)/",27950,300,1445300,40499000000,-250,false,-0.89
"PC1",142223,"/Date(1703748136000)/",27900,700,1445000,40490000000,-300,true,-1.06
"PC1",142223,"/Date(1703748136000)/",27900,200,1444300,40471000000,-300,true,-1.06
"PC1",142223,"/Date(1703748136000)/",27900,200,1444100,40465000000,-300,true,-1.06
"PC1",142223,"/Date(1703748136000)/",27900,700,1443900,40460000000,-300,true,-1.06
"PC1",142223,"/Date(1703748136000)/",27900,500,1443200,40440000000,-300,true,-1.06
"PC1",142223,"/Date(1703748136000)/",27900,600,1442700,40426000000,-300,true,-1.06
"PC1",142223,"/Date(1703748136000)/",27900,500,1442100,40410000000,-300,true,-1.06
"PC1",142223,"/Date(1703748136000)/",27900,200,1441600,40396000000,-300,true,-1.06
"PC1",142223,"/Date(1703748136000)/",27900,1000,1441400,40390000000,-300,true,-1.06
"PC1",142223,"/Date(1703748136000)/",27900,500,1440400,40362000000,-300,true,-1.06
"PC1",142223,"/Date(1703748136000)/",27900,5000,1439900,40348000000,-300,true,-1.06
"PC1",142223,"/Date(1703748136000)/",27900,4000,1434900,40209000000,-300,true,-1.06
"PC1",142223,"/Date(1703748136000)/",27900,200,1430900,40097000000,-300,true,-1.06
"PC1",142223,"/Date(1703748136000)/",27900,4400,1430700,40091000000,-300,true,-1.06
"PC1",142223,"/Date(1703748136000)/",27900,500,1426300,39969000000,-300,true,-1.06
"PC1",142223,"/Date(1703748136000)/",27900,600,1425800,39955000000,-300,true,-1.06
"PC1",142223,"/Date(1703748136000)/",27900,100,1425200,39938000000,-300,true,-1.06
"PC1",142223,"/Date(1703748136000)/",27900,100,1425100,39935000000,-300,true,-1.06
"PC1",142207,"/Date(1703748121000)/",27900,100,1425000,39932000000,-300,true,-1.06
"PC1",142207,"/Date(1703748121000)/",27900,1000,1424900,39930000000,-300,true,-1.06
"PC1",142207,"/Date(1703748121000)/",27900,100,1423900,39902000000,-300,true,-1.06
"PC1",142207,"/Date(1703748121000)/",27900,200,1423800,39899000000,-300,true,-1.06
"PC1",142207,"/Date(1703748121000)/",27900,300,1423600,39893000000,-300,true,-1.06
"PC1",142207,"/Date(1703748121000)/",27900,100,1423300,39885000000,-300,true,-1.06
"PC1",142207,"/Date(1703748121000)/",27900,100,1423200,39882000000,-300,true,-1.06
"PC1",142207,"/Date(1703748121000)/",27900,200,1423100,39879000000,-300,true,-1.06
"PC1",142207,"/Date(1703748121000)/",27900,200,1422900,39874000000,-300,true,-1.06
"PC1",142207,"/Date(1703748121000)/",27900,1000,1422700,39868000000,-300,true,-1.06
"PC1",142207,"/Date(1703748121000)/",27900,500,1421700,39840000000,-300,true,-1.06
"PC1",142207,"/Date(1703748121000)/",27900,5000,1421200,39826000000,-300,true,-1.06
"PC1",142207,"/Date(1703748121000)/",27900,500,1416200,39687000000,-300,true,-1.06
"PC1",142207,"/Date(1703748121000)/",27900,200,1415700,39673000000,-300,true,-1.06
"PC1",142207,"/Date(1703748121000)/",27900,1000,1415500,39667000000,-300,true,-1.06
"PC1",142207,"/Date(1703748121000)/",27900,100,1414500,39639000000,-300,true,-1.06
"PC1",142207,"/Date(1703748121000)/",27900,200,1414400,39637000000,-300,true,-1.06
"PC1",142207,"/Date(1703748121000)/",27900,1000,1414200,39631000000,-300,true,-1.06
"PC1",142207,"/Date(1703748121000)/",27900,2000,1413200,39603000000,-300,true,-1.06
"PC1",142207,"/Date(1703748121000)/",27900,100,1411200,39547000000,-300,true,-1.06
"PC1",142207,"/Date(1703748121000)/",27900,200,1411100,39545000000,-300,true,-1.06
"PC1",142207,"/Date(1703748121000)/",27900,5000,1410900,39539000000,-300,true,-1.06
"PC1",142207,"/Date(1703748121000)/",27900,100,1405900,39400000000,-300,true,-1.06
"PC1",142207,"/Date(1703748121000)/",27900,100,1405800,39397000000,-300,true,-1.06
"PC1",142207,"/Date(1703748121000)/",27900,500,1405700,39394000000,-300,true,-1.06
"PC1",142207,"/Date(1703748121000)/",27900,100,1405200,39380000000,-300,true,-1.06
"PC1",142207,"/Date(1703748121000)/",27900,100,1405100,39377000000,-300,true,-1.06
"PC1",142137,"/Date(1703748095000)/",27950,1000,1405000,39374000000,-250,false,-0.89
"PC1",142127,"/Date(1703748084000)/",27950,1000,1404000,39346000000,-250,false,-0.89
"PC1",142127,"/Date(1703748084000)/",27950,2500,1403000,39319000000,-250,false,-0.89
"PC1",142127,"/Date(1703748084000)/",27950,100,1400500,39249000000,-250,false,-0.89
"PC1",142127,"/Date(1703748084000)/",27950,1000,1400400,39246000000,-250,false,-0.89
"PC1",142127,"/Date(1703748084000)/",27950,100,1399400,39218000000,-250,false,-0.89
"PC1",142124,"/Date(1703748081000)/",27950,4000,1399300,39215000000,-250,true,-0.89
"PC1",142124,"/Date(1703748081000)/",27950,200,1395300,39103000000,-250,true,-0.89
"PC1",142124,"/Date(1703748081000)/",27950,4800,1395100,39098000000,-250,true,-0.89
"PC1",142121,"/Date(1703748078000)/",27950,200,1390300,38964000000,-250,true,-0.89
"PC1",142121,"/Date(1703748078000)/",27950,900,1390100,38958000000,-250,true,-0.89
"PC1",142118,"/Date(1703748074000)/",28000,100,1389200,38933000000,-200,false,-0.71
"PC1",142114,"/Date(1703748072000)/",27950,100,1389100,38930000000,-250,true,-0.89
"PC1",142114,"/Date(1703748072000)/",27950,100,1389000,38927000000,-250,true,-0.89
"PC1",142114,"/Date(1703748072000)/",27950,200,1388900,38924000000,-250,true,-0.89
"PC1",142048,"/Date(1703748045000)/",28000,500,1388700,38919000000,-200,false,-0.71
"PC1",142048,"/Date(1703748045000)/",27950,1000,1388200,38905000000,-250,true,-0.89
"PC1",142041,"/Date(1703748038000)/",27950,8000,1387200,38877000000,-250,true,-0.89
"PC1",142034,"/Date(1703748032000)/",28000,200,1379200,38653000000,-200,false,-0.71
"PC1",142031,"/Date(1703748029000)/",27950,500,1379000,38648000000,-250,true,-0.89
"PC1",142018,"/Date(1703748015000)/",27950,300,1378500,38634000000,-250,true,-0.89
"PC1",142018,"/Date(1703748015000)/",27950,200,1378200,38625000000,-250,true,-0.89
"PC1",142018,"/Date(1703748015000)/",27950,1000,1378000,38620000000,-250,true,-0.89
"PC1",142018,"/Date(1703748015000)/",27950,3000,1377000,38592000000,-250,true,-0.89
"PC1",142018,"/Date(1703748015000)/",27950,500,1374000,38508000000,-250,true,-0.89
"PC1",141928,"/Date(1703747969000)/",28000,500,1373500,38494000000,-200,false,-0.71
"PC1",141918,"/Date(1703747960000)/",28000,400,1373000,38480000000,-200,false,-0.71
"PC1",141918,"/Date(1703747960000)/",28000,100,1372600,38469000000,-200,false,-0.71
"PC1",141847,"/Date(1703747927000)/",28000,200,1372500,38466000000,-200,false,-0.71
"PC1",141840,"/Date(1703747918000)/",28000,100,1372300,38460000000,-200,false,-0.71
"PC1",141821,"/Date(1703747900000)/",28000,800,1372200,38458000000,-200,false,-0.71
"PC1",141802,"/Date(1703747881000)/",27950,100,1371400,38435000000,-250,true,-0.89
"PC1",141758,"/Date(1703747879000)/",28000,500,1371300,38432000000,-200,false,-0.71
"PC1",141723,"/Date(1703747844000)/",28000,100,1370800,38418000000,-200,false,-0.71
"PC1",141717,"/Date(1703747836000)/",28000,200,1370700,38416000000,-200,false,-0.71
"PC1",141625,"/Date(1703747785000)/",28000,100,1370500,38410000000,-200,false,-0.71
"PC1",141612,"/Date(1703747772000)/",28000,200,1370400,38407000000,-200,false,-0.71
"PC1",141559,"/Date(1703747759000)/",28000,200,1370200,38402000000,-200,true,-0.71
"PC1",141556,"/Date(1703747757000)/",28000,300,1370000,38396000000,-200,true,-0.71
"PC1",141553,"/Date(1703747753000)/",28000,100,1369700,38388000000,-200,false,-0.71
"PC1",141553,"/Date(1703747753000)/",28000,400,1369600,38385000000,-200,false,-0.71
"PC1",141550,"/Date(1703747752000)/",28000,600,1369200,38374000000,-200,false,-0.71
"PC1",141550,"/Date(1703747752000)/",28000,200,1368600,38357000000,-200,false,-0.71
"PC1",141550,"/Date(1703747752000)/",28000,200,1368400,38351000000,-200,false,-0.71
"PC1",141521,"/Date(1703747720000)/",28000,100,1368200,38346000000,-200,false,-0.71
"PC1",141455,"/Date(1703747696000)/",28000,500,1368100,38343000000,-200,false,-0.71
"PC1",141448,"/Date(1703747689000)/",28000,200,1367600,38329000000,-200,false,-0.71
"PC1",141448,"/Date(1703747689000)/",28000,400,1367400,38323000000,-200,false,-0.71
"PC1",141445,"/Date(1703747685000)/",28000,100,1367000,38312000000,-200,false,-0.71
"PC1",141432,"/Date(1703747674000)/",28000,500,1366900,38309000000,-200,false,-0.71
"PC1",141432,"/Date(1703747673000)/",28000,100,1366400,38295000000,-200,false,-0.71
"PC1",141429,"/Date(1703747671000)/",28000,1000,1366300,38292000000,-200,false,-0.71
"PC1",141403,"/Date(1703747644000)/",28000,500,1365300,38264000000,-200,false,-0.71
"PC1",141403,"/Date(1703747644000)/",28000,1000,1364800,38250000000,-200,false,-0.71
"PC1",141403,"/Date(1703747644000)/",28000,500,1363800,38222000000,-200,false,-0.71
"PC1",141403,"/Date(1703747644000)/",28000,500,1363300,38208000000,-200,false,-0.71
"PC1",141403,"/Date(1703747644000)/",28000,3000,1362800,38194000000,-200,false,-0.71
"PC1",141403,"/Date(1703747644000)/",28000,300,1359800,38110000000,-200,false,-0.71
"PC1",141403,"/Date(1703747644000)/",28000,700,1359500,38102000000,-200,false,-0.71
"PC1",141403,"/Date(1703747644000)/",28000,19600,1358800,38082000000,-200,false,-0.71
"PC1",141350,"/Date(1703747633000)/",28000,2900,1339200,37534000000,-200,true,-0.71
"PC1",141334,"/Date(1703747615000)/",28000,100,1336300,37452000000,-200,true,-0.71
"PC1",141315,"/Date(1703747596000)/",28000,1500,1336200,37450000000,-200,true,-0.71
"PC1",141302,"/Date(1703747585000)/",28000,500,1334700,37408000000,-200,true,-0.71
"PC1",141302,"/Date(1703747583000)/",28000,500,1334200,37394000000,-200,true,-0.71
"PC1",141259,"/Date(1703747581000)/",28050,300,1333700,37380000000,-150,false,-0.53
"PC1",141259,"/Date(1703747581000)/",28050,200,1333400,37371000000,-150,false,-0.53
"PC1",141259,"/Date(1703747580000)/",28000,1000,1333200,37366000000,-200,true,-0.71
"PC1",141249,"/Date(1703747570000)/",28050,200,1332200,37338000000,-150,false,-0.53
"PC1",141246,"/Date(1703747568000)/",28050,100,1332000,37332000000,-150,false,-0.53
"PC1",141239,"/Date(1703747562000)/",28050,100,1331900,37329000000,-150,false,-0.53
"PC1",141226,"/Date(1703747550000)/",28050,100,1331800,37326000000,-150,false,-0.53
"PC1",141220,"/Date(1703747542000)/",28050,300,1331700,37324000000,-150,false,-0.53
"PC1",141203,"/Date(1703747525000)/",28050,500,1331400,37315000000,-150,false,-0.53
"PC1",141126,"/Date(1703747491000)/",28050,200,1330900,37301000000,-150,false,-0.53
"PC1",141106,"/Date(1703747471000)/",28050,200,1330700,37295000000,-150,false,-0.53
"PC1",141059,"/Date(1703747465000)/",28000,100,1330500,37290000000,-200,true,-0.71
"PC1",141039,"/Date(1703747446000)/",28050,100,1330400,37287000000,-150,false,-0.53
"PC1",141032,"/Date(1703747439000)/",28000,500,1330300,37284000000,-200,true,-0.71
"PC1",141028,"/Date(1703747437000)/",28000,1500,1329800,37270000000,-200,true,-0.71
"PC1",141028,"/Date(1703747437000)/",28000,5800,1328300,37228000000,-200,true,-0.71
"PC1",141021,"/Date(1703747430000)/",28000,300,1322500,37066000000,-200,false,-0.71
"PC1",141021,"/Date(1703747429000)/",28000,1100,1322200,37057000000,-200,false,-0.71
"PC1",141021,"/Date(1703747429000)/",28000,200,1321100,37027000000,-200,false,-0.71
"PC1",141021,"/Date(1703747429000)/",28000,700,1320900,37021000000,-200,false,-0.71
"PC1",141007,"/Date(1703747418000)/",28000,2000,1320200,37001000000,-200,false,-0.71
"PC1",141000,"/Date(1703747410000)/",28000,200,1318200,36945000000,-200,false,-0.71
"PC1",140949,"/Date(1703747401000)/",28000,300,1318000,36940000000,-200,false,-0.71
"PC1",140946,"/Date(1703747399000)/",28000,500,1317700,36931000000,-200,false,-0.71
"PC1",140942,"/Date(1703747394000)/",28000,1000,1317200,36917000000,-200,false,-0.71
"PC1",140942,"/Date(1703747394000)/",28000,500,1316200,36889000000,-200,false,-0.71
"PC1",140938,"/Date(1703747393000)/",28000,3000,1315700,36875000000,-200,false,-0.71
"PC1",140938,"/Date(1703747393000)/",28000,100,1312700,36791000000,-200,false,-0.71
"PC1",140938,"/Date(1703747391000)/",28000,1000,1312600,36789000000,-200,false,-0.71
"PC1",140938,"/Date(1703747390000)/",28000,700,1311600,36761000000,-200,false,-0.71
"PC1",140938,"/Date(1703747390000)/",28000,300,1310900,36741000000,-200,false,-0.71
"PC1",140935,"/Date(1703747389000)/",28000,100,1310600,36733000000,-200,false,-0.71
"PC1",140935,"/Date(1703747389000)/",28000,300,1310500,36730000000,-200,false,-0.71
"PC1",140935,"/Date(1703747389000)/",28000,1000,1310200,36721000000,-200,false,-0.71
"PC1",140935,"/Date(1703747389000)/",28000,600,1309200,36693000000,-200,false,-0.71
"PC1",140931,"/Date(1703747386000)/",28000,400,1308600,36677000000,-200,false,-0.71
"PC1",140931,"/Date(1703747386000)/",28000,100,1308200,36665000000,-200,false,-0.71
"PC1",140931,"/Date(1703747384000)/",28000,100,1308100,36663000000,-200,false,-0.71
"PC1",140931,"/Date(1703747384000)/",28000,3500,1308000,36660000000,-200,false,-0.71
"PC1",140931,"/Date(1703747384000)/",28000,1000,1304500,36562000000,-200,false,-0.71
"PC1",140931,"/Date(1703747384000)/",28000,4400,1303500,36534000000,-200,false,-0.71
"PC1",140927,"/Date(1703747382000)/",28000,1600,1299100,36411000000,-200,false,-0.71
"PC1",140927,"/Date(1703747382000)/",28000,2400,1297500,36366000000,-200,false,-0.71
"PC1",140920,"/Date(1703747377000)/",28000,4200,1295100,36299000000,-200,false,-0.71
"PC1",140913,"/Date(1703747369000)/",28000,400,1290900,36181000000,-200,false,-0.71
"PC1",140909,"/Date(1703747367000)/",28000,2000,1290500,36170000000,-200,false,-0.71
"PC1",140905,"/Date(1703747364000)/",28000,100,1288500,36114000000,-200,false,-0.71
"PC1",140858,"/Date(1703747356000)/",28000,100,1288400,36111000000,-200,false,-0.71
"PC1",140858,"/Date(1703747355000)/",28000,5000,1288300,36108000000,-200,false,-0.71
"PC1",140850,"/Date(1703747351000)/",28000,300,1283300,35968000000,-200,false,-0.71
"PC1",140835,"/Date(1703747336000)/",28000,1000,1283000,35960000000,-200,false,-0.71
"PC1",140815,"/Date(1703747321000)/",28000,5200,1282000,35932000000,-200,false,-0.71
"PC1",140738,"/Date(1703747292000)/",28000,1000,1276800,35786000000,-200,false,-0.71
"PC1",140637,"/Date(1703747236000)/",27950,1800,1275800,35758000000,-250,true,-0.89
"PC1",140637,"/Date(1703747236000)/",27950,2600,1274000,35708000000,-250,true,-0.89
"PC1",140627,"/Date(1703747227000)/",27900,5000,1271400,35635000000,-300,true,-1.06
"PC1",140627,"/Date(1703747227000)/",27900,500,1266400,35496000000,-300,true,-1.06
"PC1",140627,"/Date(1703747227000)/",27900,200,1265900,35482000000,-300,true,-1.06
"PC1",140627,"/Date(1703747227000)/",27900,200,1265700,35476000000,-300,true,-1.06
"PC1",140627,"/Date(1703747227000)/",27900,5000,1265500,35471000000,-300,true,-1.06
"PC1",140627,"/Date(1703747227000)/",27900,800,1260500,35331000000,-300,true,-1.06
"PC1",140627,"/Date(1703747227000)/",27900,1000,1259700,35309000000,-300,true,-1.06
"PC1",140627,"/Date(1703747227000)/",27900,100,1258700,35281000000,-300,true,-1.06
"PC1",140627,"/Date(1703747227000)/",27900,500,1258600,35278000000,-300,true,-1.06
"PC1",140627,"/Date(1703747227000)/",27900,100,1258100,35264000000,-300,true,-1.06
"PC1",140627,"/Date(1703747227000)/",27900,100,1258000,35261000000,-300,true,-1.06
"PC1",140627,"/Date(1703747227000)/",27900,3000,1257900,35259000000,-300,true,-1.06
"PC1",140627,"/Date(1703747227000)/",27900,100,1254900,35175000000,-300,true,-1.06
"PC1",140627,"/Date(1703747227000)/",27900,100,1254800,35172000000,-300,true,-1.06
"PC1",140627,"/Date(1703747227000)/",27900,1100,1254700,35169000000,-300,true,-1.06
"PC1",140621,"/Date(1703747219000)/",28000,2400,1253600,35139000000,-200,false,-0.71
"PC1",140621,"/Date(1703747217000)/",27900,3600,1251200,35071000000,-300,true,-1.06
"PC1",140621,"/Date(1703747217000)/",27950,1000,1247600,34971000000,-250,false,-0.89
"PC1",140621,"/Date(1703747217000)/",27950,1000,1246600,34943000000,-250,false,-0.89
"PC1",140621,"/Date(1703747217000)/",27950,1000,1245600,34915000000,-250,false,-0.89
"PC1",140621,"/Date(1703747217000)/",27950,2000,1244600,34887000000,-250,false,-0.89
"PC1",140530,"/Date(1703747167000)/",27950,2000,1242600,34831000000,-250,true,-0.89
"PC1",140517,"/Date(1703747154000)/",27950,500,1240600,34775000000,-250,true,-0.89
"PC1",140511,"/Date(1703747147000)/",27950,500,1240100,34761000000,-250,false,-0.89
"PC1",140445,"/Date(1703747124000)/",27900,300,1239600,34747000000,-300,true,-1.06
"PC1",140445,"/Date(1703747124000)/",27900,1000,1239300,34739000000,-300,true,-1.06
"PC1",140445,"/Date(1703747124000)/",27900,400,1238300,34711000000,-300,true,-1.06
"PC1",140445,"/Date(1703747124000)/",27900,1000,1237900,34700000000,-300,true,-1.06
"PC1",140445,"/Date(1703747124000)/",27900,100,1236900,34672000000,-300,true,-1.06
"PC1",140445,"/Date(1703747124000)/",27900,600,1236800,34669000000,-300,true,-1.06
"PC1",140445,"/Date(1703747124000)/",27900,4000,1236200,34653000000,-300,true,-1.06
"PC1",140445,"/Date(1703747124000)/",27900,1000,1232200,34541000000,-300,true,-1.06
"PC1",140445,"/Date(1703747124000)/",27900,300,1231200,34513000000,-300,true,-1.06
"PC1",140445,"/Date(1703747124000)/",27950,200,1230900,34505000000,-250,true,-0.89
"PC1",140445,"/Date(1703747124000)/",27950,1100,1230700,34499000000,-250,true,-0.89
"PC1",140442,"/Date(1703747118000)/",27950,900,1229600,34468000000,-250,true,-0.89
"PC1",140442,"/Date(1703747118000)/",27950,200,1228700,34443000000,-250,true,-0.89
"PC1",140442,"/Date(1703747118000)/",27950,5000,1228500,34438000000,-250,true,-0.89
"PC1",140442,"/Date(1703747118000)/",27950,1000,1223500,34298000000,-250,true,-0.89
"PC1",140442,"/Date(1703747118000)/",27950,100,1222500,34270000000,-250,true,-0.89
"PC1",140442,"/Date(1703747118000)/",27950,5000,1222400,34267000000,-250,true,-0.89
"PC1",140442,"/Date(1703747118000)/",27950,300,1217400,34127000000,-250,true,-0.89
"PC1",140442,"/Date(1703747118000)/",27950,100,1217100,34119000000,-250,true,-0.89
"PC1",140442,"/Date(1703747118000)/",27950,5000,1217000,34116000000,-250,true,-0.89
"PC1",140442,"/Date(1703747118000)/",27950,300,1212000,33976000000,-250,true,-0.89
"PC1",140442,"/Date(1703747118000)/",27950,1000,1211700,33968000000,-250,true,-0.89
"PC1",140442,"/Date(1703747118000)/",27950,5000,1210700,33940000000,-250,true,-0.89
"PC1",140442,"/Date(1703747118000)/",27950,100,1205700,33800000000,-250,true,-0.89
"PC1",140442,"/Date(1703747118000)/",27950,5000,1205600,33798000000,-250,true,-0.89
"PC1",140442,"/Date(1703747118000)/",27950,2000,1200600,33658000000,-250,true,-0.89
"PC1",140442,"/Date(1703747118000)/",27950,100,1198600,33602000000,-250,true,-0.89
"PC1",140442,"/Date(1703747118000)/",27950,300,1198500,33599000000,-250,true,-0.89
"PC1",140442,"/Date(1703747118000)/",27950,4000,1198200,33591000000,-250,true,-0.89
"PC1",140442,"/Date(1703747118000)/",27950,2000,1194200,33479000000,-250,true,-0.89
"PC1",140442,"/Date(1703747118000)/",27950,100,1192200,33423000000,-250,true,-0.89
"PC1",140442,"/Date(1703747118000)/",27950,1000,1192100,33420000000,-250,true,-0.89
"PC1",140442,"/Date(1703747118000)/",27950,500,1191100,33392000000,-250,true,-0.89
"PC1",140442,"/Date(1703747118000)/",27950,1000,1190600,33378000000,-250,true,-0.89
"PC1",140404,"/Date(1703747081000)/",27950,500,1189600,33350000000,-250,true,-0.89
"PC1",140319,"/Date(1703747036000)/",27950,2500,1189100,33336000000,-250,true,-0.89
"PC1",140300,"/Date(1703747016000)/",27950,1000,1186600,33266000000,-250,true,-0.89
"PC1",140300,"/Date(1703747016000)/",27950,1500,1185600,33239000000,-250,true,-0.89
"PC1",140257,"/Date(1703747014000)/",28000,200,1184100,33197000000,-200,false,-0.71
"PC1",140238,"/Date(1703746996000)/",28000,100,1183900,33191000000,-200,false,-0.71
"PC1",140228,"/Date(1703746984000)/",28000,5000,1183800,33188000000,-200,false,-0.71
"PC1",140215,"/Date(1703746972000)/",28000,2000,1178800,33048000000,-200,false,-0.71
"PC1",140156,"/Date(1703746954000)/",28000,500,1176800,32992000000,-200,false,-0.71
"PC1",140121,"/Date(1703746919000)/",28000,200,1176300,32978000000,-200,true,-0.71
"PC1",140121,"/Date(1703746919000)/",28000,7900,1176100,32973000000,-200,true,-0.71
"PC1",140030,"/Date(1703746869000)/",28000,100,1168200,32751000000,-200,false,-0.71
"PC1",140030,"/Date(1703746868000)/",28000,2000,1168100,32749000000,-200,false,-0.71
"PC1",140021,"/Date(1703746858000)/",28000,200,1166100,32693000000,-200,false,-0.71
"PC1",140005,"/Date(1703746841000)/",28000,500,1165900,32687000000,-200,false,-0.71
"PC1",140002,"/Date(1703746839000)/",28000,1000,1165400,32673000000,-200,false,-0.71
"PC1",135958,"/Date(1703746836000)/",28000,300,1164400,32645000000,-200,false,-0.71
"PC1",135958,"/Date(1703746836000)/",28000,2000,1164100,32637000000,-200,false,-0.71
"PC1",135958,"/Date(1703746836000)/",28000,1000,1162100,32581000000,-200,false,-0.71
"PC1",135958,"/Date(1703746836000)/",28000,1700,1161100,32553000000,-200,false,-0.71
"PC1",135952,"/Date(1703746828000)/",28000,300,1159400,32505000000,-200,false,-0.71
"PC1",135946,"/Date(1703746822000)/",28000,500,1159100,32497000000,-200,false,-0.71
"PC1",135942,"/Date(1703746820000)/",28000,500,1158600,32483000000,-200,false,-0.71
"PC1",135858,"/Date(1703746775000)/",28000,2000,1158100,32469000000,-200,false,-0.71
"PC1",135839,"/Date(1703746756000)/",28000,1500,1156100,32413000000,-200,false,-0.71
"PC1",135741,"/Date(1703746698000)/",27950,1000,1154600,32371000000,-250,true,-0.89
"PC1",135703,"/Date(1703746661000)/",27950,7500,1153600,32343000000,-250,true,-0.89
"PC1",135703,"/Date(1703746661000)/",27950,2500,1146100,32133000000,-250,true,-0.89
"PC1",135644,"/Date(1703746641000)/",28000,500,1143600,32063000000,-200,false,-0.71
"PC1",135644,"/Date(1703746641000)/",28000,100,1143100,32049000000,-200,false,-0.71
"PC1",135644,"/Date(1703746641000)/",28000,1000,1143000,32046000000,-200,false,-0.71
"PC1",135644,"/Date(1703746641000)/",28000,100,1142000,32018000000,-200,false,-0.71
"PC1",135644,"/Date(1703746641000)/",28000,1000,1141900,32016000000,-200,false,-0.71
"PC1",135644,"/Date(1703746641000)/",28000,800,1140900,31988000000,-200,false,-0.71
"PC1",135641,"/Date(1703746638000)/",28000,9200,1140100,31965000000,-200,true,-0.71
"PC1",135641,"/Date(1703746638000)/",28000,200,1130900,31708000000,-200,true,-0.71
"PC1",135641,"/Date(1703746638000)/",28000,600,1130700,31702000000,-200,true,-0.71
"PC1",135629,"/Date(1703746624000)/",28000,1900,1130100,31685000000,-200,true,-0.71
"PC1",135629,"/Date(1703746624000)/",28000,100,1128200,31632000000,-200,true,-0.71
"PC1",135629,"/Date(1703746624000)/",28000,1300,1128100,31629000000,-200,true,-0.71
"PC1",135629,"/Date(1703746624000)/",28000,300,1126800,31593000000,-200,true,-0.71
"PC1",135629,"/Date(1703746624000)/",28000,1400,1126500,31584000000,-200,true,-0.71
"PC1",135557,"/Date(1703746593000)/",28000,2600,1125100,31545000000,-200,true,-0.71
"PC1",135557,"/Date(1703746593000)/",28000,300,1122500,31472000000,-200,true,-0.71
"PC1",135557,"/Date(1703746591000)/",28000,400,1122200,31464000000,-200,true,-0.71
"PC1",135554,"/Date(1703746588000)/",28000,100,1121800,31453000000,-200,true,-0.71
"PC1",135532,"/Date(1703746567000)/",28050,100,1121700,31450000000,-150,false,-0.53
"PC1",135529,"/Date(1703746564000)/",28050,100,1121600,31447000000,-150,true,-0.53
"PC1",135529,"/Date(1703746564000)/",28050,2600,1121500,31444000000,-150,true,-0.53
"PC1",135522,"/Date(1703746557000)/",28050,7400,1118900,31371000000,-150,true,-0.53
"PC1",135522,"/Date(1703746557000)/",28050,1000,1111500,31164000000,-150,true,-0.53
"PC1",135522,"/Date(1703746557000)/",28050,1000,1110500,31136000000,-150,true,-0.53
"PC1",135522,"/Date(1703746557000)/",28050,100,1109500,31108000000,-150,true,-0.53
"PC1",135522,"/Date(1703746557000)/",28050,5000,1109400,31105000000,-150,true,-0.53
"PC1",135522,"/Date(1703746557000)/",28050,5000,1104400,30965000000,-150,true,-0.53
"PC1",135522,"/Date(1703746557000)/",28050,500,1099400,30824000000,-150,true,-0.53
"PC1",135457,"/Date(1703746531000)/",28050,1300,1098900,30810000000,-150,true,-0.53
"PC1",135423,"/Date(1703746495000)/",28050,1000,1097600,30774000000,-150,true,-0.53
"PC1",135349,"/Date(1703746460000)/",28050,100,1096600,30746000000,-150,true,-0.53
"PC1",135327,"/Date(1703746440000)/",28100,100,1096500,30743000000,-100,false,-0.35
"PC1",135327,"/Date(1703746440000)/",28100,300,1096400,30740000000,-100,false,-0.35
"PC1",135327,"/Date(1703746440000)/",28100,1400,1096100,30732000000,-100,false,-0.35
"PC1",135327,"/Date(1703746440000)/",28100,100,1094700,30693000000,-100,false,-0.35
"PC1",135327,"/Date(1703746440000)/",28100,400,1094600,30690000000,-100,false,-0.35
"PC1",135309,"/Date(1703746420000)/",28050,100,1094200,30678000000,-150,true,-0.53
"PC1",135221,"/Date(1703746368000)/",28100,1000,1094100,30676000000,-100,false,-0.35
"PC1",135147,"/Date(1703746329000)/",28100,1000,1093100,30648000000,-100,false,-0.35
"PC1",135108,"/Date(1703746284000)/",28050,500,1092100,30619000000,-150,true,-0.53
"PC1",135050,"/Date(1703746263000)/",28050,100,1091600,30605000000,-150,true,-0.53
"PC1",135050,"/Date(1703746263000)/",28050,200,1091500,30603000000,-150,true,-0.53
"PC1",135006,"/Date(1703746201000)/",28050,100,1091300,30597000000,-150,true,-0.53
"PC1",134956,"/Date(1703746189000)/",28100,600,1091200,30594000000,-100,false,-0.35
"PC1",134956,"/Date(1703746189000)/",28100,500,1090600,30577000000,-100,false,-0.35
"PC1",134956,"/Date(1703746189000)/",28100,700,1090100,30563000000,-100,false,-0.35
"PC1",134956,"/Date(1703746189000)/",28100,200,1089400,30544000000,-100,false,-0.35
"PC1",134857,"/Date(1703746136000)/",28100,800,1089200,30538000000,-100,false,-0.35
"PC1",134857,"/Date(1703746136000)/",28100,100,1088400,30516000000,-100,false,-0.35
"PC1",134857,"/Date(1703746136000)/",28100,2000,1088300,30513000000,-100,false,-0.35
"PC1",134857,"/Date(1703746136000)/",28100,2000,1086300,30457000000,-100,false,-0.35
"PC1",134857,"/Date(1703746136000)/",28100,100,1084300,30400000000,-100,false,-0.35
"PC1",134821,"/Date(1703746100000)/",28100,500,1084200,30398000000,-100,false,-0.35
"PC1",134726,"/Date(1703746045000)/",28100,200,1083700,30383000000,-100,false,-0.35
"PC1",134719,"/Date(1703746039000)/",28050,200,1083500,30378000000,-150,true,-0.53
"PC1",134715,"/Date(1703746037000)/",28050,900,1083300,30372000000,-150,true,-0.53
"PC1",134649,"/Date(1703746009000)/",28050,100,1082400,30347000000,-150,true,-0.53
"PC1",134635,"/Date(1703745998000)/",28050,3500,1082300,30344000000,-150,true,-0.53
"PC1",134635,"/Date(1703745998000)/",28050,5000,1078800,30246000000,-150,true,-0.53
"PC1",134635,"/Date(1703745998000)/",28050,1000,1073800,30106000000,-150,true,-0.53
"PC1",134635,"/Date(1703745998000)/",28050,200,1072800,30078000000,-150,true,-0.53
"PC1",134635,"/Date(1703745998000)/",28050,100,1072600,30072000000,-150,true,-0.53
"PC1",134635,"/Date(1703745998000)/",28050,200,1072500,30069000000,-150,true,-0.53
"PC1",134611,"/Date(1703745976000)/",28050,100,1072300,30064000000,-150,true,-0.53
"PC1",134607,"/Date(1703745973000)/",28100,500,1072200,30061000000,-100,false,-0.35
"PC1",134533,"/Date(1703745938000)/",28100,700,1071700,30047000000,-100,false,-0.35
"PC1",134533,"/Date(1703745938000)/",28100,100,1071000,30027000000,-100,false,-0.35
"PC1",134511,"/Date(1703745922000)/",28050,200,1070900,30024000000,-150,false,-0.53
"PC1",134449,"/Date(1703745902000)/",28050,100,1070700,30019000000,-150,false,-0.53
"PC1",134337,"/Date(1703745835000)/",28000,500,1070600,30016000000,-200,false,-0.71
"PC1",134334,"/Date(1703745833000)/",28000,500,1070100,30002000000,-200,false,-0.71
"PC1",134334,"/Date(1703745833000)/",28000,3800,1069600,29988000000,-200,false,-0.71
"PC1",134321,"/Date(1703745817000)/",28000,6200,1065800,29882000000,-200,false,-0.71
"PC1",134321,"/Date(1703745817000)/",28000,3000,1059600,29708000000,-200,false,-0.71
"PC1",134321,"/Date(1703745817000)/",28000,500,1056600,29624000000,-200,false,-0.71
"PC1",134321,"/Date(1703745817000)/",28000,300,1056100,29610000000,-200,false,-0.71
"PC1",134246,"/Date(1703745783000)/",28000,9700,1055800,29602000000,-200,false,-0.71
"PC1",134246,"/Date(1703745783000)/",28000,100,1046100,29330000000,-200,false,-0.71
"PC1",134246,"/Date(1703745783000)/",28000,200,1046000,29327000000,-200,false,-0.71
"PC1",134233,"/Date(1703745771000)/",27950,1500,1045800,29322000000,-250,true,-0.89
"PC1",134233,"/Date(1703745771000)/",27950,1000,1044300,29280000000,-250,true,-0.89
"PC1",134233,"/Date(1703745771000)/",27950,1000,1043300,29252000000,-250,true,-0.89
"PC1",134233,"/Date(1703745771000)/",27950,3000,1042300,29224000000,-250,true,-0.89
"PC1",134233,"/Date(1703745771000)/",27950,3500,1039300,29140000000,-250,true,-0.89
"PC1",134208,"/Date(1703745743000)/",27950,900,1035800,29042000000,-250,true,-0.89
"PC1",134208,"/Date(1703745743000)/",27950,1000,1034900,29017000000,-250,true,-0.89
"PC1",134208,"/Date(1703745743000)/",27950,1100,1033900,28989000000,-250,true,-0.89
"PC1",134058,"/Date(1703745676000)/",27950,3000,1032800,28958000000,-250,false,-0.89
"PC1",134058,"/Date(1703745676000)/",27950,1000,1029800,28874000000,-250,false,-0.89
"PC1",134058,"/Date(1703745676000)/",27950,400,1028800,28846000000,-250,false,-0.89
"PC1",134051,"/Date(1703745670000)/",27950,200,1028400,28835000000,-250,false,-0.89
"PC1",134051,"/Date(1703745669000)/",27900,500,1028200,28830000000,-300,true,-1.06
"PC1",134029,"/Date(1703745644000)/",27950,300,1027700,28816000000,-250,false,-0.89
"PC1",134026,"/Date(1703745643000)/",27950,500,1027400,28807000000,-250,false,-0.89
"PC1",134019,"/Date(1703745638000)/",27950,100,1026900,28793000000,-250,false,-0.89
"PC1",134016,"/Date(1703745633000)/",27950,200,1026800,28791000000,-250,false,-0.89
"PC1",133954,"/Date(1703745611000)/",27950,500,1026600,28785000000,-250,false,-0.89
"PC1",133938,"/Date(1703745596000)/",27950,100,1026100,28771000000,-250,false,-0.89
"PC1",133938,"/Date(1703745596000)/",27950,100,1026000,28768000000,-250,false,-0.89
"PC1",133928,"/Date(1703745587000)/",27950,3000,1025900,28765000000,-250,false,-0.89
"PC1",133925,"/Date(1703745583000)/",27950,200,1022900,28682000000,-250,false,-0.89
"PC1",133925,"/Date(1703745581000)/",27950,100,1022700,28676000000,-250,false,-0.89
"PC1",133922,"/Date(1703745578000)/",27950,200,1022600,28673000000,-250,false,-0.89
"PC1",133859,"/Date(1703745556000)/",27950,200,1022400,28668000000,-250,false,-0.89
"PC1",133850,"/Date(1703745547000)/",27950,100,1022200,28662000000,-250,true,-0.89
"PC1",133850,"/Date(1703745547000)/",27950,100,1022100,28659000000,-250,true,-0.89
"PC1",133850,"/Date(1703745547000)/",27950,1700,1022000,28656000000,-250,true,-0.89
"PC1",133850,"/Date(1703745547000)/",27950,5000,1020300,28609000000,-250,true,-0.89
"PC1",133850,"/Date(1703745547000)/",27950,100,1015300,28469000000,-250,true,-0.89
"PC1",133850,"/Date(1703745547000)/",27950,100,1015200,28466000000,-250,true,-0.89
"PC1",133850,"/Date(1703745547000)/",27950,100,1015100,28464000000,-250,true,-0.89
"PC1",133850,"/Date(1703745547000)/",27950,200,1015000,28461000000,-250,true,-0.89
"PC1",133850,"/Date(1703745547000)/",27950,200,1014800,28455000000,-250,true,-0.89
"PC1",133850,"/Date(1703745547000)/",27950,2000,1014600,28450000000,-250,true,-0.89
"PC1",133850,"/Date(1703745547000)/",27950,1300,1012600,28394000000,-250,true,-0.89
"PC1",133843,"/Date(1703745540000)/",28000,200,1011300,28357000000,-200,true,-0.71
"PC1",133840,"/Date(1703745537000)/",28000,800,1011100,28352000000,-200,true,-0.71
"PC1",133752,"/Date(1703745488000)/",27950,700,1010300,28329000000,-250,true,-0.89
"PC1",133752,"/Date(1703745488000)/",27950,400,1009600,28310000000,-250,true,-0.89
"PC1",133752,"/Date(1703745488000)/",27950,200,1009200,28299000000,-250,true,-0.89
"PC1",133749,"/Date(1703745487000)/",27950,800,1009000,28293000000,-250,true,-0.89
"PC1",133749,"/Date(1703745487000)/",27950,1000,1008200,28271000000,-250,true,-0.89
"PC1",133749,"/Date(1703745487000)/",27950,600,1007200,28243000000,-250,true,-0.89
"PC1",133749,"/Date(1703745487000)/",27950,100,1006600,28226000000,-250,true,-0.89
"PC1",133749,"/Date(1703745487000)/",27950,2000,1006500,28223000000,-250,true,-0.89
"PC1",133749,"/Date(1703745487000)/",27950,2000,1004500,28167000000,-250,true,-0.89
"PC1",133749,"/Date(1703745487000)/",27950,1000,1002500,28111000000,-250,true,-0.89
"PC1",133749,"/Date(1703745487000)/",27950,100,1001500,28083000000,-250,true,-0.89
"PC1",133749,"/Date(1703745487000)/",27950,100,1001400,28081000000,-250,true,-0.89
"PC1",133749,"/Date(1703745487000)/",27950,500,1001300,28078000000,-250,true,-0.89
"PC1",133749,"/Date(1703745487000)/",27950,200,1000800,28064000000,-250,true,-0.89
"PC1",133749,"/Date(1703745487000)/",27950,600,1000600,28058000000,-250,true,-0.89
"PC1",133749,"/Date(1703745487000)/",27950,400,1000000,28041000000,-250,true,-0.89
"PC1",133723,"/Date(1703745459000)/",27950,1600,999600,28030000000,-250,true,-0.89
"PC1",133723,"/Date(1703745459000)/",27950,200,998000,27986000000,-250,true,-0.89
"PC1",133723,"/Date(1703745459000)/",27950,8200,997800,27980000000,-250,true,-0.89
"PC1",133512,"/Date(1703745328000)/",28000,100,989600,27751000000,-200,false,-0.71
"PC1",133456,"/Date(1703745312000)/",28000,500,989500,27748000000,-200,false,-0.71
"PC1",133456,"/Date(1703745312000)/",28000,200,989000,27734000000,-200,false,-0.71
"PC1",133456,"/Date(1703745312000)/",28000,200,988800,27728000000,-200,false,-0.71
"PC1",133456,"/Date(1703745312000)/",28000,100,988600,27723000000,-200,false,-0.71
"PC1",133424,"/Date(1703745282000)/",27950,700,988500,27720000000,-250,true,-0.89
"PC1",133418,"/Date(1703745275000)/",28000,500,987800,27700000000,-200,false,-0.71
"PC1",133415,"/Date(1703745272000)/",28000,100,987300,27686000000,-200,false,-0.71
"PC1",133402,"/Date(1703745260000)/",27950,700,987200,27684000000,-250,true,-0.89
"PC1",133340,"/Date(1703745235000)/",28000,500,986500,27664000000,-200,true,-0.71
"PC1",133337,"/Date(1703745234000)/",28000,200,986000,27650000000,-200,true,-0.71
"PC1",133337,"/Date(1703745234000)/",28000,100,985800,27644000000,-200,true,-0.71
"PC1",133337,"/Date(1703745234000)/",28000,2000,985700,27642000000,-200,true,-0.71
"PC1",133337,"/Date(1703745234000)/",28000,3500,983700,27586000000,-200,true,-0.71
"PC1",133334,"/Date(1703745230000)/",28000,1500,980200,27488000000,-200,true,-0.71
"PC1",133334,"/Date(1703745230000)/",28000,8500,978700,27446000000,-200,true,-0.71
"PC1",133205,"/Date(1703745140000)/",28000,1500,970200,27208000000,-200,true,-0.71
"PC1",133149,"/Date(1703745124000)/",28000,200,968700,27166000000,-200,false,-0.71
"PC1",133146,"/Date(1703745123000)/",28000,200,968500,27160000000,-200,false,-0.71
"PC1",133146,"/Date(1703745121000)/",28000,100,968300,27154000000,-200,false,-0.71
"PC1",133146,"/Date(1703745121000)/",28000,200,968200,27152000000,-200,false,-0.71
"PC1",133146,"/Date(1703745121000)/",28000,3000,968000,27146000000,-200,false,-0.71
"PC1",133146,"/Date(1703745121000)/",28000,1000,965000,27062000000,-200,false,-0.71
"PC1",133146,"/Date(1703745121000)/",28000,600,964000,27034000000,-200,false,-0.71
"PC1",133146,"/Date(1703745121000)/",28000,100,963400,27017000000,-200,false,-0.71
"PC1",133146,"/Date(1703745121000)/",28000,300,963300,27014000000,-200,false,-0.71
"PC1",133146,"/Date(1703745121000)/",28000,10000,963000,27006000000,-200,false,-0.71
"PC1",133146,"/Date(1703745121000)/",28000,200,953000,26726000000,-200,false,-0.71
"PC1",133146,"/Date(1703745121000)/",28000,5000,952800,26720000000,-200,false,-0.71
"PC1",133146,"/Date(1703745121000)/",28000,1000,947800,26580000000,-200,false,-0.71
"PC1",133146,"/Date(1703745121000)/",28000,600,946800,26552000000,-200,false,-0.71
"PC1",133146,"/Date(1703745121000)/",28000,2900,946200,26536000000,-200,false,-0.71
"PC1",133146,"/Date(1703745121000)/",28000,100,943300,26454000000,-200,false,-0.71
"PC1",133146,"/Date(1703745121000)/",28000,2000,943200,26452000000,-200,false,-0.71
"PC1",133146,"/Date(1703745121000)/",28000,1000,941200,26396000000,-200,false,-0.71
"PC1",133146,"/Date(1703745121000)/",28000,500,940200,26368000000,-200,false,-0.71
"PC1",133146,"/Date(1703745121000)/",28000,2500,939700,26354000000,-200,false,-0.71
"PC1",133146,"/Date(1703745121000)/",28000,4000,937200,26284000000,-200,false,-0.71
"PC1",133146,"/Date(1703745121000)/",28050,100,933200,26172000000,-150,false,-0.53
"PC1",133146,"/Date(1703745121000)/",28050,800,933100,26169000000,-150,false,-0.53
"PC1",133146,"/Date(1703745121000)/",28050,100,932300,26146000000,-150,false,-0.53
"PC1",133146,"/Date(1703745121000)/",28050,2000,932200,26144000000,-150,false,-0.53
"PC1",133127,"/Date(1703745104000)/",28100,100,930200,26087000000,-100,false,-0.35
"PC1",133046,"/Date(1703745062000)/",28100,1000,930100,26085000000,-100,false,-0.35
"PC1",133012,"/Date(1703745024000)/",28100,300,929100,26057000000,-100,false,-0.35
"PC1",132852,"/Date(1703744943000)/",28100,3600,928800,26048000000,-100,false,-0.35
"PC1",132852,"/Date(1703744943000)/",28100,300,925200,25947000000,-100,false,-0.35
"PC1",132852,"/Date(1703744943000)/",28100,300,924900,25939000000,-100,false,-0.35
"PC1",132852,"/Date(1703744943000)/",28100,800,924600,25930000000,-100,false,-0.35
"PC1",132816,"/Date(1703744904000)/",28100,200,923800,25908000000,-100,false,-0.35
"PC1",132801,"/Date(1703744889000)/",28100,100,923600,25902000000,-100,false,-0.35
"PC1",132746,"/Date(1703744873000)/",28100,600,923500,25899000000,-100,false,-0.35
"PC1",132721,"/Date(1703744843000)/",28050,200,922900,25882000000,-150,true,-0.53
"PC1",132626,"/Date(1703744780000)/",28000,1000,922700,25877000000,-200,false,-0.71
"PC1",132623,"/Date(1703744777000)/",28000,1000,921700,25849000000,-200,false,-0.71
"PC1",132623,"/Date(1703744776000)/",28000,1800,920700,25821000000,-200,false,-0.71
"PC1",132623,"/Date(1703744776000)/",28000,200,918900,25770000000,-200,false,-0.71
"PC1",132623,"/Date(1703744776000)/",28000,3000,918700,25765000000,-200,false,-0.71
"PC1",132623,"/Date(1703744776000)/",28000,100,915700,25681000000,-200,false,-0.71
"PC1",132623,"/Date(1703744776000)/",28000,3900,915600,25678000000,-200,false,-0.71
"PC1",132623,"/Date(1703744775000)/",28000,1100,911700,25569000000,-200,false,-0.71
"PC1",132623,"/Date(1703744775000)/",28000,900,910600,25538000000,-200,false,-0.71
"PC1",132619,"/Date(1703744773000)/",28000,100,909700,25513000000,-200,false,-0.71
"PC1",132619,"/Date(1703744773000)/",28000,900,909600,25510000000,-200,false,-0.71
"PC1",132619,"/Date(1703744771000)/",28000,1000,908700,25485000000,-200,false,-0.71
"PC1",132616,"/Date(1703744770000)/",28000,1000,907700,25457000000,-200,false,-0.71
"PC1",132613,"/Date(1703744766000)/",28000,1100,906700,25429000000,-200,false,-0.71
"PC1",132613,"/Date(1703744766000)/",28000,1500,905600,25398000000,-200,false,-0.71
"PC1",132613,"/Date(1703744766000)/",28000,1400,904100,25356000000,-200,false,-0.71
"PC1",132603,"/Date(1703744757000)/",28000,2000,902700,25317000000,-200,false,-0.71
"PC1",132603,"/Date(1703744757000)/",28000,2400,900700,25261000000,-200,false,-0.71
"PC1",132603,"/Date(1703744757000)/",28000,600,898300,25194000000,-200,false,-0.71
"PC1",132556,"/Date(1703744751000)/",27950,200,897700,25177000000,-250,true,-0.89
"PC1",132553,"/Date(1703744748000)/",28000,100,897500,25171000000,-200,false,-0.71
"PC1",132546,"/Date(1703744740000)/",28000,300,897400,25168000000,-200,false,-0.71
"PC1",132546,"/Date(1703744740000)/",28000,200,897100,25160000000,-200,false,-0.71
"PC1",132546,"/Date(1703744740000)/",28000,5000,896900,25154000000,-200,false,-0.71
"PC1",132546,"/Date(1703744740000)/",28000,4500,891900,25014000000,-200,false,-0.71
"PC1",132431,"/Date(1703744667000)/",28000,100,887400,24888000000,-200,false,-0.71
"PC1",132408,"/Date(1703744645000)/",28000,400,887300,24886000000,-200,false,-0.71
"PC1",132408,"/Date(1703744645000)/",28000,500,886900,24874000000,-200,false,-0.71
"PC1",132408,"/Date(1703744645000)/",28000,1100,886400,24860000000,-200,false,-0.71
"PC1",132308,"/Date(1703744587000)/",28000,100,885300,24830000000,-200,false,-0.71
"PC1",132255,"/Date(1703744576000)/",28000,100,885200,24827000000,-200,false,-0.71
"PC1",132110,"/Date(1703744480000)/",28000,1300,885100,24824000000,-200,false,-0.71
"PC1",132110,"/Date(1703744480000)/",28000,900,883800,24788000000,-200,false,-0.71
"PC1",132053,"/Date(1703744463000)/",27950,1600,882900,24762000000,-250,true,-0.89
"PC1",132053,"/Date(1703744463000)/",27950,1000,881300,24718000000,-250,true,-0.89
"PC1",132053,"/Date(1703744463000)/",27950,500,880300,24690000000,-250,true,-0.89
"PC1",132053,"/Date(1703744463000)/",27950,1000,879800,24676000000,-250,true,-0.89
"PC1",132053,"/Date(1703744463000)/",27950,300,878800,24648000000,-250,true,-0.89
"PC1",132053,"/Date(1703744463000)/",27950,600,878500,24639000000,-250,true,-0.89
"PC1",131930,"/Date(1703744381000)/",28000,2000,877900,24623000000,-200,false,-0.71
"PC1",131858,"/Date(1703744346000)/",28000,200,875900,24567000000,-200,false,-0.71
"PC1",131848,"/Date(1703744339000)/",28000,200,875700,24561000000,-200,false,-0.71
"PC1",131657,"/Date(1703744227000)/",28000,1000,875500,24555000000,-200,false,-0.71
"PC1",131618,"/Date(1703744189000)/",27950,300,874500,24527000000,-250,true,-0.89
"PC1",131612,"/Date(1703744182000)/",27950,1000,874200,24519000000,-250,true,-0.89
"PC1",131612,"/Date(1703744182000)/",27950,1000,873200,24491000000,-250,true,-0.89
"PC1",131612,"/Date(1703744182000)/",27950,1000,872200,24463000000,-250,true,-0.89
"PC1",131612,"/Date(1703744182000)/",27950,100,871200,24435000000,-250,true,-0.89
"PC1",131612,"/Date(1703744182000)/",27950,400,871100,24432000000,-250,true,-0.89
"PC1",131612,"/Date(1703744182000)/",27950,100,870700,24421000000,-250,true,-0.89
"PC1",131612,"/Date(1703744182000)/",27950,100,870600,24418000000,-250,true,-0.89
"PC1",131612,"/Date(1703744182000)/",27950,1300,870500,24416000000,-250,true,-0.89
"PC1",131335,"/Date(1703744025000)/",27950,700,869200,24379000000,-250,true,-0.89
"PC1",131313,"/Date(1703744003000)/",28000,300,868500,24360000000,-200,false,-0.71
"PC1",131307,"/Date(1703743998000)/",27950,100,868200,24351000000,-250,true,-0.89
"PC1",131251,"/Date(1703743980000)/",27950,1800,868100,24348000000,-250,true,-0.89
"PC1",131231,"/Date(1703743962000)/",27950,100,866300,24298000000,-250,true,-0.89
"PC1",131231,"/Date(1703743962000)/",27950,200,866200,24295000000,-250,true,-0.89
"PC1",131222,"/Date(1703743953000)/",27950,100,866000,24290000000,-250,true,-0.89
"PC1",131222,"/Date(1703743953000)/",27950,100,865900,24287000000,-250,true,-0.89
"PC1",131209,"/Date(1703743938000)/",28000,100,865800,24284000000,-200,false,-0.71
"PC1",131118,"/Date(1703743889000)/",27900,100,865700,24281000000,-300,true,-1.06
"PC1",131118,"/Date(1703743889000)/",27950,300,865600,24279000000,-250,false,-0.89
"PC1",131118,"/Date(1703743889000)/",27950,2500,865300,24270000000,-250,false,-0.89
"PC1",131118,"/Date(1703743889000)/",27950,100,862800,24200000000,-250,false,-0.89
"PC1",131059,"/Date(1703743867000)/",27950,900,862700,24198000000,-250,true,-0.89
"PC1",131059,"/Date(1703743867000)/",27950,200,861800,24172000000,-250,true,-0.89
"PC1",131059,"/Date(1703743867000)/",27950,100,861600,24167000000,-250,true,-0.89
"PC1",131059,"/Date(1703743867000)/",27950,100,861500,24164000000,-250,true,-0.89
"PC1",131059,"/Date(1703743867000)/",27950,700,861400,24161000000,-250,true,-0.89
"PC1",131027,"/Date(1703743837000)/",28000,200,860700,24142000000,-200,false,-0.71
"PC1",131008,"/Date(1703743817000)/",27950,100,860500,24136000000,-250,true,-0.89
"PC1",131008,"/Date(1703743817000)/",27950,300,860400,24133000000,-250,true,-0.89
"PC1",131008,"/Date(1703743817000)/",27950,1500,860100,24125000000,-250,true,-0.89
"PC1",131008,"/Date(1703743817000)/",27950,100,858600,24083000000,-250,true,-0.89
"PC1",130949,"/Date(1703743798000)/",27950,200,858500,24080000000,-250,true,-0.89
"PC1",130949,"/Date(1703743798000)/",27950,300,858300,24075000000,-250,true,-0.89
"PC1",130949,"/Date(1703743798000)/",27950,100,858000,24066000000,-250,true,-0.89
"PC1",130949,"/Date(1703743798000)/",27950,200,857900,24063000000,-250,true,-0.89
"PC1",130949,"/Date(1703743798000)/",27950,100,857700,24058000000,-250,true,-0.89
"PC1",130949,"/Date(1703743798000)/",27950,100,857600,24055000000,-250,true,-0.89
"PC1",130936,"/Date(1703743785000)/",27950,400,857500,24052000000,-250,true,-0.89
"PC1",130936,"/Date(1703743785000)/",27950,3000,857100,24041000000,-250,true,-0.89
"PC1",130936,"/Date(1703743785000)/",27950,300,854100,23957000000,-250,true,-0.89
"PC1",130936,"/Date(1703743785000)/",27950,1300,853800,23949000000,-250,true,-0.89
"PC1",130936,"/Date(1703743785000)/",27950,1600,852500,23912000000,-250,true,-0.89
"PC1",130907,"/Date(1703743758000)/",27950,200,850900,23868000000,-250,true,-0.89
"PC1",130904,"/Date(1703743755000)/",27950,200,850700,23862000000,-250,true,-0.89
"PC1",130904,"/Date(1703743755000)/",27950,1000,850500,23857000000,-250,true,-0.89
"PC1",130904,"/Date(1703743755000)/",27950,500,849500,23829000000,-250,true,-0.89
"PC1",130904,"/Date(1703743755000)/",27950,200,849000,23815000000,-250,true,-0.89
"PC1",130904,"/Date(1703743755000)/",27950,3100,848800,23809000000,-250,true,-0.89
"PC1",130758,"/Date(1703743686000)/",27950,300,845700,23722000000,-250,true,-0.89
"PC1",130726,"/Date(1703743654000)/",27950,500,845400,23714000000,-250,true,-0.89
"PC1",130720,"/Date(1703743647000)/",27950,1000,844900,23700000000,-250,true,-0.89
"PC1",130633,"/Date(1703743600000)/",28000,500,843900,23672000000,-200,false,-0.71
"PC1",130627,"/Date(1703743593000)/",27950,100,843400,23658000000,-250,true,-0.89
"PC1",130627,"/Date(1703743593000)/",27950,1000,843300,23655000000,-250,true,-0.89
"PC1",130627,"/Date(1703743593000)/",27950,300,842300,23627000000,-250,true,-0.89
"PC1",130627,"/Date(1703743593000)/",27950,2900,842000,23619000000,-250,true,-0.89
"PC1",130522,"/Date(1703743526000)/",27950,800,839100,23538000000,-250,true,-0.89
"PC1",130436,"/Date(1703743478000)/",28000,100,838300,23516000000,-200,false,-0.71
"PC1",130430,"/Date(1703743473000)/",28000,2000,838200,23513000000,-200,false,-0.71
"PC1",130415,"/Date(1703743457000)/",28000,500,836200,23457000000,-200,false,-0.71
"PC1",130337,"/Date(1703743415000)/",28000,200,835700,23443000000,-200,false,-0.71
"PC1",130332,"/Date(1703743408000)/",27950,1000,835500,23437000000,-250,true,-0.89
"PC1",130329,"/Date(1703743406000)/",28000,1000,834500,23409000000,-200,false,-0.71
"PC1",130251,"/Date(1703743365000)/",28000,800,833500,23381000000,-200,false,-0.71
"PC1",130251,"/Date(1703743365000)/",28000,100,832700,23359000000,-200,false,-0.71
"PC1",130225,"/Date(1703743339000)/",28000,500,832600,23356000000,-200,false,-0.71
"PC1",130135,"/Date(1703743290000)/",28000,300,832100,23342000000,-200,false,-0.71
"PC1",130053,"/Date(1703743250000)/",28000,300,831800,23334000000,-200,false,-0.71
"PC1",130040,"/Date(1703743238000)/",28000,100,831500,23325000000,-200,false,-0.71
"PC1",130031,"/Date(1703743214000)/",28000,1000,831400,23322000000,-200,false,-0.71
"PC1",130031,"/Date(1703743212000)/",28000,400,830400,23294000000,-200,false,-0.71
"PC1",130031,"/Date(1703743211000)/",28000,500,830000,23283000000,-200,false,-0.71
"PC1",130031,"/Date(1703743211000)/",28000,1000,829500,23269000000,-200,false,-0.71
"PC1",130031,"/Date(1703743210000)/",28000,800,828500,23241000000,-200,false,-0.71
"PC1",130031,"/Date(1703743210000)/",28000,1000,827700,23219000000,-200,false,-0.71
"PC1",130031,"/Date(1703743210000)/",28000,200,826700,23191000000,-200,false,-0.71
"PC1",130027,"/Date(1703743208000)/",27950,800,826500,23185000000,-250,true,-0.89
"PC1",130027,"/Date(1703743208000)/",27950,200,825700,23163000000,-250,true,-0.89
"PC1",130027,"/Date(1703743205000)/",28000,500,825500,23157000000,-200,false,-0.71
"PC1",130027,"/Date(1703743205000)/",28000,200,825000,23143000000,-200,false,-0.71
"PC1",130027,"/Date(1703743205000)/",28000,2700,824800,23138000000,-200,false,-0.71
"PC1",130024,"/Date(1703743204000)/",28000,300,822100,23062000000,-200,false,-0.71
"PC1",130024,"/Date(1703743203000)/",27950,900,821800,23054000000,-250,true,-0.89
"PC1",130021,"/Date(1703743201000)/",28000,600,820900,23028000000,-200,false,-0.71
"PC1",130021,"/Date(1703743201000)/",28000,200,820300,23012000000,-200,false,-0.71
"PC1",130018,"/Date(1703743200000)/",28000,100,820100,23006000000,-200,false,-0.71
"PC1",130018,"/Date(1703743200000)/",28000,100,820000,23003000000,-200,false,-0.71
"PC1",113000,"/Date(1703737799000)/",28000,1000,819900,23000000000,-200,false,-0.71
"PC1",113000,"/Date(1703737799000)/",28000,1000,818900,22972000000,-200,false,-0.71
"PC1",113000,"/Date(1703737799000)/",28000,1000,817900,22944000000,-200,false,-0.71
"PC1",113000,"/Date(1703737799000)/",28000,100,816900,22916000000,-200,false,-0.71
"PC1",113000,"/Date(1703737799000)/",28000,900,816800,22914000000,-200,false,-0.71
"PC1",112957,"/Date(1703737794000)/",28000,300,815900,22888000000,-200,false,-0.71
"PC1",112937,"/Date(1703737775000)/",27950,1900,815600,22880000000,-250,false,-0.89
"PC1",112937,"/Date(1703737774000)/",27950,500,813700,22827000000,-250,false,-0.89
"PC1",112934,"/Date(1703737771000)/",27950,200,813200,22813000000,-250,false,-0.89
"PC1",112928,"/Date(1703737766000)/",27950,300,813000,22807000000,-250,false,-0.89
"PC1",112924,"/Date(1703737762000)/",27950,400,812700,22799000000,-250,false,-0.89
"PC1",112921,"/Date(1703737760000)/",27950,1700,812300,22788000000,-250,false,-0.89
"PC1",112921,"/Date(1703737760000)/",27950,200,810600,22740000000,-250,false,-0.89
"PC1",112921,"/Date(1703737760000)/",27950,1000,810400,22735000000,-250,false,-0.89
"PC1",112918,"/Date(1703737756000)/",27950,200,809400,22707000000,-250,false,-0.89
"PC1",112915,"/Date(1703737753000)/",27950,800,809200,22701000000,-250,false,-0.89
"PC1",112915,"/Date(1703737753000)/",27950,200,808400,22679000000,-250,false,-0.89
"PC1",112846,"/Date(1703737724000)/",27950,300,808200,22673000000,-250,false,-0.89
"PC1",112846,"/Date(1703737723000)/",27950,500,807900,22665000000,-250,false,-0.89
"PC1",112843,"/Date(1703737721000)/",27950,100,807400,22651000000,-250,false,-0.89
"PC1",112817,"/Date(1703737697000)/",27950,1000,807300,22648000000,-250,false,-0.89
"PC1",112805,"/Date(1703737683000)/",27950,100,806300,22620000000,-250,false,-0.89
"PC1",112749,"/Date(1703737668000)/",27950,200,806200,22617000000,-250,false,-0.89
"PC1",112739,"/Date(1703737658000)/",27950,100,806000,22612000000,-250,false,-0.89
"PC1",112739,"/Date(1703737658000)/",27950,500,805900,22609000000,-250,false,-0.89
"PC1",112726,"/Date(1703737645000)/",27950,100,805400,22595000000,-250,false,-0.89
"PC1",112723,"/Date(1703737641000)/",27950,500,805300,22592000000,-250,false,-0.89
"PC1",112707,"/Date(1703737626000)/",27950,300,804800,22578000000,-250,false,-0.89
"PC1",112707,"/Date(1703737625000)/",27950,500,804500,22570000000,-250,false,-0.89
"PC1",112701,"/Date(1703737618000)/",27950,300,804000,22556000000,-250,false,-0.89
"PC1",112613,"/Date(1703737571000)/",27950,300,803700,22547000000,-250,false,-0.89
"PC1",112610,"/Date(1703737567000)/",27950,1000,803400,22539000000,-250,false,-0.89
"PC1",112607,"/Date(1703737564000)/",27950,100,802400,22511000000,-250,false,-0.89
"PC1",112551,"/Date(1703737549000)/",27950,1000,802300,22508000000,-250,false,-0.89
"PC1",112531,"/Date(1703737531000)/",27950,100,801300,22480000000,-250,false,-0.89
"PC1",112531,"/Date(1703737530000)/",27950,2800,801200,22478000000,-250,false,-0.89
"PC1",112531,"/Date(1703737530000)/",27950,200,798400,22399000000,-250,false,-0.89
"PC1",112516,"/Date(1703737514000)/",27950,300,798200,22394000000,-250,false,-0.89
"PC1",112509,"/Date(1703737508000)/",27950,100,797900,22385000000,-250,false,-0.89
"PC1",112456,"/Date(1703737494000)/",27950,300,797800,22383000000,-250,false,-0.89
"PC1",112415,"/Date(1703737452000)/",27900,1100,797500,22374000000,-300,true,-1.06
"PC1",112415,"/Date(1703737452000)/",27900,1000,796400,22343000000,-300,true,-1.06
"PC1",112415,"/Date(1703737452000)/",27900,100,795400,22316000000,-300,true,-1.06
"PC1",112415,"/Date(1703737452000)/",27900,200,795300,22313000000,-300,true,-1.06
"PC1",112415,"/Date(1703737452000)/",27900,2000,795100,22307000000,-300,true,-1.06
"PC1",112415,"/Date(1703737452000)/",27900,2000,793100,22251000000,-300,true,-1.06
"PC1",112415,"/Date(1703737452000)/",27900,100,791100,22196000000,-300,true,-1.06
"PC1",112415,"/Date(1703737452000)/",27900,200,791000,22193000000,-300,true,-1.06
"PC1",112415,"/Date(1703737452000)/",27900,200,790800,22187000000,-300,true,-1.06
"PC1",112415,"/Date(1703737452000)/",27900,2000,790600,22182000000,-300,true,-1.06
"PC1",112415,"/Date(1703737452000)/",27900,1100,788600,22126000000,-300,true,-1.06
"PC1",112412,"/Date(1703737449000)/",27950,100,787500,22095000000,-250,false,-0.89
"PC1",112402,"/Date(1703737440000)/",28000,1000,787400,22092000000,-200,false,-0.71
"PC1",112343,"/Date(1703737421000)/",27950,100,786400,22064000000,-250,false,-0.89
"PC1",112324,"/Date(1703737404000)/",28000,100,786300,22062000000,-200,false,-0.71
"PC1",112324,"/Date(1703737403000)/",28000,200,786200,22059000000,-200,false,-0.71
"PC1",112324,"/Date(1703737402000)/",28000,300,786000,22053000000,-200,false,-0.71
"PC1",112246,"/Date(1703737364000)/",28000,200,785700,22045000000,-200,false,-0.71
"PC1",112246,"/Date(1703737364000)/",28000,100,785500,22039000000,-200,false,-0.71
"PC1",112207,"/Date(1703737326000)/",27900,900,785400,22036000000,-300,true,-1.06
"PC1",112204,"/Date(1703737324000)/",27900,200,784500,22011000000,-300,false,-1.06
"PC1",112204,"/Date(1703737322000)/",27900,200,784300,22006000000,-300,false,-1.06
"PC1",112158,"/Date(1703737317000)/",27900,2000,784100,22000000000,-300,true,-1.06
"PC1",112158,"/Date(1703737315000)/",27900,500,782100,21944000000,-300,true,-1.06
"PC1",112158,"/Date(1703737315000)/",27900,1200,781600,21930000000,-300,true,-1.06
"PC1",112148,"/Date(1703737306000)/",27900,800,780400,21897000000,-300,false,-1.06
"PC1",112123,"/Date(1703737280000)/",27900,300,779600,21875000000,-300,false,-1.06
"PC1",112120,"/Date(1703737279000)/",27900,200,779300,21866000000,-300,false,-1.06
"PC1",112116,"/Date(1703737274000)/",27900,100,779100,21861000000,-300,false,-1.06
"PC1",112116,"/Date(1703737273000)/",27900,3300,779000,21858000000,-300,false,-1.06
"PC1",112107,"/Date(1703737263000)/",27850,100,775700,21766000000,-350,true,-1.24
"PC1",112038,"/Date(1703737238000)/",27850,3400,775600,21763000000,-350,false,-1.24
"PC1",112035,"/Date(1703737232000)/",27850,200,772200,21668000000,-350,false,-1.24
"PC1",112032,"/Date(1703737229000)/",27850,100,772000,21663000000,-350,false,-1.24
"PC1",112032,"/Date(1703737229000)/",27850,1000,771900,21660000000,-350,false,-1.24
"PC1",112032,"/Date(1703737229000)/",27850,300,770900,21632000000,-350,false,-1.24
"PC1",112025,"/Date(1703737224000)/",27900,100,770600,21624000000,-300,false,-1.06
"PC1",112022,"/Date(1703737220000)/",27900,300,770500,21621000000,-300,false,-1.06
"PC1",112019,"/Date(1703737218000)/",27850,1000,770200,21613000000,-350,true,-1.24
"PC1",112019,"/Date(1703737218000)/",27850,100,769200,21585000000,-350,true,-1.24
"PC1",112019,"/Date(1703737218000)/",27850,600,769100,21582000000,-350,true,-1.24
"PC1",112016,"/Date(1703737214000)/",27850,200,768500,21565000000,-350,false,-1.24
"PC1",112013,"/Date(1703737211000)/",27850,100,768300,21560000000,-350,false,-1.24
"PC1",112003,"/Date(1703737201000)/",27850,200,768200,21557000000,-350,false,-1.24
"PC1",112003,"/Date(1703737200000)/",27850,100,768000,21551000000,-350,false,-1.24
"PC1",111950,"/Date(1703737190000)/",27850,5800,767900,21549000000,-350,false,-1.24
"PC1",111950,"/Date(1703737190000)/",27850,100,762100,21387000000,-350,false,-1.24
"PC1",111950,"/Date(1703737190000)/",27850,300,762000,21384000000,-350,false,-1.24
"PC1",111950,"/Date(1703737190000)/",27850,200,761700,21376000000,-350,false,-1.24
"PC1",111950,"/Date(1703737190000)/",27850,3600,761500,21370000000,-350,false,-1.24
"PC1",111950,"/Date(1703737189000)/",27850,200,757900,21270000000,-350,false,-1.24
"PC1",111947,"/Date(1703737184000)/",27850,300,757700,21264000000,-350,false,-1.24
"PC1",111944,"/Date(1703737182000)/",27850,100,757400,21256000000,-350,false,-1.24
"PC1",111934,"/Date(1703737172000)/",27850,200,757300,21253000000,-350,false,-1.24
"PC1",111925,"/Date(1703737164000)/",27850,100,757100,21248000000,-350,false,-1.24
"PC1",111925,"/Date(1703737162000)/",27800,2200,757000,21245000000,-400,true,-1.42
"PC1",111922,"/Date(1703737161000)/",27800,9500,754800,21184000000,-400,true,-1.42
"PC1",111922,"/Date(1703737161000)/",27800,100,745300,20920000000,-400,true,-1.42
"PC1",111922,"/Date(1703737161000)/",27800,100,745200,20917000000,-400,true,-1.42
"PC1",111922,"/Date(1703737161000)/",27800,500,745100,20914000000,-400,true,-1.42
"PC1",111922,"/Date(1703737161000)/",27800,200,744600,20900000000,-400,true,-1.42
"PC1",111922,"/Date(1703737161000)/",27800,4600,744400,20895000000,-400,true,-1.42
"PC1",111918,"/Date(1703737155000)/",27850,300,739800,20767000000,-350,false,-1.24
"PC1",111909,"/Date(1703737147000)/",27850,200,739500,20758000000,-350,true,-1.24
"PC1",111850,"/Date(1703737129000)/",27850,100,739300,20753000000,-350,false,-1.24
"PC1",111850,"/Date(1703737127000)/",27850,500,739200,20750000000,-350,false,-1.24
"PC1",111830,"/Date(1703737107000)/",27800,1000,738700,20736000000,-400,false,-1.42
"PC1",111830,"/Date(1703737107000)/",27800,4400,737700,20708000000,-400,false,-1.42
"PC1",111827,"/Date(1703737105000)/",27800,1400,733300,20586000000,-400,false,-1.42
"PC1",111827,"/Date(1703737105000)/",27800,600,731900,20547000000,-400,false,-1.42
"PC1",111824,"/Date(1703737104000)/",27800,300,731300,20530000000,-400,false,-1.42
"PC1",111811,"/Date(1703737089000)/",27800,200,731000,20522000000,-400,false,-1.42
"PC1",111808,"/Date(1703737087000)/",27750,300,730800,20517000000,-450,true,-1.6
"PC1",111808,"/Date(1703737087000)/",27750,500,730500,20508000000,-450,true,-1.6
"PC1",111808,"/Date(1703737087000)/",27750,5000,730000,20494000000,-450,true,-1.6
"PC1",111808,"/Date(1703737087000)/",27750,200,725000,20356000000,-450,true,-1.6
"PC1",111808,"/Date(1703737087000)/",27750,4000,724800,20350000000,-450,true,-1.6
"PC1",111805,"/Date(1703737084000)/",27800,300,720800,20239000000,-400,false,-1.42
"PC1",111802,"/Date(1703737081000)/",27800,4000,720500,20231000000,-400,false,-1.42
"PC1",111802,"/Date(1703737080000)/",27800,100,716500,20119000000,-400,false,-1.42
"PC1",111802,"/Date(1703737080000)/",27800,2000,716400,20117000000,-400,false,-1.42
"PC1",111759,"/Date(1703737076000)/",27800,1000,714400,20061000000,-400,false,-1.42
"PC1",111755,"/Date(1703737074000)/",27800,2000,713400,20033000000,-400,false,-1.42
"PC1",111755,"/Date(1703737073000)/",27750,1000,711400,19978000000,-450,true,-1.6
"PC1",111755,"/Date(1703737073000)/",27750,200,710400,19950000000,-450,true,-1.6
"PC1",111755,"/Date(1703737073000)/",27750,3800,710200,19944000000,-450,true,-1.6
"PC1",111743,"/Date(1703737060000)/",27800,5000,706400,19839000000,-400,false,-1.42
"PC1",111736,"/Date(1703737055000)/",27750,300,701400,19700000000,-450,true,-1.6
"PC1",111733,"/Date(1703737052000)/",27750,900,701100,19692000000,-450,true,-1.6
"PC1",111733,"/Date(1703737052000)/",27750,2000,700200,19667000000,-450,true,-1.6
"PC1",111733,"/Date(1703737052000)/",27750,500,698200,19611000000,-450,true,-1.6
"PC1",111733,"/Date(1703737052000)/",27750,1000,697700,19597000000,-450,true,-1.6
"PC1",111733,"/Date(1703737052000)/",27750,100,696700,19570000000,-450,true,-1.6
"PC1",111733,"/Date(1703737052000)/",27750,500,696600,19567000000,-450,true,-1.6
"PC1",111733,"/Date(1703737052000)/",27750,500,696100,19553000000,-450,true,-1.6
"PC1",111733,"/Date(1703737052000)/",27750,100,695600,19539000000,-450,true,-1.6
"PC1",111733,"/Date(1703737052000)/",27750,100,695500,19536000000,-450,true,-1.6
"PC1",111733,"/Date(1703737052000)/",27750,1000,695400,19533000000,-450,true,-1.6
"PC1",111730,"/Date(1703737049000)/",27800,1000,694400,19506000000,-400,false,-1.42
"PC1",111727,"/Date(1703737044000)/",27800,200,693400,19478000000,-400,false,-1.42
"PC1",111717,"/Date(1703737036000)/",27800,200,693200,19472000000,-400,false,-1.42
"PC1",111711,"/Date(1703737029000)/",27800,300,693000,19467000000,-400,false,-1.42
"PC1",111711,"/Date(1703737028000)/",27800,100,692700,19458000000,-400,false,-1.42
"PC1",111711,"/Date(1703737028000)/",27800,100,692600,19456000000,-400,false,-1.42
"PC1",111711,"/Date(1703737028000)/",27800,1000,692500,19453000000,-400,false,-1.42
"PC1",111711,"/Date(1703737028000)/",27800,200,691500,19425000000,-400,false,-1.42
"PC1",111711,"/Date(1703737028000)/",27800,200,691300,19420000000,-400,false,-1.42
"PC1",111711,"/Date(1703737028000)/",27800,11200,691100,19414000000,-400,false,-1.42
"PC1",111711,"/Date(1703737028000)/",27800,3800,679900,19103000000,-400,false,-1.42
"PC1",111711,"/Date(1703737028000)/",27800,100,676100,18997000000,-400,false,-1.42
"PC1",111711,"/Date(1703737028000)/",27800,500,676000,18994000000,-400,false,-1.42
"PC1",111711,"/Date(1703737028000)/",27800,100,675500,18980000000,-400,false,-1.42
"PC1",111711,"/Date(1703737028000)/",27800,200,675400,18978000000,-400,false,-1.42
"PC1",111711,"/Date(1703737028000)/",27800,200,675200,18972000000,-400,false,-1.42
"PC1",111711,"/Date(1703737028000)/",27800,200,675000,18966000000,-400,false,-1.42
"PC1",111711,"/Date(1703737028000)/",27800,100,674800,18961000000,-400,false,-1.42
"PC1",111711,"/Date(1703737028000)/",27800,5000,674700,18958000000,-400,false,-1.42
"PC1",111711,"/Date(1703737028000)/",27800,1000,669700,18819000000,-400,false,-1.42
"PC1",111711,"/Date(1703737028000)/",27800,1000,668700,18791000000,-400,false,-1.42
"PC1",111711,"/Date(1703737028000)/",27800,100,667700,18763000000,-400,false,-1.42
"PC1",111711,"/Date(1703737028000)/",27800,100,667600,18761000000,-400,false,-1.42
"PC1",111711,"/Date(1703737028000)/",27800,100,667500,18758000000,-400,false,-1.42
"PC1",111711,"/Date(1703737028000)/",27800,1000,667400,18755000000,-400,false,-1.42
"PC1",111711,"/Date(1703737028000)/",27800,2500,666400,18727000000,-400,false,-1.42
"PC1",111711,"/Date(1703737028000)/",27800,100,663900,18658000000,-400,false,-1.42
"PC1",111711,"/Date(1703737028000)/",27800,500,663800,18655000000,-400,false,-1.42
"PC1",111711,"/Date(1703737028000)/",27800,300,663300,18641000000,-400,false,-1.42
"PC1",111711,"/Date(1703737028000)/",27800,20000,663000,18633000000,-400,false,-1.42
"PC1",111711,"/Date(1703737028000)/",27800,200,643000,18077000000,-400,false,-1.42
"PC1",111711,"/Date(1703737028000)/",27800,5000,642800,18071000000,-400,false,-1.42
"PC1",111711,"/Date(1703737028000)/",27800,100,637800,17932000000,-400,false,-1.42
"PC1",111711,"/Date(1703737028000)/",27800,200,637700,17929000000,-400,false,-1.42
"PC1",111707,"/Date(1703737027000)/",27850,200,637500,17924000000,-350,false,-1.24
"PC1",111707,"/Date(1703737026000)/",27850,500,637300,17918000000,-350,false,-1.24
"PC1",111707,"/Date(1703737024000)/",27850,500,636800,17904000000,-350,false,-1.24
"PC1",111658,"/Date(1703737017000)/",27850,200,636300,17890000000,-350,true,-1.24
"PC1",111658,"/Date(1703737016000)/",27850,5000,636100,17885000000,-350,true,-1.24
"PC1",111658,"/Date(1703737016000)/",27850,100,631100,17746000000,-350,true,-1.24
"PC1",111658,"/Date(1703737016000)/",27850,500,631000,17743000000,-350,true,-1.24
"PC1",111658,"/Date(1703737016000)/",27850,300,630500,17729000000,-350,true,-1.24
"PC1",111655,"/Date(1703737012000)/",27900,100,630200,17721000000,-300,true,-1.06
"PC1",111651,"/Date(1703737011000)/",27900,500,630100,17718000000,-300,true,-1.06
"PC1",111651,"/Date(1703737011000)/",27900,100,629600,17704000000,-300,true,-1.06
"PC1",111651,"/Date(1703737011000)/",27900,2000,629500,17701000000,-300,true,-1.06
"PC1",111645,"/Date(1703737003000)/",27950,200,627500,17645000000,-250,false,-0.89
"PC1",111645,"/Date(1703737003000)/",27900,1000,627300,17640000000,-300,true,-1.06
"PC1",111645,"/Date(1703737003000)/",27900,500,626300,17612000000,-300,true,-1.06
"PC1",111645,"/Date(1703737003000)/",27900,100,625800,17598000000,-300,true,-1.06
"PC1",111645,"/Date(1703737003000)/",27900,1000,625700,17595000000,-300,true,-1.06
"PC1",111645,"/Date(1703737003000)/",27900,200,624700,17567000000,-300,true,-1.06
"PC1",111645,"/Date(1703737003000)/",27900,2000,624500,17562000000,-300,true,-1.06
"PC1",111645,"/Date(1703737003000)/",27900,1000,622500,17506000000,-300,true,-1.06
"PC1",111645,"/Date(1703737003000)/",27900,200,621500,17478000000,-300,true,-1.06
"PC1",111645,"/Date(1703737003000)/",27900,100,621300,17472000000,-300,true,-1.06
"PC1",111645,"/Date(1703737003000)/",27900,100,621200,17469000000,-300,true,-1.06
"PC1",111645,"/Date(1703737003000)/",27900,500,621100,17467000000,-300,true,-1.06
"PC1",111645,"/Date(1703737003000)/",27900,100,620600,17453000000,-300,true,-1.06
"PC1",111645,"/Date(1703737003000)/",27900,3000,620500,17450000000,-300,true,-1.06
"PC1",111645,"/Date(1703737003000)/",27900,200,617500,17366000000,-300,true,-1.06
"PC1",111645,"/Date(1703737003000)/",27900,1000,617300,17361000000,-300,true,-1.06
"PC1",111645,"/Date(1703737003000)/",27900,10000,616300,17333000000,-300,true,-1.06
"PC1",111645,"/Date(1703737003000)/",27900,3000,606300,17054000000,-300,true,-1.06
"PC1",111645,"/Date(1703737003000)/",27900,10000,603300,16970000000,-300,true,-1.06
"PC1",111645,"/Date(1703737003000)/",27900,2800,593300,16691000000,-300,true,-1.06
"PC1",111645,"/Date(1703737002000)/",27950,500,590500,16613000000,-250,false,-0.89
"PC1",111639,"/Date(1703736996000)/",27950,200,590000,16599000000,-250,false,-0.89
"PC1",111635,"/Date(1703736994000)/",27950,2000,589800,16593000000,-250,false,-0.89
"PC1",111632,"/Date(1703736992000)/",27950,200,587800,16537000000,-250,false,-0.89
"PC1",111623,"/Date(1703736982000)/",27950,500,587600,16532000000,-250,true,-0.89
"PC1",111623,"/Date(1703736981000)/",27950,2000,587100,16518000000,-250,true,-0.89
"PC1",111623,"/Date(1703736981000)/",27950,1000,585100,16462000000,-250,true,-0.89
"PC1",111623,"/Date(1703736981000)/",27950,2000,584100,16434000000,-250,true,-0.89
"PC1",111623,"/Date(1703736981000)/",27950,500,582100,16378000000,-250,true,-0.89
"PC1",111623,"/Date(1703736981000)/",27950,900,581600,16364000000,-250,true,-0.89
"PC1",111623,"/Date(1703736980000)/",27950,100,580700,16339000000,-250,true,-0.89
"PC1",111623,"/Date(1703736980000)/",27950,200,580600,16336000000,-250,true,-0.89
"PC1",111623,"/Date(1703736980000)/",27950,100,580400,16331000000,-250,true,-0.89
"PC1",111623,"/Date(1703736980000)/",27950,2000,580300,16328000000,-250,true,-0.89
"PC1",111623,"/Date(1703736980000)/",27950,7600,578300,16272000000,-250,true,-0.89
"PC1",111619,"/Date(1703736977000)/",27950,400,570700,16060000000,-250,true,-0.89
"PC1",111610,"/Date(1703736968000)/",27950,2000,570300,16048000000,-250,true,-0.89
"PC1",111610,"/Date(1703736968000)/",27950,3000,568300,15992000000,-250,true,-0.89
"PC1",111551,"/Date(1703736948000)/",27950,2000,565300,15909000000,-250,true,-0.89
"PC1",111551,"/Date(1703736948000)/",27950,3000,563300,15853000000,-250,true,-0.89
"PC1",111551,"/Date(1703736948000)/",27950,5000,560300,15769000000,-250,true,-0.89
"PC1",111538,"/Date(1703736936000)/",28000,100,555300,15629000000,-200,false,-0.71
"PC1",111535,"/Date(1703736934000)/",28000,5000,555200,15626000000,-200,true,-0.71
"PC1",111535,"/Date(1703736934000)/",28000,100,550200,15486000000,-200,true,-0.71
"PC1",111535,"/Date(1703736934000)/",28000,1000,550100,15484000000,-200,true,-0.71
"PC1",111535,"/Date(1703736934000)/",28000,1000,549100,15456000000,-200,true,-0.71
"PC1",111535,"/Date(1703736934000)/",28000,100,548100,15428000000,-200,true,-0.71
"PC1",111535,"/Date(1703736934000)/",28000,100,548000,15425000000,-200,true,-0.71
"PC1",111535,"/Date(1703736934000)/",28000,200,547900,15422000000,-200,true,-0.71
"PC1",111532,"/Date(1703736931000)/",28000,800,547700,15416000000,-200,true,-0.71
"PC1",111532,"/Date(1703736931000)/",28000,1700,546900,15394000000,-200,true,-0.71
"PC1",111532,"/Date(1703736929000)/",28000,1300,545200,15346000000,-200,true,-0.71
"PC1",111532,"/Date(1703736929000)/",28000,900,543900,15310000000,-200,true,-0.71
"PC1",111532,"/Date(1703736929000)/",28000,800,543000,15285000000,-200,true,-0.71
"PC1",111528,"/Date(1703736928000)/",28000,1200,542200,15262000000,-200,true,-0.71
"PC1",111528,"/Date(1703736928000)/",28000,1000,541000,15229000000,-200,true,-0.71
"PC1",111528,"/Date(1703736928000)/",28000,2000,540000,15201000000,-200,true,-0.71
"PC1",111528,"/Date(1703736928000)/",28000,100,538000,15145000000,-200,true,-0.71
"PC1",111528,"/Date(1703736928000)/",28000,100,537900,15142000000,-200,true,-0.71
"PC1",111528,"/Date(1703736928000)/",28000,200,537800,15139000000,-200,true,-0.71
"PC1",111528,"/Date(1703736928000)/",28000,1000,537600,15134000000,-200,true,-0.71
"PC1",111528,"/Date(1703736928000)/",28000,1500,536600,15106000000,-200,true,-0.71
"PC1",111528,"/Date(1703736927000)/",28000,500,535100,15064000000,-200,true,-0.71
"PC1",111525,"/Date(1703736924000)/",28000,600,534600,15050000000,-200,true,-0.71
"PC1",111525,"/Date(1703736924000)/",28000,200,534000,15033000000,-200,true,-0.71
"PC1",111525,"/Date(1703736924000)/",28000,1000,533800,15027000000,-200,true,-0.71
"PC1",111525,"/Date(1703736924000)/",28000,200,532800,14999000000,-200,true,-0.71
"PC1",111525,"/Date(1703736922000)/",28000,100,532600,14994000000,-200,true,-0.71
"PC1",111512,"/Date(1703736910000)/",28000,1700,532500,14991000000,-200,true,-0.71
"PC1",111512,"/Date(1703736910000)/",28000,100,530800,14943000000,-200,true,-0.71
"PC1",111503,"/Date(1703736902000)/",28000,600,530700,14940000000,-200,true,-0.71
"PC1",111503,"/Date(1703736902000)/",28000,100,530100,14924000000,-200,true,-0.71
"PC1",111503,"/Date(1703736902000)/",28000,800,530000,14921000000,-200,true,-0.71
"PC1",111500,"/Date(1703736898000)/",28000,200,529200,14898000000,-200,true,-0.71
"PC1",111500,"/Date(1703736898000)/",28000,100,529000,14893000000,-200,true,-0.71
"PC1",111500,"/Date(1703736898000)/",28000,700,528900,14890000000,-200,true,-0.71
"PC1",111500,"/Date(1703736898000)/",28000,500,528200,14870000000,-200,true,-0.71
"PC1",111500,"/Date(1703736898000)/",28000,500,527700,14856000000,-200,true,-0.71
"PC1",111500,"/Date(1703736898000)/",28000,5000,527200,14842000000,-200,true,-0.71
"PC1",111500,"/Date(1703736898000)/",28000,100,522200,14702000000,-200,true,-0.71
"PC1",111500,"/Date(1703736898000)/",28000,2000,522100,14700000000,-200,true,-0.71
"PC1",111500,"/Date(1703736898000)/",28000,4000,520100,14644000000,-200,true,-0.71
"PC1",111500,"/Date(1703736898000)/",28000,100,516100,14532000000,-200,true,-0.71
"PC1",111500,"/Date(1703736898000)/",28000,500,516000,14529000000,-200,true,-0.71
"PC1",111500,"/Date(1703736898000)/",28000,1000,515500,14515000000,-200,true,-0.71
"PC1",111500,"/Date(1703736898000)/",28000,200,514500,14487000000,-200,true,-0.71
"PC1",111500,"/Date(1703736898000)/",28000,200,514300,14481000000,-200,true,-0.71
"PC1",111500,"/Date(1703736898000)/",28000,600,514100,14476000000,-200,true,-0.71
"PC1",111447,"/Date(1703736886000)/",28000,400,513500,14459000000,-200,true,-0.71
"PC1",111447,"/Date(1703736886000)/",28000,100,513100,14448000000,-200,true,-0.71
"PC1",111447,"/Date(1703736886000)/",28000,300,513000,14445000000,-200,true,-0.71
"PC1",111447,"/Date(1703736886000)/",28000,100,512700,14436000000,-200,true,-0.71
"PC1",111447,"/Date(1703736886000)/",28000,2000,512600,14434000000,-200,true,-0.71
"PC1",111447,"/Date(1703736886000)/",28000,100,510600,14378000000,-200,true,-0.71
"PC1",111447,"/Date(1703736886000)/",28000,100,510500,14375000000,-200,true,-0.71
"PC1",111447,"/Date(1703736886000)/",28000,600,510400,14372000000,-200,true,-0.71
"PC1",111428,"/Date(1703736866000)/",28000,300,509800,14355000000,-200,true,-0.71
"PC1",111428,"/Date(1703736866000)/",28000,100,509500,14347000000,-200,true,-0.71
"PC1",111428,"/Date(1703736866000)/",28000,1000,509400,14344000000,-200,true,-0.71
"PC1",111428,"/Date(1703736866000)/",28000,200,508400,14316000000,-200,true,-0.71
"PC1",111428,"/Date(1703736866000)/",28000,1000,508200,14310000000,-200,true,-0.71
"PC1",111428,"/Date(1703736866000)/",28000,500,507200,14282000000,-200,true,-0.71
"PC1",111428,"/Date(1703736866000)/",28000,10000,506700,14268000000,-200,true,-0.71
"PC1",111428,"/Date(1703736866000)/",28000,100,496700,13988000000,-200,true,-0.71
"PC1",111428,"/Date(1703736866000)/",28000,100,496600,13986000000,-200,true,-0.71
"PC1",111428,"/Date(1703736866000)/",28000,300,496500,13983000000,-200,true,-0.71
"PC1",111428,"/Date(1703736866000)/",28000,400,496200,13974000000,-200,true,-0.71
"PC1",111402,"/Date(1703736842000)/",28050,300,495800,13963000000,-150,false,-0.53
"PC1",111343,"/Date(1703736820000)/",28050,100,495500,13955000000,-150,false,-0.53
"PC1",111327,"/Date(1703736805000)/",28050,200,495400,13952000000,-150,false,-0.53
"PC1",111148,"/Date(1703736707000)/",28050,1200,495200,13946000000,-150,false,-0.53
"PC1",111139,"/Date(1703736697000)/",28050,100,494000,13913000000,-150,false,-0.53
"PC1",111100,"/Date(1703736660000)/",28050,1000,493900,13910000000,-150,false,-0.53
"PC1",111054,"/Date(1703736653000)/",28050,100,492900,13882000000,-150,false,-0.53
"PC1",111054,"/Date(1703736652000)/",28050,3000,492800,13879000000,-150,false,-0.53
"PC1",110947,"/Date(1703736585000)/",28050,100,489800,13795000000,-150,false,-0.53
"PC1",110947,"/Date(1703736585000)/",28050,700,489700,13792000000,-150,false,-0.53
"PC1",110938,"/Date(1703736576000)/",28050,1700,489000,13772000000,-150,true,-0.53
"PC1",110938,"/Date(1703736576000)/",28050,1500,487300,13725000000,-150,true,-0.53
"PC1",110938,"/Date(1703736576000)/",28050,2600,485800,13683000000,-150,true,-0.53
"PC1",110938,"/Date(1703736576000)/",28050,2000,483200,13610000000,-150,true,-0.53
"PC1",110938,"/Date(1703736576000)/",28050,2200,481200,13554000000,-150,true,-0.53
"PC1",110922,"/Date(1703736558000)/",28050,5000,479000,13492000000,-150,true,-0.53
"PC1",110827,"/Date(1703736506000)/",28100,100,474000,13352000000,-100,false,-0.35
"PC1",110714,"/Date(1703736433000)/",28100,100,473900,13349000000,-100,false,-0.35
"PC1",110601,"/Date(1703736357000)/",28100,600,473800,13346000000,-100,false,-0.35
"PC1",110535,"/Date(1703736334000)/",28100,200,473200,13329000000,-100,false,-0.35
"PC1",110457,"/Date(1703736295000)/",28100,100,473000,13324000000,-100,false,-0.35
"PC1",110444,"/Date(1703736283000)/",28050,2800,472900,13321000000,-150,true,-0.53
"PC1",110444,"/Date(1703736283000)/",28050,200,470100,13242000000,-150,true,-0.53
"PC1",110444,"/Date(1703736283000)/",28050,2000,469900,13237000000,-150,true,-0.53
"PC1",110324,"/Date(1703736201000)/",28100,1000,467900,13180000000,-100,false,-0.35
"PC1",110308,"/Date(1703736187000)/",28100,500,466900,13152000000,-100,false,-0.35
"PC1",110249,"/Date(1703736167000)/",28100,100,466400,13138000000,-100,false,-0.35
"PC1",110224,"/Date(1703736143000)/",28100,200,466300,13135000000,-100,false,-0.35
"PC1",110224,"/Date(1703736139000)/",28100,300,466100,13130000000,-100,false,-0.35
"PC1",110101,"/Date(1703736060000)/",28100,100,465800,13121000000,-100,false,-0.35
"PC1",110051,"/Date(1703736049000)/",28100,500,465700,13119000000,-100,false,-0.35
"PC1",110045,"/Date(1703736043000)/",28100,1000,465200,13105000000,-100,false,-0.35
"PC1",105957,"/Date(1703735995000)/",28100,100,464200,13076000000,-100,false,-0.35
"PC1",105859,"/Date(1703735939000)/",28000,600,464100,13074000000,-200,true,-0.71
"PC1",105859,"/Date(1703735939000)/",28000,500,463500,13057000000,-200,true,-0.71
"PC1",105859,"/Date(1703735939000)/",28000,2000,463000,13043000000,-200,true,-0.71
"PC1",105859,"/Date(1703735939000)/",28000,1900,461000,12987000000,-200,true,-0.71
"PC1",105840,"/Date(1703735918000)/",28000,8100,459100,12934000000,-200,true,-0.71
"PC1",105840,"/Date(1703735918000)/",28000,500,451000,12707000000,-200,true,-0.71
"PC1",105840,"/Date(1703735918000)/",28000,200,450500,12693000000,-200,true,-0.71
"PC1",105840,"/Date(1703735918000)/",28000,5000,450300,12687000000,-200,true,-0.71
"PC1",105840,"/Date(1703735918000)/",28000,100,445300,12547000000,-200,true,-0.71
"PC1",105840,"/Date(1703735918000)/",28000,100,445200,12544000000,-200,true,-0.71
"PC1",105840,"/Date(1703735918000)/",28000,500,445100,12542000000,-200,true,-0.71
"PC1",105840,"/Date(1703735918000)/",28000,1000,444600,12528000000,-200,true,-0.71
"PC1",105840,"/Date(1703735918000)/",28000,100,443600,12500000000,-200,true,-0.71
"PC1",105840,"/Date(1703735918000)/",28000,500,443500,12497000000,-200,true,-0.71
"PC1",105840,"/Date(1703735918000)/",28000,200,443000,12483000000,-200,true,-0.71
"PC1",105840,"/Date(1703735918000)/",28000,200,442800,12477000000,-200,true,-0.71
"PC1",105840,"/Date(1703735918000)/",28000,100,442600,12472000000,-200,true,-0.71
"PC1",105840,"/Date(1703735918000)/",28050,1400,442500,12469000000,-150,false,-0.53
"PC1",105840,"/Date(1703735918000)/",28050,2000,441100,12430000000,-150,false,-0.53
"PC1",105840,"/Date(1703735918000)/",28050,500,439100,12374000000,-150,false,-0.53
"PC1",105840,"/Date(1703735918000)/",28050,200,438600,12359000000,-150,false,-0.53
"PC1",105840,"/Date(1703735918000)/",28050,2000,438400,12354000000,-150,false,-0.53
"PC1",105840,"/Date(1703735918000)/",28050,100,436400,12298000000,-150,false,-0.53
"PC1",105840,"/Date(1703735918000)/",28050,1400,436300,12295000000,-150,false,-0.53
"PC1",105840,"/Date(1703735918000)/",28050,1000,434900,12256000000,-150,false,-0.53
"PC1",105840,"/Date(1703735918000)/",28050,200,433900,12228000000,-150,false,-0.53
"PC1",105840,"/Date(1703735918000)/",28050,100,433700,12222000000,-150,false,-0.53
"PC1",105840,"/Date(1703735918000)/",28050,100,433600,12219000000,-150,false,-0.53
"PC1",105840,"/Date(1703735918000)/",28050,200,433500,12216000000,-150,false,-0.53
"PC1",105840,"/Date(1703735918000)/",28050,600,433300,12211000000,-150,false,-0.53
"PC1",105840,"/Date(1703735918000)/",28050,300,432700,12194000000,-150,false,-0.53
"PC1",105840,"/Date(1703735918000)/",28050,200,432400,12186000000,-150,false,-0.53
"PC1",105840,"/Date(1703735918000)/",28050,100,432200,12180000000,-150,false,-0.53
"PC1",105840,"/Date(1703735918000)/",28050,100,432100,12177000000,-150,false,-0.53
"PC1",105840,"/Date(1703735918000)/",28050,1000,432000,12174000000,-150,false,-0.53
"PC1",105840,"/Date(1703735918000)/",28050,1000,431000,12146000000,-150,false,-0.53
"PC1",105840,"/Date(1703735918000)/",28050,100,430000,12118000000,-150,false,-0.53
"PC1",105840,"/Date(1703735918000)/",28050,800,429900,12115000000,-150,false,-0.53
"PC1",105834,"/Date(1703735912000)/",28100,100,429100,12093000000,-100,false,-0.35
"PC1",105834,"/Date(1703735912000)/",28100,200,429000,12090000000,-100,false,-0.35
"PC1",105834,"/Date(1703735912000)/",28100,400,428800,12085000000,-100,false,-0.35
"PC1",105802,"/Date(1703735879000)/",28100,100,428400,12073000000,-100,true,-0.35
"PC1",105604,"/Date(1703735764000)/",28100,200,428300,12071000000,-100,true,-0.35
"PC1",105604,"/Date(1703735764000)/",28100,100,428100,12065000000,-100,true,-0.35
"PC1",105604,"/Date(1703735764000)/",28100,100,428000,12062000000,-100,true,-0.35
"PC1",105604,"/Date(1703735764000)/",28100,200,427900,12059000000,-100,true,-0.35
"PC1",105604,"/Date(1703735764000)/",28100,100,427700,12054000000,-100,true,-0.35
"PC1",105604,"/Date(1703735764000)/",28100,100,427600,12051000000,-100,true,-0.35
"PC1",105604,"/Date(1703735764000)/",28100,1900,427500,12048000000,-100,true,-0.35
"PC1",105555,"/Date(1703735752000)/",28100,100,425600,11995000000,-100,true,-0.35
"PC1",105555,"/Date(1703735752000)/",28100,500,425500,11992000000,-100,true,-0.35
"PC1",105555,"/Date(1703735752000)/",28100,4400,425000,11978000000,-100,true,-0.35
"PC1",105441,"/Date(1703735680000)/",28150,100,420600,11854000000,-50,false,-0.18
"PC1",105435,"/Date(1703735671000)/",28150,800,420500,11851000000,-50,false,-0.18
"PC1",105432,"/Date(1703735670000)/",28100,600,419700,11829000000,-100,true,-0.35
"PC1",105432,"/Date(1703735670000)/",28100,100,419100,11812000000,-100,true,-0.35
"PC1",105432,"/Date(1703735670000)/",28100,200,419000,11809000000,-100,true,-0.35
"PC1",105432,"/Date(1703735670000)/",28100,100,418800,11804000000,-100,true,-0.35
"PC1",105425,"/Date(1703735664000)/",28150,400,418700,11801000000,-50,false,-0.18
"PC1",105425,"/Date(1703735664000)/",28150,4400,418300,11789000000,-50,false,-0.18
"PC1",105406,"/Date(1703735643000)/",28100,300,413900,11666000000,-100,true,-0.35
"PC1",105403,"/Date(1703735639000)/",28100,2800,413600,11657000000,-100,true,-0.35
"PC1",105357,"/Date(1703735633000)/",28100,2000,410800,11578000000,-100,true,-0.35
"PC1",105353,"/Date(1703735632000)/",28100,2800,408800,11522000000,-100,true,-0.35
"PC1",105353,"/Date(1703735632000)/",28100,200,406000,11444000000,-100,true,-0.35
"PC1",105331,"/Date(1703735609000)/",28100,1000,405800,11438000000,-100,true,-0.35
"PC1",105331,"/Date(1703735609000)/",28100,100,404800,11410000000,-100,true,-0.35
"PC1",105331,"/Date(1703735609000)/",28100,3000,404700,11407000000,-100,true,-0.35
"PC1",105331,"/Date(1703735609000)/",28100,100,401700,11323000000,-100,true,-0.35
"PC1",105331,"/Date(1703735609000)/",28100,100,401600,11320000000,-100,true,-0.35
"PC1",105331,"/Date(1703735609000)/",28100,1000,401500,11317000000,-100,true,-0.35
"PC1",105331,"/Date(1703735609000)/",28100,1500,400500,11289000000,-100,true,-0.35
"PC1",105331,"/Date(1703735609000)/",28100,800,399000,11247000000,-100,true,-0.35
"PC1",105331,"/Date(1703735609000)/",28100,300,398200,11224000000,-100,true,-0.35
"PC1",105331,"/Date(1703735609000)/",28100,200,397900,11216000000,-100,true,-0.35
"PC1",105331,"/Date(1703735609000)/",28100,100,397700,11210000000,-100,true,-0.35
"PC1",105331,"/Date(1703735609000)/",28100,100,397600,11208000000,-100,true,-0.35
"PC1",105331,"/Date(1703735609000)/",28100,100,397500,11205000000,-100,true,-0.35
"PC1",105331,"/Date(1703735609000)/",28100,100,397400,11202000000,-100,true,-0.35
"PC1",105331,"/Date(1703735609000)/",28100,500,397300,11199000000,-100,true,-0.35
"PC1",105331,"/Date(1703735609000)/",28100,200,396800,11185000000,-100,true,-0.35
"PC1",105331,"/Date(1703735609000)/",28100,1800,396600,11179000000,-100,true,-0.35
"PC1",105227,"/Date(1703735543000)/",28100,1000,394800,11129000000,-100,true,-0.35
"PC1",105227,"/Date(1703735543000)/",28100,2000,393800,11101000000,-100,true,-0.35
"PC1",105224,"/Date(1703735542000)/",28100,200,391800,11045000000,-100,true,-0.35
"PC1",105224,"/Date(1703735542000)/",28100,5000,391600,11039000000,-100,true,-0.35
"PC1",105224,"/Date(1703735542000)/",28100,200,386600,10898000000,-100,true,-0.35
"PC1",105214,"/Date(1703735531000)/",28150,100,386400,10893000000,-50,false,-0.18
"PC1",105058,"/Date(1703735456000)/",28150,500,386300,10890000000,-50,false,-0.18
"PC1",104853,"/Date(1703735333000)/",28150,100,385800,10876000000,-50,true,-0.18
"PC1",104853,"/Date(1703735333000)/",28150,800,385700,10873000000,-50,true,-0.18
