"Stockcode","Package","TradingDate","Price","Vol","TotalVol","TotalVal","Change","IsBuy","PerChange"
"TIG",145056,"/Date(1703749856000)/",12300,2000,1685330,20850944300,-100,true,-0.81
"TIG",144507,"/Date(1703749501000)/",12300,95600,1683330,20826344300,-100,false,-0.81
"TIG",142955,"/Date(1703748594000)/",12200,200,1587730,19650464300,-200,true,-1.61
"TIG",142908,"/Date(1703748547000)/",12200,800,1587530,19648024300,-200,true,-1.61
"TIG",142851,"/Date(1703748530000)/",12300,13000,1586730,19638264300,-100,false,-0.81
"TIG",142831,"/Date(1703748510000)/",12200,3000,1573730,19478364300,-200,true,-1.61
"TIG",142819,"/Date(1703748498000)/",12300,15000,1570730,19441764300,-100,false,-0.81
"TIG",142802,"/Date(1703748482000)/",12300,200,1555730,19257264300,-100,false,-0.81
"TIG",142759,"/Date(1703748478000)/",12200,14500,1555530,19254804300,-200,true,-1.61
"TIG",142743,"/Date(1703748462000)/",12200,3000,1541030,19077904300,-200,true,-1.61
"TIG",142723,"/Date(1703748443000)/",12300,4000,1538030,19041304300,-100,false,-0.81
"TIG",142706,"/Date(1703748426000)/",12300,5000,1534030,18992104300,-100,false,-0.81
"TIG",142645,"/Date(1703748405000)/",12200,1000,1529030,18930604300,-200,true,-1.61
"TIG",142631,"/Date(1703748390000)/",12300,500,1528030,18918404300,-100,false,-0.81
"TIG",142624,"/Date(1703748383000)/",12300,2000,1527530,18912254300,-100,false,-0.81
"TIG",142620,"/Date(1703748379000)/",12300,5000,1525530,18887654300,-100,false,-0.81
"TIG",142549,"/Date(1703748349000)/",12300,13500,1520530,18826154300,-100,true,-0.81
"TIG",142544,"/Date(1703748344000)/",12300,4500,1507030,18660104300,-100,true,-0.81
"TIG",142529,"/Date(1703748329000)/",12300,30000,1502530,18604754300,-100,true,-0.81
"TIG",142447,"/Date(1703748286000)/",12300,200,1472530,18235754300,-100,true,-0.81
"TIG",142437,"/Date(1703748277000)/",12300,32300,1472330,18233294300,-100,false,-0.81
"TIG",142427,"/Date(1703748267000)/",12300,2000,1440030,17836004300,-100,false,-0.81
"TIG",142416,"/Date(1703748256000)/",12300,3000,1438030,17811404300,-100,false,-0.81
"TIG",142409,"/Date(1703748249000)/",12300,2000,1435030,17774504300,-100,false,-0.81
"TIG",142408,"/Date(1703748248000)/",12300,2000,1433030,17749904300,-100,false,-0.81
"TIG",142203,"/Date(1703748123000)/",12300,1000,1431030,17725304300,-100,false,-0.81
"TIG",142132,"/Date(1703748092000)/",12300,1400,1430030,17713004300,-100,false,-0.81
"TIG",142129,"/Date(1703748089000)/",12300,1500,1428630,17695784300,-100,false,-0.81
"TIG",142115,"/Date(1703748075000)/",12200,48,1427130,17677334300,-200,true,-1.61
"TIG",142056,"/Date(1703748056000)/",12200,300,1427082,17676743900,-200,true,-1.61
"TIG",142049,"/Date(1703748049000)/",12200,2000,1426782,17673083900,-200,true,-1.61
"TIG",142037,"/Date(1703748037000)/",12300,10000,1424782,17648683900,-100,false,-0.81
"TIG",142020,"/Date(1703748020000)/",12300,10000,1414782,17525683900,-100,false,-0.81
"TIG",142018,"/Date(1703748018000)/",12200,3000,1404782,17402683900,-200,true,-1.61
"TIG",141958,"/Date(1703747998000)/",12300,2000,1401782,17366083900,-100,false,-0.81
"TIG",141929,"/Date(1703747969000)/",12300,2300,1399782,17341483900,-100,true,-0.81
"TIG",141923,"/Date(1703747963000)/",12300,700,1397482,17313193900,-100,false,-0.81
"TIG",141916,"/Date(1703747956000)/",12300,1000,1396782,17304583900,-100,false,-0.81
"TIG",141855,"/Date(1703747935000)/",12200,15,1395782,17292283900,-200,true,-1.61
"TIG",141836,"/Date(1703747916000)/",12200,1000,1395767,17292097900,-200,true,-1.61
"TIG",141824,"/Date(1703747904000)/",12300,1900,1394767,17279847900,-100,false,-0.81
"TIG",141820,"/Date(1703747900000)/",12300,300,1392867,17256477900,-100,false,-0.81
"TIG",141814,"/Date(1703747894000)/",12300,500,1392567,17252787900,-100,false,-0.81
"TIG",141811,"/Date(1703747891000)/",12300,2200,1392067,17246637900,-100,false,-0.81
"TIG",141806,"/Date(1703747886000)/",12300,200,1389867,17219577900,-100,false,-0.81
"TIG",141800,"/Date(1703747880000)/",12300,10000,1389667,17217117900,-100,false,-0.81
"TIG",141742,"/Date(1703747862000)/",12300,200,1379667,17094117900,-100,false,-0.81
"TIG",141720,"/Date(1703747840000)/",12300,100,1379467,17091657900,-100,false,-0.81
"TIG",141712,"/Date(1703747832000)/",12300,100,1379367,17090427900,-100,false,-0.81
"TIG",141627,"/Date(1703747787000)/",12200,6000,1379267,17089197900,-200,true,-1.61
"TIG",141620,"/Date(1703747780000)/",12300,100,1373267,17015997900,-100,false,-0.81
"TIG",141613,"/Date(1703747773000)/",12300,19500,1373167,17014767900,-100,true,-0.81
"TIG",141612,"/Date(1703747772000)/",12300,700,1353667,16774917900,-100,true,-0.81
"TIG",141606,"/Date(1703747766000)/",12300,100,1352967,16766307900,-100,true,-0.81
"TIG",141550,"/Date(1703747750000)/",12300,30000,1352867,16765077900,-100,true,-0.81
"TIG",141516,"/Date(1703747716000)/",12300,9700,1322867,16396077900,-100,true,-0.81
"TIG",141444,"/Date(1703747684000)/",12400,1500,1313167,16276767900,0,false,0
"TIG",141433,"/Date(1703747673000)/",12400,500,1311667,16258167900,0,false,0
"TIG",141320,"/Date(1703747600000)/",12400,1000,1311167,16251967900,0,false,0
"TIG",141305,"/Date(1703747585000)/",12400,500,1310167,16239567900,0,false,0
"TIG",141259,"/Date(1703747579000)/",12400,100,1309667,16233367900,0,false,0
"TIG",141242,"/Date(1703747562000)/",12400,100,1309567,16232127900,0,false,0
"TIG",141202,"/Date(1703747522000)/",12400,100,1309467,16230887900,0,false,0
"TIG",141156,"/Date(1703747516000)/",12400,100,1309367,16229647900,0,false,0
"TIG",140921,"/Date(1703747361000)/",12300,200,1309267,16228407900,-100,true,-0.81
"TIG",140851,"/Date(1703747331000)/",12300,2800,1309067,16225947900,-100,true,-0.81
"TIG",140703,"/Date(1703747223000)/",12300,100,1306267,16191507900,-100,true,-0.81
"TIG",140702,"/Date(1703747222000)/",12300,200,1306167,16190277900,-100,true,-0.81
"TIG",140627,"/Date(1703747187000)/",12300,5300,1305967,16187817900,-100,true,-0.81
"TIG",140538,"/Date(1703747138000)/",12400,6800,1300667,16122627900,0,false,0
"TIG",140340,"/Date(1703747020000)/",12300,1000,1293867,16038307900,-100,true,-0.81
"TIG",140326,"/Date(1703747006000)/",12300,1000,1292867,16026007900,-100,true,-0.81
"TIG",140312,"/Date(1703746992000)/",12300,1000,1291867,16013707900,-100,true,-0.81
"TIG",140309,"/Date(1703746989000)/",12300,1000,1290867,16001407900,-100,true,-0.81
"TIG",140306,"/Date(1703746986000)/",12300,500,1289867,15989107900,-100,true,-0.81
"TIG",140230,"/Date(1703746950000)/",12300,100,1289367,15982957900,-100,true,-0.81
"TIG",140217,"/Date(1703746937000)/",12300,3000,1289267,15981727900,-100,true,-0.81
"TIG",140159,"/Date(1703746919000)/",12300,600,1286267,15944827900,-100,true,-0.81
"TIG",140014,"/Date(1703746814000)/",12300,200,1285667,15937447900,-100,true,-0.81
"TIG",135850,"/Date(1703746730000)/",12300,5000,1285467,15934987900,-100,true,-0.81
"TIG",135730,"/Date(1703746650000)/",12300,100,1280467,15873487900,-100,true,-0.81
"TIG",135651,"/Date(1703746611000)/",12300,5,1280367,15872257900,-100,true,-0.81
"TIG",135649,"/Date(1703746609000)/",12300,1000,1280362,15872195900,-100,true,-0.81
"TIG",135621,"/Date(1703746581000)/",12400,10,1279362,15859895900,0,false,0
"TIG",135608,"/Date(1703746568000)/",12400,1200,1279352,15859771900,0,false,0
"TIG",135438,"/Date(1703746478000)/",12400,200,1278152,15844891900,0,false,0
"TIG",135416,"/Date(1703746456000)/",12400,2800,1277952,15842411900,0,false,0
"TIG",135414,"/Date(1703746454000)/",12400,5100,1275152,15807691900,0,false,0
"TIG",135358,"/Date(1703746438000)/",12400,10000,1270052,15744451900,0,false,0
"TIG",135336,"/Date(1703746416000)/",12400,3000,1260052,15620451900,0,false,0
"TIG",135237,"/Date(1703746357000)/",12400,1000,1257052,15583251900,0,false,0
"TIG",135211,"/Date(1703746331000)/",12400,10000,1256052,15570851900,0,false,0
"TIG",134853,"/Date(1703746133000)/",12300,1000,1246052,15446851900,-100,true,-0.81
"TIG",134637,"/Date(1703745997000)/",12300,5000,1245052,15434551900,-100,true,-0.81
"TIG",134529,"/Date(1703745929000)/",12300,2000,1240052,15373051900,-100,true,-0.81
"TIG",134502,"/Date(1703745902000)/",12300,300,1238052,15348451900,-100,true,-0.81
"TIG",134235,"/Date(1703745755000)/",12400,2000,1237752,15344761900,0,false,0
"TIG",134203,"/Date(1703745722000)/",12300,200,1235752,15319961900,-100,true,-0.81
"TIG",134137,"/Date(1703745696000)/",12300,900,1235552,15317501900,-100,true,-0.81
"TIG",134122,"/Date(1703745681000)/",12300,1000,1234652,15306431900,-100,true,-0.81
"TIG",134035,"/Date(1703745634000)/",12400,100,1233652,15294131900,0,false,0
"TIG",133951,"/Date(1703745590000)/",12300,1800,1233552,15292891900,-100,true,-0.81
"TIG",133949,"/Date(1703745589000)/",12300,200,1231752,15270751900,-100,false,-0.81
"TIG",133940,"/Date(1703745580000)/",12300,200,1231552,15268291900,-100,false,-0.81
"TIG",133940,"/Date(1703745579000)/",12300,1300,1231352,15265831900,-100,false,-0.81
"TIG",133932,"/Date(1703745571000)/",12300,2000,1230052,15249841900,-100,true,-0.81
"TIG",133929,"/Date(1703745568000)/",12300,100,1228052,15225241900,-100,true,-0.81
"TIG",133925,"/Date(1703745564000)/",12300,100,1227952,15224011900,-100,false,-0.81
"TIG",133921,"/Date(1703745560000)/",12300,1900,1227852,15222781900,-100,false,-0.81
"TIG",133919,"/Date(1703745558000)/",12400,500,1225952,15199411900,0,false,0
"TIG",133915,"/Date(1703745555000)/",12300,18200,1225452,15193211900,-100,false,-0.81
"TIG",133912,"/Date(1703745552000)/",12300,100,1207252,14969351900,-100,false,-0.81
"TIG",133911,"/Date(1703745550000)/",12300,600,1207152,14968121900,-100,false,-0.81
"TIG",133908,"/Date(1703745548000)/",12300,800,1206552,14960741900,-100,false,-0.81
"TIG",133906,"/Date(1703745545000)/",12300,300,1205752,14950901900,-100,false,-0.81
"TIG",133901,"/Date(1703745540000)/",12300,800,1205452,14947211900,-100,true,-0.81
"TIG",133859,"/Date(1703745538000)/",12300,10000,1204652,14937371900,-100,false,-0.81
"TIG",133838,"/Date(1703745518000)/",12300,40200,1194652,14814371900,-100,true,-0.81
"TIG",133834,"/Date(1703745514000)/",12300,1000,1154452,14319911900,-100,true,-0.81
"TIG",133833,"/Date(1703745513000)/",12300,400,1153452,14307611900,-100,true,-0.81
"TIG",133750,"/Date(1703745470000)/",12400,1000,1153052,14302691900,0,false,0
"TIG",133712,"/Date(1703745432000)/",12400,5000,1152052,14290291900,0,false,0
"TIG",133709,"/Date(1703745428000)/",12400,600,1147052,14228291900,0,false,0
"TIG",133558,"/Date(1703745358000)/",12300,100,1146452,14220861900,-100,true,-0.81
"TIG",133557,"/Date(1703745357000)/",12300,15000,1146352,14219631900,-100,true,-0.81
"TIG",133524,"/Date(1703745324000)/",12300,100,1131352,14035131900,-100,true,-0.81
"TIG",133512,"/Date(1703745312000)/",12400,100,1131252,14033901900,0,false,0
"TIG",133350,"/Date(1703745230000)/",12400,1000,1131152,14032661900,0,false,0
"TIG",133335,"/Date(1703745215000)/",12400,30000,1130152,14020261900,0,false,0
"TIG",133304,"/Date(1703745184000)/",12400,1000,1100152,13648261900,0,false,0
"TIG",133210,"/Date(1703745130000)/",12400,200,1099152,13635861900,0,false,0
"TIG",133143,"/Date(1703745103000)/",12400,200,1098952,13633381900,0,false,0
"TIG",133102,"/Date(1703745062000)/",12400,50,1098752,13630901900,0,false,0
"TIG",133009,"/Date(1703745009000)/",12400,100,1098702,13630286900,0,false,0
"TIG",132848,"/Date(1703744928000)/",12400,4000,1098602,13629046900,0,false,0
"TIG",132738,"/Date(1703744858000)/",12400,800,1094602,13579446900,0,false,0
"TIG",132726,"/Date(1703744846000)/",12400,100,1093802,13569526900,0,false,0
"TIG",132713,"/Date(1703744833000)/",12400,100,1093702,13568286900,0,false,0
"TIG",132657,"/Date(1703744817000)/",12400,1000,1093602,13567046900,0,false,0
"TIG",132645,"/Date(1703744805000)/",12400,1000,1092602,13554646900,0,false,0
"TIG",132613,"/Date(1703744773000)/",12400,100,1091602,13542246900,0,false,0
"TIG",132610,"/Date(1703744770000)/",12300,1800,1091502,13541006900,-100,true,-0.81
"TIG",132605,"/Date(1703744765000)/",12400,500,1089702,13518866900,0,false,0
"TIG",132521,"/Date(1703744721000)/",12400,5500,1089202,13512666900,0,false,0
"TIG",132519,"/Date(1703744719000)/",12400,5000,1083702,13444466900,0,false,0
"TIG",132422,"/Date(1703744662000)/",12400,2000,1078702,13382466900,0,false,0
"TIG",132309,"/Date(1703744589000)/",12400,900,1076702,13357666900,0,false,0
"TIG",132300,"/Date(1703744580000)/",12400,5000,1075802,13346506900,0,false,0
"TIG",132241,"/Date(1703744561000)/",12300,700,1070802,13284506900,-100,true,-0.81
"TIG",132146,"/Date(1703744506000)/",12300,3000,1070102,13275896900,-100,true,-0.81
"TIG",132144,"/Date(1703744504000)/",12300,1000,1067102,13238996900,-100,true,-0.81
"TIG",131945,"/Date(1703744385000)/",12300,10000,1066102,13226696900,-100,true,-0.81
"TIG",131915,"/Date(1703744355000)/",12300,100,1056102,13103696900,-100,true,-0.81
"TIG",131823,"/Date(1703744303000)/",12300,1000,1056002,13102466900,-100,true,-0.81
"TIG",131757,"/Date(1703744277000)/",12300,37,1055002,13090166900,-100,true,-0.81
"TIG",131640,"/Date(1703744200000)/",12300,500,1054965,13089712200,-100,true,-0.81
"TIG",131536,"/Date(1703744136000)/",12300,700,1054465,13083562200,-100,true,-0.81
"TIG",131519,"/Date(1703744119000)/",12300,10,1053765,13074952200,-100,true,-0.81
"TIG",131452,"/Date(1703744092000)/",12300,35400,1053755,13074830200,-100,true,-0.81
"TIG",131336,"/Date(1703744016000)/",12300,500,1018355,12639410200,-100,true,-0.81
"TIG",131323,"/Date(1703744003000)/",12300,10000,1017855,12633260200,-100,true,-0.81
"TIG",131257,"/Date(1703743977000)/",12300,700,1007855,12510260200,-100,true,-0.81
"TIG",131235,"/Date(1703743955000)/",12300,300,1007155,12501650200,-100,true,-0.81
"TIG",131222,"/Date(1703743942000)/",12300,3000,1006855,12497960200,-100,true,-0.81
"TIG",131215,"/Date(1703743935000)/",12300,5000,1003855,12461060200,-100,true,-0.81
"TIG",131012,"/Date(1703743812000)/",12300,80000,998855,12399560200,-100,true,-0.81
"TIG",130925,"/Date(1703743765000)/",12400,3000,918855,11415560200,0,false,0
"TIG",130902,"/Date(1703743742000)/",12400,1000,915855,11378360200,0,false,0
"TIG",130720,"/Date(1703743640000)/",12400,1000,914855,11365960200,0,false,0
"TIG",130708,"/Date(1703743628000)/",12300,100,913855,11353560200,-100,true,-0.81
"TIG",130621,"/Date(1703743581000)/",12300,600,913755,11352330200,-100,true,-0.81
"TIG",130551,"/Date(1703743551000)/",12300,1000,913155,11344950200,-100,true,-0.81
"TIG",130549,"/Date(1703743549000)/",12300,1000,912155,11332650200,-100,true,-0.81
"TIG",130333,"/Date(1703743413000)/",12400,6,911155,11320350200,0,false,0
"TIG",130144,"/Date(1703743304000)/",12400,1300,911149,11320275800,0,false,0
"TIG",130030,"/Date(1703743218000)/",12400,5000,909849,11304155800,0,false,0
"TIG",130024,"/Date(1703743206000)/",12400,200,904849,11242155800,0,false,0
"TIG",130021,"/Date(1703743205000)/",12400,100,904649,11239675800,0,false,0
"TIG",130018,"/Date(1703743204000)/",12400,3,904549,11238435800,0,false,0
"TIG",130014,"/Date(1703743203000)/",12400,5200,904546,11238398600,0,true,0
"TIG",112857,"/Date(1703737737000)/",12500,15000,899346,11173918600,100,false,0.81
"TIG",112836,"/Date(1703737716000)/",12400,13000,884346,10987628600,0,false,0
"TIG",112745,"/Date(1703737665000)/",12400,500,871346,10826428600,0,false,0
"TIG",112725,"/Date(1703737645000)/",12400,3000,870846,10820228600,0,false,0
"TIG",112613,"/Date(1703737573000)/",12300,12000,867846,10783028600,-100,true,-0.81
"TIG",112320,"/Date(1703737400000)/",12300,100,855846,10635428600,-100,true,-0.81
"TIG",112041,"/Date(1703737241000)/",12400,3000,855746,10634198600,0,false,0
"TIG",111504,"/Date(1703736904000)/",12300,1000,852746,10596998600,-100,true,-0.81
"TIG",111333,"/Date(1703736813000)/",12300,500,851746,10584698600,-100,true,-0.81
"TIG",111047,"/Date(1703736647000)/",12300,29300,851246,10578548600,-100,true,-0.81
"TIG",110827,"/Date(1703736507000)/",12300,2000,821946,10218158600,-100,true,-0.81
"TIG",110447,"/Date(1703736287000)/",12400,100,819946,10193558600,0,false,0
"TIG",110346,"/Date(1703736226000)/",12400,1200,819846,10192318600,0,false,0
"TIG",110200,"/Date(1703736120000)/",12400,200,818646,10177438600,0,false,0
"TIG",105710,"/Date(1703735829000)/",12400,200,818446,10174958600,0,false,0
"TIG",105709,"/Date(1703735828000)/",12400,900,818246,10172478600,0,false,0
"TIG",105446,"/Date(1703735685000)/",12400,500,817346,10161318600,0,false,0
"TIG",105412,"/Date(1703735651000)/",12400,1000,816846,10155118600,0,false,0
"TIG",105103,"/Date(1703735462000)/",12400,5600,815846,10142718600,0,false,0
"TIG",104916,"/Date(1703735355000)/",12400,1000,810246,10073278600,0,false,0
"TIG",104630,"/Date(1703735189000)/",12400,14500,809246,10060878600,0,false,0
"TIG",104612,"/Date(1703735171000)/",12400,4000,794746,9881078600,0,true,0
"TIG",104310,"/Date(1703734989000)/",12500,2,790746,9831478600,100,false,0.81
"TIG",104307,"/Date(1703734986000)/",12500,400,790744,9831453800,100,false,0.81
"TIG",103939,"/Date(1703734778000)/",12500,5000,790344,9826453800,100,false,0.81
"TIG",103744,"/Date(1703734663000)/",12400,100,785344,9763953800,0,true,0
"TIG",103446,"/Date(1703734485000)/",12400,2000,785244,9762713800,0,true,0
"TIG",103420,"/Date(1703734459000)/",12400,900,783244,9737913800,0,true,0
"TIG",103316,"/Date(1703734395000)/",12400,1000,782344,9726753800,0,true,0
"TIG",103103,"/Date(1703734263000)/",12400,6200,781344,9714353800,0,false,0
"TIG",103057,"/Date(1703734257000)/",12400,200,775144,9637473800,0,false,0
"TIG",103017,"/Date(1703734217000)/",12400,1300,774944,9634993800,0,true,0
"TIG",102911,"/Date(1703734151000)/",12400,2000,773644,9618873800,0,true,0
"TIG",102740,"/Date(1703734060000)/",12400,25000,771644,9594073800,0,true,0
"TIG",102739,"/Date(1703734059000)/",12400,10,746644,9284073800,0,true,0
"TIG",102649,"/Date(1703734009000)/",12400,2000,746634,9283948800,0,true,0
"TIG",102533,"/Date(1703733933000)/",12400,200,744634,9259148800,0,true,0
"TIG",102503,"/Date(1703733903000)/",12400,1000,744434,9256668800,0,true,0
"TIG",102422,"/Date(1703733862000)/",12400,4500,743434,9244268800,0,true,0
"TIG",102417,"/Date(1703733857000)/",12400,20000,738934,9188468800,0,true,0
"TIG",102308,"/Date(1703733788000)/",12400,10000,718934,8940468800,0,true,0
"TIG",102207,"/Date(1703733727000)/",12400,16200,708934,8816468800,0,true,0
"TIG",102043,"/Date(1703733643000)/",12400,400,692734,8615588800,0,true,0
"TIG",102027,"/Date(1703733627000)/",12500,500,692334,8610628800,100,false,0.81
"TIG",101854,"/Date(1703733534000)/",12400,1000,691834,8604378800,0,true,0
"TIG",101835,"/Date(1703733515000)/",12500,1500,690834,8591978800,100,false,0.81
"TIG",101639,"/Date(1703733399000)/",12500,2000,689334,8573228800,100,false,0.81
"TIG",101626,"/Date(1703733386000)/",12400,200,687334,8548228800,0,true,0
"TIG",101618,"/Date(1703733378000)/",12400,1000,687134,8545748800,0,true,0
"TIG",101451,"/Date(1703733291000)/",12400,1300,686134,8533348800,0,true,0
"TIG",101406,"/Date(1703733246000)/",12500,50000,684834,8517228800,100,false,0.81
"TIG",101205,"/Date(1703733125000)/",12500,3000,634834,7892228800,100,false,0.81
"TIG",101108,"/Date(1703733068000)/",12500,20000,631834,7854728800,100,false,0.81
"TIG",100826,"/Date(1703732906000)/",12500,500,611834,7604728800,100,false,0.81
"TIG",100714,"/Date(1703732834000)/",12500,2500,611334,7598478800,100,false,0.81
"TIG",100647,"/Date(1703732807000)/",12500,12500,608834,7567228800,100,false,0.81
"TIG",100545,"/Date(1703732745000)/",12500,500,596334,7410978800,100,false,0.81
"TIG",100436,"/Date(1703732676000)/",12500,27400,595834,7404728800,100,true,0.81
"TIG",100413,"/Date(1703732653000)/",12600,1000,568434,7062228800,200,false,1.61
"TIG",100314,"/Date(1703732594000)/",12500,100,567434,7049628800,100,true,0.81
"TIG",100305,"/Date(1703732585000)/",12500,3000,567334,7048378800,100,true,0.81
"TIG",100300,"/Date(1703732580000)/",12500,500,564334,7010878800,100,true,0.81
"TIG",100238,"/Date(1703732558000)/",12500,28500,563834,7004628800,100,true,0.81
"TIG",100150,"/Date(1703732510000)/",12600,2000,535334,6648378800,200,false,1.61
"TIG",100148,"/Date(1703732508000)/",12500,600,533334,6623178800,100,true,0.81
"TIG",100121,"/Date(1703732481000)/",12500,10300,532734,6615678800,100,false,0.81
"TIG",100031,"/Date(1703732431000)/",12500,1500,522434,6486928800,100,false,0.81
"TIG",100006,"/Date(1703732406000)/",12500,16000,520934,6468178800,100,false,0.81
"TIG",95951,"/Date(1703732391000)/",12500,5000,504934,6268178800,100,false,0.81
"TIG",95946,"/Date(1703732386000)/",12500,1000,499934,6205678800,100,false,0.81
"TIG",95933,"/Date(1703732373000)/",12500,200,498934,6193178800,100,false,0.81
"TIG",95919,"/Date(1703732359000)/",12500,1800,498734,6190678800,100,false,0.81
"TIG",95831,"/Date(1703732311000)/",12500,2000,496934,6168178800,100,false,0.81
"TIG",95827,"/Date(1703732307000)/",12500,1600,494934,6143178800,100,false,0.81
"TIG",95805,"/Date(1703732285000)/",12500,2300,493334,6123178800,100,false,0.81
"TIG",95746,"/Date(1703732266000)/",12500,30000,491034,6094428800,100,false,0.81
"TIG",95659,"/Date(1703732219000)/",12500,5000,461034,5719428800,100,false,0.81
"TIG",95645,"/Date(1703732205000)/",12500,10400,456034,5656928800,100,false,0.81
"TIG",95642,"/Date(1703732202000)/",12500,600,445634,5526928800,100,true,0.81
"TIG",95635,"/Date(1703732194000)/",12500,500,445034,5519428800,100,false,0.81
"TIG",95623,"/Date(1703732182000)/",12500,100,444534,5513178800,100,false,0.81
"TIG",95621,"/Date(1703732180000)/",12500,4400,444434,5511928800,100,true,0.81
"TIG",95609,"/Date(1703732168000)/",12500,9500,440034,5456928800,100,true,0.81
"TIG",95605,"/Date(1703732164000)/",12500,20000,430534,5338178800,100,false,0.81
"TIG",95538,"/Date(1703732137000)/",12500,2000,410534,5088178800,100,false,0.81
"TIG",95445,"/Date(1703732084000)/",12500,1500,408534,5063178800,100,false,0.81
"TIG",95420,"/Date(1703732059000)/",12400,500,407034,5044428800,0,false,0
"TIG",95414,"/Date(1703732053000)/",12400,200,406534,5038228800,0,false,0
"TIG",95351,"/Date(1703732030000)/",12400,1000,406334,5035748800,0,false,0
"TIG",95345,"/Date(1703732024000)/",12400,100,405334,5023348800,0,false,0
"TIG",95340,"/Date(1703732019000)/",12400,14,405234,5022108800,0,false,0
"TIG",95321,"/Date(1703732000000)/",12400,1000,405220,5021938000,0,false,0
"TIG",95320,"/Date(1703731999000)/",12400,20000,404220,5009538000,0,false,0
"TIG",95307,"/Date(1703731986000)/",12400,10000,384220,4761538000,0,false,0
"TIG",95254,"/Date(1703731973000)/",12400,100,374220,4637538000,0,false,0
"TIG",95239,"/Date(1703731958000)/",12400,2700,374120,4636298000,0,false,0
"TIG",95228,"/Date(1703731947000)/",12400,2500,371420,4602818000,0,true,0
"TIG",95226,"/Date(1703731945000)/",12400,100,368920,4571818000,0,false,0
"TIG",95133,"/Date(1703731892000)/",12400,2000,368820,4570578000,0,false,0
"TIG",94909,"/Date(1703731748000)/",12300,1500,366820,4545778000,-100,true,-0.81
"TIG",94851,"/Date(1703731730000)/",12300,56900,365320,4527328000,-100,true,-0.81
"TIG",94800,"/Date(1703731679000)/",12300,11700,308420,3827458000,-100,true,-0.81
"TIG",94707,"/Date(1703731626000)/",12300,3000,296720,3683548000,-100,true,-0.81
"TIG",94535,"/Date(1703731534000)/",12300,200,293720,3646648000,-100,true,-0.81
"TIG",94448,"/Date(1703731488000)/",12300,700,293520,3644188000,-100,true,-0.81
"TIG",94446,"/Date(1703731486000)/",12300,11900,292820,3635578000,-100,true,-0.81
"TIG",94413,"/Date(1703731452000)/",12300,600,280920,3489208000,-100,true,-0.81
"TIG",94409,"/Date(1703731448000)/",12300,6800,280320,3481828000,-100,true,-0.81
"TIG",94350,"/Date(1703731429000)/",12300,8900,273520,3398188000,-100,true,-0.81
"TIG",94309,"/Date(1703731389000)/",12400,55300,264620,3288718000,0,true,0
"TIG",94304,"/Date(1703731384000)/",12400,3100,209320,2602998000,0,true,0
"TIG",94303,"/Date(1703731383000)/",12400,71000,206220,2564558000,0,true,0
"TIG",94301,"/Date(1703731381000)/",12400,7000,135220,1684158000,0,true,0
"TIG",94247,"/Date(1703731366000)/",12400,1000,128220,1597358000,0,true,0
"TIG",94217,"/Date(1703731336000)/",12400,1000,127220,1584958000,0,true,0
"TIG",94027,"/Date(1703731227000)/",12400,1000,126220,1572558000,0,true,0
"TIG",94007,"/Date(1703731206000)/",12400,400,125220,1560158000,0,true,0
"TIG",93912,"/Date(1703731152000)/",12500,5000,124820,1555198000,100,false,0.81
"TIG",93719,"/Date(1703731039000)/",12500,100,119820,1492698000,100,false,0.81
"TIG",93701,"/Date(1703731021000)/",12500,200,119720,1491448000,100,false,0.81
"TIG",93650,"/Date(1703731010000)/",12400,3000,119520,1488948000,0,true,0
"TIG",93549,"/Date(1703730949000)/",12400,100,116520,1451748000,0,true,0
"TIG",93455,"/Date(1703730895000)/",12400,100,116420,1450508000,0,true,0
"TIG",93423,"/Date(1703730863000)/",12500,4000,116320,1449268000,100,false,0.81
"TIG",93319,"/Date(1703730799000)/",12500,3500,112320,1399268000,100,false,0.81
"TIG",93247,"/Date(1703730767000)/",12500,200,108820,1355518000,100,false,0.81
"TIG",93241,"/Date(1703730761000)/",12500,2000,108620,1353018000,100,false,0.81
"TIG",93213,"/Date(1703730733000)/",12500,1000,106620,1328018000,100,false,0.81
"TIG",93147,"/Date(1703730707000)/",12500,500,105620,1315518000,100,false,0.81
"TIG",93139,"/Date(1703730699000)/",12500,5000,105120,1309268000,100,false,0.81
"TIG",93115,"/Date(1703730675000)/",12500,1600,100120,1246768000,100,false,0.81
"TIG",93110,"/Date(1703730670000)/",12500,1400,98520,1226768000,100,false,0.81
"TIG",93103,"/Date(1703730663000)/",12500,200,97120,1209268000,100,false,0.81
"TIG",93044,"/Date(1703730644000)/",12500,20000,96920,1206768000,100,false,0.81
"TIG",93006,"/Date(1703730606000)/",12500,2000,76920,956768000,100,false,0.81
"TIG",93005,"/Date(1703730605000)/",12400,1000,74920,931768000,0,true,0
"TIG",92936,"/Date(1703730576000)/",12500,5000,73920,919368000,100,false,0.81
"TIG",92935,"/Date(1703730575000)/",12400,300,68920,856868000,0,true,0
"TIG",92922,"/Date(1703730562000)/",12500,1500,68620,853148000,100,false,0.81
"TIG",92858,"/Date(1703730538000)/",12500,3600,67120,834398000,100,false,0.81
"TIG",92856,"/Date(1703730536000)/",12500,2300,63520,789398000,100,false,0.81
"TIG",92806,"/Date(1703730486000)/",12500,15000,61220,760648000,100,false,0.81
"TIG",92720,"/Date(1703730440000)/",12500,100,46220,573148000,100,false,0.81
"TIG",92528,"/Date(1703730328000)/",12500,3000,46120,571898000,100,false,0.81
"TIG",92516,"/Date(1703730316000)/",12400,20,43120,534398000,0,true,0
"TIG",92515,"/Date(1703730315000)/",12400,1700,43100,534150000,0,true,0
"TIG",92317,"/Date(1703730197000)/",12400,1000,41400,513070000,0,true,0
"TIG",92252,"/Date(1703730172000)/",12400,900,40400,500670000,0,true,0
"TIG",92242,"/Date(1703730162000)/",12400,3300,39500,489510000,0,false,0
"TIG",92226,"/Date(1703730146000)/",12400,13400,36200,448590000,0,false,0
"TIG",92057,"/Date(1703730057000)/",12400,1500,22800,282430000,0,false,0
"TIG",91923,"/Date(1703729963000)/",12300,100,21300,263830000,-100,true,-0.81
"TIG",91916,"/Date(1703729956000)/",12300,2300,21200,262600000,-100,true,-0.81
"TIG",91903,"/Date(1703729943000)/",12400,10000,18900,234310000,0,false,0
"TIG",91829,"/Date(1703729909000)/",12400,1000,8900,110310000,0,false,0
"TIG",91812,"/Date(1703729892000)/",12400,2000,7900,97910000,0,true,0
"TIG",91746,"/Date(1703729866000)/",12400,400,5900,73110000,0,true,0
"TIG",91635,"/Date(1703729795000)/",12400,100,5500,68150000,0,true,0
"TIG",91523,"/Date(1703729723000)/",12400,700,5400,66910000,0,false,0
"TIG",91510,"/Date(1703729710000)/",12400,900,4700,58280000,0,false,0
"TIG",91009,"/Date(1703729409000)/",12400,600,3800,47120000,0,false,0
"TIG",90924,"/Date(1703729364000)/",12400,2000,3200,39680000,0,false,0
"TIG",90108,"/Date(1703728821000)/",12400,1200,1200,14880000,0,false,0
