"Stockcode","Package","TradingDate","Price","Vol","TotalVol","TotalVal","Change","IsBuy","PerChange"
"TNI",144513,"/Date(1703749501000)/",2680,300,174700,468000000,-20,false,-0.74
"TNI",142823,"/Date(1703748496000)/",2660,2400,174400,467000000,-40,true,-1.48
"TNI",142803,"/Date(1703748477000)/",2660,100,172000,460000000,-40,true,-1.48
"TNI",142747,"/Date(1703748463000)/",2660,4200,171900,460000000,-40,true,-1.48
"TNI",142747,"/Date(1703748463000)/",2660,100,167700,449000000,-40,true,-1.48
"TNI",142747,"/Date(1703748463000)/",2660,1500,167600,449000000,-40,true,-1.48
"TNI",142747,"/Date(1703748463000)/",2660,1700,166100,445000000,-40,true,-1.48
"TNI",142426,"/Date(1703748258000)/",2660,3300,164400,440000000,-40,true,-1.48
"TNI",142426,"/Date(1703748258000)/",2660,600,161100,431000000,-40,true,-1.48
"TNI",142426,"/Date(1703748258000)/",2660,100,160500,430000000,-40,true,-1.48
"TNI",142426,"/Date(1703748258000)/",2670,900,160400,430000000,-30,true,-1.11
"TNI",142426,"/Date(1703748258000)/",2670,100,159500,427000000,-30,true,-1.11
"TNI",142426,"/Date(1703748258000)/",2670,100,159400,427000000,-30,true,-1.11
"TNI",142426,"/Date(1703748258000)/",2670,100,159300,427000000,-30,true,-1.11
"TNI",142426,"/Date(1703748258000)/",2670,2000,159200,426000000,-30,true,-1.11
"TNI",142426,"/Date(1703748258000)/",2670,1000,157200,421000000,-30,true,-1.11
"TNI",142426,"/Date(1703748258000)/",2670,100,156200,418000000,-30,true,-1.11
"TNI",142220,"/Date(1703748135000)/",2680,4100,156100,418000000,-20,false,-0.74
"TNI",142220,"/Date(1703748135000)/",2680,900,152000,407000000,-20,false,-0.74
"TNI",142004,"/Date(1703748003000)/",2680,5000,151100,405000000,-20,false,-0.74
"TNI",141455,"/Date(1703747695000)/",2680,200,146100,391000000,-20,false,-0.74
"TNI",141302,"/Date(1703747584000)/",2680,1000,145900,391000000,-20,false,-0.74
"TNI",140916,"/Date(1703747373000)/",2680,100,144900,388000000,-20,false,-0.74
"TNI",140858,"/Date(1703747356000)/",2670,100,144800,388000000,-30,false,-1.11
"TNI",140858,"/Date(1703747356000)/",2670,100,144700,388000000,-30,false,-1.11
"TNI",140858,"/Date(1703747356000)/",2670,100,144600,387000000,-30,false,-1.11
"TNI",140858,"/Date(1703747356000)/",2670,100,144500,387000000,-30,false,-1.11
"TNI",140858,"/Date(1703747356000)/",2670,100,144400,387000000,-30,false,-1.11
"TNI",140858,"/Date(1703747356000)/",2670,18900,144300,386000000,-30,false,-1.11
"TNI",140858,"/Date(1703747356000)/",2670,400,125400,336000000,-30,false,-1.11
"TNI",140858,"/Date(1703747356000)/",2670,300,125000,335000000,-30,false,-1.11
"TNI",140858,"/Date(1703747356000)/",2670,100,124700,334000000,-30,false,-1.11
"TNI",140858,"/Date(1703747356000)/",2670,200,124600,334000000,-30,false,-1.11
"TNI",140426,"/Date(1703747102000)/",2680,200,124400,333000000,-20,false,-0.74
"TNI",140413,"/Date(1703747090000)/",2680,200,124200,333000000,-20,false,-0.74
"TNI",140407,"/Date(1703747084000)/",2680,500,124000,332000000,-20,false,-0.74
"TNI",140143,"/Date(1703746941000)/",2680,1500,123500,331000000,-20,true,-0.74
"TNI",140143,"/Date(1703746941000)/",2680,800,122000,327000000,-20,true,-0.74
"TNI",140143,"/Date(1703746941000)/",2690,9600,121200,325000000,-10,false,-0.37
"TNI",140143,"/Date(1703746940000)/",2690,20000,111600,299000000,-10,false,-0.37
"TNI",140143,"/Date(1703746940000)/",2690,18000,91600,245000000,-10,false,-0.37
"TNI",140143,"/Date(1703746940000)/",2690,500,73600,197000000,-10,false,-0.37
"TNI",135516,"/Date(1703746549000)/",2680,100,73100,195000000,-20,false,-0.74
"TNI",135349,"/Date(1703746462000)/",2680,2000,73000,195000000,-20,false,-0.74
"TNI",135349,"/Date(1703746462000)/",2680,500,71000,190000000,-20,false,-0.74
"TNI",135349,"/Date(1703746462000)/",2680,200,70500,188000000,-20,false,-0.74
"TNI",134736,"/Date(1703746056000)/",2690,1000,70300,188000000,-10,false,-0.37
"TNI",133340,"/Date(1703745237000)/",2690,1000,69300,185000000,-10,true,-0.37
"TNI",133340,"/Date(1703745237000)/",2690,700,68300,183000000,-10,true,-0.37
"TNI",133143,"/Date(1703745117000)/",2690,100,67600,181000000,-10,true,-0.37
"TNI",132729,"/Date(1703744854000)/",2690,100,67500,180000000,-10,true,-0.37
"TNI",132523,"/Date(1703744718000)/",2690,19100,67400,180000000,-10,false,-0.37
"TNI",132457,"/Date(1703744692000)/",2690,100,48300,129000000,-10,false,-0.37
"TNI",131851,"/Date(1703744340000)/",2670,300,48200,128000000,-30,true,-1.11
"TNI",131628,"/Date(1703744196000)/",2670,100,47900,128000000,-30,false,-1.11
"TNI",131628,"/Date(1703744196000)/",2670,100,47800,127000000,-30,false,-1.11
"TNI",131628,"/Date(1703744196000)/",2670,800,47700,127000000,-30,false,-1.11
"TNI",131628,"/Date(1703744196000)/",2670,100,46900,125000000,-30,false,-1.11
"TNI",131628,"/Date(1703744196000)/",2670,6500,46800,125000000,-30,false,-1.11
"TNI",131628,"/Date(1703744196000)/",2670,100,40300,107000000,-30,false,-1.11
"TNI",131628,"/Date(1703744196000)/",2670,1000,40200,107000000,-30,false,-1.11
"TNI",131628,"/Date(1703744196000)/",2670,500,39200,104000000,-30,false,-1.11
"TNI",131628,"/Date(1703744196000)/",2670,1000,38700,103000000,-30,false,-1.11
"TNI",131628,"/Date(1703744196000)/",2670,100,37700,100000000,-30,false,-1.11
"TNI",131628,"/Date(1703744196000)/",2670,1600,37600,100000000,-30,false,-1.11
"TNI",131140,"/Date(1703743902000)/",2690,100,36000,96000000,-10,false,-0.37
"TNI",130804,"/Date(1703743692000)/",2680,1900,35900,96000000,-20,false,-0.74
"TNI",130310,"/Date(1703743383000)/",2680,100,34000,91000000,-20,false,-0.74
"TNI",130208,"/Date(1703743322000)/",2680,100,33900,90000000,-20,false,-0.74
"TNI",130027,"/Date(1703743207000)/",2680,1000,33800,90000000,-20,false,-0.74
"TNI",130027,"/Date(1703743207000)/",2680,200,32800,87000000,-20,false,-0.74
"TNI",130027,"/Date(1703743207000)/",2680,300,32600,87000000,-20,false,-0.74
"TNI",112947,"/Date(1703737784000)/",2690,500,32300,86000000,-10,false,-0.37
"TNI",112302,"/Date(1703737379000)/",2690,100,31800,85000000,-10,false,-0.37
"TNI",112107,"/Date(1703737264000)/",2690,100,31700,84000000,-10,false,-0.37
"TNI",112003,"/Date(1703737201000)/",2690,100,31600,84000000,-10,false,-0.37
"TNI",111623,"/Date(1703736981000)/",2680,200,31500,84000000,-20,true,-0.74
"TNI",111619,"/Date(1703736978000)/",2690,300,31300,83000000,-10,false,-0.37
"TNI",111506,"/Date(1703736904000)/",2690,100,31000,82000000,-10,false,-0.37
"TNI",110950,"/Date(1703736588000)/",2670,800,30900,82000000,-30,true,-1.11
"TNI",105019,"/Date(1703735418000)/",2670,1600,30100,80000000,-30,true,-1.11
"TNI",104227,"/Date(1703734945000)/",2690,1000,28500,76000000,-10,false,-0.37
"TNI",104139,"/Date(1703734898000)/",2670,100,27500,73000000,-30,true,-1.11
"TNI",104139,"/Date(1703734898000)/",2670,1000,27400,73000000,-30,true,-1.11
"TNI",104139,"/Date(1703734898000)/",2670,3900,26400,70000000,-30,true,-1.11
"TNI",104139,"/Date(1703734898000)/",2670,1000,22500,60000000,-30,true,-1.11
"TNI",104139,"/Date(1703734898000)/",2670,200,21500,57000000,-30,true,-1.11
"TNI",104139,"/Date(1703734898000)/",2670,1500,21300,57000000,-30,true,-1.11
"TNI",104139,"/Date(1703734898000)/",2670,100,19800,53000000,-30,true,-1.11
"TNI",104139,"/Date(1703734898000)/",2670,400,19700,52000000,-30,true,-1.11
"TNI",104139,"/Date(1703734898000)/",2670,3000,19300,51000000,-30,true,-1.11
"TNI",104023,"/Date(1703734822000)/",2680,100,16300,43000000,-20,true,-0.74
"TNI",103501,"/Date(1703734499000)/",2690,300,16200,43000000,-10,false,-0.37
"TNI",103130,"/Date(1703734288000)/",2690,200,15900,42000000,-10,false,-0.37
"TNI",102316,"/Date(1703733795000)/",2690,100,15700,42000000,-10,false,-0.37
"TNI",102134,"/Date(1703733691000)/",2690,100,15600,41000000,-10,false,-0.37
"TNI",101235,"/Date(1703733153000)/",2690,100,15500,41000000,-10,false,-0.37
"TNI",101030,"/Date(1703733029000)/",2690,100,15400,41000000,-10,false,-0.37
"TNI",101018,"/Date(1703733016000)/",2670,500,15300,41000000,-30,true,-1.11
"TNI",101018,"/Date(1703733016000)/",2670,100,14800,39000000,-30,true,-1.11
"TNI",101015,"/Date(1703733013000)/",2690,100,14700,39000000,-10,false,-0.37
"TNI",100647,"/Date(1703732807000)/",2680,500,14600,39000000,-20,false,-0.74
"TNI",100606,"/Date(1703732765000)/",2680,900,14100,37000000,-20,true,-0.74
"TNI",100606,"/Date(1703732765000)/",2680,100,13200,35000000,-20,true,-0.74
"TNI",100606,"/Date(1703732765000)/",2680,1000,13100,35000000,-20,true,-0.74
"TNI",100220,"/Date(1703732538000)/",2680,2000,12100,32000000,-20,true,-0.74
"TNI",95500,"/Date(1703732097000)/",2700,100,10100,27000000,0,false,0
"TNI",95344,"/Date(1703732021000)/",2680,1300,10000,26000000,-20,false,-0.74
"TNI",95221,"/Date(1703731940000)/",2680,500,8700,23000000,-20,true,-0.74
"TNI",95221,"/Date(1703731940000)/",2680,200,8200,21000000,-20,true,-0.74
"TNI",93711,"/Date(1703731030000)/",2680,900,8000,21000000,-20,false,-0.74
"TNI",93711,"/Date(1703731030000)/",2680,500,7100,19000000,-20,false,-0.74
"TNI",92648,"/Date(1703730405000)/",2680,700,6600,17000000,-20,false,-0.74
"TNI",92638,"/Date(1703730395000)/",2680,100,5900,15000000,-20,true,-0.74
"TNI",92638,"/Date(1703730395000)/",2680,2000,5800,15000000,-20,true,-0.74
"TNI",92638,"/Date(1703730395000)/",2680,200,3800,10000000,-20,true,-0.74
"TNI",92604,"/Date(1703730361000)/",2680,100,3600,9000000,-20,true,-0.74
"TNI",91643,"/Date(1703729803000)/",2680,800,3500,9000000,-20,false,-0.74
"TNI",91643,"/Date(1703729803000)/",2680,100,2700,7000000,-20,false,-0.74
"TNI",91643,"/Date(1703729803000)/",2680,100,2600,6000000,-20,false,-0.74
"TNI",91506,"/Date(1703729701000)/",2680,2500,2500,6000000,-20,true,-0.74
