"id","symbol","truncTime","matchType","matchVol","matchPrice","accumulatedVolume","createdAt","updatedAt"
159751179,"C47","1703144691","unknown","13000","6730","44700","2023-12-21T07:45:03.289Z","2023-12-21T07:45:03.289Z"
159748482,"C47","1703143750","b","1000","6740","31700","2023-12-21T07:29:23.304Z","2023-12-21T07:29:23.304Z"
159748481,"C47","1703143750","b","1000","6740","31700","2023-12-21T07:29:23.304Z","2023-12-21T07:29:23.304Z"
159745103,"C47","1703143683","b","2800","6730","26000","2023-12-21T07:28:16.288Z","2023-12-21T07:28:16.288Z"
159745102,"C47","1703143683","b","200","6730","26000","2023-12-21T07:28:16.288Z","2023-12-21T07:28:16.288Z"
159745101,"C47","1703143683","b","500","6730","26000","2023-12-21T07:28:16.288Z","2023-12-21T07:28:16.288Z"
159745100,"C47","1703143683","b","200","6730","26000","2023-12-21T07:28:16.288Z","2023-12-21T07:28:16.288Z"
159737263,"C47","1703143480","b","400","6720","25600","2023-12-21T07:24:52.253Z","2023-12-21T07:24:52.253Z"
159733987,"C47","1703143380","s","500","6700","25600","2023-12-21T07:23:13.258Z","2023-12-21T07:23:13.258Z"
159733986,"C47","1703143380","s","200","6700","25600","2023-12-21T07:23:13.258Z","2023-12-21T07:23:13.258Z"
159732933,"C47","1703143351","b","100","6720","23900","2023-12-21T07:22:44.265Z","2023-12-21T07:22:44.265Z"
159732932,"C47","1703143351","b","500","6720","23900","2023-12-21T07:22:44.265Z","2023-12-21T07:22:44.265Z"
159732931,"C47","1703143351","b","400","6720","23900","2023-12-21T07:22:44.265Z","2023-12-21T07:22:44.265Z"
159724479,"C47","1703143087","b","100","6700","23800","2023-12-21T07:18:20.267Z","2023-12-21T07:18:20.267Z"
159721831,"C47","1703142995","b","100","6700","23700","2023-12-21T07:16:48.244Z","2023-12-21T07:16:48.244Z"
159710338,"C47","1703142576","b","1400","6700","22300","2023-12-21T07:09:48.233Z","2023-12-21T07:09:48.233Z"
159709815,"C47","1703142553","b","500","6700","22300","2023-12-21T07:09:26.236Z","2023-12-21T07:09:26.236Z"
159707789,"C47","1703142478","s","100","6700","21700","2023-12-21T07:08:11.238Z","2023-12-21T07:08:11.238Z"
159686375,"C47","1703141726","b","200","6720","21500","2023-12-21T06:55:38.241Z","2023-12-21T06:55:38.241Z"
159673512,"C47","1703141220","s","100","6720","21400","2023-12-21T06:47:13.218Z","2023-12-21T06:47:13.218Z"
159668498,"C47","1703141002","b","200","6720","21100","2023-12-21T06:43:35.227Z","2023-12-21T06:43:35.227Z"
159668497,"C47","1703141002","b","100","6720","21100","2023-12-21T06:43:35.227Z","2023-12-21T06:43:35.227Z"
159655396,"C47","1703140461","s","100","6690","21100","2023-12-21T06:34:33.229Z","2023-12-21T06:34:33.229Z"
159648920,"C47","1703140159","b","200","6720","20800","2023-12-21T06:29:32.217Z","2023-12-21T06:29:32.217Z"
159648424,"C47","1703140129","s","3000","6700","20800","2023-12-21T06:29:02.205Z","2023-12-21T06:29:02.205Z"
159639646,"C47","1703139768","s","1000","6680","17800","2023-12-21T06:23:01.210Z","2023-12-21T06:23:01.210Z"
159639153,"C47","1703139748","s","1000","6690","16800","2023-12-21T06:22:41.241Z","2023-12-21T06:22:41.241Z"
159638122,"C47","1703139704","s","1000","6700","12800","2023-12-21T06:21:57.240Z","2023-12-21T06:21:57.240Z"
159638121,"C47","1703139704","s","2000","6700","12800","2023-12-21T06:21:57.240Z","2023-12-21T06:21:57.240Z"
159615650,"C47","1703138686","s","1000","6720","12800","2023-12-21T06:04:58.174Z","2023-12-21T06:04:58.174Z"
159603933,"C47","1703132678","b","200","6720","11800","2023-12-21T04:24:51.098Z","2023-12-21T04:24:51.098Z"
159597596,"C47","1703132157","s","100","6670","11500","2023-12-21T04:16:09.083Z","2023-12-21T04:16:09.083Z"
159595098,"C47","1703131931","s","100","6660","11400","2023-12-21T04:12:24.079Z","2023-12-21T04:12:24.079Z"
159593388,"C47","1703131775","s","100","6660","10900","2023-12-21T04:09:47.083Z","2023-12-21T04:09:47.083Z"
159593387,"C47","1703131775","s","300","6660","10900","2023-12-21T04:09:47.083Z","2023-12-21T04:09:47.083Z"
159593386,"C47","1703131775","s","100","6660","10900","2023-12-21T04:09:47.083Z","2023-12-21T04:09:47.083Z"
159590600,"C47","1703131546","b","100","6700","10800","2023-12-21T04:05:59.076Z","2023-12-21T04:05:59.076Z"
159588751,"C47","1703131415","b","100","6700","10700","2023-12-21T04:03:48.086Z","2023-12-21T04:03:48.086Z"
159588692,"C47","1703131409","s","1000","6700","9700","2023-12-21T04:03:42.071Z","2023-12-21T04:03:42.071Z"
159586212,"C47","1703131209","s","1000","6700","8200","2023-12-21T04:00:23.072Z","2023-12-21T04:00:23.072Z"
159586210,"C47","1703131209","s","500","6700","8200","2023-12-21T04:00:22.068Z","2023-12-21T04:00:22.068Z"
159584389,"C47","1703131068","s","1100","6700","7000","2023-12-21T03:58:00.074Z","2023-12-21T03:58:00.074Z"
159584388,"C47","1703131068","s","100","6700","7000","2023-12-21T03:58:00.074Z","2023-12-21T03:58:00.074Z"
159570342,"C47","1703130316","b","100","6730","7000","2023-12-21T03:45:29.081Z","2023-12-21T03:45:29.081Z"
159563405,"C47","1703129922","b","100","6700","6900","2023-12-21T03:38:55.061Z","2023-12-21T03:38:55.061Z"
159563323,"C47","1703129915","b","1500","6700","5300","2023-12-21T03:38:48.048Z","2023-12-21T03:38:48.048Z"
159561908,"C47","1703129806","s","1000","6700","5300","2023-12-21T03:36:59.046Z","2023-12-21T03:36:59.046Z"
159561907,"C47","1703129806","s","400","6700","5300","2023-12-21T03:36:59.046Z","2023-12-21T03:36:59.046Z"
159557717,"C47","1703129472","s","100","6700","2400","2023-12-21T03:31:25.076Z","2023-12-21T03:31:25.076Z"
159557716,"C47","1703129472","s","300","6700","2400","2023-12-21T03:31:25.076Z","2023-12-21T03:31:25.076Z"
159557715,"C47","1703129472","s","1000","6700","2400","2023-12-21T03:31:25.076Z","2023-12-21T03:31:25.076Z"
159557714,"C47","1703129472","s","100","6700","2400","2023-12-21T03:31:25.076Z","2023-12-21T03:31:25.076Z"
159554273,"C47","1703129243","b","100","6740","2400","2023-12-21T03:27:36.041Z","2023-12-21T03:27:36.041Z"
159554272,"C47","1703129243","b","500","6740","2400","2023-12-21T03:27:36.041Z","2023-12-21T03:27:36.041Z"
159553773,"C47","1703129204","b","200","6740","1600","2023-12-21T03:26:57.038Z","2023-12-21T03:26:57.038Z"
159551818,"C47","1703129054","s","300","6740","1300","2023-12-21T03:24:27.037Z","2023-12-21T03:24:27.037Z"
159521018,"C47","1703127296","b","100","6750","1200","2023-12-21T02:55:09.019Z","2023-12-21T02:55:09.019Z"
159504114,"C47","1703126220","b","500","6750","1200","2023-12-21T02:37:13.010Z","2023-12-21T02:37:13.010Z"
159504113,"C47","1703126220","b","100","6750","1200","2023-12-21T02:37:13.010Z","2023-12-21T02:37:13.010Z"
159504112,"C47","1703126220","b","200","6750","1200","2023-12-21T02:37:13.010Z","2023-12-21T02:37:13.010Z"
159504111,"C47","1703126220","b","200","6750","1200","2023-12-21T02:37:13.010Z","2023-12-21T02:37:13.010Z"
159476282,"C47","1703124891","unknown","200","6750","200","2023-12-21T02:15:04.006Z","2023-12-21T02:15:04.006Z"
