"id","symbol","truncTime","matchType","matchVol","matchPrice","accumulatedVolume","createdAt","updatedAt"
159751269,"HAP","1703144692","unknown","7700","4770","177600","2023-12-21T07:45:05.312Z","2023-12-21T07:45:05.312Z"
159690230,"HAP","1703141858","b","400","4770","177600","2023-12-21T06:57:51.231Z","2023-12-21T06:57:51.231Z"
159675421,"HAP","1703141319","b","100","4760","177200","2023-12-21T06:48:52.218Z","2023-12-21T06:48:52.218Z"
159670845,"HAP","1703141100","b","400","4770","176600","2023-12-21T06:45:13.224Z","2023-12-21T06:45:13.224Z"
159670844,"HAP","1703141100","b","100","4760","176600","2023-12-21T06:45:13.224Z","2023-12-21T06:45:13.224Z"
159664216,"HAP","1703140818","b","400","4770","176100","2023-12-21T06:40:31.228Z","2023-12-21T06:40:31.228Z"
159664215,"HAP","1703140818","b","100","4770","176100","2023-12-21T06:40:31.228Z","2023-12-21T06:40:31.228Z"
159663628,"HAP","1703140795","b","1000","4760","175100","2023-12-21T06:40:08.225Z","2023-12-21T06:40:08.225Z"
159643969,"HAP","1703139925","s","200","4700","175100","2023-12-21T06:25:38.209Z","2023-12-21T06:25:38.209Z"
159643968,"HAP","1703139925","s","4800","4700","175100","2023-12-21T06:25:38.209Z","2023-12-21T06:25:38.209Z"
159631360,"HAP","1703139446","s","100","4700","170100","2023-12-21T06:17:39.204Z","2023-12-21T06:17:39.204Z"
159627392,"HAP","1703139281","s","100","4720","169900","2023-12-21T06:14:54.191Z","2023-12-21T06:14:54.191Z"
159625608,"HAP","1703139186","s","100","4700","169800","2023-12-21T06:13:19.201Z","2023-12-21T06:13:19.201Z"
159622433,"HAP","1703139010","b","5000","4790","159800","2023-12-21T06:10:23.180Z","2023-12-21T06:10:23.180Z"
159622432,"HAP","1703139010","b","1200","4790","159800","2023-12-21T06:10:23.180Z","2023-12-21T06:10:23.180Z"
159622431,"HAP","1703139010","b","100","4780","159800","2023-12-21T06:10:23.180Z","2023-12-21T06:10:23.180Z"
159622430,"HAP","1703139010","b","200","4780","159800","2023-12-21T06:10:23.180Z","2023-12-21T06:10:23.180Z"
159622429,"HAP","1703139010","b","3500","4780","159800","2023-12-21T06:10:23.180Z","2023-12-21T06:10:23.180Z"
159621954,"HAP","1703138988","s","2000","4690","159800","2023-12-21T06:10:01.180Z","2023-12-21T06:10:01.180Z"
159620846,"HAP","1703138925","s","1300","4690","155800","2023-12-21T06:08:58.185Z","2023-12-21T06:08:58.185Z"
159620845,"HAP","1703138925","s","200","4700","155800","2023-12-21T06:08:58.185Z","2023-12-21T06:08:58.185Z"
159620844,"HAP","1703138925","s","500","4700","155800","2023-12-21T06:08:58.185Z","2023-12-21T06:08:58.185Z"
159608685,"HAP","1703138391","s","2800","4690","155800","2023-12-21T06:00:04.351Z","2023-12-21T06:00:04.351Z"
159608684,"HAP","1703138391","s","200","4690","155800","2023-12-21T06:00:04.351Z","2023-12-21T06:00:04.351Z"
159608683,"HAP","1703138391","s","300","4690","155800","2023-12-21T06:00:04.351Z","2023-12-21T06:00:04.351Z"
159608682,"HAP","1703138391","s","200","4690","155800","2023-12-21T06:00:04.351Z","2023-12-21T06:00:04.351Z"
159608681,"HAP","1703138391","s","100","4700","155800","2023-12-21T06:00:04.351Z","2023-12-21T06:00:04.351Z"
159608680,"HAP","1703138391","s","100","4710","155800","2023-12-21T06:00:04.351Z","2023-12-21T06:00:04.351Z"
159608679,"HAP","1703138391","s","100","4750","155800","2023-12-21T06:00:04.351Z","2023-12-21T06:00:04.351Z"
159604808,"HAP","1703132756","b","500","4780","151500","2023-12-21T04:26:08.120Z","2023-12-21T04:26:08.120Z"
159595932,"HAP","1703132006","b","600","4790","151500","2023-12-21T04:13:38.081Z","2023-12-21T04:13:38.081Z"
159595931,"HAP","1703132006","b","400","4780","151500","2023-12-21T04:13:38.081Z","2023-12-21T04:13:38.081Z"
159587354,"HAP","1703131299","b","200","4790","150500","2023-12-21T04:01:51.094Z","2023-12-21T04:01:51.094Z"
159587103,"HAP","1703131280","b","500","4760","150300","2023-12-21T04:01:32.080Z","2023-12-21T04:01:32.080Z"
159586423,"HAP","1703131228","b","1000","4760","149800","2023-12-21T04:00:41.074Z","2023-12-21T04:00:41.074Z"
159585979,"HAP","1703131189","b","1000","4760","147800","2023-12-21T04:00:02.067Z","2023-12-21T04:00:02.067Z"
159585422,"HAP","1703131147","b","1000","4760","147800","2023-12-21T03:59:20.088Z","2023-12-21T03:59:20.088Z"
159585103,"HAP","1703131117","b","1000","4760","145800","2023-12-21T03:58:51.069Z","2023-12-21T03:58:51.069Z"
159584576,"HAP","1703131084","b","100","4750","145800","2023-12-21T03:58:16.071Z","2023-12-21T03:58:16.071Z"
159584575,"HAP","1703131083","b","100","4740","145600","2023-12-21T03:58:16.071Z","2023-12-21T03:58:16.071Z"
159559943,"HAP","1703129642","b","1800","4700","143800","2023-12-21T03:34:14.056Z","2023-12-21T03:34:14.056Z"
159559037,"HAP","1703129564","b","100","4700","143800","2023-12-21T03:32:57.046Z","2023-12-21T03:32:57.046Z"
159558907,"HAP","1703129556","b","100","4700","143600","2023-12-21T03:32:49.051Z","2023-12-21T03:32:49.051Z"
159558830,"HAP","1703129550","s","200","4700","143600","2023-12-21T03:32:42.043Z","2023-12-21T03:32:42.043Z"
159558829,"HAP","1703129550","s","5600","4700","143600","2023-12-21T03:32:42.043Z","2023-12-21T03:32:42.043Z"
159558639,"HAP","1703129534","s","200","4710","131900","2023-12-21T03:32:27.053Z","2023-12-21T03:32:27.053Z"
159558638,"HAP","1703129534","s","5700","4710","131900","2023-12-21T03:32:27.053Z","2023-12-21T03:32:27.053Z"
159556149,"HAP","1703129359","s","29500","4710","102400","2023-12-21T03:29:32.063Z","2023-12-21T03:29:32.063Z"
159554198,"HAP","1703129238","s","1800","4710","100400","2023-12-21T03:27:31.039Z","2023-12-21T03:27:31.039Z"
159554197,"HAP","1703129238","s","200","4710","100400","2023-12-21T03:27:31.039Z","2023-12-21T03:27:31.039Z"
159550896,"HAP","1703128989","s","300","4710","100400","2023-12-21T03:23:22.045Z","2023-12-21T03:23:22.045Z"
159550895,"HAP","1703128989","s","100","4720","100400","2023-12-21T03:23:22.045Z","2023-12-21T03:23:22.045Z"
159524925,"HAP","1703127539","b","200","4780","100000","2023-12-21T02:59:13.024Z","2023-12-21T02:59:13.024Z"
159524924,"HAP","1703127539","b","800","4770","100000","2023-12-21T02:59:13.024Z","2023-12-21T02:59:13.024Z"
159521443,"HAP","1703127318","b","100","4760","98900","2023-12-21T02:55:30.056Z","2023-12-21T02:55:30.056Z"
159517124,"HAP","1703127059","b","4400","4700","98900","2023-12-21T02:51:12.016Z","2023-12-21T02:51:12.016Z"
159516911,"HAP","1703127042","s","500","4700","93900","2023-12-21T02:50:55.021Z","2023-12-21T02:50:55.021Z"
159516910,"HAP","1703127042","s","100","4700","93900","2023-12-21T02:50:55.021Z","2023-12-21T02:50:55.021Z"
159516622,"HAP","1703127022","s","5000","4700","93900","2023-12-21T02:50:34.019Z","2023-12-21T02:50:34.019Z"
159514666,"HAP","1703126877","b","14900","4700","74000","2023-12-21T02:48:10.020Z","2023-12-21T02:48:10.020Z"
159514152,"HAP","1703126839","s","100","4700","73800","2023-12-21T02:47:32.025Z","2023-12-21T02:47:32.025Z"
159514151,"HAP","1703126839","s","100","4700","73800","2023-12-21T02:47:32.025Z","2023-12-21T02:47:32.025Z"
159508165,"HAP","1703126452","b","200","4770","73800","2023-12-21T02:41:05.025Z","2023-12-21T02:41:05.025Z"
159507585,"HAP","1703126423","s","17200","4770","73600","2023-12-21T02:40:36.051Z","2023-12-21T02:40:36.051Z"
159506317,"HAP","1703126343","s","100","4770","56400","2023-12-21T02:39:16.015Z","2023-12-21T02:39:16.015Z"
159505835,"HAP","1703126310","s","100","4770","56300","2023-12-21T02:38:42.015Z","2023-12-21T02:38:42.015Z"
159505129,"HAP","1703126271","b","700","4790","51200","2023-12-21T02:38:04.023Z","2023-12-21T02:38:04.023Z"
159505128,"HAP","1703126271","b","2000","4790","51200","2023-12-21T02:38:04.023Z","2023-12-21T02:38:04.023Z"
159505127,"HAP","1703126271","b","500","4790","51200","2023-12-21T02:38:04.023Z","2023-12-21T02:38:04.023Z"
159505126,"HAP","1703126271","b","100","4780","51200","2023-12-21T02:38:04.023Z","2023-12-21T02:38:04.023Z"
159505125,"HAP","1703126271","b","100","4780","51200","2023-12-21T02:38:04.023Z","2023-12-21T02:38:04.023Z"
159505124,"HAP","1703126271","b","1600","4780","51200","2023-12-21T02:38:04.023Z","2023-12-21T02:38:04.023Z"
159503737,"HAP","1703126199","b","3000","4780","48200","2023-12-21T02:36:52.018Z","2023-12-21T02:36:52.018Z"
159502857,"HAP","1703126157","b","1200","4770","35600","2023-12-21T02:36:09.011Z","2023-12-21T02:36:09.011Z"
159502856,"HAP","1703126157","b","2000","4770","35600","2023-12-21T02:36:09.011Z","2023-12-21T02:36:09.011Z"
159502855,"HAP","1703126157","b","5000","4770","35600","2023-12-21T02:36:09.011Z","2023-12-21T02:36:09.011Z"
159502854,"HAP","1703126157","b","4400","4770","35600","2023-12-21T02:36:09.011Z","2023-12-21T02:36:09.011Z"
159502274,"HAP","1703126121","b","200","4770","35600","2023-12-21T02:35:34.015Z","2023-12-21T02:35:34.015Z"
159502273,"HAP","1703126121","b","100","4760","35600","2023-12-21T02:35:34.015Z","2023-12-21T02:35:34.015Z"
159502272,"HAP","1703126121","b","100","4760","35600","2023-12-21T02:35:34.015Z","2023-12-21T02:35:34.015Z"
159502271,"HAP","1703126121","b","100","4750","35600","2023-12-21T02:35:34.015Z","2023-12-21T02:35:34.015Z"
159502086,"HAP","1703126111","b","100","4740","34800","2023-12-21T02:35:24.014Z","2023-12-21T02:35:24.014Z"
159502085,"HAP","1703126111","b","200","4680","34800","2023-12-21T02:35:24.014Z","2023-12-21T02:35:24.014Z"
159501790,"HAP","1703126095","b","200","4680","34800","2023-12-21T02:35:08.011Z","2023-12-21T02:35:08.011Z"
159501548,"HAP","1703126084","b","500","4680","34100","2023-12-21T02:34:58.033Z","2023-12-21T02:34:58.033Z"
159501373,"HAP","1703126073","b","100","4680","34000","2023-12-21T02:34:46.013Z","2023-12-21T02:34:46.013Z"
159500725,"HAP","1703126044","b","100","4680","33900","2023-12-21T02:34:16.011Z","2023-12-21T02:34:16.011Z"
159500521,"HAP","1703126035","b","200","4680","33900","2023-12-21T02:34:08.012Z","2023-12-21T02:34:08.012Z"
159499860,"HAP","1703125995","b","100","4680","33600","2023-12-21T02:33:26.999Z","2023-12-21T02:33:26.999Z"
159499786,"HAP","1703125990","b","500","4680","33100","2023-12-21T02:33:22.007Z","2023-12-21T02:33:22.007Z"
159498933,"HAP","1703125948","b","600","4680","32300","2023-12-21T02:32:41.002Z","2023-12-21T02:32:41.002Z"
159498932,"HAP","1703125948","b","200","4680","32300","2023-12-21T02:32:41.002Z","2023-12-21T02:32:41.002Z"
159498702,"HAP","1703125937","b","500","4680","31800","2023-12-21T02:32:30.024Z","2023-12-21T02:32:30.024Z"
159498639,"HAP","1703125935","b","200","4680","31600","2023-12-21T02:32:28.007Z","2023-12-21T02:32:28.007Z"
159498502,"HAP","1703125931","b","5000","4680","26600","2023-12-21T02:32:24.089Z","2023-12-21T02:32:24.089Z"
159498356,"HAP","1703125925","b","200","4680","26600","2023-12-21T02:32:17.012Z","2023-12-21T02:32:17.012Z"
159497900,"HAP","1703125909","b","500","4680","25900","2023-12-21T02:32:01.021Z","2023-12-21T02:32:01.021Z"
159496594,"HAP","1703125851","b","900","4680","25000","2023-12-21T02:31:03.013Z","2023-12-21T02:31:03.013Z"
159495488,"HAP","1703125801","s","4300","4660","16800","2023-12-21T02:30:14.032Z","2023-12-21T02:30:14.032Z"
159495487,"HAP","1703125801","s","100","4660","16800","2023-12-21T02:30:14.032Z","2023-12-21T02:30:14.032Z"
