"id","symbol","truncTime","matchType","matchVol","matchPrice","accumulatedVolume","createdAt","updatedAt"
159751628,"MBG","1703144717","s","15700","4400","583700","2023-12-21T07:45:20.307Z","2023-12-21T07:45:20.307Z"
159740386,"MBG","1703143582","s","500","4300","568000","2023-12-21T07:26:23.272Z","2023-12-21T07:26:23.272Z"
159739458,"MBG","1703143555","b","300","4400","567500","2023-12-21T07:25:56.279Z","2023-12-21T07:25:56.279Z"
159730129,"MBG","1703143275","b","300","4400","567200","2023-12-21T07:21:17.258Z","2023-12-21T07:21:17.258Z"
159728906,"MBG","1703143234","s","5000","4300","566900","2023-12-21T07:20:36.252Z","2023-12-21T07:20:36.252Z"
159722439,"MBG","1703143029","s","3900","4300","561900","2023-12-21T07:17:11.235Z","2023-12-21T07:17:11.235Z"
159719086,"MBG","1703142892","s","2000","4300","558000","2023-12-21T07:14:53.229Z","2023-12-21T07:14:53.229Z"
159718571,"MBG","1703142871","s","1000","4300","556000","2023-12-21T07:14:33.236Z","2023-12-21T07:14:33.236Z"
159717511,"MBG","1703142829","s","1300","4300","555000","2023-12-21T07:13:50.242Z","2023-12-21T07:13:50.242Z"
159716932,"MBG","1703142812","b","18500","4300","553700","2023-12-21T07:13:34.244Z","2023-12-21T07:13:34.244Z"
159713381,"MBG","1703142701","b","2000","4300","535200","2023-12-21T07:11:42.250Z","2023-12-21T07:11:42.250Z"
159712753,"MBG","1703142680","b","2000","4300","533200","2023-12-21T07:11:22.243Z","2023-12-21T07:11:22.243Z"
159712180,"MBG","1703142656","b","600","4300","531200","2023-12-21T07:10:57.229Z","2023-12-21T07:10:57.229Z"
159711383,"MBG","1703142625","s","9400","4300","530600","2023-12-21T07:10:26.253Z","2023-12-21T07:10:26.253Z"
159711126,"MBG","1703142618","b","2000","4300","521200","2023-12-21T07:10:19.241Z","2023-12-21T07:10:19.241Z"
159711037,"MBG","1703142613","b","100","4300","519200","2023-12-21T07:10:14.261Z","2023-12-21T07:10:14.261Z"
159710721,"MBG","1703142604","b","200","4300","519100","2023-12-21T07:10:05.230Z","2023-12-21T07:10:05.230Z"
159710654,"MBG","1703142601","b","1000","4300","518900","2023-12-21T07:10:02.234Z","2023-12-21T07:10:02.234Z"
159710425,"MBG","1703142592","b","20000","4300","517900","2023-12-21T07:09:53.231Z","2023-12-21T07:09:53.231Z"
159709488,"MBG","1703142552","b","1000","4300","497900","2023-12-21T07:09:13.244Z","2023-12-21T07:09:13.244Z"
159709384,"MBG","1703142548","b","100","4300","496900","2023-12-21T07:09:09.232Z","2023-12-21T07:09:09.232Z"
159708484,"MBG","1703142516","b","10000","4300","496800","2023-12-21T07:08:37.257Z","2023-12-21T07:08:37.257Z"
159707761,"MBG","1703142488","b","3000","4300","486800","2023-12-21T07:08:09.248Z","2023-12-21T07:08:09.248Z"
159707725,"MBG","1703142486","b","3200","4300","483800","2023-12-21T07:08:07.227Z","2023-12-21T07:08:07.227Z"
159707490,"MBG","1703142478","s","10000","4300","480600","2023-12-21T07:07:59.240Z","2023-12-21T07:07:59.240Z"
159707064,"MBG","1703142466","s","1800","4300","470600","2023-12-21T07:07:47.230Z","2023-12-21T07:07:47.230Z"
159707046,"MBG","1703142465","b","3000","4300","468800","2023-12-21T07:07:46.229Z","2023-12-21T07:07:46.229Z"
159706999,"MBG","1703142463","b","1000","4300","465800","2023-12-21T07:07:44.239Z","2023-12-21T07:07:44.239Z"
159706940,"MBG","1703142459","b","5000","4300","464800","2023-12-21T07:07:40.229Z","2023-12-21T07:07:40.229Z"
159706754,"MBG","1703142452","b","2000","4300","459800","2023-12-21T07:07:33.243Z","2023-12-21T07:07:33.243Z"
159706611,"MBG","1703142446","b","80000","4300","457800","2023-12-21T07:07:27.239Z","2023-12-21T07:07:27.239Z"
159706395,"MBG","1703142441","b","5000","4300","377800","2023-12-21T07:07:22.238Z","2023-12-21T07:07:22.238Z"
159705753,"MBG","1703142419","b","600","4300","372800","2023-12-21T07:07:00.244Z","2023-12-21T07:07:00.244Z"
159705624,"MBG","1703142414","b","600","4300","372200","2023-12-21T07:06:55.232Z","2023-12-21T07:06:55.232Z"
159705494,"MBG","1703142409","b","2000","4300","371600","2023-12-21T07:06:50.244Z","2023-12-21T07:06:50.244Z"
159705449,"MBG","1703142407","b","2000","4300","369600","2023-12-21T07:06:49.244Z","2023-12-21T07:06:49.244Z"
159704285,"MBG","1703142371","b","500","4300","367600","2023-12-21T07:06:12.240Z","2023-12-21T07:06:12.240Z"
159704092,"MBG","1703142364","b","3900","4300","367100","2023-12-21T07:06:05.237Z","2023-12-21T07:06:05.237Z"
159703743,"MBG","1703142349","b","500","4300","363200","2023-12-21T07:05:50.256Z","2023-12-21T07:05:50.256Z"
159702909,"MBG","1703142321","b","2000","4300","362700","2023-12-21T07:05:22.245Z","2023-12-21T07:05:22.245Z"
159702760,"MBG","1703142314","b","500","4300","360700","2023-12-21T07:05:15.253Z","2023-12-21T07:05:15.253Z"
159702079,"MBG","1703142295","b","1000","4300","360200","2023-12-21T07:04:56.230Z","2023-12-21T07:04:56.230Z"
159701632,"MBG","1703142274","b","5000","4300","359200","2023-12-21T07:04:35.238Z","2023-12-21T07:04:35.238Z"
159701125,"MBG","1703142252","s","159700","4300","354200","2023-12-21T07:04:13.227Z","2023-12-21T07:04:13.227Z"
159700882,"MBG","1703142244","s","3900","4300","194500","2023-12-21T07:04:05.244Z","2023-12-21T07:04:05.244Z"
159696522,"MBG","1703142099","s","400","4300","190600","2023-12-21T07:01:40.279Z","2023-12-21T07:01:40.279Z"
159692281,"MBG","1703141954","b","100","4400","190200","2023-12-21T06:59:16.239Z","2023-12-21T06:59:16.239Z"
159688775,"MBG","1703141825","s","2000","4300","190100","2023-12-21T06:57:07.222Z","2023-12-21T06:57:07.222Z"
159681538,"MBG","1703141584","s","2700","4300","188100","2023-12-21T06:53:05.236Z","2023-12-21T06:53:05.236Z"
159681051,"MBG","1703141566","s","4700","4300","185400","2023-12-21T06:52:47.246Z","2023-12-21T06:52:47.246Z"
159680158,"MBG","1703141532","s","300","4300","180700","2023-12-21T06:52:14.216Z","2023-12-21T06:52:14.216Z"
159679383,"MBG","1703141502","s","5000","4300","180400","2023-12-21T06:51:43.239Z","2023-12-21T06:51:43.239Z"
159677992,"MBG","1703141448","s","12000","4300","175400","2023-12-21T06:50:49.222Z","2023-12-21T06:50:49.222Z"
159673971,"MBG","1703141257","s","15500","4300","163400","2023-12-21T06:47:39.216Z","2023-12-21T06:47:39.216Z"
159673621,"MBG","1703141236","s","25000","4300","147900","2023-12-21T06:47:17.234Z","2023-12-21T06:47:17.234Z"
159673326,"MBG","1703141224","s","1700","4300","122900","2023-12-21T06:47:05.243Z","2023-12-21T06:47:05.243Z"
159668090,"MBG","1703140996","s","17000","4300","121200","2023-12-21T06:43:17.219Z","2023-12-21T06:43:17.219Z"
159664065,"MBG","1703140822","s","400","4300","104200","2023-12-21T06:40:23.226Z","2023-12-21T06:40:23.226Z"
159661893,"MBG","1703140746","s","2800","4300","103800","2023-12-21T06:39:07.293Z","2023-12-21T06:39:07.293Z"
159661117,"MBG","1703140716","s","2500","4300","101000","2023-12-21T06:38:37.233Z","2023-12-21T06:38:37.233Z"
159655334,"MBG","1703140469","s","13900","4300","98500","2023-12-21T06:34:31.209Z","2023-12-21T06:34:31.209Z"
159650910,"MBG","1703140265","s","5000","4300","84600","2023-12-21T06:31:07.203Z","2023-12-21T06:31:07.203Z"
159650064,"MBG","1703140223","s","400","4300","79600","2023-12-21T06:30:24.208Z","2023-12-21T06:30:24.208Z"
159631917,"MBG","1703139478","s","1600","4300","79200","2023-12-21T06:17:59.208Z","2023-12-21T06:17:59.208Z"
159631000,"MBG","1703139444","s","10300","4300","77600","2023-12-21T06:17:26.197Z","2023-12-21T06:17:26.197Z"
159609195,"MBG","1703138404","b","100","4400","67300","2023-12-21T06:00:06.252Z","2023-12-21T06:00:06.252Z"
159591344,"MBG","1703131611","b","2000","4400","67200","2023-12-21T04:06:53.081Z","2023-12-21T04:06:53.081Z"
159586583,"MBG","1703131253","b","600","4400","65200","2023-12-21T04:00:55.088Z","2023-12-21T04:00:55.088Z"
159578306,"MBG","1703130679","b","200","4400","64600","2023-12-21T03:51:21.057Z","2023-12-21T03:51:21.057Z"
159564762,"MBG","1703130047","b","2000","4400","64400","2023-12-21T03:40:48.048Z","2023-12-21T03:40:48.048Z"
159548158,"MBG","1703128815","b","100","4400","62400","2023-12-21T03:20:17.047Z","2023-12-21T03:20:17.047Z"
159526514,"MBG","1703127646","b","100","4400","62300","2023-12-21T03:00:48.027Z","2023-12-21T03:00:48.027Z"
159517888,"MBG","1703127119","s","40000","4300","62200","2023-12-21T02:52:01.027Z","2023-12-21T02:52:01.027Z"
159517857,"MBG","1703127116","s","300","4300","22200","2023-12-21T02:51:58.020Z","2023-12-21T02:51:58.020Z"
159514817,"MBG","1703126903","b","200","4400","21900","2023-12-21T02:48:24.016Z","2023-12-21T02:48:24.016Z"
159514214,"MBG","1703126854","b","100","4400","21700","2023-12-21T02:47:36.042Z","2023-12-21T02:47:36.042Z"
159511622,"MBG","1703126682","s","15000","4300","21600","2023-12-21T02:44:44.015Z","2023-12-21T02:44:44.015Z"
159503091,"MBG","1703126182","b","1000","4400","6600","2023-12-21T02:36:24.005Z","2023-12-21T02:36:24.005Z"
159492653,"MBG","1703125661","b","1200","4400","5600","2023-12-21T02:27:43.003Z","2023-12-21T02:27:43.003Z"
159490414,"MBG","1703125547","b","1000","4400","4400","2023-12-21T02:25:48.997Z","2023-12-21T02:25:48.997Z"
159475562,"MBG","1703124535","b","300","4400","3400","2023-12-21T02:08:56.971Z","2023-12-21T02:08:56.971Z"
159475248,"MBG","1703124402","b","100","4400","3100","2023-12-21T02:06:43.970Z","2023-12-21T02:06:43.970Z"
159474546,"MBG","1703124047","b","2000","4400","3000","2023-12-21T02:00:48.971Z","2023-12-21T02:00:48.971Z"
159474427,"MBG","1703124016","b","1000","4400","1000","2023-12-21T02:00:18.978Z","2023-12-21T02:00:18.978Z"
