"id","symbol","truncTime","matchType","matchVol","matchPrice","accumulatedVolume","createdAt","updatedAt"
159751423,"SBT","1703144694","unknown","48900","13250","643400","2023-12-21T07:45:07.301Z","2023-12-21T07:45:07.301Z"
159747188,"SBT","1703143723","b","800","13300","639200","2023-12-21T07:28:56.271Z","2023-12-21T07:28:56.271Z"
159747187,"SBT","1703143723","b","3400","13300","639200","2023-12-21T07:28:56.271Z","2023-12-21T07:28:56.271Z"
159746207,"SBT","1703143705","b","2600","13300","636200","2023-12-21T07:28:38.271Z","2023-12-21T07:28:38.271Z"
159746206,"SBT","1703143705","b","400","13300","636200","2023-12-21T07:28:38.271Z","2023-12-21T07:28:38.271Z"
159742050,"SBT","1703143611","s","500","13250","636200","2023-12-21T07:27:04.266Z","2023-12-21T07:27:04.266Z"
159742049,"SBT","1703143611","s","1500","13250","636200","2023-12-21T07:27:04.266Z","2023-12-21T07:27:04.266Z"
159734169,"SBT","1703143387","b","100","13250","632200","2023-12-21T07:23:20.287Z","2023-12-21T07:23:20.287Z"
159734168,"SBT","1703143387","b","1900","13250","632200","2023-12-21T07:23:20.287Z","2023-12-21T07:23:20.287Z"
159734092,"SBT","1703143385","b","4100","13250","632200","2023-12-21T07:23:17.258Z","2023-12-21T07:23:17.258Z"
159734091,"SBT","1703143385","b","8500","13250","632200","2023-12-21T07:23:17.258Z","2023-12-21T07:23:17.258Z"
159734067,"SBT","1703143384","b","200","13250","619400","2023-12-21T07:23:16.254Z","2023-12-21T07:23:16.254Z"
159733702,"SBT","1703143373","b","100","13250","619300","2023-12-21T07:23:06.269Z","2023-12-21T07:23:06.269Z"
159733514,"SBT","1703143371","b","200","13250","619100","2023-12-21T07:23:03.305Z","2023-12-21T07:23:03.305Z"
159733459,"SBT","1703143369","b","2000","13250","617100","2023-12-21T07:23:02.248Z","2023-12-21T07:23:02.248Z"
159733017,"SBT","1703143354","b","100","13250","617000","2023-12-21T07:22:47.250Z","2023-12-21T07:22:47.250Z"
159732586,"SBT","1703143343","b","1000","13250","615600","2023-12-21T07:22:36.285Z","2023-12-21T07:22:36.285Z"
159732585,"SBT","1703143343","b","400","13250","615600","2023-12-21T07:22:36.285Z","2023-12-21T07:22:36.285Z"
159731167,"SBT","1703143296","s","6000","13250","605900","2023-12-21T07:21:48.250Z","2023-12-21T07:21:48.250Z"
159731166,"SBT","1703143296","s","100","13250","605900","2023-12-21T07:21:48.250Z","2023-12-21T07:21:48.250Z"
159731165,"SBT","1703143296","s","100","13250","605900","2023-12-21T07:21:48.250Z","2023-12-21T07:21:48.250Z"
159731164,"SBT","1703143296","s","1000","13250","605900","2023-12-21T07:21:48.250Z","2023-12-21T07:21:48.250Z"
159731163,"SBT","1703143296","s","1000","13250","605900","2023-12-21T07:21:48.250Z","2023-12-21T07:21:48.250Z"
159731156,"SBT","1703143296","s","1500","13250","588300","2023-12-21T07:21:48.250Z","2023-12-21T07:21:48.250Z"
159731155,"SBT","1703143296","s","5000","13250","588300","2023-12-21T07:21:48.250Z","2023-12-21T07:21:48.250Z"
159731154,"SBT","1703143296","s","10000","13250","588300","2023-12-21T07:21:48.250Z","2023-12-21T07:21:48.250Z"
159731153,"SBT","1703143296","s","2600","13250","588300","2023-12-21T07:21:48.250Z","2023-12-21T07:21:48.250Z"
159730619,"SBT","1703143280","b","100","13300","588200","2023-12-21T07:21:33.271Z","2023-12-21T07:21:33.271Z"
159730208,"SBT","1703143266","b","500","13300","587700","2023-12-21T07:21:19.256Z","2023-12-21T07:21:19.256Z"
159729975,"SBT","1703143258","b","400","13300","587300","2023-12-21T07:21:11.260Z","2023-12-21T07:21:11.260Z"
159729165,"SBT","1703143230","b","1000","13300","586300","2023-12-21T07:20:43.256Z","2023-12-21T07:20:43.256Z"
159728706,"SBT","1703143215","s","200","13300","586300","2023-12-21T07:20:28.266Z","2023-12-21T07:20:28.266Z"
159728705,"SBT","1703143215","s","2000","13300","586300","2023-12-21T07:20:28.266Z","2023-12-21T07:20:28.266Z"
159723464,"SBT","1703143056","b","100","13300","584000","2023-12-21T07:17:49.248Z","2023-12-21T07:17:49.248Z"
159721813,"SBT","1703142994","b","1700","13300","581000","2023-12-21T07:16:46.274Z","2023-12-21T07:16:46.274Z"
159721812,"SBT","1703142994","b","1300","13300","581000","2023-12-21T07:16:46.274Z","2023-12-21T07:16:46.274Z"
159720292,"SBT","1703142933","b","200","13300","570400","2023-12-21T07:15:47.265Z","2023-12-21T07:15:47.265Z"
159720291,"SBT","1703142933","b","10400","13300","570400","2023-12-21T07:15:47.265Z","2023-12-21T07:15:47.265Z"
159720290,"SBT","1703142933","b","1000","13300","570400","2023-12-21T07:15:47.265Z","2023-12-21T07:15:47.265Z"
159720289,"SBT","1703142933","b","200","13300","570400","2023-12-21T07:15:47.265Z","2023-12-21T07:15:47.265Z"
159720288,"SBT","1703142933","b","1100","13300","570400","2023-12-21T07:15:47.265Z","2023-12-21T07:15:47.265Z"
159719927,"SBT","1703142918","s","400","13250","566300","2023-12-21T07:15:31.235Z","2023-12-21T07:15:31.235Z"
159719926,"SBT","1703142918","s","1400","13250","566300","2023-12-21T07:15:31.235Z","2023-12-21T07:15:31.235Z"
159719559,"SBT","1703142901","b","300","13300","566000","2023-12-21T07:15:13.234Z","2023-12-21T07:15:13.234Z"
159718525,"SBT","1703142858","b","1000","13300","565000","2023-12-21T07:14:31.233Z","2023-12-21T07:14:31.233Z"
159717223,"SBT","1703142810","b","400","13300","564600","2023-12-21T07:13:42.241Z","2023-12-21T07:13:42.241Z"
159716235,"SBT","1703142783","b","100","13300","564500","2023-12-21T07:13:15.244Z","2023-12-21T07:13:15.244Z"
159715938,"SBT","1703142774","b","1000","13300","563500","2023-12-21T07:13:06.240Z","2023-12-21T07:13:06.240Z"
159715884,"SBT","1703142772","b","300","13300","563200","2023-12-21T07:13:04.244Z","2023-12-21T07:13:04.244Z"
159715770,"SBT","1703142769","b","100","13300","563100","2023-12-21T07:13:02.248Z","2023-12-21T07:13:02.248Z"
159715042,"SBT","1703142746","b","1200","13300","561900","2023-12-21T07:12:39.232Z","2023-12-21T07:12:39.232Z"
159714870,"SBT","1703142740","b","500","13300","561400","2023-12-21T07:12:33.250Z","2023-12-21T07:12:33.250Z"
159711308,"SBT","1703142612","s","300","13250","561100","2023-12-21T07:10:25.291Z","2023-12-21T07:10:25.291Z"
159709709,"SBT","1703142550","s","1300","13250","554100","2023-12-21T07:09:23.239Z","2023-12-21T07:09:23.239Z"
159709708,"SBT","1703142550","s","5000","13250","554100","2023-12-21T07:09:23.239Z","2023-12-21T07:09:23.239Z"
159709707,"SBT","1703142550","s","700","13250","554100","2023-12-21T07:09:23.239Z","2023-12-21T07:09:23.239Z"
159709328,"SBT","1703142534","b","2000","13300","552100","2023-12-21T07:09:07.250Z","2023-12-21T07:09:07.250Z"
159707050,"SBT","1703142453","s","500","13300","551200","2023-12-21T07:07:47.230Z","2023-12-21T07:07:47.230Z"
159707047,"SBT","1703142453","s","400","13300","551200","2023-12-21T07:07:46.229Z","2023-12-21T07:07:46.229Z"
159705861,"SBT","1703142410","b","200","13350","551000","2023-12-21T07:07:03.249Z","2023-12-21T07:07:03.249Z"
159699140,"SBT","1703142178","s","600","13300","549000","2023-12-21T07:03:10.238Z","2023-12-21T07:03:10.238Z"
159699139,"SBT","1703142178","s","300","13300","549000","2023-12-21T07:03:10.238Z","2023-12-21T07:03:10.238Z"
159699138,"SBT","1703142178","s","500","13300","549000","2023-12-21T07:03:10.238Z","2023-12-21T07:03:10.238Z"
159699137,"SBT","1703142178","s","600","13300","549000","2023-12-21T07:03:10.238Z","2023-12-21T07:03:10.238Z"
159698337,"SBT","1703142151","s","200","13300","548800","2023-12-21T07:02:44.242Z","2023-12-21T07:02:44.242Z"
159697837,"SBT","1703142131","s","1000","13300","547800","2023-12-21T07:02:24.234Z","2023-12-21T07:02:24.234Z"
159697542,"SBT","1703142120","s","1300","13300","546500","2023-12-21T07:02:13.234Z","2023-12-21T07:02:13.234Z"
159696421,"SBT","1703142085","s","200","13300","546500","2023-12-21T07:01:38.234Z","2023-12-21T07:01:38.234Z"
159696320,"SBT","1703142082","s","1000","13300","545300","2023-12-21T07:01:34.261Z","2023-12-21T07:01:34.261Z"
159690921,"SBT","1703141888","s","500","13300","544800","2023-12-21T06:58:21.234Z","2023-12-21T06:58:21.234Z"
159689490,"SBT","1703141840","b","100","13300","544600","2023-12-21T06:57:33.241Z","2023-12-21T06:57:33.241Z"
159689489,"SBT","1703141840","b","100","13300","544600","2023-12-21T06:57:33.241Z","2023-12-21T06:57:33.241Z"
159688582,"SBT","1703141806","b","2000","13300","542600","2023-12-21T06:56:59.220Z","2023-12-21T06:56:59.220Z"
159683562,"SBT","1703141632","b","1300","13250","542600","2023-12-21T06:54:04.253Z","2023-12-21T06:54:04.253Z"
159683410,"SBT","1703141625","s","100","13250","539600","2023-12-21T06:53:57.223Z","2023-12-21T06:53:57.223Z"
159683409,"SBT","1703141625","s","1600","13250","539600","2023-12-21T06:53:57.223Z","2023-12-21T06:53:57.223Z"
159682733,"SBT","1703141599","s","8400","13250","525600","2023-12-21T06:53:32.233Z","2023-12-21T06:53:32.233Z"
159682732,"SBT","1703141599","s","5000","13250","525600","2023-12-21T06:53:32.233Z","2023-12-21T06:53:32.233Z"
159682731,"SBT","1703141599","s","300","13250","525600","2023-12-21T06:53:32.233Z","2023-12-21T06:53:32.233Z"
159682730,"SBT","1703141599","s","300","13250","525600","2023-12-21T06:53:32.233Z","2023-12-21T06:53:32.233Z"
159681542,"SBT","1703141573","s","500","13300","524600","2023-12-21T06:53:05.236Z","2023-12-21T06:53:05.236Z"
159681541,"SBT","1703141573","s","500","13300","524600","2023-12-21T06:53:05.236Z","2023-12-21T06:53:05.236Z"
159681076,"SBT","1703141556","s","1500","13300","521900","2023-12-21T06:52:49.228Z","2023-12-21T06:52:49.228Z"
159681075,"SBT","1703141556","s","1200","13300","521900","2023-12-21T06:52:49.228Z","2023-12-21T06:52:49.228Z"
159679919,"SBT","1703141507","b","1000","13300","520100","2023-12-21T06:52:00.236Z","2023-12-21T06:52:00.236Z"
159679918,"SBT","1703141507","b","800","13300","520100","2023-12-21T06:52:00.236Z","2023-12-21T06:52:00.236Z"
159679266,"SBT","1703141488","b","100","13300","520000","2023-12-21T06:51:40.223Z","2023-12-21T06:51:40.223Z"
159677612,"SBT","1703141417","b","100","13300","512000","2023-12-21T06:50:30.225Z","2023-12-21T06:50:30.225Z"
159677611,"SBT","1703141417","b","1000","13300","512000","2023-12-21T06:50:30.225Z","2023-12-21T06:50:30.225Z"
159677610,"SBT","1703141417","b","5000","13300","512000","2023-12-21T06:50:30.225Z","2023-12-21T06:50:30.225Z"
159677609,"SBT","1703141417","b","1900","13300","512000","2023-12-21T06:50:30.225Z","2023-12-21T06:50:30.225Z"
159677180,"SBT","1703141397","b","100","13300","511900","2023-12-21T06:50:10.235Z","2023-12-21T06:50:10.235Z"
159675321,"SBT","1703141314","s","7000","13250","504900","2023-12-21T06:48:47.225Z","2023-12-21T06:48:47.225Z"
159674178,"SBT","1703141258","b","100","13300","504800","2023-12-21T06:47:51.213Z","2023-12-21T06:47:51.213Z"
159672409,"SBT","1703141170","b","14900","13300","489900","2023-12-21T06:46:23.265Z","2023-12-21T06:46:23.265Z"
159672192,"SBT","1703141160","s","1300","13200","489900","2023-12-21T06:46:13.228Z","2023-12-21T06:46:13.228Z"
159672191,"SBT","1703141160","s","500","13200","489900","2023-12-21T06:46:13.228Z","2023-12-21T06:46:13.228Z"
159672190,"SBT","1703141160","s","100","13200","489900","2023-12-21T06:46:13.228Z","2023-12-21T06:46:13.228Z"
159672189,"SBT","1703141160","s","400","13200","489900","2023-12-21T06:46:13.228Z","2023-12-21T06:46:13.228Z"
159672188,"SBT","1703141160","s","100","13200","489900","2023-12-21T06:46:13.228Z","2023-12-21T06:46:13.228Z"
