"id","symbol","truncTime","matchType","matchVol","matchPrice","accumulatedVolume","createdAt","updatedAt"
159751357,"VHC","1703144693","unknown","63400","73400","626700","2023-12-21T07:45:06.287Z","2023-12-21T07:45:06.287Z"
159749330,"VHC","1703143765","s","500","73100","563300","2023-12-21T07:29:37.294Z","2023-12-21T07:29:37.294Z"
159749138,"VHC","1703143761","s","500","73100","562800","2023-12-21T07:29:34.338Z","2023-12-21T07:29:34.338Z"
159748794,"VHC","1703143756","s","2300","73100","560000","2023-12-21T07:29:29.272Z","2023-12-21T07:29:29.272Z"
159748318,"VHC","1703143748","s","500","73100","560000","2023-12-21T07:29:21.272Z","2023-12-21T07:29:21.272Z"
159747965,"VHC","1703143740","s","500","73100","559500","2023-12-21T07:29:13.292Z","2023-12-21T07:29:13.292Z"
159747884,"VHC","1703143738","s","1100","73100","556700","2023-12-21T07:29:12.287Z","2023-12-21T07:29:12.287Z"
159747883,"VHC","1703143738","s","300","73100","556700","2023-12-21T07:29:12.287Z","2023-12-21T07:29:12.287Z"
159747882,"VHC","1703143738","s","900","73100","556700","2023-12-21T07:29:11.269Z","2023-12-21T07:29:11.269Z"
159747674,"VHC","1703143736","s","500","73100","556700","2023-12-21T07:29:08.358Z","2023-12-21T07:29:08.358Z"
159747546,"VHC","1703143732","s","100","73100","556100","2023-12-21T07:29:05.271Z","2023-12-21T07:29:05.271Z"
159746570,"VHC","1703143713","s","500","73100","556100","2023-12-21T07:28:46.354Z","2023-12-21T07:28:46.354Z"
159746106,"VHC","1703143703","s","1600","73100","555600","2023-12-21T07:28:36.260Z","2023-12-21T07:28:36.260Z"
159746105,"VHC","1703143703","s","400","73100","555600","2023-12-21T07:28:36.260Z","2023-12-21T07:28:36.260Z"
159745751,"VHC","1703143697","s","100","73100","553500","2023-12-21T07:28:30.337Z","2023-12-21T07:28:30.337Z"
159744719,"VHC","1703143675","s","100","73100","553500","2023-12-21T07:28:07.278Z","2023-12-21T07:28:07.278Z"
159744072,"VHC","1703143655","b","200","73200","553400","2023-12-21T07:27:48.254Z","2023-12-21T07:27:48.254Z"
159744071,"VHC","1703143655","b","900","73200","553400","2023-12-21T07:27:48.254Z","2023-12-21T07:27:48.254Z"
159743982,"VHC","1703143653","s","100","73100","552300","2023-12-21T07:27:46.262Z","2023-12-21T07:27:46.262Z"
159743522,"VHC","1703143646","b","1100","73200","552200","2023-12-21T07:27:39.283Z","2023-12-21T07:27:39.283Z"
159743521,"VHC","1703143646","b","100","73200","552200","2023-12-21T07:27:39.283Z","2023-12-21T07:27:39.283Z"
159743520,"VHC","1703143646","b","400","73200","552200","2023-12-21T07:27:39.283Z","2023-12-21T07:27:39.283Z"
159742285,"VHC","1703143616","b","1100","73200","550600","2023-12-21T07:27:08.299Z","2023-12-21T07:27:08.299Z"
159742284,"VHC","1703143616","b","100","73200","550600","2023-12-21T07:27:08.299Z","2023-12-21T07:27:08.299Z"
159742283,"VHC","1703143616","b","400","73200","550600","2023-12-21T07:27:08.299Z","2023-12-21T07:27:08.299Z"
159741118,"VHC","1703143586","s","300","73100","549000","2023-12-21T07:26:39.262Z","2023-12-21T07:26:39.262Z"
159741094,"VHC","1703143585","b","1100","73200","547100","2023-12-21T07:26:39.262Z","2023-12-21T07:26:39.262Z"
159741093,"VHC","1703143585","b","100","73200","547100","2023-12-21T07:26:39.262Z","2023-12-21T07:26:39.262Z"
159741092,"VHC","1703143585","b","400","73200","547100","2023-12-21T07:26:39.262Z","2023-12-21T07:26:39.262Z"
159740694,"VHC","1703143578","s","1300","73100","545800","2023-12-21T07:26:30.267Z","2023-12-21T07:26:30.267Z"
159740089,"VHC","1703143561","b","200","73200","545800","2023-12-21T07:26:14.269Z","2023-12-21T07:26:14.269Z"
159739831,"VHC","1703143555","b","600","73300","544000","2023-12-21T07:26:08.254Z","2023-12-21T07:26:08.254Z"
159739830,"VHC","1703143555","b","500","73300","544000","2023-12-21T07:26:08.254Z","2023-12-21T07:26:08.254Z"
159739829,"VHC","1703143555","b","300","73300","544000","2023-12-21T07:26:08.254Z","2023-12-21T07:26:08.254Z"
159739823,"VHC","1703143555","b","100","73200","544000","2023-12-21T07:26:08.254Z","2023-12-21T07:26:08.254Z"
159739822,"VHC","1703143555","b","100","73200","544000","2023-12-21T07:26:08.254Z","2023-12-21T07:26:08.254Z"
159738788,"VHC","1703143525","b","100","73200","544000","2023-12-21T07:25:38.266Z","2023-12-21T07:25:38.266Z"
159738787,"VHC","1703143525","b","1500","73200","544000","2023-12-21T07:25:38.266Z","2023-12-21T07:25:38.266Z"
159738023,"VHC","1703143502","s","100","73100","542300","2023-12-21T07:25:16.273Z","2023-12-21T07:25:16.273Z"
159737711,"VHC","1703143495","b","700","73300","542300","2023-12-21T07:25:08.264Z","2023-12-21T07:25:08.264Z"
159737710,"VHC","1703143495","b","100","73300","542300","2023-12-21T07:25:08.264Z","2023-12-21T07:25:08.264Z"
159737709,"VHC","1703143495","b","100","73200","542300","2023-12-21T07:25:08.264Z","2023-12-21T07:25:08.264Z"
159737705,"VHC","1703143495","b","700","73200","542300","2023-12-21T07:25:08.264Z","2023-12-21T07:25:08.264Z"
159737053,"VHC","1703143471","s","100","73200","540700","2023-12-21T07:24:44.252Z","2023-12-21T07:24:44.252Z"
159736826,"VHC","1703143466","s","300","73200","540300","2023-12-21T07:24:39.251Z","2023-12-21T07:24:39.251Z"
159736761,"VHC","1703143465","b","1600","73300","540300","2023-12-21T07:24:38.288Z","2023-12-21T07:24:38.288Z"
159736403,"VHC","1703143457","s","600","73200","538100","2023-12-21T07:24:30.260Z","2023-12-21T07:24:30.260Z"
159736397,"VHC","1703143457","s","100","73200","538100","2023-12-21T07:24:30.260Z","2023-12-21T07:24:30.260Z"
159736125,"VHC","1703143447","b","100","73300","537900","2023-12-21T07:24:21.266Z","2023-12-21T07:24:21.266Z"
159735846,"VHC","1703143438","b","500","73300","537400","2023-12-21T07:24:11.279Z","2023-12-21T07:24:11.279Z"
159735720,"VHC","1703143435","b","700","73300","537400","2023-12-21T07:24:07.277Z","2023-12-21T07:24:07.277Z"
159735719,"VHC","1703143435","b","900","73300","537400","2023-12-21T07:24:07.277Z","2023-12-21T07:24:07.277Z"
159735031,"VHC","1703143414","s","300","73200","535500","2023-12-21T07:23:47.248Z","2023-12-21T07:23:47.248Z"
159734930,"VHC","1703143410","s","100","73200","535400","2023-12-21T07:23:43.259Z","2023-12-21T07:23:43.259Z"
159734919,"VHC","1703143410","b","200","73300","535200","2023-12-21T07:23:43.259Z","2023-12-21T07:23:43.259Z"
159734732,"VHC","1703143404","b","100","73300","535200","2023-12-21T07:23:37.263Z","2023-12-21T07:23:37.263Z"
159734731,"VHC","1703143404","b","300","73300","535200","2023-12-21T07:23:37.263Z","2023-12-21T07:23:37.263Z"
159734730,"VHC","1703143404","b","400","73300","535200","2023-12-21T07:23:37.263Z","2023-12-21T07:23:37.263Z"
159734729,"VHC","1703143404","b","800","73300","535200","2023-12-21T07:23:37.263Z","2023-12-21T07:23:37.263Z"
159733716,"VHC","1703143374","b","700","73300","533600","2023-12-21T07:23:06.269Z","2023-12-21T07:23:06.269Z"
159733715,"VHC","1703143374","b","300","73300","533600","2023-12-21T07:23:06.269Z","2023-12-21T07:23:06.269Z"
159733714,"VHC","1703143374","b","100","73300","533600","2023-12-21T07:23:06.269Z","2023-12-21T07:23:06.269Z"
159733713,"VHC","1703143374","b","500","73300","533600","2023-12-21T07:23:06.269Z","2023-12-21T07:23:06.269Z"
159733005,"VHC","1703143353","b","1500","73300","530500","2023-12-21T07:22:46.259Z","2023-12-21T07:22:46.259Z"
159732626,"VHC","1703143344","b","1500","73300","528900","2023-12-21T07:22:37.292Z","2023-12-21T07:22:37.292Z"
159732625,"VHC","1703143344","b","100","73300","528900","2023-12-21T07:22:37.292Z","2023-12-21T07:22:37.292Z"
159732595,"VHC","1703143343","s","1500","73200","528900","2023-12-21T07:22:36.285Z","2023-12-21T07:22:36.285Z"
159732444,"VHC","1703143340","s","800","73200","526600","2023-12-21T07:22:33.262Z","2023-12-21T07:22:33.262Z"
159731952,"VHC","1703143323","b","100","73200","526600","2023-12-21T07:22:17.251Z","2023-12-21T07:22:17.251Z"
159731951,"VHC","1703143323","b","100","73200","526600","2023-12-21T07:22:17.251Z","2023-12-21T07:22:17.251Z"
159731642,"VHC","1703143314","b","900","73200","526400","2023-12-21T07:22:06.267Z","2023-12-21T07:22:06.267Z"
159731641,"VHC","1703143314","b","400","73200","526400","2023-12-21T07:22:06.267Z","2023-12-21T07:22:06.267Z"
159731640,"VHC","1703143314","b","100","73200","526400","2023-12-21T07:22:06.267Z","2023-12-21T07:22:06.267Z"
159731639,"VHC","1703143314","b","200","73200","526400","2023-12-21T07:22:06.267Z","2023-12-21T07:22:06.267Z"
159731170,"VHC","1703143296","b","100","73100","524800","2023-12-21T07:21:49.268Z","2023-12-21T07:21:49.268Z"
159730796,"VHC","1703143284","b","1600","73200","523100","2023-12-21T07:21:37.276Z","2023-12-21T07:21:37.276Z"
159730520,"VHC","1703143277","s","100","73000","523000","2023-12-21T07:21:30.307Z","2023-12-21T07:21:30.307Z"
159730416,"VHC","1703143274","s","500","73100","522500","2023-12-21T07:21:27.292Z","2023-12-21T07:21:27.292Z"
159729873,"VHC","1703143255","s","100","73100","522400","2023-12-21T07:21:07.265Z","2023-12-21T07:21:07.265Z"
159729840,"VHC","1703143254","b","100","73200","522100","2023-12-21T07:21:06.266Z","2023-12-21T07:21:06.266Z"
159729839,"VHC","1703143254","b","100","73200","522100","2023-12-21T07:21:06.266Z","2023-12-21T07:21:06.266Z"
159729838,"VHC","1703143254","b","100","73200","522100","2023-12-21T07:21:06.266Z","2023-12-21T07:21:06.266Z"
159729835,"VHC","1703143254","b","400","73200","520800","2023-12-21T07:21:06.266Z","2023-12-21T07:21:06.266Z"
159729834,"VHC","1703143254","b","900","73200","520800","2023-12-21T07:21:06.266Z","2023-12-21T07:21:06.266Z"
159729476,"VHC","1703143241","b","100","73200","520500","2023-12-21T07:20:54.272Z","2023-12-21T07:20:54.272Z"
159729475,"VHC","1703143241","b","100","73200","520500","2023-12-21T07:20:54.272Z","2023-12-21T07:20:54.272Z"
159729473,"VHC","1703143241","b","100","73200","520500","2023-12-21T07:20:54.272Z","2023-12-21T07:20:54.272Z"
159729472,"VHC","1703143241","b","100","73200","520500","2023-12-21T07:20:54.272Z","2023-12-21T07:20:54.272Z"
159728944,"VHC","1703143224","b","100","73200","518800","2023-12-21T07:20:37.276Z","2023-12-21T07:20:37.276Z"
159728943,"VHC","1703143224","b","500","73200","518800","2023-12-21T07:20:37.276Z","2023-12-21T07:20:37.276Z"
159728942,"VHC","1703143224","b","100","73200","518800","2023-12-21T07:20:37.276Z","2023-12-21T07:20:37.276Z"
159728941,"VHC","1703143224","b","900","73200","518800","2023-12-21T07:20:37.276Z","2023-12-21T07:20:37.276Z"
159728069,"VHC","1703143195","s","100","73000","518800","2023-12-21T07:20:08.251Z","2023-12-21T07:20:08.251Z"
159728033,"VHC","1703143193","b","100","73100","517200","2023-12-21T07:20:06.257Z","2023-12-21T07:20:06.257Z"
159728032,"VHC","1703143193","b","1400","73100","517200","2023-12-21T07:20:06.257Z","2023-12-21T07:20:06.257Z"
159727852,"VHC","1703143190","b","100","73100","515200","2023-12-21T07:20:03.280Z","2023-12-21T07:20:03.280Z"
159727851,"VHC","1703143190","b","100","73100","515200","2023-12-21T07:20:03.280Z","2023-12-21T07:20:03.280Z"
159727850,"VHC","1703143190","b","1800","73100","515200","2023-12-21T07:20:03.280Z","2023-12-21T07:20:03.280Z"
159727691,"VHC","1703143184","s","100","73000","515200","2023-12-21T07:19:56.251Z","2023-12-21T07:19:56.251Z"
159727520,"VHC","1703143178","b","500","73100","510100","2023-12-21T07:19:51.290Z","2023-12-21T07:19:51.290Z"
