"id","symbol","truncTime","matchType","matchVol","matchPrice","accumulatedVolume","createdAt","updatedAt"
159752124,"VTP","1703145593","b","1000","48300","537200","2023-12-21T07:59:55.277Z","2023-12-21T07:59:55.277Z"
159752032,"VTP","1703145515","b","100","48300","536200","2023-12-21T07:58:36.276Z","2023-12-21T07:58:36.276Z"
159752023,"VTP","1703145506","s","100","48300","536100","2023-12-21T07:58:27.276Z","2023-12-21T07:58:27.276Z"
159752010,"VTP","1703145479","s","300","48300","536000","2023-12-21T07:58:00.276Z","2023-12-21T07:58:00.276Z"
159752004,"VTP","1703145471","b","1400","48300","535700","2023-12-21T07:57:52.274Z","2023-12-21T07:57:52.274Z"
159751972,"VTP","1703145417","b","200","48300","534300","2023-12-21T07:56:58.276Z","2023-12-21T07:56:58.276Z"
159751960,"VTP","1703145390","b","500","48300","534100","2023-12-21T07:56:31.273Z","2023-12-21T07:56:31.273Z"
159751943,"VTP","1703145345","b","300","48300","533600","2023-12-21T07:55:46.275Z","2023-12-21T07:55:46.275Z"
159751936,"VTP","1703145339","b","200","48300","533300","2023-12-21T07:55:40.275Z","2023-12-21T07:55:40.275Z"
159751883,"VTP","1703145243","b","2000","48300","533100","2023-12-21T07:54:05.274Z","2023-12-21T07:54:05.274Z"
159751881,"VTP","1703145241","b","1100","48300","531100","2023-12-21T07:54:03.273Z","2023-12-21T07:54:03.273Z"
159751860,"VTP","1703145189","b","2600","48300","530000","2023-12-21T07:53:11.273Z","2023-12-21T07:53:11.273Z"
159751799,"VTP","1703144994","b","1500","48300","527400","2023-12-21T07:49:55.276Z","2023-12-21T07:49:55.276Z"
159751795,"VTP","1703144984","s","6000","48200","525900","2023-12-21T07:49:45.274Z","2023-12-21T07:49:45.274Z"
159751772,"VTP","1703144944","b","800","48200","519900","2023-12-21T07:49:05.272Z","2023-12-21T07:49:05.272Z"
159751767,"VTP","1703144931","b","4000","48200","519100","2023-12-21T07:48:52.272Z","2023-12-21T07:48:52.272Z"
159751712,"VTP","1703144808","b","4000","48300","515100","2023-12-21T07:46:50.275Z","2023-12-21T07:46:50.275Z"
159751694,"VTP","1703144780","b","2000","48300","511100","2023-12-21T07:46:22.269Z","2023-12-21T07:46:22.269Z"
159751686,"VTP","1703144767","b","10000","48200","509100","2023-12-21T07:46:09.269Z","2023-12-21T07:46:09.269Z"
159751677,"VTP","1703144752","b","4000","48200","499100","2023-12-21T07:45:54.268Z","2023-12-21T07:45:54.268Z"
159751672,"VTP","1703144745","b","2000","48200","495100","2023-12-21T07:45:47.279Z","2023-12-21T07:45:47.279Z"
159751657,"VTP","1703144718","b","2000","48200","493100","2023-12-21T07:45:21.268Z","2023-12-21T07:45:21.268Z"
159751026,"VTP","1703144491","b","100","48200","491100","2023-12-21T07:41:32.264Z","2023-12-21T07:41:32.264Z"
159750986,"VTP","1703144387","b","100","48200","491000","2023-12-21T07:39:49.264Z","2023-12-21T07:39:49.264Z"
159750976,"VTP","1703144372","b","2900","48200","490900","2023-12-21T07:39:33.266Z","2023-12-21T07:39:33.266Z"
159750953,"VTP","1703144315","b","1000","48200","488000","2023-12-21T07:38:36.261Z","2023-12-21T07:38:36.261Z"
159750803,"VTP","1703143965","s","4300","48200","487000","2023-12-21T07:32:46.257Z","2023-12-21T07:32:46.257Z"
159748431,"VTP","1703143761","s","500","48200","482700","2023-12-21T07:29:22.305Z","2023-12-21T07:29:22.305Z"
159746848,"VTP","1703143730","b","1100","48200","482200","2023-12-21T07:28:50.278Z","2023-12-21T07:28:50.278Z"
159744334,"VTP","1703143673","s","100","48100","481100","2023-12-21T07:27:54.266Z","2023-12-21T07:27:54.266Z"
159743695,"VTP","1703143661","b","900","48200","481000","2023-12-21T07:27:42.264Z","2023-12-21T07:27:42.264Z"
159734426,"VTP","1703143405","b","3200","48200","480100","2023-12-21T07:23:27.252Z","2023-12-21T07:23:27.252Z"
159733972,"VTP","1703143391","b","200","48200","476900","2023-12-21T07:23:12.272Z","2023-12-21T07:23:12.272Z"
159733245,"VTP","1703143372","b","1000","48200","476700","2023-12-21T07:22:54.272Z","2023-12-21T07:22:54.272Z"
159731958,"VTP","1703143335","s","2800","48100","475700","2023-12-21T07:22:17.251Z","2023-12-21T07:22:17.251Z"
159730353,"VTP","1703143282","s","500","48100","472900","2023-12-21T07:21:24.252Z","2023-12-21T07:21:24.252Z"
159730311,"VTP","1703143281","b","200","48200","472400","2023-12-21T07:21:23.255Z","2023-12-21T07:21:23.255Z"
159730215,"VTP","1703143277","b","1000","48200","472200","2023-12-21T07:21:19.256Z","2023-12-21T07:21:19.256Z"
159729120,"VTP","1703143240","b","200","48200","471200","2023-12-21T07:20:42.250Z","2023-12-21T07:20:42.250Z"
159728814,"VTP","1703143231","b","100","48200","471000","2023-12-21T07:20:33.289Z","2023-12-21T07:20:33.289Z"
159725966,"VTP","1703143145","b","1000","48200","470900","2023-12-21T07:19:07.265Z","2023-12-21T07:19:07.265Z"
159722692,"VTP","1703143040","s","6500","48200","469900","2023-12-21T07:17:22.249Z","2023-12-21T07:17:22.249Z"
159719076,"VTP","1703142891","s","3800","48200","463400","2023-12-21T07:14:52.247Z","2023-12-21T07:14:52.247Z"
159717028,"VTP","1703142815","b","6600","48200","459600","2023-12-21T07:13:37.240Z","2023-12-21T07:13:37.240Z"
159716288,"VTP","1703142796","b","3400","48200","453000","2023-12-21T07:13:18.244Z","2023-12-21T07:13:18.244Z"
159713029,"VTP","1703142690","s","1900","48200","449600","2023-12-21T07:11:31.238Z","2023-12-21T07:11:31.238Z"
159712928,"VTP","1703142686","s","500","48200","447700","2023-12-21T07:11:28.239Z","2023-12-21T07:11:28.239Z"
159712841,"VTP","1703142684","s","1000","48200","447200","2023-12-21T07:11:26.252Z","2023-12-21T07:11:26.252Z"
159711985,"VTP","1703142649","s","700","48200","446200","2023-12-21T07:10:50.251Z","2023-12-21T07:10:50.251Z"
159711188,"VTP","1703142620","s","200","48200","445500","2023-12-21T07:10:21.237Z","2023-12-21T07:10:21.237Z"
159709410,"VTP","1703142549","b","6700","48300","445300","2023-12-21T07:09:10.251Z","2023-12-21T07:09:10.251Z"
159709385,"VTP","1703142548","s","4000","48300","438600","2023-12-21T07:09:09.232Z","2023-12-21T07:09:09.232Z"
159708827,"VTP","1703142527","s","500","48300","434600","2023-12-21T07:08:48.228Z","2023-12-21T07:08:48.228Z"
159708685,"VTP","1703142522","s","200","48300","434100","2023-12-21T07:08:43.234Z","2023-12-21T07:08:43.234Z"
159708406,"VTP","1703142513","s","1700","48300","433900","2023-12-21T07:08:34.243Z","2023-12-21T07:08:34.243Z"
159708349,"VTP","1703142511","s","500","48300","432200","2023-12-21T07:08:32.239Z","2023-12-21T07:08:32.239Z"
159708321,"VTP","1703142510","s","200","48300","431700","2023-12-21T07:08:31.250Z","2023-12-21T07:08:31.250Z"
159707267,"VTP","1703142473","s","9300","48300","431500","2023-12-21T07:07:54.234Z","2023-12-21T07:07:54.234Z"
159706942,"VTP","1703142459","s","200","48300","422200","2023-12-21T07:07:40.229Z","2023-12-21T07:07:40.229Z"
159704905,"VTP","1703142391","s","700","48300","422000","2023-12-21T07:06:32.236Z","2023-12-21T07:06:32.236Z"
159701816,"VTP","1703142283","s","500","48300","421300","2023-12-21T07:04:44.244Z","2023-12-21T07:04:44.244Z"
159701395,"VTP","1703142263","s","200","48300","420800","2023-12-21T07:04:24.232Z","2023-12-21T07:04:24.232Z"
159699310,"VTP","1703142195","s","500","48300","420600","2023-12-21T07:03:16.232Z","2023-12-21T07:03:16.232Z"
159698355,"VTP","1703142164","s","500","48300","420100","2023-12-21T07:02:45.241Z","2023-12-21T07:02:45.241Z"
159697825,"VTP","1703142142","b","100","48400","419600","2023-12-21T07:02:23.238Z","2023-12-21T07:02:23.238Z"
159694262,"VTP","1703142028","b","4100","48400","419500","2023-12-21T07:00:30.269Z","2023-12-21T07:00:30.269Z"
159693668,"VTP","1703142002","s","3300","48400","415400","2023-12-21T07:00:04.238Z","2023-12-21T07:00:04.238Z"
159693089,"VTP","1703141982","b","100","48400","412100","2023-12-21T06:59:43.237Z","2023-12-21T06:59:43.237Z"
159692491,"VTP","1703141962","b","1200","48400","412000","2023-12-21T06:59:24.230Z","2023-12-21T06:59:24.230Z"
159689652,"VTP","1703141856","b","1000","48400","410800","2023-12-21T06:57:37.261Z","2023-12-21T06:57:37.261Z"
159688404,"VTP","1703141810","b","1200","48400","409800","2023-12-21T06:56:51.232Z","2023-12-21T06:56:51.232Z"
159677921,"VTP","1703141444","b","100","48400","408600","2023-12-21T06:50:45.229Z","2023-12-21T06:50:45.229Z"
159677535,"VTP","1703141425","s","200","48300","408500","2023-12-21T06:50:26.217Z","2023-12-21T06:50:26.217Z"
159672947,"VTP","1703141205","b","2000","48400","408300","2023-12-21T06:46:46.218Z","2023-12-21T06:46:46.218Z"
159672925,"VTP","1703141204","b","100","48400","406300","2023-12-21T06:46:45.220Z","2023-12-21T06:46:45.220Z"
159671169,"VTP","1703141128","b","200","48400","406200","2023-12-21T06:45:29.216Z","2023-12-21T06:45:29.216Z"
159671157,"VTP","1703141127","b","1000","48400","406000","2023-12-21T06:45:28.219Z","2023-12-21T06:45:28.219Z"
159670216,"VTP","1703141087","b","100","48400","405000","2023-12-21T06:44:49.218Z","2023-12-21T06:44:49.218Z"
159668810,"VTP","1703141032","s","1000","48300","404900","2023-12-21T06:43:53.218Z","2023-12-21T06:43:53.218Z"
159667649,"VTP","1703140973","s","2000","48300","403900","2023-12-21T06:42:54.212Z","2023-12-21T06:42:54.212Z"
159667419,"VTP","1703140963","s","8000","48300","401900","2023-12-21T06:42:44.223Z","2023-12-21T06:42:44.223Z"
159667060,"VTP","1703140949","s","3500","48300","393900","2023-12-21T06:42:31.279Z","2023-12-21T06:42:31.279Z"
159666125,"VTP","1703140903","b","4500","48300","390400","2023-12-21T06:41:44.243Z","2023-12-21T06:41:44.243Z"
159663624,"VTP","1703140807","s","2000","48300","385900","2023-12-21T06:40:08.225Z","2023-12-21T06:40:08.225Z"
159662818,"VTP","1703140779","b","3000","48300","383900","2023-12-21T06:39:40.214Z","2023-12-21T06:39:40.214Z"
159661894,"VTP","1703140746","b","1000","48300","380900","2023-12-21T06:39:07.293Z","2023-12-21T06:39:07.293Z"
159661115,"VTP","1703140716","b","3500","48300","379900","2023-12-21T06:38:37.233Z","2023-12-21T06:38:37.233Z"
159659001,"VTP","1703140638","b","1500","48200","376400","2023-12-21T06:37:19.216Z","2023-12-21T06:37:19.216Z"
159658833,"VTP","1703140631","b","8500","48200","374900","2023-12-21T06:37:12.223Z","2023-12-21T06:37:12.223Z"
159658091,"VTP","1703140597","b","1500","48200","366400","2023-12-21T06:36:38.214Z","2023-12-21T06:36:38.214Z"
159657840,"VTP","1703140589","b","1500","48200","364900","2023-12-21T06:36:30.225Z","2023-12-21T06:36:30.225Z"
159657207,"VTP","1703140555","b","500","48200","363400","2023-12-21T06:35:56.218Z","2023-12-21T06:35:56.218Z"
159656739,"VTP","1703140530","b","1500","48200","362900","2023-12-21T06:35:31.268Z","2023-12-21T06:35:31.268Z"
159655025,"VTP","1703140457","b","1000","48300","361400","2023-12-21T06:34:19.214Z","2023-12-21T06:34:19.214Z"
159648669,"VTP","1703140154","b","1000","48300","360400","2023-12-21T06:29:15.199Z","2023-12-21T06:29:15.199Z"
159647044,"VTP","1703140066","b","300","48300","359400","2023-12-21T06:27:48.209Z","2023-12-21T06:27:48.209Z"
159646550,"VTP","1703140040","b","1700","48300","359100","2023-12-21T06:27:22.205Z","2023-12-21T06:27:22.205Z"
159644714,"VTP","1703139967","b","300","48300","357400","2023-12-21T06:26:09.218Z","2023-12-21T06:26:09.218Z"
159644402,"VTP","1703139954","b","700","48300","357100","2023-12-21T06:25:56.206Z","2023-12-21T06:25:56.206Z"
159640633,"VTP","1703139817","b","1000","48300","356400","2023-12-21T06:23:39.208Z","2023-12-21T06:23:39.208Z"
