"price","change","match_qtty","side","time","total_vol"
13000,-300,15000,"sd","09:00:08",15000
13000,-300,12000,"bu","09:02:10",27000
13000,-300,10000,"sd","09:03:02",37000
13000,-300,5000,"sd","09:04:58",42000
13000,-300,5000,"sd","09:05:27",47000
13000,-300,20000,"sd","09:07:45",67000
13000,-300,20000,"sd","09:07:52",87000
13000,-300,12000,"bu","09:12:21",99000
13000,-300,15000,"bu","09:15:07",114000
13000,-300,1000,"sd","09:16:19",115000
13000,-300,29000,"bu","09:18:51",144000
13000,-300,23000,"bu","09:19:06",167000
13000,-300,3000,"bu","09:19:49",170000
13000,-300,7000,"bu","09:20:34",177000
12900,-400,90000,"sd","09:22:19",267000
13000,-300,10000,"sd","09:22:41",277000
13000,-300,40000,"bu","09:23:45",317000
13000,-300,5000,"sd","09:24:40",322000
13000,-300,2000,"sd","09:24:51",324000
12900,-400,20000,"sd","09:26:44",344000
12900,-400,47000,"sd","09:33:05",391000
12800,-500,1000,"sd","09:36:51",392000
12800,-500,43000,"sd","09:37:05",435000
12800,-500,10000,"sd","09:37:12",445000
12900,-400,48000,"sd","09:37:39",493000
12900,-400,33000,"bu","09:37:51",526000
12900,-400,19000,"bu","09:37:56",545000
12900,-400,2000,"sd","09:39:54",547000
12900,-400,23000,"bu","09:42:24",570000
12900,-400,10000,"sd","09:42:30",580000
12900,-400,62000,"bu","09:43:52",642000
12900,-400,12000,"sd","09:43:58",654000
12900,-400,43000,"bu","09:44:06",697000
12800,-500,15000,"sd","09:48:15",712000
12800,-500,30000,"bu","09:48:22",742000
12800,-500,34000,"sd","09:50:41",776000
12800,-500,16000,"sd","09:52:49",792000
12800,-500,38000,"bu","09:52:58",830000
12800,-500,50000,"sd","09:59:51",880000
12700,-600,20000,"bu","10:01:23",900000
12700,-600,100000,"sd","10:04:00",1000000
12700,-600,2000,"bu","10:04:06",1002000
12800,-500,20000,"sd","10:08:41",1022000
12800,-500,28000,"bu","10:09:11",1050000
12900,-400,46000,"sd","10:15:14",1096000
12900,-400,30000,"bu","10:23:37",1126000
12900,-400,60000,"sd","10:23:55",1186000
12900,-400,6000,"sd","10:23:59",1192000
12900,-400,1000,"sd","10:25:53",1193000
12900,-400,23000,"bu","10:27:38",1216000
12900,-400,1000,"sd","10:30:37",1217000
12900,-400,30000,"sd","10:35:47",1247000
12900,-400,46000,"bu","10:38:18",1293000
12900,-400,2000,"bu","10:39:17",1295000
12900,-400,2000,"sd","10:39:57",1297000
12800,-500,35000,"sd","10:42:35",1332000
12800,-500,2000,"bu","10:43:44",1334000
12800,-500,3000,"sd","10:43:56",1337000
12800,-500,2000,"bu","10:44:23",1339000
12800,-500,5000,"sd","10:46:10",1344000
12700,-600,20000,"bu","10:50:44",1364000
12700,-600,13000,"sd","10:56:54",1377000
12700,-600,17000,"bu","11:06:02",1394000
12800,-500,150000,"bu","11:07:32",1544000
12800,-500,4000,"bu","11:25:41",1548000
12800,-500,1000,"bu","11:26:03",1549000
12800,-500,1000,"sd","11:27:30",1550000
12800,-500,1000,"sd","13:00:10",1551000
12900,-400,1000,"bu","13:01:18",1552000
12900,-400,10000,"bu","13:01:44",1562000
12900,-400,1000,"bu","13:05:10",1563000
12800,-500,10000,"sd","13:05:11",1573000
12800,-500,20000,"sd","13:05:32",1593000
12800,-500,20000,"sd","13:07:13",1613000
12800,-500,150000,"bu","13:13:45",1763000
12800,-500,15000,"sd","13:15:13",1778000
12700,-600,35000,"sd","13:21:00",1813000
12800,-500,1000,"bu","13:22:18",1814000
12700,-600,6000,"bu","13:24:46",1820000
12700,-600,20000,"bu","13:30:07",1840000
12700,-600,25000,"bu","13:35:23",1865000
12800,-500,1000,"bu","13:38:58",1866000
12700,-600,36000,"sd","13:44:26",1902000
12700,-600,2000,"sd","13:46:28",1904000
12700,-600,1000,"bu","13:54:37",1905000
12700,-600,150000,"sd","13:55:51",2055000
12700,-600,1000,"bu","13:58:40",2056000
12700,-600,49000,"sd","14:00:47",2105000
12800,-500,36000,"bu","14:04:08",2141000
12900,-400,68000,"sd","14:05:17",2209000
13000,-300,64000,"bu","14:05:54",2273000
13000,-300,32000,"bu","14:06:17",2305000
13000,-300,68000,"sd","14:06:48",2373000
13000,-300,32000,"bu","14:07:58",2405000
13000,-300,18000,"sd","14:08:20",2423000
13000,-300,50000,"sd","14:09:57",2473000
13000,-300,9000,"bu","14:10:41",2482000
13000,-300,3000,"sd","14:11:33",2485000
13000,-300,20000,"sd","14:11:41",2505000
13000,-300,30000,"sd","14:11:53",2535000
13100,-200,162000,"bu","14:14:02",2697000
13100,-200,38000,"sd","14:14:53",2735000
13000,-300,120000,"sd","14:18:03",2855000
13000,-300,30000,"sd","14:18:20",2885000
13000,-300,3000,"bu","14:18:40",2888000
13000,-300,67000,"sd","14:19:00",2955000
13000,-300,33000,"bu","14:20:17",2988000
13000,-300,2000,"sd","14:20:40",2990000
13100,-200,162000,"bu","14:21:20",3152000
13100,-200,1000,"bu","14:21:40",3153000
13200,-100,200000,"sd","14:22:06",3353000
13200,-100,139000,"bu","14:22:48",3492000
13300,0,150000,"bu","14:23:31",3642000
13300,0,200000,"bu","14:24:02",3842000
13200,-100,50000,"bu","14:25:05",3892000
13300,0,100000,"bu","14:25:41",3992000
13200,-100,11000,"bu","14:25:45",4003000
13200,-100,89000,"sd","14:26:10",4092000
13200,-100,50000,"bu","14:26:21",4142000
13300,0,158000,"bu","14:26:35",4300000
13400,100,100000,"sd","14:26:58",4400000
13400,100,3000,"bu","14:27:11",4403000
13400,100,161000,"bu","14:27:53",4564000
13400,100,1000,"bu","14:27:57",4565000
13500,200,56000,"bu","14:28:19",4621000
13500,200,46000,"sd","14:28:37",4667000
13500,200,10000,"bu","14:28:43",4677000
13500,200,144000,"sd","14:28:52",4821000
13600,300,545000,"bu","14:45:11",5366000
