"price","change","match_qtty","side","time","total_vol"
62600,-100,4000,"sd","09:15:03",4000
62600,-100,5000,"bu","09:15:13",9000
62600,-100,5000,"bu","09:15:15",14000
62700,0,300,"bu","09:15:21",19000
62700,0,700,"sd","09:15:36",19700
62700,0,4300,"sd","09:15:36",24000
62600,-100,8400,"sd","09:15:42",32400
62700,0,6000,"sd","09:15:43",38400
62800,100,10000,"sd","09:15:49",48400
62800,100,10000,"sd","09:15:55",58400
62700,0,15000,"bu","09:15:59",73400
62700,0,1000,"sd","09:16:03",74400
62800,100,5000,"sd","09:16:06",79400
62700,0,5000,"sd","09:16:12",84400
62700,0,4000,"sd","09:16:17",88400
62700,0,500,"bu","09:16:20",88900
62700,0,4000,"bu","09:16:24",92900
62600,-100,5000,"sd","09:17:59",97900
62600,-100,2000,"sd","09:18:07",99900
62600,-100,1500,"sd","09:18:14",101400
62600,-100,4500,"sd","09:18:26",105900
62600,-100,6000,"sd","09:18:43",111900
62600,-100,5000,"sd","09:18:54",116900
62700,0,5000,"sd","09:19:01",121900
62600,-100,1500,"bu","09:19:09",123400
62600,-100,5400,"bu","09:19:17",128800
62600,-100,4000,"bu","09:19:26",132800
62600,-100,5400,"sd","09:19:38",138200
62600,-100,1500,"sd","09:19:50",139700
62600,-100,3400,"bu","09:19:56",143100
62600,-100,2400,"bu","09:20:01",145500
62600,-100,1800,"sd","09:20:05",147300
62600,-100,3500,"bu","09:20:15",150800
62600,-100,2400,"bu","09:20:23",153200
62600,-100,3500,"bu","09:20:26",156700
62600,-100,4700,"sd","09:20:37",161400
62600,-100,1200,"sd","09:20:41",162600
62600,-100,3900,"bu","09:22:35",166500
62600,-100,1000,"bu","09:22:39",167500
62600,-100,3400,"bu","09:22:51",170900
62600,-100,5000,"sd","09:23:04",175900
62600,-100,2400,"bu","09:23:23",179800
62600,-100,1200,"sd","09:23:27",181000
62600,-100,5000,"bu","09:23:42",186000
62600,-100,2400,"sd","09:23:54",188400
62600,-100,5000,"sd","09:24:06",193400
62600,-100,3600,"bu","09:24:33",197900
62600,-100,4000,"bu","09:24:50",201900
62600,-100,3800,"sd","09:26:08",205700
62600,-100,5400,"sd","09:26:25",211100
62600,-100,7000,"bu","09:26:39",218100
62600,-100,3400,"sd","09:27:05",221500
62600,-100,600,"bu","09:27:18",222100
62600,-100,2500,"sd","09:27:20",224600
62600,-100,2700,"sd","09:27:25",227300
62600,-100,5000,"bu","09:27:53",232300
62600,-100,5000,"bu","09:28:07",237300
62600,-100,5000,"sd","09:28:17",242300
62600,-100,6000,"bu","09:28:33",248300
62600,-100,5000,"bu","09:28:43",253300
62600,-100,4900,"sd","09:28:50",258200
62600,-100,100,"bu","09:28:56",258300
62600,-100,5000,"sd","09:29:06",263300
62600,-100,3000,"sd","09:29:15",266300
62600,-100,1900,"bu","09:29:22",268200
62600,-100,600,"bu","09:29:27",268800
62600,-100,4000,"bu","09:29:39",272800
62600,-100,3000,"bu","09:29:50",275800
62600,-100,5000,"bu","09:30:04",280800
62500,-200,800,"bu","09:30:24",281600
62500,-200,5000,"bu","09:30:44",286600
62500,-200,5000,"bu","09:30:53",291600
62500,-200,4700,"sd","09:31:02",296300
62600,-100,10000,"sd","09:31:38",306300
62600,-100,5000,"bu","09:31:44",311300
62600,-100,500,"bu","09:32:00",311800
62600,-100,400,"bu","09:32:06",312200
62500,-200,300,"bu","09:32:08",312500
62500,-200,5000,"bu","09:32:20",317500
62500,-200,4700,"sd","09:32:32",322200
62600,-100,9000,"bu","09:32:36",331200
62500,-200,300,"sd","09:32:57",331500
62600,-100,5000,"bu","09:33:02",336500
62600,-100,2900,"bu","09:33:18",339400
62500,-200,5000,"bu","09:33:45",344400
62500,-200,4800,"sd","09:33:58",349200
62500,-200,200,"sd","09:34:01",349400
62500,-200,3000,"bu","09:34:11",352400
62500,-200,4800,"sd","09:34:27",357200
62600,-100,18000,"sd","09:34:39",375200
62600,-100,5900,"sd","09:34:43",381100
62600,-100,4700,"bu","09:34:51",385800
62600,-100,3400,"sd","09:34:58",389200
62600,-100,5800,"bu","09:35:06",395000
62600,-100,4000,"bu","09:35:11",399000
62600,-100,5800,"sd","09:35:20",404800
62600,-100,4500,"bu","09:35:28",409300
62600,-100,2500,"bu","09:35:35",411800
62500,-200,200,"bu","09:36:06",412000
62500,-200,2500,"sd","09:36:15",414500
62600,-100,3200,"sd","09:36:20",417700
62600,-100,2900,"bu","09:36:23",420600
62600,-100,1400,"sd","09:36:54",422000
62600,-100,1900,"bu","09:37:03",423900
62600,-100,2500,"sd","09:37:06",426400
62600,-100,2000,"bu","09:37:58",428400
62600,-100,1000,"sd","09:38:18",429400
62600,-100,4500,"sd","09:50:40",433900
62600,-100,4700,"sd","09:50:58",438600
62600,-100,2800,"bu","09:53:02",441400
62600,-100,5400,"bu","09:53:25",446800
62600,-100,5700,"bu","09:53:38",452500
62600,-100,5400,"sd","09:53:53",457900
62600,-100,100,"sd","10:07:31",458000
62600,-100,300,"sd","10:07:36",458300
62600,-100,100,"bu","10:07:50",458400
62600,-100,300,"sd","10:08:00",458700
62600,-100,500,"sd","10:08:13",459200
62600,-100,100,"bu","10:08:30",459300
62700,0,8600,"bu","10:09:59",467900
62800,100,5000,"bu","10:10:39",472900
62800,100,7000,"bu","10:10:52",479900
62800,100,5000,"bu","10:11:07",484900
62800,100,7000,"bu","10:11:44",491900
62900,200,5200,"bu","10:12:05",497100
62800,100,3400,"bu","10:12:23",500500
62800,100,6000,"sd","10:12:41",506500
62800,100,100,"sd","10:12:59",506600
62800,100,300,"sd","10:13:07",506900
62800,100,400,"sd","10:13:13",507300
62900,200,500,"sd","10:13:22",507800
63000,300,1900,"sd","10:14:04",509700
63000,300,300,"sd","10:14:18",510000
63000,300,400,"bu","10:14:25",510400
63000,300,100,"bu","10:14:53",510500
63000,300,500,"bu","10:15:14",511000
63000,300,300,"bu","10:15:31",511300
63000,300,100,"bu","10:15:45",511400
63000,300,400,"sd","10:16:03",511800
62900,200,5400,"bu","10:16:17",517200
62900,200,600,"sd","10:16:26",517800
62900,200,1900,"bu","10:16:29",519700
62900,200,1000,"bu","10:16:34",520700
62900,200,1000,"sd","10:18:16",521700
62900,200,1800,"sd","10:18:28",523500
62900,200,400,"sd","10:18:30",523900
62900,200,700,"bu","10:18:46",524600
63000,300,100,"bu","10:19:21",524700
62900,200,1400,"bu","10:19:30",526100
62900,200,300,"bu","10:19:40",526400
62900,200,1500,"bu","10:19:43",527900
62900,200,400,"sd","10:19:47",528300
62900,200,500,"bu","10:19:52",528800
62900,200,100,"bu","10:20:13",528900
62900,200,1500,"sd","10:20:16",530400
62900,200,100,"bu","10:20:32",530500
62900,200,500,"sd","10:20:40",531000
62900,200,100,"sd","10:21:16",531100
63000,300,900,"bu","10:21:52",532000
63000,300,400,"bu","10:22:03",532400
63000,300,100,"bu","10:22:26",532500
62800,100,600,"bu","10:26:12",533100
62800,100,1400,"bu","10:26:36",534500
62800,100,1400,"sd","10:26:54",535900
62800,100,500,"sd","10:29:26",536400
62800,100,100,"sd","10:29:28",536500
62800,100,400,"bu","10:29:31",536900
62800,100,100,"bu","10:29:47",537000
62800,100,300,"bu","10:30:10",537300
62800,100,1700,"bu","10:35:18",539000
62800,100,1400,"sd","10:35:22",540400
62800,100,2000,"sd","10:36:35",542400
62800,100,1900,"sd","10:36:49",544300
62800,100,1000,"bu","10:36:52",545300
62800,100,1400,"sd","10:37:05",546700
62800,100,3000,"bu","10:37:18",549700
62800,100,2400,"bu","10:40:40",552100
62800,100,1200,"bu","10:40:45",553300
62800,100,3400,"bu","10:42:04",556700
62800,100,1300,"sd","10:42:20",558000
62800,100,3000,"sd","10:45:08",561000
62800,100,1900,"sd","10:45:21",562900
62800,100,1500,"sd","10:45:36",564400
62800,100,2000,"bu","10:46:00",566400
62800,100,1500,"sd","10:46:34",567900
62700,0,3000,"sd","11:00:32",570900
62600,-100,1400,"bu","11:06:16",572300
62600,-100,1000,"bu","11:06:23",573300
62700,0,2500,"bu","11:07:45",575800
62600,-100,1800,"bu","11:14:23",577600
62600,-100,1700,"bu","11:14:28",579300
62600,-100,200,"sd","11:14:37",579500
62600,-100,1400,"bu","11:15:57",580900
62600,-100,1100,"sd","11:16:01",582000
62600,-100,1500,"sd","11:16:38",583500
62600,-100,1400,"bu","11:19:52",584900
62600,-100,4000,"sd","11:20:17",588900
62600,-100,1800,"sd","11:21:32",590700
62600,-100,2500,"sd","11:21:36",593200
62600,-100,1400,"bu","11:21:58",594600
62600,-100,300,"bu","11:22:04",594900
62600,-100,1800,"bu","11:22:17",596700
62600,-100,1900,"sd","11:22:30",598600
62600,-100,1000,"bu","11:23:30",599600
62600,-100,1000,"bu","11:23:47",600600
62600,-100,1700,"sd","11:24:03",602300
62600,-100,1800,"bu","11:24:08",604100
62600,-100,1400,"sd","11:24:27",605500
62600,-100,1400,"sd","11:24:40",606900
62600,-100,100,"sd","11:26:22",607000
62600,-100,1800,"bu","11:26:28",608800
62600,-100,500,"bu","11:26:45",609300
62600,-100,3500,"bu","11:28:24",612800
62600,-100,1400,"sd","11:28:37",614200
62700,0,2100,"sd","11:29:24",616300
62700,0,8500,"sd","13:02:25",624800
62700,0,1000,"sd","13:02:39",625800
62700,0,7400,"bu","13:02:43",633200
62700,0,8000,"bu","13:03:14",641200
62700,0,5000,"sd","13:10:32",646200
62700,0,5000,"bu","13:10:48",651200
62700,0,4500,"bu","13:12:36",655700
62700,0,5000,"sd","13:13:40",660700
62700,0,3800,"bu","13:14:59",664500
62700,0,8000,"sd","13:15:14",672500
62700,0,1900,"sd","13:17:20",674400
62700,0,4000,"bu","13:17:24",678400
62700,0,6000,"bu","13:18:07",684400
62700,0,4900,"bu","13:25:41",689300
62700,0,2900,"bu","13:26:30",692200
62700,0,1000,"sd","13:26:33",693200
62700,0,3800,"sd","13:26:46",697000
62700,0,5000,"bu","13:26:59",702000
62700,0,1500,"sd","13:27:11",703500
62700,0,6300,"sd","13:27:23",709800
62700,0,7000,"bu","13:27:35",716800
62700,0,3900,"sd","13:27:52",720700
62600,-100,6500,"sd","13:28:28",727200
62600,-100,1200,"sd","13:28:32",728400
62600,-100,5000,"sd","13:28:45",733400
62600,-100,1400,"bu","13:29:04",734800
62600,-100,4000,"sd","13:29:18",738800
62600,-100,3400,"sd","13:29:39",742200
62600,-100,2500,"sd","13:29:42",744700
62600,-100,2400,"sd","13:36:55",747100
62600,-100,3400,"sd","13:37:22",750500
62600,-100,5000,"bu","13:37:47",755500
62600,-100,4900,"bu","13:41:17",760400
62600,-100,6500,"sd","13:41:30",766900
62600,-100,4500,"sd","13:43:47",771400
62600,-100,3900,"bu","13:47:09",775300
62600,-100,100,"bu","13:47:17",775400
62600,-100,1400,"sd","13:47:22",776800
62600,-100,7000,"bu","13:53:46",783800
62600,-100,6000,"sd","13:54:02",789800
62600,-100,5000,"sd","13:57:11",794800
62600,-100,3400,"bu","13:57:36",798200
62600,-100,5000,"bu","13:57:55",803200
62600,-100,8000,"sd","13:58:10",811200
62600,-100,8000,"bu","13:58:41",819200
62600,-100,6500,"bu","13:58:57",825700
62600,-100,5000,"sd","13:59:51",830700
62600,-100,5900,"bu","14:00:06",836600
62600,-100,6000,"bu","14:01:31",842600
62600,-100,6400,"bu","14:01:45",849000
62600,-100,1900,"sd","14:01:49",850900
62600,-100,6000,"bu","14:02:03",856900
62600,-100,4500,"bu","14:02:20",861400
62500,-200,100,"sd","14:11:20",861500
62600,-100,5000,"sd","14:17:50",866500
62600,-100,1000,"bu","14:18:51",867500
62600,-100,4600,"sd","14:19:22",872100
62600,-100,10400,"sd","14:20:08",882500
62600,-100,100,"bu","14:20:43",882600
62600,-100,7000,"sd","14:20:59",889600
62600,-100,3500,"bu","14:21:22",893100
62600,-100,300,"bu","14:21:32",893400
62600,-100,5800,"bu","14:21:40",899200
62600,-100,1400,"bu","14:21:44",900600
62600,-100,100,"bu","14:22:07",900700
62600,-100,2500,"bu","14:22:17",903200
62600,-100,3300,"bu","14:22:28",906500
62900,200,8800,"bu","14:45:08",915300
