"price","change","match_qtty","side","time","total_vol"
4920,10,201300,"bu","09:15:05",201300
4920,10,1000,"bu","09:15:26",202300
4920,10,200,"bu","09:15:51",202500
4920,10,6500,"bu","09:17:08",209000
4920,10,400,"sd","09:17:46",209400
4920,10,3400,"bu","09:18:54",212800
4930,20,2500,"sd","09:18:55",215300
4920,10,1800,"bu","09:19:07",217100
4930,20,500,"bu","09:19:23",217600
4930,20,1000,"bu","09:19:31",218600
4930,20,900,"bu","09:19:41",219500
4920,10,300,"sd","09:19:45",219800
4950,40,3000,"bu","09:19:50",222800
4950,40,500,"bu","09:20:26",223300
4950,40,5000,"sd","09:20:34",228300
4970,60,3800,"sd","09:20:37",232100
4970,60,200,"sd","09:21:11",232300
4970,60,2000,"sd","09:21:29",234300
4970,60,100,"sd","09:21:56",234400
4970,60,200,"sd","09:21:58",234600
4970,60,100,"sd","09:22:04",234700
4980,70,5000,"sd","09:22:24",239700
4980,70,1000,"sd","09:22:44",240700
4980,70,800,"sd","09:23:03",241500
4980,70,300,"bu","09:23:39",241800
4980,70,100,"sd","09:23:59",241900
4990,80,600,"sd","09:24:17",242500
4980,70,1500,"bu","09:24:20",244000
4980,70,8500,"sd","09:25:27",252500
5000,90,1000,"bu","09:25:58",253500
5000,90,2000,"sd","09:26:08",255500
5000,90,10000,"bu","09:26:13",265500
4980,70,500,"bu","09:26:35",266000
4970,60,2600,"sd","09:27:18",268600
4950,40,21200,"bu","09:27:22",289800
4950,40,600,"bu","09:27:31",290400
4940,30,70000,"bu","09:27:35",360400
4950,40,400,"sd","09:28:03",360800
4990,80,3100,"bu","09:28:12",363900
4960,50,200,"sd","09:28:28",364100
4990,80,3600,"bu","09:29:05",367700
4990,80,1600,"bu","09:29:07",369300
4970,60,800,"bu","09:29:26",370100
4990,80,1000,"sd","09:29:30",371100
4980,70,200,"sd","09:30:16",371300
4980,70,3000,"bu","09:30:32",374300
4950,40,14600,"sd","09:30:34",388900
4950,40,5400,"bu","09:30:37",394300
4980,70,100,"bu","09:30:59",394400
4950,40,15000,"sd","09:31:14",409400
4950,40,8300,"bu","09:31:32",417700
4950,40,500,"sd","09:31:41",418200
4950,40,400,"sd","09:31:44",418600
4950,40,600,"sd","09:32:05",419200
4950,40,100,"sd","09:32:12",419300
4950,40,10000,"bu","09:32:38",429300
4950,40,600,"sd","09:33:14",429900
4950,40,8000,"sd","09:33:26",437900
4950,40,500,"bu","09:33:33",438400
4950,40,100,"bu","09:33:34",438500
4950,40,500,"sd","09:33:39",439000
4950,40,700,"sd","09:34:05",439700
4950,40,600,"sd","09:35:13",440300
4950,40,1100,"bu","09:35:14",441400
4950,40,500,"sd","09:35:31",441900
4950,40,500,"bu","09:35:43",442400
4950,40,7000,"sd","09:36:02",449400
4950,40,1000,"sd","09:36:18",450400
4950,40,500,"bu","09:36:29",450900
4950,40,1000,"sd","09:37:12",451900
4950,40,700,"bu","09:37:28",452600
4950,40,2400,"sd","09:37:37",455000
4950,40,400,"sd","09:37:38",455400
4950,40,2000,"bu","09:37:48",457400
4940,30,15800,"bu","09:38:33",473200
4940,30,100,"bu","09:39:00",473300
4940,30,6100,"sd","09:39:03",479400
4950,40,500,"bu","09:39:42",479900
4940,30,2000,"bu","09:39:49",481900
4950,40,3000,"sd","09:40:25",484900
4950,40,200,"bu","09:40:39",485100
4950,40,5000,"sd","09:40:57",490100
4950,40,8400,"sd","09:41:05",498500
4950,40,500,"sd","09:42:02",499000
4950,40,100,"sd","09:42:35",499100
4950,40,300,"bu","09:42:50",499400
4950,40,500,"sd","09:43:06",499900
4960,50,100,"sd","09:43:22",500000
4960,50,2000,"sd","09:43:45",502000
4960,50,100,"bu","09:43:50",502100
4960,50,200,"sd","09:43:52",502300
4960,50,700,"sd","09:43:56",503000
4960,50,4500,"bu","09:44:39",507500
4960,50,1000,"sd","09:44:49",508500
4960,50,100,"bu","09:45:03",508600
4960,50,200,"sd","09:45:05",508800
4970,60,18600,"sd","09:45:37",527400
4970,60,400,"sd","09:45:55",527800
4970,60,700,"bu","09:46:07",528500
4970,60,100,"sd","09:46:34",528600
4970,60,2000,"sd","09:46:38",530600
4960,50,50000,"bu","09:47:02",580600
4960,50,3000,"bu","09:47:14",583600
4960,50,1000,"bu","09:47:55",584600
4970,60,5000,"bu","09:47:59",589600
4970,60,1000,"bu","09:48:05",590600
4970,60,10000,"bu","09:48:24",600600
4970,60,900,"bu","09:48:28",601500
4980,70,22000,"sd","09:48:53",623500
4980,70,300,"bu","09:49:14",623800
4980,70,1000,"sd","09:49:16",624800
4980,70,800,"bu","09:50:41",625600
4990,80,2100,"sd","09:50:54",627700
4990,80,200,"bu","09:51:32",627900
4980,70,300,"sd","09:51:59",628200
4980,70,5000,"bu","09:52:13",633200
4980,70,16200,"sd","09:52:16",649400
4970,60,3000,"bu","09:52:19",652400
4980,70,10000,"sd","09:52:28",662400
4970,60,100,"bu","09:53:01",662500
4970,60,5900,"sd","09:53:17",668400
4970,60,100,"sd","09:54:02",668500
4970,60,1300,"sd","09:54:12",669800
4970,60,1000,"bu","09:54:15",670800
4970,60,100,"bu","09:56:35",670900
4970,60,3900,"bu","09:56:54",674800
4970,60,1000,"sd","09:57:02",675800
4950,40,100200,"sd","09:57:16",776000
4950,40,300,"bu","09:57:43",776300
4950,40,400,"sd","09:57:52",776700
4960,50,600,"bu","10:00:25",777300
4960,50,800,"sd","10:00:26",778100
4960,50,400,"sd","10:00:48",778500
4970,60,100,"sd","10:00:55",778600
4950,40,2000,"bu","10:01:37",780600
4950,40,400,"bu","10:01:48",781000
4950,40,13000,"bu","10:02:06",794000
4950,40,12400,"sd","10:02:20",806400
4950,40,1000,"bu","10:03:27",807400
4950,40,1000,"bu","10:04:06",808400
4950,40,1100,"bu","10:04:43",809500
4950,40,16000,"bu","10:05:40",825500
4950,40,8100,"sd","10:05:53",833600
4950,40,3700,"bu","10:05:56",837300
4940,30,1000,"sd","10:06:12",838300
4940,30,1400,"sd","10:07:38",839700
4940,30,5000,"sd","10:07:46",844700
4940,30,20000,"sd","10:07:52",864700
4940,30,3300,"bu","10:07:54",868000
4940,30,2900,"bu","10:08:13",870900
4940,30,7000,"sd","10:08:23",877900
4940,30,6600,"sd","10:08:27",884500
4940,30,300,"sd","10:08:35",884800
4930,20,300,"sd","10:08:40",885100
4940,30,6500,"sd","10:09:24",891600
4940,30,1700,"bu","10:10:04",893300
4940,30,100,"bu","10:10:07",893400
4930,20,1500,"sd","10:10:29",894900
4930,20,1500,"sd","10:10:31",896400
4930,20,200,"bu","10:10:37",896600
4930,20,1500,"sd","10:10:52",898100
4930,20,1000,"bu","10:11:50",899100
4930,20,700,"sd","10:12:20",899800
4920,10,500,"sd","10:12:55",900300
4920,10,1000,"sd","10:13:06",901300
4920,10,15300,"sd","10:13:50",916600
4920,10,400,"sd","10:14:08",917000
4910,0,1000,"bu","10:14:21",918000
4920,10,400,"sd","10:14:24",918400
4920,10,10700,"sd","10:15:03",929100
4910,0,7000,"bu","10:15:12",936100
4920,10,400,"bu","10:15:21",936500
4920,10,500,"sd","10:15:47",937000
4920,10,2100,"sd","10:16:32",939100
4920,10,900,"sd","10:16:34",940000
4910,0,5000,"bu","10:16:57",945000
4920,10,1000,"bu","10:17:07",946000
4920,10,2000,"sd","10:17:14",948000
4910,0,8000,"bu","10:18:31",956000
4910,0,3000,"sd","10:19:08",959000
4910,0,3500,"sd","10:19:11",962500
4910,0,4000,"bu","10:19:25",966500
4910,0,500,"bu","10:19:29",967000
4910,0,2000,"sd","10:20:03",969000
4910,0,700,"sd","10:20:04",969700
4910,0,200,"sd","10:20:35",969900
4910,0,17700,"sd","10:21:03",987600
4910,0,3400,"sd","10:21:46",991000
4910,0,100,"bu","10:22:04",991100
4910,0,2800,"bu","10:22:33",993900
4900,-10,900,"sd","10:23:05",994800
4900,-10,6200,"bu","10:23:29",1001000
4900,-10,900,"sd","10:23:32",1001900
4900,-10,11900,"bu","10:23:37",1013800
4900,-10,10800,"sd","10:23:48",1024600
4900,-10,3000,"sd","10:23:54",1027600
4900,-10,3600,"sd","10:24:03",1031200
4900,-10,2000,"sd","10:24:23",1033200
4900,-10,6700,"bu","10:24:29",1039900
4900,-10,200,"sd","10:25:20",1040100
4900,-10,20000,"bu","10:26:37",1060100
4890,-20,20000,"bu","10:27:07",1080100
4900,-10,2800,"bu","10:28:29",1082900
4900,-10,2000,"bu","10:28:49",1084900
4900,-10,2000,"bu","10:28:53",1086900
4900,-10,100,"sd","10:29:14",1087000
4900,-10,200,"bu","10:29:22",1087200
4900,-10,1000,"bu","10:29:31",1088200
4900,-10,800,"sd","10:29:35",1089000
4900,-10,100,"sd","10:29:41",1089100
4900,-10,1900,"bu","10:30:13",1091000
4900,-10,300,"sd","10:31:04",1091300
4900,-10,1300,"sd","10:33:10",1092600
4900,-10,100,"sd","10:33:42",1092700
4900,-10,1400,"bu","10:35:30",1094100
4900,-10,800,"bu","10:36:01",1094900
4900,-10,100,"bu","10:36:02",1095000
4890,-20,2000,"bu","10:36:35",1097000
4890,-20,2000,"bu","10:36:49",1099000
4890,-20,8000,"sd","10:39:00",1107000
4890,-20,5000,"bu","10:39:18",1112000
4890,-20,1200,"sd","10:39:26",1113200
4890,-20,2900,"sd","10:39:33",1116100
4880,-30,3500,"sd","10:39:56",1119600
4880,-30,1200,"sd","10:40:15",1120800
4880,-30,6400,"bu","10:40:48",1127200
4880,-30,600,"sd","10:42:04",1127800
4870,-40,1000,"sd","10:42:46",1128800
4880,-30,400,"bu","10:43:21",1129200
4880,-30,300,"bu","10:43:52",1129500
4880,-30,1000,"sd","10:43:55",1130500
4880,-30,6900,"bu","10:44:12",1137400
4890,-20,1000,"bu","10:44:25",1138400
4900,-10,500,"bu","10:45:42",1138900
4890,-20,200,"bu","10:47:19",1139100
4900,-10,18600,"bu","10:47:56",1157700
4910,0,15000,"bu","10:48:28",1172700
4910,0,3000,"sd","10:49:03",1175700
4910,0,200,"sd","10:49:25",1175900
4910,0,500,"sd","10:49:39",1176400
4900,-10,2100,"bu","10:50:29",1178500
4900,-10,3200,"bu","10:51:21",1181700
4870,-40,15000,"bu","10:52:05",1196700
4900,-10,100,"bu","10:52:12",1196800
4870,-40,3000,"sd","10:53:17",1199800
4870,-40,1000,"bu","10:55:10",1200800
4870,-40,10000,"bu","10:55:38",1210800
4860,-50,2000,"bu","10:55:56",1212800
4860,-50,800,"sd","10:57:47",1213600
4870,-40,300,"sd","10:58:40",1213900
4870,-40,100,"bu","10:59:08",1214000
4900,-10,4100,"sd","11:02:33",1218100
4900,-10,100,"bu","11:02:44",1218200
4900,-10,1000,"sd","11:03:04",1219200
4900,-10,1100,"bu","11:03:38",1220300
4900,-10,200,"bu","11:04:08",1220500
4900,-10,100,"sd","11:04:09",1220600
4890,-20,30000,"sd","11:04:12",1250600
4900,-10,500,"sd","11:06:16",1251100
4900,-10,500,"bu","11:06:51",1251600
4890,-20,6000,"sd","11:08:32",1257600
4900,-10,1000,"sd","11:08:45",1258600
4900,-10,800,"bu","11:09:38",1259400
4900,-10,500,"sd","11:09:48",1259900
4900,-10,2000,"bu","11:10:05",1261900
4900,-10,300,"sd","11:10:16",1262200
4900,-10,200,"bu","11:10:27",1262400
4890,-20,3300,"sd","11:11:59",1265700
4890,-20,3600,"bu","11:12:43",1269300
4890,-20,1000,"bu","11:14:53",1270300
4900,-10,5000,"bu","11:16:14",1275300
4910,0,500,"bu","11:17:31",1275800
4900,-10,1100,"bu","11:20:26",1276900
4900,-10,5000,"bu","11:21:51",1281900
4910,0,100,"sd","11:22:42",1282000
4890,-20,22600,"sd","11:28:26",1304600
4890,-20,500,"bu","11:28:45",1305100
4890,-20,100,"sd","11:29:02",1305200
4890,-20,3000,"bu","11:29:45",1308200
4870,-40,4600,"bu","13:00:02",1312800
4890,-20,5100,"sd","13:00:14",1317900
4890,-20,600,"sd","13:00:19",1325600
4880,-30,500,"sd","13:00:21",1326100
4880,-30,3000,"sd","13:00:23",1329100
4860,-50,20300,"sd","13:00:25",1349400
4880,-30,600,"sd","13:00:39",1350000
4890,-20,200,"bu","13:00:49",1350200
4880,-30,700,"bu","13:01:30",1350900
4880,-30,2400,"bu","13:02:25",1353300
4870,-40,7300,"sd","13:03:38",1360600
4870,-40,8800,"sd","13:03:44",1369400
4870,-40,100,"sd","13:03:47",1369500
4880,-30,3600,"sd","13:04:04",1373100
4880,-30,500,"bu","13:04:14",1373600
4880,-30,1100,"bu","13:07:26",1374700
4870,-40,3000,"sd","13:07:30",1377700
4860,-50,100,"sd","13:07:31",1377800
4870,-40,3000,"bu","13:07:54",1380800
4870,-40,300,"bu","13:08:04",1381100
4870,-40,200,"bu","13:08:31",1381300
4870,-40,100,"sd","13:08:37",1381400
4860,-50,10000,"sd","13:08:46",1391400
4870,-40,100,"bu","13:09:10",1391500
4870,-40,6700,"bu","13:09:18",1398200
4870,-40,100,"bu","13:09:23",1398300
4870,-40,1000,"sd","13:09:29",1399300
4870,-40,1200,"bu","13:09:35",1400500
4870,-40,2000,"bu","13:09:39",1402500
4870,-40,100,"bu","13:09:45",1402600
4870,-40,2300,"sd","13:10:01",1404900
4870,-40,100,"bu","13:10:12",1405000
4870,-40,300,"bu","13:10:16",1405300
4870,-40,200,"bu","13:10:18",1405500
4870,-40,300,"sd","13:10:22",1405800
4900,-10,1000,"sd","13:11:08",1406800
4870,-40,500,"bu","13:11:15",1407300
4870,-40,3000,"sd","13:11:38",1410300
4900,-10,7300,"sd","13:12:20",1417600
4900,-10,5200,"sd","13:12:42",1422800
4900,-10,500,"sd","13:12:44",1423300
4910,0,200,"bu","13:13:04",1423500
4910,0,5000,"sd","13:13:41",1428500
4910,0,1000,"sd","13:14:34",1429500
4910,0,7700,"bu","13:14:47",1437200
4910,0,5000,"bu","13:14:51",1442200
4910,0,1400,"bu","13:14:52",1443600
4910,0,4000,"sd","13:14:57",1447600
4920,10,5000,"bu","13:16:15",1452600
4920,10,100,"sd","13:16:51",1452700
4910,0,1900,"sd","13:17:44",1454600
4920,10,3000,"sd","13:17:51",1457600
4920,10,500,"sd","13:18:36",1458100
4910,0,500,"bu","13:20:04",1458600
4910,0,4900,"bu","13:20:51",1463500
4910,0,1000,"bu","13:21:28",1464500
4900,-10,2100,"bu","13:23:27",1466600
4900,-10,2000,"bu","13:24:11",1468600
4900,-10,4600,"sd","13:24:22",1473200
4900,-10,100,"bu","13:24:32",1473300
4900,-10,5200,"bu","13:24:55",1478500
4900,-10,100,"bu","13:25:16",1478600
4900,-10,200,"sd","13:26:17",1478800
4900,-10,100,"bu","13:27:17",1478900
4890,-20,5000,"bu","13:28:10",1483900
4900,-10,100,"bu","13:28:11",1484000
4890,-20,5100,"bu","13:28:51",1489100
4890,-20,500,"bu","13:29:10",1489600
4900,-10,3000,"bu","13:29:24",1492600
4890,-20,1300,"sd","13:29:32",1493900
4890,-20,100,"sd","13:30:58",1494000
4890,-20,4000,"bu","13:31:05",1498000
4890,-20,1300,"sd","13:31:57",1499300
4890,-20,2000,"sd","13:32:08",1501300
4890,-20,4300,"bu","13:32:25",1505600
4890,-20,100,"sd","13:32:34",1505700
4880,-30,200,"sd","13:33:19",1505900
4880,-30,2000,"bu","13:33:29",1507900
4880,-30,1200,"bu","13:34:04",1509100
4880,-30,800,"bu","13:34:20",1509900
4880,-30,300,"sd","13:34:33",1510200
4880,-30,200,"bu","13:34:36",1510400
4880,-30,700,"sd","13:34:45",1511100
4880,-30,300,"sd","13:34:49",1511400
4880,-30,1900,"sd","13:35:02",1513300
4880,-30,100,"sd","13:35:49",1513400
4880,-30,2000,"bu","13:36:11",1515400
4880,-30,200,"sd","13:37:26",1515600
4880,-30,3000,"bu","13:37:34",1518600
4890,-20,800,"bu","13:39:24",1519400
4880,-30,5000,"sd","13:41:59",1524400
4880,-30,6000,"bu","13:42:21",1530400
4880,-30,2000,"sd","13:42:41",1532400
4880,-30,5000,"bu","13:42:46",1537400
4880,-30,7000,"bu","13:43:03",1544400
4880,-30,800,"bu","13:43:19",1545200
4860,-50,99100,"bu","13:43:44",1644300
4860,-50,900,"bu","13:43:49",1645200
4850,-60,4200,"bu","13:44:02",1649400
4860,-50,1300,"sd","13:44:26",1650700
4860,-50,100,"sd","13:44:28",1650800
4860,-50,5500,"bu","13:44:40",1656300
4860,-50,2100,"bu","13:44:58",1658400
4860,-50,1100,"bu","13:45:05",1659500
4860,-50,100,"bu","13:45:49",1659600
4860,-50,10000,"sd","13:46:20",1669600
4850,-60,2000,"sd","13:46:21",1671600
4850,-60,23000,"sd","13:47:34",1694600
4850,-60,16500,"bu","13:47:43",1711100
4850,-60,21000,"bu","13:47:50",1732100
4840,-70,3000,"bu","13:48:01",1735100
4850,-60,20000,"bu","13:48:04",1755100
4850,-60,1100,"sd","13:48:06",1756200
4830,-80,5000,"sd","13:48:15",1761200
4850,-60,20000,"sd","13:48:25",1781200
4840,-70,300,"bu","13:48:33",1781500
4840,-70,700,"sd","13:48:44",1782200
4840,-70,300,"bu","13:48:48",1782500
4840,-70,3700,"bu","13:48:54",1786200
4850,-60,500,"sd","13:49:35",1786700
4850,-60,1500,"bu","13:50:29",1788200
4850,-60,1000,"sd","13:50:34",1789200
4850,-60,1400,"bu","13:50:38",1790600
4840,-70,3100,"sd","13:50:40",1793700
4850,-60,10000,"bu","13:52:14",1803700
4850,-60,300,"sd","13:52:24",1804000
4850,-60,100,"bu","13:52:26",1804100
4850,-60,1400,"sd","13:52:51",1805500
4850,-60,500,"bu","13:53:03",1806000
4850,-60,1000,"bu","13:53:12",1807000
4840,-70,2000,"bu","13:53:32",1809000
4850,-60,2500,"bu","13:53:57",1811500
4850,-60,9000,"bu","13:54:21",1820500
4850,-60,500,"bu","13:54:32",1821000
4850,-60,2600,"bu","13:54:33",1823600
4850,-60,500,"sd","13:54:35",1824100
4850,-60,1000,"bu","13:54:47",1825100
4850,-60,1100,"sd","13:54:50",1826200
4850,-60,900,"bu","13:55:15",1827100
4850,-60,2000,"sd","13:55:26",1829100
4840,-70,4000,"sd","13:55:35",1833100
4850,-60,1000,"sd","13:56:00",1834100
4850,-60,9100,"sd","13:57:28",1843200
4850,-60,900,"sd","13:58:46",1844100
4850,-60,500,"bu","13:59:39",1844600
4890,-20,1000,"bu","14:00:48",1845600
4850,-60,500,"bu","14:01:12",1846100
4890,-20,3500,"bu","14:02:35",1849600
4860,-50,500,"bu","14:02:45",1850100
4880,-30,1600,"sd","14:04:42",1851700
4880,-30,300,"sd","14:07:07",1852000
4860,-50,12200,"bu","14:08:01",1864200
4860,-50,500,"bu","14:08:16",1864700
4860,-50,200,"bu","14:08:23",1864900
4850,-60,10000,"sd","14:08:56",1874900
4850,-60,7800,"sd","14:09:13",1882700
4850,-60,5000,"sd","14:09:32",1887700
4850,-60,20000,"bu","14:09:37",1907700
4850,-60,1200,"sd","14:09:40",1908900
4850,-60,5200,"bu","14:10:30",1914100
4840,-70,13600,"bu","14:10:46",1927700
4850,-60,1000,"sd","14:10:59",1928700
4850,-60,2400,"sd","14:11:23",1931100
4840,-70,200,"sd","14:11:31",1931300
4840,-70,100,"bu","14:11:48",1931400
4840,-70,1900,"bu","14:12:09",1933300
4840,-70,200,"bu","14:12:20",1933500
4840,-70,10000,"bu","14:13:16",1943500
4840,-70,700,"sd","14:13:39",1944200
4840,-70,1000,"bu","14:13:48",1945200
4840,-70,2000,"bu","14:13:49",1947200
4840,-70,2000,"bu","14:14:16",1949200
4850,-60,200,"sd","14:14:25",1949400
4850,-60,2200,"sd","14:14:26",1951600
4850,-60,300,"sd","14:14:38",1951900
4840,-70,700,"bu","14:14:50",1952600
4840,-70,15700,"sd","14:15:17",1968300
4840,-70,7000,"sd","14:15:19",1975300
4830,-80,6000,"bu","14:15:40",1981300
4830,-80,4700,"bu","14:17:01",1986000
4850,-60,6700,"bu","14:17:02",1992700
4830,-80,2100,"sd","14:17:12",1994800
4830,-80,100,"sd","14:17:27",1994900
4830,-80,10100,"sd","14:17:30",2005000
4820,-90,10000,"sd","14:17:32",2015000
4820,-90,2000,"bu","14:17:39",2017000
4820,-90,5700,"bu","14:17:43",2022700
4820,-90,1000,"sd","14:17:54",2023700
4820,-90,2600,"bu","14:18:10",2026300
4820,-90,100,"sd","14:18:18",2026400
4820,-90,500,"sd","14:18:29",2026900
4820,-90,100,"bu","14:18:39",2027000
4820,-90,900,"bu","14:18:54",2027900
4830,-80,600,"bu","14:18:58",2028500
4830,-80,1000,"bu","14:19:22",2029500
4820,-90,20000,"bu","14:19:24",2049500
4820,-90,2300,"bu","14:19:42",2051800
4820,-90,700,"sd","14:19:44",2052500
4840,-70,100,"sd","14:20:15",2052600
4840,-70,2000,"sd","14:20:19",2054600
4820,-90,600,"sd","14:20:21",2055200
4830,-80,2000,"bu","14:20:39",2057200
4820,-90,15000,"sd","14:20:44",2072200
4830,-80,600,"bu","14:20:46",2072800
4840,-70,20300,"sd","14:20:54",2093100
4840,-70,500,"sd","14:21:03",2093600
4840,-70,1500,"sd","14:21:22",2095100
4840,-70,100,"sd","14:21:42",2095200
4840,-70,3000,"sd","14:21:44",2098200
4840,-70,900,"bu","14:21:48",2099100
4840,-70,200,"sd","14:21:58",2099300
4850,-60,300,"bu","14:22:17",2099600
4840,-70,16200,"bu","14:23:24",2115800
4850,-60,300,"sd","14:23:37",2116100
4840,-70,100,"bu","14:23:42",2116200
4840,-70,3000,"bu","14:23:45",2119200
4850,-60,100,"sd","14:24:12",2119300
4840,-70,200,"bu","14:24:27",2119500
4850,-60,100,"sd","14:24:54",2119600
4850,-60,2000,"sd","14:25:09",2121600
4850,-60,2200,"bu","14:25:24",2123800
4850,-60,1200,"sd","14:25:26",2125000
4850,-60,100,"sd","14:25:35",2125100
4850,-60,5100,"bu","14:25:54",2130200
4850,-60,4900,"bu","14:25:55",2135100
4850,-60,10000,"bu","14:26:02",2145100
4850,-60,4100,"sd","14:26:06",2149200
4850,-60,1000,"sd","14:26:10",2150200
4850,-60,500,"bu","14:26:19",2150700
4850,-60,1000,"bu","14:26:29",2151700
4850,-60,300,"bu","14:26:33",2152000
4850,-60,20000,"sd","14:26:39",2172000
4850,-60,500,"sd","14:26:45",2172500
4850,-60,2200,"sd","14:26:47",2174700
4850,-60,5600,"bu","14:26:50",2180300
4850,-60,3500,"bu","14:26:52",2183800
4850,-60,8000,"sd","14:26:56",2191800
4850,-60,1500,"sd","14:26:58",2193300
4850,-60,15000,"bu","14:27:00",2208300
4880,-30,20800,"sd","14:27:19",2229100
4880,-30,1200,"bu","14:27:59",2230300
4890,-20,1000,"sd","14:28:13",2231300
4890,-20,8900,"bu","14:28:20",2240200
4890,-20,6100,"bu","14:28:29",2246300
4900,-10,2000,"sd","14:28:35",2248300
4900,-10,1600,"bu","14:28:42",2249900
4920,10,4000,"bu","14:28:48",2253900
4920,10,500,"sd","14:28:50",2254400
4920,10,1400,"bu","14:28:52",2255800
4920,10,1000,"bu","14:28:54",2256800
4940,30,9000,"sd","14:29:07",2265800
4950,40,10200,"bu","14:29:09",2276000
4960,50,100,"sd","14:29:13",2276100
4970,60,12700,"sd","14:29:17",2288800
4960,50,1000,"bu","14:29:20",2289800
4950,40,2100,"sd","14:29:46",2291900
4950,40,6600,"bu","14:29:52",2298500
4920,10,4000,"sd","14:30:03",2302500
4950,40,51200,"sd","14:45:17",2353700
