"price","change","match_qtty","side","time","total_vol"
14900,0,13000,"bu","09:00:13",13000
14900,0,10000,"bu","09:00:18",23000
14900,0,4000,"sd","09:00:24",27000
14900,0,1000,"sd","09:00:26",28000
14900,0,1000,"bu","09:00:43",29000
14900,0,2000,"sd","09:02:17",31000
14900,0,2000,"bu","09:02:44",33000
14900,0,1000,"bu","09:03:01",34000
14900,0,2000,"sd","09:03:15",36000
14900,0,36000,"bu","09:03:20",72000
14900,0,2000,"sd","09:08:18",74000
14900,0,4000,"bu","09:08:30",78000
14900,0,12000,"sd","09:08:50",90000
14900,0,5000,"sd","09:08:54",95000
15000,100,20000,"bu","09:16:18",115000
15000,100,1000,"bu","09:17:20",116000
15000,100,10000,"sd","09:17:51",126000
15000,100,13000,"bu","09:18:20",139000
15000,100,50000,"sd","09:19:54",189000
15000,100,9000,"bu","09:20:29",198000
15000,100,11000,"bu","09:20:34",209000
15000,100,20000,"bu","09:20:42",229000
15000,100,2000,"sd","09:20:51",231000
15000,100,10000,"bu","09:22:54",241000
15000,100,20000,"sd","09:22:58",261000
15000,100,130000,"sd","09:23:01",391000
15000,100,340000,"bu","09:23:07",731000
15000,100,1000,"sd","09:23:54",732000
15000,100,10000,"sd","09:24:08",742000
15000,100,7000,"bu","09:26:27",749000
15000,100,20000,"sd","09:26:41",769000
15000,100,5000,"bu","09:27:06",774000
15000,100,120000,"sd","09:29:31",894000
15000,100,1000,"sd","09:30:10",895000
15000,100,1000,"bu","09:30:41",896000
15000,100,10000,"bu","09:31:01",906000
15000,100,50000,"sd","09:31:19",956000
15000,100,10000,"bu","09:31:46",966000
15000,100,5000,"bu","09:32:15",971000
15000,100,17000,"bu","09:32:32",988000
15000,100,25000,"bu","09:32:50",1013000
15000,100,3000,"bu","09:33:18",1016000
15000,100,3000,"bu","09:33:27",1019000
15000,100,1000,"sd","09:33:33",1020000
15000,100,2000,"sd","09:33:53",1022000
15000,100,13000,"sd","09:33:59",1035000
15000,100,7000,"bu","09:34:01",1042000
15000,100,2000,"bu","09:34:10",1044000
15000,100,1000,"sd","09:34:17",1045000
15000,100,25000,"sd","09:34:45",1070000
15000,100,1000,"sd","09:34:50",1071000
15000,100,10000,"sd","09:35:01",1081000
15000,100,4000,"sd","09:35:12",1085000
15000,100,1000,"sd","09:35:26",1086000
15000,100,17000,"bu","09:35:38",1103000
15000,100,5000,"bu","09:35:41",1108000
15000,100,1000,"sd","09:36:39",1109000
15100,200,5000,"sd","09:37:24",1114000
15100,200,3000,"bu","09:37:56",1117000
15100,200,2000,"sd","09:38:04",1119000
15100,200,2000,"sd","09:38:06",1121000
15100,200,3000,"bu","09:38:14",1124000
15100,200,3000,"sd","09:38:15",1127000
15100,200,4000,"sd","09:38:18",1131000
15100,200,2000,"sd","09:38:24",1133000
15100,200,2000,"sd","09:38:31",1135000
15100,200,1000,"bu","09:38:32",1136000
15100,200,2000,"sd","09:38:39",1138000
15100,200,20000,"sd","09:38:45",1158000
15100,200,10000,"sd","09:40:31",1168000
15100,200,2000,"bu","09:41:42",1170000
15100,200,3000,"bu","09:41:52",1173000
15100,200,3000,"sd","09:42:02",1176000
15100,200,6000,"bu","09:42:09",1182000
15100,200,2000,"bu","09:42:15",1184000
15100,200,4000,"bu","09:42:16",1188000
15100,200,25000,"bu","09:42:18",1213000
15100,200,1000,"bu","09:42:23",1214000
15100,200,2000,"sd","09:42:45",1216000
15100,200,2000,"bu","09:42:51",1218000
15100,200,3000,"sd","09:42:59",1221000
15100,200,5000,"bu","09:43:00",1226000
15100,200,4000,"bu","09:43:03",1230000
15100,200,8000,"bu","09:43:08",1238000
15100,200,2000,"bu","09:43:15",1240000
15100,200,23000,"sd","09:43:21",1263000
15100,200,2000,"sd","09:43:23",1265000
15100,200,3000,"sd","09:43:25",1268000
15100,200,20000,"sd","09:43:36",1288000
15100,200,30000,"sd","09:43:48",1318000
15100,200,2000,"bu","09:44:05",1320000
15100,200,3000,"sd","09:44:39",1323000
15100,200,3000,"sd","09:44:41",1326000
15100,200,1000,"sd","09:44:44",1327000
15100,200,4000,"bu","09:44:54",1331000
15100,200,3000,"bu","09:45:00",1334000
15100,200,4000,"bu","09:45:03",1338000
15100,200,70000,"bu","09:45:05",1408000
15100,200,2000,"sd","09:45:10",1410000
15100,200,2000,"bu","09:45:12",1412000
15100,200,4000,"bu","09:45:13",1416000
15100,200,2000,"sd","09:45:15",1418000
15100,200,1000,"sd","09:45:38",1419000
15100,200,3000,"bu","09:45:52",1422000
15100,200,43000,"sd","09:46:01",1465000
15100,200,11000,"sd","09:46:17",1476000
15100,200,190000,"bu","09:46:35",1666000
15100,200,2000,"sd","09:46:38",1668000
15100,200,5000,"bu","09:46:39",1673000
15100,200,2000,"sd","09:46:53",1675000
15100,200,1000,"bu","09:47:41",1676000
15100,200,4000,"bu","09:48:28",1680000
15100,200,2000,"sd","09:48:34",1682000
15100,200,3000,"sd","09:48:43",1685000
15100,200,3000,"sd","09:48:52",1688000
15100,200,3000,"bu","09:49:08",1691000
15100,200,2000,"sd","09:49:11",1693000
15100,200,52000,"bu","09:49:14",1745000
15100,200,1000,"sd","09:49:39",1746000
15100,200,3000,"sd","09:50:38",1749000
15100,200,2000,"bu","09:51:07",1751000
15100,200,5000,"sd","09:51:08",1756000
15100,200,2000,"sd","09:51:14",1758000
15100,200,3000,"sd","09:51:16",1761000
15100,200,3000,"sd","09:51:20",1764000
15100,200,4000,"bu","09:51:24",1768000
15100,200,2000,"sd","09:51:46",1770000
15100,200,6000,"sd","09:52:31",1776000
15100,200,3000,"sd","09:52:43",1779000
15100,200,4000,"sd","09:52:59",1783000
15100,200,2000,"sd","09:53:46",1785000
15100,200,6000,"bu","09:54:16",1791000
15100,200,4000,"sd","09:54:38",1795000
15000,100,48000,"bu","09:59:46",1843000
15000,100,20000,"bu","10:00:57",1863000
15000,100,30000,"bu","10:01:13",1893000
15000,100,10000,"bu","10:01:48",1903000
15000,100,2000,"bu","10:01:58",1905000
15000,100,50000,"sd","10:02:25",1955000
15000,100,30000,"bu","10:02:48",1985000
15000,100,1000,"bu","10:03:53",1986000
15000,100,1000,"bu","10:04:37",1987000
15000,100,14000,"bu","10:05:00",2001000
15000,100,1000,"bu","10:05:05",2002000
15000,100,4000,"sd","10:06:08",2006000
15000,100,10000,"sd","10:06:42",2016000
15000,100,10000,"sd","10:06:55",2026000
15000,100,11000,"sd","10:08:12",2037000
15000,100,72000,"sd","10:11:18",2109000
15000,100,3000,"bu","10:11:29",2112000
15000,100,1000,"sd","10:11:53",2113000
15000,100,1000,"bu","10:12:39",2114000
15000,100,1000,"sd","10:12:44",2115000
15000,100,1000,"bu","10:12:52",2116000
15000,100,1000,"sd","10:13:27",2117000
15000,100,50000,"bu","10:13:30",2167000
15000,100,9000,"sd","10:13:46",2176000
15000,100,1000,"bu","10:19:12",2177000
15000,100,1000,"bu","10:21:36",2178000
15000,100,30000,"sd","10:25:50",2208000
15000,100,10000,"sd","10:26:02",2218000
14900,0,20000,"sd","10:32:20",2238000
14900,0,18000,"bu","10:33:01",2256000
14900,0,32000,"bu","10:33:27",2288000
14900,0,150000,"sd","10:34:37",2438000
14900,0,23000,"bu","10:36:13",2461000
14900,0,25000,"bu","10:37:46",2486000
14900,0,1000,"sd","10:41:43",2487000
14900,0,13000,"bu","10:43:46",2500000
14900,0,25000,"bu","10:44:22",2525000
14900,0,50000,"sd","10:44:26",2575000
14900,0,20000,"bu","10:44:28",2595000
14900,0,5000,"sd","10:44:38",2600000
14900,0,5000,"bu","10:45:28",2605000
15000,100,10000,"sd","10:46:55",2615000
14900,0,14000,"bu","10:51:38",2629000
14900,0,2000,"bu","10:54:44",2631000
14900,0,11000,"sd","10:54:48",2642000
14900,0,23000,"sd","10:56:40",2665000
14900,0,1000,"sd","10:57:03",2666000
14900,0,8000,"sd","10:58:52",2674000
14900,0,20000,"bu","11:00:28",2694000
14900,0,4000,"sd","11:00:37",2698000
14900,0,31000,"bu","11:02:28",2729000
14900,0,9000,"sd","11:02:31",2738000
15000,100,100000,"bu","11:04:34",2838000
15000,100,1000,"sd","11:06:55",2839000
15000,100,21000,"sd","11:07:22",2860000
15000,100,2000,"sd","11:10:09",2862000
14900,0,30000,"sd","11:19:10",2892000
14900,0,5000,"bu","11:21:54",2897000
15000,100,10000,"bu","11:22:21",2907000
14900,0,20000,"bu","11:22:40",2927000
14900,0,10000,"bu","11:26:27",2937000
14900,0,93000,"sd","13:00:13",3030000
14900,0,20000,"bu","13:05:09",3050000
14900,0,3000,"bu","13:05:12",3053000
14900,0,3000,"sd","13:07:11",3056000
14900,0,1000,"sd","13:08:23",3057000
14800,-100,200000,"sd","13:10:02",3257000
14900,0,1000,"sd","13:11:23",3258000
14900,0,15000,"sd","13:12:15",3273000
14900,0,102000,"bu","13:12:25",3375000
14900,0,1000,"sd","13:12:39",3376000
14900,0,2000,"sd","13:13:26",3378000
14900,0,25000,"bu","13:13:55",3403000
14900,0,1000,"sd","13:14:57",3404000
14900,0,12000,"sd","13:16:19",3416000
14900,0,28000,"sd","13:16:24",3444000
14900,0,20000,"sd","13:18:21",3464000
14900,0,10000,"bu","13:22:24",3474000
14900,0,6000,"bu","13:24:05",3480000
14900,0,5000,"sd","13:24:34",3485000
14900,0,10000,"sd","13:39:05",3495000
14900,0,12000,"sd","13:42:30",3507000
14900,0,10000,"sd","13:43:19",3517000
14900,0,50000,"bu","13:44:27",3567000
14900,0,65000,"sd","13:45:00",3632000
14900,0,10000,"sd","13:45:54",3642000
14900,0,50000,"sd","13:45:58",3692000
14900,0,5000,"bu","13:46:05",3697000
14900,0,1000,"sd","13:46:28",3698000
14900,0,30000,"bu","13:47:45",3728000
14900,0,21000,"sd","13:47:49",3749000
14900,0,20000,"sd","13:48:39",3769000
14900,0,10000,"bu","13:48:49",3779000
14900,0,30000,"sd","13:48:50",3809000
14900,0,10000,"bu","13:48:54",3819000
14900,0,2000,"sd","13:49:09",3821000
14900,0,9000,"sd","13:49:19",3830000
14900,0,6000,"bu","13:49:37",3836000
14900,0,6000,"sd","13:49:55",3842000
14900,0,10000,"bu","13:50:09",3852000
14900,0,3000,"bu","13:50:52",3855000
14900,0,1000,"bu","13:50:54",3856000
14900,0,6000,"bu","13:52:11",3862000
14900,0,2000,"sd","13:52:46",3864000
14900,0,1000,"bu","13:53:02",3865000
14900,0,2000,"sd","13:54:18",3867000
14900,0,1000,"bu","13:54:36",3868000
14900,0,11000,"sd","13:55:10",3879000
14900,0,6000,"sd","13:55:50",3885000
14900,0,5000,"sd","13:55:58",3890000
14900,0,5000,"bu","13:56:00",3895000
14900,0,5000,"sd","13:56:13",3900000
14900,0,3000,"bu","13:56:35",3903000
14900,0,5000,"bu","13:56:43",3908000
14900,0,5000,"bu","13:56:52",3913000
14900,0,1000,"bu","13:58:39",3914000
14900,0,2000,"sd","13:59:13",3916000
14900,0,1000,"bu","13:59:42",3917000
14900,0,1000,"bu","14:00:24",3918000
14900,0,5000,"sd","14:03:11",3923000
14900,0,2000,"bu","14:03:23",3925000
14900,0,5000,"sd","14:05:41",3930000
14900,0,3000,"bu","14:07:37",3933000
14900,0,1000,"sd","14:08:14",3934000
14900,0,10000,"bu","14:09:13",3944000
14900,0,1000,"bu","14:09:24",3945000
14900,0,30000,"sd","14:09:49",3975000
14900,0,10000,"sd","14:10:51",3985000
14900,0,1000,"bu","14:12:13",3986000
14900,0,30000,"bu","14:12:16",4016000
14900,0,100000,"sd","14:13:27",4116000
14900,0,20000,"sd","14:13:31",4136000
14900,0,1000,"bu","14:13:34",4137000
14900,0,5000,"bu","14:13:41",4142000
14900,0,10000,"sd","14:13:43",4152000
14900,0,10000,"bu","14:13:50",4162000
14900,0,2000,"bu","14:14:03",4164000
14900,0,1000,"bu","14:14:23",4165000
14900,0,20000,"sd","14:14:33",4185000
14800,-100,10000,"sd","14:15:01",4195000
14800,-100,1000,"sd","14:15:31",4196000
14800,-100,1000,"sd","14:16:11",4197000
14800,-100,10000,"sd","14:16:19",4207000
14800,-100,30000,"bu","14:17:07",4237000
14800,-100,100000,"bu","14:17:14",4337000
14800,-100,5000,"bu","14:17:33",4342000
14800,-100,50000,"sd","14:17:41",4392000
14800,-100,7000,"bu","14:18:08",4399000
14700,-200,200000,"bu","14:18:30",4599000
14700,-200,5000,"sd","14:18:31",4604000
14700,-200,63000,"sd","14:18:39",4667000
14800,-100,10000,"bu","14:19:02",4677000
14800,-100,1000,"bu","14:19:29",4678000
14800,-100,5000,"bu","14:19:44",4683000
14800,-100,10000,"bu","14:19:45",4693000
14800,-100,1000,"bu","14:19:51",4694000
14800,-100,21000,"sd","14:19:53",4715000
14800,-100,6000,"sd","14:19:58",4721000
14800,-100,10000,"bu","14:20:43",4731000
14800,-100,115000,"sd","14:22:44",4846000
14800,-100,35000,"sd","14:23:30",4881000
14900,0,218000,"sd","14:24:06",5099000
14900,0,62000,"sd","14:26:07",5161000
15000,100,91000,"sd","14:27:51",5252000
15000,100,290000,"bu","14:27:58",5542000
15000,100,4000,"sd","14:29:14",5546000
15100,200,1000,"bu","14:29:38",5547000
15100,200,50000,"sd","14:29:48",5597000
15100,200,23000,"bu","14:29:58",5620000
15100,200,928000,"sd","14:45:10",6548000
15100,200,1000,"sd","14:51:07",6549000
15100,200,1000,"sd","14:51:24",6550000
