"price","change","match_qtty","side","time","total_vol"
9400,0,11500,"bu","09:15:04",11500
9400,0,5000,"bu","09:15:14",16500
9400,0,2500,"sd","09:15:25",19000
9400,0,3000,"sd","09:15:47",22000
9400,0,2000,"sd","09:16:02",24000
9400,0,2500,"sd","09:16:14",26500
9400,0,4000,"sd","09:16:42",30500
9400,0,2800,"sd","09:17:01",33300
9430,30,2000,"sd","09:17:15",35300
9430,30,5000,"bu","09:17:30",40300
9430,30,3000,"sd","09:17:45",43300
9430,30,7000,"bu","09:18:14",50300
9430,30,2000,"bu","09:18:31",52300
9400,0,500,"sd","09:18:46",52800
9430,30,3000,"bu","09:18:46",55800
9430,30,3500,"bu","09:18:56",59300
9430,30,4500,"sd","09:19:14",63800
9430,30,2000,"sd","09:19:31",65800
9430,30,1500,"sd","09:19:52",67300
9430,30,2500,"sd","09:20:10",69800
9450,50,2000,"bu","09:20:25",71800
9450,50,5000,"bu","09:20:32",76800
9450,50,4000,"sd","09:20:40",80800
9450,50,2000,"bu","09:21:16",82800
9450,50,3000,"sd","09:21:23",85800
9450,50,5000,"bu","09:21:33",90800
9450,50,3500,"bu","09:21:46",94300
9450,50,2000,"sd","09:21:54",96300
9450,50,1000,"sd","09:22:03",97300
9450,50,2000,"bu","09:22:15",99300
9450,50,2500,"bu","09:22:25",101800
9450,50,1000,"bu","09:22:39",102800
9450,50,3000,"sd","09:22:41",105800
9450,50,2000,"bu","09:23:16",107800
9500,100,10000,"sd","09:23:24",117800
9500,100,3500,"sd","09:23:34",121300
9500,100,4500,"bu","09:23:41",125800
9500,100,2000,"bu","09:23:58",127800
9500,100,2500,"bu","09:24:12",130300
9500,100,4000,"bu","09:24:20",134300
9500,100,3000,"sd","09:24:33",137300
9500,100,5000,"sd","09:25:08",142300
9500,100,2000,"sd","09:25:14",144300
9500,100,1500,"sd","09:25:26",145800
9500,100,1000,"sd","09:25:57",146800
9500,100,1500,"bu","09:27:05",148300
9450,50,2000,"sd","09:30:04",150300
9450,50,3500,"sd","09:30:17",153800
9450,50,2000,"sd","09:30:49",155800
9450,50,3000,"bu","09:31:24",158800
9450,50,5000,"sd","09:31:33",163800
9450,50,3000,"sd","09:31:55",166800
9450,50,2500,"sd","09:32:56",169300
9430,30,1300,"sd","09:33:09",170600
9450,50,1500,"bu","09:34:24",172100
9450,50,2000,"bu","09:34:36",174100
9450,50,3000,"bu","09:35:05",177100
9450,50,2500,"bu","09:35:32",179600
9450,50,1000,"bu","09:36:20",180600
9450,50,1500,"bu","09:38:19",182100
9400,0,1900,"bu","09:40:27",184000
9400,0,2000,"sd","09:40:52",186000
9400,0,2500,"sd","09:41:01",188500
9400,0,5000,"sd","09:41:13",193500
9400,0,2000,"bu","09:41:23",195500
9400,0,2500,"bu","09:41:30",198000
9400,0,1500,"bu","09:42:06",199500
9400,0,1000,"bu","09:42:23",200500
9400,0,2000,"bu","09:42:24",202500
9400,0,1000,"sd","09:42:56",203500
9400,0,2500,"bu","09:43:20",206000
9400,0,1000,"sd","09:44:29",207000
9400,0,1500,"bu","09:47:11",208500
9400,0,3600,"sd","09:50:52",212100
9430,30,1000,"sd","09:51:03",213100
9430,30,2000,"bu","09:51:12",215100
9430,30,3000,"bu","09:51:22",218100
9430,30,1500,"sd","09:51:28",219600
9430,30,3500,"sd","09:51:43",223100
9430,30,2000,"sd","09:52:10",225100
9430,30,1000,"sd","09:52:56",226100
9400,0,3600,"bu","09:55:43",229700
9400,0,1000,"sd","09:59:06",230700
9400,0,1500,"bu","10:00:03",232200
9400,0,3900,"bu","10:01:32",236100
9430,30,2000,"sd","10:01:44",238100
9430,30,3000,"bu","10:01:58",241100
9430,30,2500,"bu","10:02:09",243600
9430,30,3000,"bu","10:02:27",246600
9430,30,1500,"bu","10:02:36",248100
9430,30,2000,"sd","10:02:55",250100
9430,30,1000,"sd","10:05:33",251100
9400,0,500,"bu","10:06:13",251600
9430,30,1500,"sd","10:06:42",253100
9430,30,1000,"sd","10:07:28",254100
9400,0,100,"bu","10:09:03",254200
9430,30,1500,"bu","10:09:10",255700
9430,30,1000,"sd","10:10:09",256700
9400,0,500,"sd","10:10:29",257200
9430,30,1000,"bu","10:12:59",258200
9400,0,400,"bu","10:16:46",258600
9430,30,1000,"bu","10:16:54",259600
9430,30,1500,"sd","10:17:04",261100
9430,30,2100,"sd","10:19:13",263200
9450,50,1000,"sd","10:19:21",264200
9450,50,2000,"sd","10:19:43",266200
9450,50,2500,"bu","10:19:52",268700
9450,50,1500,"bu","10:20:35",270200
9450,50,2000,"bu","10:20:44",272200
9450,50,2500,"bu","10:20:59",274700
9450,50,1000,"bu","10:22:57",275700
9450,50,2500,"sd","10:23:15",278200
9450,50,1000,"bu","10:24:47",279200
9430,30,500,"bu","10:25:07",279700
9450,50,1500,"bu","10:25:57",281200
9450,50,1000,"sd","10:27:58",282200
9450,50,2500,"sd","10:28:54",284700
9450,50,1000,"bu","10:32:05",285700
9450,50,1500,"bu","10:34:36",287200
9450,50,1000,"bu","10:35:16",288200
9430,30,400,"bu","10:40:36",288600
9400,0,1000,"sd","10:41:15",289600
9400,0,1500,"bu","10:41:54",291100
9400,0,1000,"bu","10:42:06",292100
9400,0,2000,"bu","10:45:22",294100
9400,0,2500,"bu","10:49:23",296600
9400,0,1000,"sd","11:01:40",297600
9330,-70,2500,"bu","11:22:13",300100
9400,0,7000,"sd","11:23:42",307100
9430,30,1000,"bu","11:25:06",308100
9430,30,1500,"sd","11:25:18",309600
9430,30,2000,"bu","11:25:27",311600
9430,30,5000,"sd","11:25:46",316600
9430,30,1000,"sd","11:25:55",317600
9430,30,2000,"bu","11:26:24",319600
9430,30,1000,"sd","13:02:25",320600
9400,0,3000,"sd","13:02:40",323600
9430,30,1000,"bu","13:02:55",324600
9430,30,1500,"sd","13:07:10",326100
9430,30,3700,"bu","13:07:30",329800
9450,50,1000,"sd","13:07:41",330800
9450,50,1500,"sd","13:07:51",332300
9450,50,2000,"bu","13:08:02",334300
9450,50,3000,"sd","13:08:14",337300
9450,50,5000,"sd","13:08:24",342300
9450,50,3500,"bu","13:08:36",345800
9450,50,1000,"sd","13:08:49",346800
9450,50,1500,"sd","13:09:00",348300
9440,40,100,"sd","13:09:45",348400
9440,40,200,"sd","13:09:49",348600
9450,50,1000,"bu","13:10:23",349600
9430,30,300,"bu","13:16:57",349900
9450,50,1000,"sd","13:18:05",350900
9400,0,500,"bu","13:19:02",351400
9400,0,2000,"bu","13:19:36",353400
9400,0,1500,"sd","13:20:05",354900
9400,0,2500,"bu","13:20:19",357400
9400,0,1000,"sd","13:20:57",358400
9400,0,3000,"bu","13:21:24",361400
9400,0,1000,"sd","13:22:40",362400
9400,0,1500,"bu","13:27:34",363900
9400,0,1000,"bu","13:31:40",364900
9400,0,500,"bu","14:07:56",365400
9320,-80,300,"sd","14:19:39",365700
9400,0,500,"sd","14:20:03",366200
9400,0,5000,"sd","14:27:09",371200
9400,0,5500,"sd","14:27:19",376700
9430,30,2500,"bu","14:27:36",379200
9430,30,3500,"bu","14:27:46",382700
9430,30,2000,"bu","14:28:04",384700
9430,30,5000,"bu","14:28:11",389700
9430,30,3000,"bu","14:28:20",392700
9430,30,2000,"bu","14:28:29",394700
9430,30,2500,"sd","14:28:46",397200
9430,30,34000,"sd","14:29:46",431200
9430,30,1000,"bu","14:30:05",432200
9430,30,9200,"sd","14:45:10",441400
