"id","symbol","truncTime","matchType","matchVol","matchPrice","accumulatedVolume","createdAt","updatedAt"
156662533,"CC1","1702022257","s","100","16900","64900","2023-12-08T07:57:38.010Z","2023-12-08T07:57:38.010Z"
156600856,"CC1","1702020075","b","500","16800","64800","2023-12-08T07:21:15.958Z","2023-12-08T07:21:15.958Z"
156592831,"CC1","1702019901","b","1200","16800","64300","2023-12-08T07:18:21.957Z","2023-12-08T07:18:21.957Z"
156591728,"CC1","1702019874","b","1000","17000","63100","2023-12-08T07:17:55.968Z","2023-12-08T07:17:55.968Z"
156590236,"CC1","1702019838","b","2000","17000","62100","2023-12-08T07:17:19.959Z","2023-12-08T07:17:19.959Z"
156533565,"CC1","1702018790","s","300","17000","60100","2023-12-08T06:59:51.927Z","2023-12-08T06:59:51.927Z"
156518395,"CC1","1702018325","s","2000","17000","59800","2023-12-08T06:52:05.940Z","2023-12-08T06:52:05.940Z"
156510452,"CC1","1702018081","b","1500","17000","57800","2023-12-08T06:48:01.961Z","2023-12-08T06:48:01.961Z"
156486541,"CC1","1702017310","b","500","17000","56300","2023-12-08T06:35:11.940Z","2023-12-08T06:35:11.940Z"
156483401,"CC1","1702017198","b","100","17000","55800","2023-12-08T06:33:19.944Z","2023-12-08T06:33:19.944Z"
156481534,"CC1","1702017141","b","100","17000","55700","2023-12-08T06:32:22.921Z","2023-12-08T06:32:22.921Z"
156479885,"CC1","1702017089","s","900","17000","55600","2023-12-08T06:31:31.016Z","2023-12-08T06:31:31.016Z"
156478356,"CC1","1702017052","s","400","17000","54700","2023-12-08T06:30:53.941Z","2023-12-08T06:30:53.941Z"
156475808,"CC1","1702016975","s","600","17000","54300","2023-12-08T06:29:36.925Z","2023-12-08T06:29:36.925Z"
156448129,"CC1","1702016138","s","700","17000","53700","2023-12-08T06:15:39.924Z","2023-12-08T06:15:39.924Z"
156441718,"CC1","1702015889","s","1500","17000","53000","2023-12-08T06:11:30.923Z","2023-12-08T06:11:30.923Z"
156438479,"CC1","1702015769","s","700","17000","51500","2023-12-08T06:09:29.926Z","2023-12-08T06:09:29.926Z"
156427421,"CC1","1702015347","s","500","17000","50800","2023-12-08T06:02:28.931Z","2023-12-08T06:02:28.931Z"
156423094,"CC1","1702015210","s","100","17000","50300","2023-12-08T06:00:12.992Z","2023-12-08T06:00:12.992Z"
156422465,"CC1","1702015206","s","200","17000","50200","2023-12-08T06:00:08.031Z","2023-12-08T06:00:08.031Z"
156419017,"CC1","1702009693","b","2100","17000","50000","2023-12-08T04:28:13.818Z","2023-12-08T04:28:13.818Z"
156410649,"CC1","1702009094","s","300","17000","47900","2023-12-08T04:18:16.846Z","2023-12-08T04:18:16.846Z"
156409458,"CC1","1702009008","b","1400","17000","47600","2023-12-08T04:16:50.844Z","2023-12-08T04:16:50.844Z"
156407710,"CC1","1702008874","b","1000","17000","46200","2023-12-08T04:14:35.852Z","2023-12-08T04:14:35.852Z"
156407053,"CC1","1702008827","b","700","17000","45200","2023-12-08T04:13:49.856Z","2023-12-08T04:13:49.856Z"
156390677,"CC1","1702007926","b","4800","17000","44500","2023-12-08T03:58:47.862Z","2023-12-08T03:58:47.862Z"
156361773,"CC1","1702006559","b","200","17000","39700","2023-12-08T03:36:01.846Z","2023-12-08T03:36:01.846Z"
156358278,"CC1","1702006395","b","300","17000","39500","2023-12-08T03:33:17.845Z","2023-12-08T03:33:17.845Z"
156357016,"CC1","1702006317","b","100","17000","39200","2023-12-08T03:31:59.855Z","2023-12-08T03:31:59.855Z"
156351174,"CC1","1702005992","s","500","16900","39100","2023-12-08T03:26:34.828Z","2023-12-08T03:26:34.828Z"
156350621,"CC1","1702005969","unknown","100","16900","38600","2023-12-08T03:26:10.841Z","2023-12-08T03:26:10.841Z"
156347284,"CC1","1702005804","b","500","16900","38500","2023-12-08T03:23:25.821Z","2023-12-08T03:23:25.821Z"
156345812,"CC1","1702005732","b","100","17000","38000","2023-12-08T03:22:13.821Z","2023-12-08T03:22:13.821Z"
156343987,"CC1","1702005641","s","500","16900","37900","2023-12-08T03:20:42.815Z","2023-12-08T03:20:42.815Z"
156338070,"CC1","1702005353","b","800","16900","37400","2023-12-08T03:15:54.828Z","2023-12-08T03:15:54.828Z"
156333838,"CC1","1702005206","s","400","16700","36600","2023-12-08T03:13:27.803Z","2023-12-08T03:13:27.803Z"
156327368,"CC1","1702004917","s","100","16700","36200","2023-12-08T03:08:37.795Z","2023-12-08T03:08:37.795Z"
156326670,"CC1","1702004880","s","100","16700","36100","2023-12-08T03:08:01.777Z","2023-12-08T03:08:01.777Z"
156318709,"CC1","1702004496","s","300","16900","36000","2023-12-08T03:01:37.784Z","2023-12-08T03:01:37.784Z"
156314902,"CC1","1702004347","s","200","16900","35700","2023-12-08T02:59:09.762Z","2023-12-08T02:59:09.762Z"
156313102,"CC1","1702004283","s","3000","16900","35500","2023-12-08T02:58:05.766Z","2023-12-08T02:58:05.766Z"
156309390,"CC1","1702004161","s","2000","16900","32500","2023-12-08T02:56:03.773Z","2023-12-08T02:56:03.773Z"
156306924,"CC1","1702004095","s","5000","16900","30500","2023-12-08T02:54:57.761Z","2023-12-08T02:54:57.761Z"
156305696,"CC1","1702004059","s","300","16900","25500","2023-12-08T02:54:20.763Z","2023-12-08T02:54:20.763Z"
156302005,"CC1","1702003945","s","1600","17000","25200","2023-12-08T02:52:27.775Z","2023-12-08T02:52:27.775Z"
156291305,"CC1","1702003562","s","200","17000","23600","2023-12-08T02:46:04.744Z","2023-12-08T02:46:04.744Z"
156290809,"CC1","1702003546","s","200","17000","23400","2023-12-08T02:45:47.765Z","2023-12-08T02:45:47.765Z"
156288388,"CC1","1702003472","s","1000","17000","23200","2023-12-08T02:44:33.779Z","2023-12-08T02:44:33.779Z"
156288358,"CC1","1702003470","s","100","17000","22200","2023-12-08T02:44:31.737Z","2023-12-08T02:44:31.737Z"
156283954,"CC1","1702003314","s","300","17000","22100","2023-12-08T02:41:55.745Z","2023-12-08T02:41:55.745Z"
156283437,"CC1","1702003294","s","1000","17000","21800","2023-12-08T02:41:35.791Z","2023-12-08T02:41:35.791Z"
156279714,"CC1","1702003158","s","100","17000","20800","2023-12-08T02:39:19.720Z","2023-12-08T02:39:19.720Z"
156279168,"CC1","1702003142","b","100","17100","20700","2023-12-08T02:39:03.745Z","2023-12-08T02:39:03.745Z"
156278087,"CC1","1702003108","s","100","17000","20600","2023-12-08T02:38:28.732Z","2023-12-08T02:38:28.732Z"
156267552,"CC1","1702002776","b","400","17000","20500","2023-12-08T02:32:57.730Z","2023-12-08T02:32:57.730Z"
156266917,"CC1","1702002755","b","300","17000","20100","2023-12-08T02:32:37.747Z","2023-12-08T02:32:37.747Z"
156265773,"CC1","1702002715","b","2800","17000","19800","2023-12-08T02:31:57.717Z","2023-12-08T02:31:57.717Z"
156264103,"CC1","1702002665","b","1700","17000","17000","2023-12-08T02:31:06.715Z","2023-12-08T02:31:06.715Z"
156259474,"CC1","1702002527","s","5000","16900","15300","2023-12-08T02:28:48.685Z","2023-12-08T02:28:48.685Z"
156256722,"CC1","1702002459","s","600","16900","10300","2023-12-08T02:27:40.716Z","2023-12-08T02:27:40.716Z"
156254874,"CC1","1702002424","b","4800","16900","9700","2023-12-08T02:27:05.721Z","2023-12-08T02:27:05.721Z"
156246302,"CC1","1702002125","b","700","16900","4900","2023-12-08T02:22:07.714Z","2023-12-08T02:22:07.714Z"
156244448,"CC1","1702002064","b","100","16900","4200","2023-12-08T02:21:06.707Z","2023-12-08T02:21:06.707Z"
156237947,"CC1","1702001847","s","100","16500","4100","2023-12-08T02:17:28.707Z","2023-12-08T02:17:28.707Z"
156234289,"CC1","1702001686","s","200","16500","4000","2023-12-08T02:14:47.683Z","2023-12-08T02:14:47.683Z"
156233189,"CC1","1702001279","s","200","16500","3800","2023-12-08T02:08:01.688Z","2023-12-08T02:08:01.688Z"
156233178,"CC1","1702001275","b","1000","16500","3600","2023-12-08T02:07:56.686Z","2023-12-08T02:07:56.686Z"
156233118,"CC1","1702001254","b","200","16500","2600","2023-12-08T02:07:36.688Z","2023-12-08T02:07:36.688Z"
156233113,"CC1","1702001253","b","1000","16500","2400","2023-12-08T02:07:35.687Z","2023-12-08T02:07:35.687Z"
156232983,"CC1","1702001202","b","500","16500","1400","2023-12-08T02:06:44.693Z","2023-12-08T02:06:44.693Z"
156232679,"CC1","1702001091","s","300","16300","900","2023-12-08T02:04:53.688Z","2023-12-08T02:04:53.688Z"
156232570,"CC1","1702001052","b","500","16300","600","2023-12-08T02:04:14.689Z","2023-12-08T02:04:14.689Z"
156232441,"CC1","1702001007","b","100","16300","100","2023-12-08T02:03:28.690Z","2023-12-08T02:03:28.690Z"
