"id","symbol","truncTime","matchType","matchVol","matchPrice","accumulatedVolume","createdAt","updatedAt"
156661407,"FMC","1702021488","unknown","9000","46400","27100","2023-12-08T07:45:03.067Z","2023-12-08T07:45:03.067Z"
156658358,"FMC","1702020553","b","100","46400","27000","2023-12-08T07:29:27.971Z","2023-12-08T07:29:27.971Z"
156631742,"FMC","1702020289","s","200","46300","26800","2023-12-08T07:25:03.085Z","2023-12-08T07:25:03.085Z"
156623613,"FMC","1702020237","s","500","46400","26300","2023-12-08T07:24:12.045Z","2023-12-08T07:24:12.045Z"
156619507,"FMC","1702020211","s","100","46400","26200","2023-12-08T07:23:45.016Z","2023-12-08T07:23:45.016Z"
156607175,"FMC","1702020131","s","100","46450","25900","2023-12-08T07:22:25.972Z","2023-12-08T07:22:25.972Z"
156607174,"FMC","1702020131","s","100","46450","25900","2023-12-08T07:22:25.972Z","2023-12-08T07:22:25.972Z"
156607173,"FMC","1702020131","s","100","46450","25900","2023-12-08T07:22:25.972Z","2023-12-08T07:22:25.972Z"
156601808,"FMC","1702020075","s","600","46450","25300","2023-12-08T07:21:29.976Z","2023-12-08T07:21:29.976Z"
156574528,"FMC","1702019397","s","200","46450","25100","2023-12-08T07:10:10.964Z","2023-12-08T07:10:10.964Z"
156558441,"FMC","1702019207","s","100","46450","25100","2023-12-08T07:07:01.952Z","2023-12-08T07:07:01.952Z"
156551340,"FMC","1702019144","b","200","46600","24700","2023-12-08T07:05:58.980Z","2023-12-08T07:05:58.980Z"
156551339,"FMC","1702019144","b","100","46600","24700","2023-12-08T07:05:58.980Z","2023-12-08T07:05:58.980Z"
156546184,"FMC","1702019082","s","100","46500","24600","2023-12-08T07:04:56.940Z","2023-12-08T07:04:56.940Z"
156535789,"FMC","1702018854","s","100","46500","24500","2023-12-08T07:01:07.931Z","2023-12-08T07:01:07.931Z"
156522133,"FMC","1702018433","b","300","46500","24200","2023-12-08T06:54:07.935Z","2023-12-08T06:54:07.935Z"
156514426,"FMC","1702018193","s","1200","46500","22500","2023-12-08T06:50:08.950Z","2023-12-08T06:50:08.950Z"
156514425,"FMC","1702018193","s","500","46500","22500","2023-12-08T06:50:08.950Z","2023-12-08T06:50:08.950Z"
156505549,"FMC","1702017904","b","300","46500","22200","2023-12-08T06:45:18.935Z","2023-12-08T06:45:18.935Z"
156495437,"FMC","1702017581","s","100","46450","22100","2023-12-08T06:39:56.915Z","2023-12-08T06:39:56.915Z"
156486278,"FMC","1702017288","s","100","46500","22100","2023-12-08T06:35:02.921Z","2023-12-08T06:35:02.921Z"
156477489,"FMC","1702017015","b","1000","46500","21000","2023-12-08T06:30:29.940Z","2023-12-08T06:30:29.940Z"
156476229,"FMC","1702016975","s","200","46500","20800","2023-12-08T06:29:49.946Z","2023-12-08T06:29:49.946Z"
156475648,"FMC","1702016956","s","2300","46500","18500","2023-12-08T06:29:30.939Z","2023-12-08T06:29:30.939Z"
156467512,"FMC","1702016738","b","1000","46500","17500","2023-12-08T06:25:52.928Z","2023-12-08T06:25:52.928Z"
156453184,"FMC","1702016303","s","2000","46500","15500","2023-12-08T06:18:37.932Z","2023-12-08T06:18:37.932Z"
156444158,"FMC","1702015968","s","1000","46500","14500","2023-12-08T06:13:02.922Z","2023-12-08T06:13:02.922Z"
156442749,"FMC","1702015920","s","100","46600","14400","2023-12-08T06:12:13.924Z","2023-12-08T06:12:13.924Z"
156442664,"FMC","1702015916","b","200","46600","14400","2023-12-08T06:12:10.926Z","2023-12-08T06:12:10.926Z"
156442180,"FMC","1702015896","b","3000","46600","11200","2023-12-08T06:11:50.921Z","2023-12-08T06:11:50.921Z"
156439490,"FMC","1702015791","b","4700","46600","6200","2023-12-08T06:10:05.931Z","2023-12-08T06:10:05.931Z"
156439489,"FMC","1702015791","b","300","46550","6200","2023-12-08T06:10:05.931Z","2023-12-08T06:10:05.931Z"
156437044,"FMC","1702015691","b","100","46550","6100","2023-12-08T06:08:25.940Z","2023-12-08T06:08:25.940Z"
156434573,"FMC","1702015593","b","2000","46550","4100","2023-12-08T06:06:48.924Z","2023-12-08T06:06:48.924Z"
156433676,"FMC","1702015563","b","100","46550","4000","2023-12-08T06:06:17.947Z","2023-12-08T06:06:17.947Z"
156432086,"FMC","1702015503","b","100","46600","3900","2023-12-08T06:05:17.943Z","2023-12-08T06:05:17.943Z"
156430310,"FMC","1702015433","s","100","46600","3800","2023-12-08T06:04:07.950Z","2023-12-08T06:04:07.950Z"
156430105,"FMC","1702015426","s","500","46600","3800","2023-12-08T06:04:00.946Z","2023-12-08T06:04:00.946Z"
156425931,"FMC","1702015268","s","200","46600","3100","2023-12-08T06:01:22.938Z","2023-12-08T06:01:22.938Z"
156425928,"FMC","1702015268","s","200","46600","2900","2023-12-08T06:01:22.938Z","2023-12-08T06:01:22.938Z"
156377540,"FMC","1702007274","b","2000","46700","900","2023-12-08T03:48:08.842Z","2023-12-08T03:48:08.842Z"
156328285,"FMC","1702004944","s","100","46750","600","2023-12-08T03:09:18.784Z","2023-12-08T03:09:18.784Z"
156328284,"FMC","1702004944","s","200","46750","600","2023-12-08T03:09:18.784Z","2023-12-08T03:09:18.784Z"
156327248,"FMC","1702004896","s","200","46750","400","2023-12-08T03:08:30.775Z","2023-12-08T03:08:30.775Z"
156266767,"FMC","1702002737","b","100","46750","300","2023-12-08T02:32:32.730Z","2023-12-08T02:32:32.730Z"
156263544,"FMC","1702002630","s","100","46750","300","2023-12-08T02:30:44.721Z","2023-12-08T02:30:44.721Z"
156248315,"FMC","1702002180","b","100","46950","100","2023-12-08T02:23:14.693Z","2023-12-08T02:23:14.693Z"
156234381,"FMC","1702001689","unknown","100","47000","0","2023-12-08T02:15:02.724Z","2023-12-08T02:15:02.724Z"
