"id","symbol","truncTime","matchType","matchVol","matchPrice","accumulatedVolume","createdAt","updatedAt"
156661897,"L14","1702021517","s","17300","47800","317000","2023-12-08T07:45:20.998Z","2023-12-08T07:45:20.998Z"
156660004,"L14","1702020592","b","400","48000","299700","2023-12-08T07:29:54.004Z","2023-12-08T07:29:54.004Z"
156659675,"L14","1702020587","b","1400","48000","299300","2023-12-08T07:29:48.990Z","2023-12-08T07:29:48.990Z"
156659615,"L14","1702020586","b","1500","48000","297900","2023-12-08T07:29:47.984Z","2023-12-08T07:29:47.984Z"
156659561,"L14","1702020585","b","1000","48000","296400","2023-12-08T07:29:46.978Z","2023-12-08T07:29:46.978Z"
156659247,"L14","1702020580","b","700","48000","295400","2023-12-08T07:29:41.983Z","2023-12-08T07:29:41.983Z"
156659051,"L14","1702020577","b","100","48000","294700","2023-12-08T07:29:38.964Z","2023-12-08T07:29:38.964Z"
156658785,"L14","1702020572","s","2400","48000","294600","2023-12-08T07:29:34.985Z","2023-12-08T07:29:34.985Z"
156657842,"L14","1702020559","b","600","48000","292200","2023-12-08T07:29:20.995Z","2023-12-08T07:29:20.995Z"
156656456,"L14","1702020540","unknown","100","48000","291600","2023-12-08T07:29:01.002Z","2023-12-08T07:29:01.002Z"
156656190,"L14","1702020536","s","1900","47900","291500","2023-12-08T07:28:57.985Z","2023-12-08T07:28:57.985Z"
156653886,"L14","1702020501","b","800","47900","289600","2023-12-08T07:28:21.993Z","2023-12-08T07:28:21.993Z"
156653730,"L14","1702020499","b","200","47900","288800","2023-12-08T07:28:21.047Z","2023-12-08T07:28:21.047Z"
156653464,"L14","1702020495","s","500","47800","288600","2023-12-08T07:28:17.054Z","2023-12-08T07:28:17.054Z"
156652618,"L14","1702020483","unknown","100","47800","288100","2023-12-08T07:28:04.990Z","2023-12-08T07:28:04.990Z"
156651875,"L14","1702020475","b","500","47800","288000","2023-12-08T07:27:56.974Z","2023-12-08T07:27:56.974Z"
156651760,"L14","1702020473","b","100","47800","287500","2023-12-08T07:27:54.996Z","2023-12-08T07:27:54.996Z"
156650731,"L14","1702020461","b","100","47800","287400","2023-12-08T07:27:42.975Z","2023-12-08T07:27:42.975Z"
156650585,"L14","1702020459","b","400","47800","287300","2023-12-08T07:27:41.131Z","2023-12-08T07:27:41.131Z"
156650149,"L14","1702020454","s","2500","47500","286900","2023-12-08T07:27:36.019Z","2023-12-08T07:27:36.019Z"
156649784,"L14","1702020451","b","2000","47700","284400","2023-12-08T07:27:33.042Z","2023-12-08T07:27:33.042Z"
156649608,"L14","1702020450","b","1300","47700","282400","2023-12-08T07:27:32.117Z","2023-12-08T07:27:32.117Z"
156649070,"L14","1702020444","s","100","47600","281100","2023-12-08T07:27:26.063Z","2023-12-08T07:27:26.063Z"
156648883,"L14","1702020442","s","1000","47500","281000","2023-12-08T07:27:23.026Z","2023-12-08T07:27:23.026Z"
156648283,"L14","1702020436","s","800","47500","280000","2023-12-08T07:27:18.032Z","2023-12-08T07:27:18.032Z"
156647965,"L14","1702020433","b","100","47500","279200","2023-12-08T07:27:15.036Z","2023-12-08T07:27:15.036Z"
156647873,"L14","1702020432","b","1000","47500","279100","2023-12-08T07:27:14.006Z","2023-12-08T07:27:14.006Z"
156647639,"L14","1702020430","s","500","47400","278100","2023-12-08T07:27:12.173Z","2023-12-08T07:27:12.173Z"
156647455,"L14","1702020428","b","100","47500","277600","2023-12-08T07:27:10.067Z","2023-12-08T07:27:10.067Z"
156647345,"L14","1702020427","b","1100","47500","277500","2023-12-08T07:27:09.015Z","2023-12-08T07:27:09.015Z"
156647185,"L14","1702020426","b","300","47500","276400","2023-12-08T07:27:08.152Z","2023-12-08T07:27:08.152Z"
156647069,"L14","1702020425","b","2900","47500","276100","2023-12-08T07:27:07.059Z","2023-12-08T07:27:07.059Z"
156646410,"L14","1702020417","b","400","47500","273200","2023-12-08T07:26:58.992Z","2023-12-08T07:26:58.992Z"
156646205,"L14","1702020415","b","1000","47500","272800","2023-12-08T07:26:56.995Z","2023-12-08T07:26:56.995Z"
156645341,"L14","1702020406","unknown","1500","47400","271800","2023-12-08T07:26:48.122Z","2023-12-08T07:26:48.122Z"
156644649,"L14","1702020399","s","900","47400","270300","2023-12-08T07:26:41.021Z","2023-12-08T07:26:41.021Z"
156644304,"L14","1702020396","b","100","47500","269400","2023-12-08T07:26:38.001Z","2023-12-08T07:26:38.001Z"
156640506,"L14","1702020363","s","4300","47400","269300","2023-12-08T07:26:04.994Z","2023-12-08T07:26:04.994Z"
156640399,"L14","1702020362","s","200","47400","265000","2023-12-08T07:26:03.035Z","2023-12-08T07:26:03.035Z"
156639063,"L14","1702020352","s","1800","47200","264800","2023-12-08T07:25:53.980Z","2023-12-08T07:25:53.980Z"
156638697,"L14","1702020350","s","2000","47200","263000","2023-12-08T07:25:52.055Z","2023-12-08T07:25:52.055Z"
156637675,"L14","1702020343","s","200","47200","261000","2023-12-08T07:25:45.200Z","2023-12-08T07:25:45.200Z"
156636087,"L14","1702020331","s","1000","47200","260800","2023-12-08T07:25:33.040Z","2023-12-08T07:25:33.040Z"
156635862,"L14","1702020329","s","700","47300","259800","2023-12-08T07:25:31.045Z","2023-12-08T07:25:31.045Z"
156635715,"L14","1702020328","s","100","47300","259100","2023-12-08T07:25:29.989Z","2023-12-08T07:25:29.989Z"
156635527,"L14","1702020327","b","2000","47500","259000","2023-12-08T07:25:29.001Z","2023-12-08T07:25:29.001Z"
156635086,"L14","1702020323","b","100","47400","257000","2023-12-08T07:25:25.000Z","2023-12-08T07:25:25.000Z"
156634822,"L14","1702020321","b","500","47400","256900","2023-12-08T07:25:22.997Z","2023-12-08T07:25:22.997Z"
156634503,"L14","1702020318","b","200","47500","256400","2023-12-08T07:25:19.116Z","2023-12-08T07:25:19.116Z"
156633003,"L14","1702020308","b","500","47500","256200","2023-12-08T07:25:10.011Z","2023-12-08T07:25:10.011Z"
156632925,"L14","1702020307","b","100","47500","255700","2023-12-08T07:25:09.067Z","2023-12-08T07:25:09.067Z"
156632596,"L14","1702020306","s","100","47400","255600","2023-12-08T07:25:08.173Z","2023-12-08T07:25:08.173Z"
156632386,"L14","1702020305","s","1600","47400","255500","2023-12-08T07:25:07.036Z","2023-12-08T07:25:07.036Z"
156632265,"L14","1702020304","s","500","47400","253900","2023-12-08T07:25:06.019Z","2023-12-08T07:25:06.019Z"
156631642,"L14","1702020300","b","200","47500","253400","2023-12-08T07:25:03.085Z","2023-12-08T07:25:03.085Z"
156631233,"L14","1702020298","b","100","47500","253200","2023-12-08T07:24:58.994Z","2023-12-08T07:24:58.994Z"
156629740,"L14","1702020288","s","2700","47500","253100","2023-12-08T07:24:49.568Z","2023-12-08T07:24:49.568Z"
156629541,"L14","1702020287","s","5400","47500","250400","2023-12-08T07:24:49.568Z","2023-12-08T07:24:49.568Z"
156629334,"L14","1702020285","s","4000","47500","245000","2023-12-08T07:24:47.181Z","2023-12-08T07:24:47.181Z"
156628033,"L14","1702020278","s","1300","47500","241000","2023-12-08T07:24:40.071Z","2023-12-08T07:24:40.071Z"
156627699,"L14","1702020276","b","300","47600","239700","2023-12-08T07:24:38.044Z","2023-12-08T07:24:38.044Z"
156627497,"L14","1702020275","s","2200","47500","239400","2023-12-08T07:24:37.045Z","2023-12-08T07:24:37.045Z"
156627213,"L14","1702020272","b","100","47600","237200","2023-12-08T07:24:35.035Z","2023-12-08T07:24:35.035Z"
156626577,"L14","1702020269","s","300","47600","237100","2023-12-08T07:24:31.089Z","2023-12-08T07:24:31.089Z"
156624697,"L14","1702020259","s","200","47600","236800","2023-12-08T07:24:20.019Z","2023-12-08T07:24:20.019Z"
156624615,"L14","1702020258","s","1300","47600","236600","2023-12-08T07:24:20.019Z","2023-12-08T07:24:20.019Z"
156624325,"L14","1702020256","s","2200","47600","235300","2023-12-08T07:24:17.097Z","2023-12-08T07:24:17.097Z"
156623533,"L14","1702020250","b","100","47700","233100","2023-12-08T07:24:12.045Z","2023-12-08T07:24:12.045Z"
156623313,"L14","1702020248","s","500","47600","233000","2023-12-08T07:24:10.054Z","2023-12-08T07:24:10.054Z"
156622827,"L14","1702020245","s","900","47600","232500","2023-12-08T07:24:07.063Z","2023-12-08T07:24:07.063Z"
156621014,"L14","1702020233","b","400","47700","231600","2023-12-08T07:23:55.071Z","2023-12-08T07:23:55.071Z"
156620893,"L14","1702020232","s","1000","47700","231200","2023-12-08T07:23:52.980Z","2023-12-08T07:23:52.980Z"
156620615,"L14","1702020230","s","300","47700","230200","2023-12-08T07:23:51.079Z","2023-12-08T07:23:51.079Z"
156620001,"L14","1702020226","s","1100","47700","229900","2023-12-08T07:23:48.049Z","2023-12-08T07:23:48.049Z"
156618966,"L14","1702020221","b","400","47800","228800","2023-12-08T07:23:43.022Z","2023-12-08T07:23:43.022Z"
156618798,"L14","1702020220","s","2800","47700","228400","2023-12-08T07:23:42.026Z","2023-12-08T07:23:42.026Z"
156616619,"L14","1702020207","b","100","47800","225600","2023-12-08T07:23:29.037Z","2023-12-08T07:23:29.037Z"
156615990,"L14","1702020203","b","2300","47800","225500","2023-12-08T07:23:25.062Z","2023-12-08T07:23:25.062Z"
156615844,"L14","1702020202","s","900","47800","223200","2023-12-08T07:23:24.040Z","2023-12-08T07:23:24.040Z"
156614294,"L14","1702020194","s","1300","47800","222300","2023-12-08T07:23:17.040Z","2023-12-08T07:23:17.040Z"
156612136,"L14","1702020181","s","2600","47800","221000","2023-12-08T07:23:02.976Z","2023-12-08T07:23:02.976Z"
156611347,"L14","1702020175","b","100","47900","218400","2023-12-08T07:22:58.083Z","2023-12-08T07:22:58.083Z"
156611033,"L14","1702020173","s","400","47800","218300","2023-12-08T07:22:54.964Z","2023-12-08T07:22:54.964Z"
156610945,"L14","1702020172","s","500","47800","217900","2023-12-08T07:22:54.032Z","2023-12-08T07:22:54.032Z"
156608932,"L14","1702020158","s","800","47900","217400","2023-12-08T07:22:39.983Z","2023-12-08T07:22:39.983Z"
156608473,"L14","1702020154","s","500","47900","216600","2023-12-08T07:22:35.050Z","2023-12-08T07:22:35.050Z"
156606124,"L14","1702020134","b","200","48000","216100","2023-12-08T07:22:15.987Z","2023-12-08T07:22:15.987Z"
156604623,"L14","1702020121","b","300","48000","215900","2023-12-08T07:22:03.014Z","2023-12-08T07:22:03.014Z"
156601801,"L14","1702020088","s","100","48000","215600","2023-12-08T07:21:29.976Z","2023-12-08T07:21:29.976Z"
156600763,"L14","1702020072","s","200","48000","215500","2023-12-08T07:21:13.997Z","2023-12-08T07:21:13.997Z"
156600651,"L14","1702020071","s","300","48000","215300","2023-12-08T07:21:12.959Z","2023-12-08T07:21:12.959Z"
156600152,"L14","1702020061","s","1500","48000","215000","2023-12-08T07:21:03.989Z","2023-12-08T07:21:03.989Z"
156599516,"L14","1702020047","s","1500","48000","213500","2023-12-08T07:20:48.032Z","2023-12-08T07:20:48.032Z"
156599302,"L14","1702020042","b","100","48100","212000","2023-12-08T07:20:42.964Z","2023-12-08T07:20:42.964Z"
156595766,"L14","1702019971","b","500","48100","211900","2023-12-08T07:19:33.989Z","2023-12-08T07:19:33.989Z"
156595721,"L14","1702019970","b","400","48100","211400","2023-12-08T07:19:32.984Z","2023-12-08T07:19:32.984Z"
156594967,"L14","1702019952","s","100","48100","211000","2023-12-08T07:19:13.983Z","2023-12-08T07:19:13.983Z"
156593002,"L14","1702019905","b","200","48400","210900","2023-12-08T07:18:26.956Z","2023-12-08T07:18:26.956Z"
156585591,"L14","1702019694","b","5000","48400","210700","2023-12-08T07:14:55.958Z","2023-12-08T07:14:55.958Z"
156584781,"L14","1702019667","unknown","300","48100","205700","2023-12-08T07:14:28.963Z","2023-12-08T07:14:28.963Z"
