"id","symbol","truncTime","matchType","matchVol","matchPrice","accumulatedVolume","createdAt","updatedAt"
156661875,"TC6","1702021518","unknown","2000","8400","712500","2023-12-08T07:45:20.998Z","2023-12-08T07:45:20.998Z"
156647897,"TC6","1702020432","b","1500","8400","710500","2023-12-08T07:27:14.006Z","2023-12-08T07:27:14.006Z"
156640726,"TC6","1702020365","b","2000","8400","709000","2023-12-08T07:26:07.135Z","2023-12-08T07:26:07.135Z"
156616264,"TC6","1702020204","b","5000","8400","707000","2023-12-08T07:23:27.032Z","2023-12-08T07:23:27.032Z"
156605179,"TC6","1702020126","b","1000","8400","702000","2023-12-08T07:22:08.066Z","2023-12-08T07:22:08.066Z"
156585735,"TC6","1702019699","b","400","8400","701000","2023-12-08T07:15:00.969Z","2023-12-08T07:15:00.969Z"
156571887,"TC6","1702019371","b","200","8400","700600","2023-12-08T07:09:32.986Z","2023-12-08T07:09:32.986Z"
156568520,"TC6","1702019322","b","1000","8400","700400","2023-12-08T07:08:42.939Z","2023-12-08T07:08:42.939Z"
156567632,"TC6","1702019310","b","1000","8400","699400","2023-12-08T07:08:32.003Z","2023-12-08T07:08:32.003Z"
156556871,"TC6","1702019206","b","800","8400","698400","2023-12-08T07:06:47.958Z","2023-12-08T07:06:47.958Z"
156553358,"TC6","1702019173","b","100","8400","697600","2023-12-08T07:06:15.036Z","2023-12-08T07:06:15.036Z"
156517777,"TC6","1702018305","b","100","8400","697500","2023-12-08T06:51:46.922Z","2023-12-08T06:51:46.922Z"
156500055,"TC6","1702017769","b","100","8400","697400","2023-12-08T06:42:50.927Z","2023-12-08T06:42:50.927Z"
156495937,"TC6","1702017609","b","300","8400","697300","2023-12-08T06:40:09.925Z","2023-12-08T06:40:09.925Z"
156482317,"TC6","1702017169","b","1900","8400","697000","2023-12-08T06:32:51.918Z","2023-12-08T06:32:51.918Z"
156476228,"TC6","1702016988","b","500","8400","695100","2023-12-08T06:29:49.946Z","2023-12-08T06:29:49.946Z"
156441111,"TC6","1702015866","b","100","8400","694600","2023-12-08T06:11:07.928Z","2023-12-08T06:11:07.928Z"
156440056,"TC6","1702015825","b","600","8400","694500","2023-12-08T06:10:28.001Z","2023-12-08T06:10:28.001Z"
156436651,"TC6","1702015691","b","10000","8400","693900","2023-12-08T06:08:12.943Z","2023-12-08T06:08:12.943Z"
156435998,"TC6","1702015668","b","900","8400","683900","2023-12-08T06:07:48.924Z","2023-12-08T06:07:48.924Z"
156434737,"TC6","1702015616","b","1000","8400","683000","2023-12-08T06:06:57.923Z","2023-12-08T06:06:57.923Z"
156430265,"TC6","1702015443","b","1000","8400","682000","2023-12-08T06:04:04.954Z","2023-12-08T06:04:04.954Z"
156429691,"TC6","1702015427","b","500","8400","681000","2023-12-08T06:03:49.008Z","2023-12-08T06:03:49.008Z"
156429023,"TC6","1702015407","b","27000","8400","680500","2023-12-08T06:03:27.935Z","2023-12-08T06:03:27.935Z"
156428251,"TC6","1702015384","b","2500","8400","653500","2023-12-08T06:03:04.943Z","2023-12-08T06:03:04.943Z"
156427299,"TC6","1702015342","b","2000","8400","651000","2023-12-08T06:02:22.943Z","2023-12-08T06:02:22.943Z"
156426673,"TC6","1702015315","b","1100","8400","649000","2023-12-08T06:01:56.944Z","2023-12-08T06:01:56.944Z"
156425512,"TC6","1702015265","b","4600","8400","647900","2023-12-08T06:01:06.939Z","2023-12-08T06:01:06.939Z"
156425500,"TC6","1702015264","b","300","8400","643300","2023-12-08T06:01:05.943Z","2023-12-08T06:01:05.943Z"
156423910,"TC6","1702015218","b","10000","8400","643000","2023-12-08T06:00:20.968Z","2023-12-08T06:00:20.968Z"
156423556,"TC6","1702015216","s","1100","8300","633000","2023-12-08T06:00:17.992Z","2023-12-08T06:00:17.992Z"
156404936,"TC6","1702008698","b","1900","8400","631900","2023-12-08T04:11:39.862Z","2023-12-08T04:11:39.862Z"
156402041,"TC6","1702008502","s","8000","8300","630000","2023-12-08T04:08:23.864Z","2023-12-08T04:08:23.864Z"
156395230,"TC6","1702008148","b","100","8400","622000","2023-12-08T04:02:29.849Z","2023-12-08T04:02:29.849Z"
156393180,"TC6","1702008043","b","300","8400","621900","2023-12-08T04:00:45.861Z","2023-12-08T04:00:45.861Z"
156391602,"TC6","1702007968","b","1600","8400","621600","2023-12-08T03:59:30.850Z","2023-12-08T03:59:30.850Z"
156391001,"TC6","1702007939","b","500","8400","620000","2023-12-08T03:59:00.877Z","2023-12-08T03:59:00.877Z"
156388467,"TC6","1702007796","b","100","8400","619500","2023-12-08T03:56:37.860Z","2023-12-08T03:56:37.860Z"
156386538,"TC6","1702007684","b","600","8400","619400","2023-12-08T03:54:45.853Z","2023-12-08T03:54:45.853Z"
156385226,"TC6","1702007611","b","300","8400","618800","2023-12-08T03:53:32.846Z","2023-12-08T03:53:32.846Z"
156384800,"TC6","1702007587","b","3000","8400","618500","2023-12-08T03:53:08.922Z","2023-12-08T03:53:08.922Z"
156381913,"TC6","1702007446","b","20000","8400","615500","2023-12-08T03:50:47.847Z","2023-12-08T03:50:47.847Z"
156371038,"TC6","1702006988","b","1100","8400","595500","2023-12-08T03:43:08.840Z","2023-12-08T03:43:08.840Z"
156370262,"TC6","1702006960","b","1600","8400","594400","2023-12-08T03:42:41.879Z","2023-12-08T03:42:41.879Z"
156367715,"TC6","1702006838","b","25500","8400","592800","2023-12-08T03:40:38.853Z","2023-12-08T03:40:38.853Z"
156351290,"TC6","1702005996","b","100","8400","567300","2023-12-08T03:26:38.826Z","2023-12-08T03:26:38.826Z"
156348104,"TC6","1702005843","b","100","8400","567200","2023-12-08T03:24:05.817Z","2023-12-08T03:24:05.817Z"
156346429,"TC6","1702005764","b","4700","8400","567100","2023-12-08T03:22:45.821Z","2023-12-08T03:22:45.821Z"
156336796,"TC6","1702005301","b","500","8400","562400","2023-12-08T03:15:02.813Z","2023-12-08T03:15:02.813Z"
156331942,"TC6","1702005119","b","300","8400","561900","2023-12-08T03:12:00.791Z","2023-12-08T03:12:00.791Z"
156331426,"TC6","1702005091","b","3000","8400","561600","2023-12-08T03:11:32.797Z","2023-12-08T03:11:32.797Z"
156331222,"TC6","1702005082","b","3000","8400","558600","2023-12-08T03:11:23.803Z","2023-12-08T03:11:23.803Z"
156330907,"TC6","1702005069","b","500","8400","555600","2023-12-08T03:11:10.785Z","2023-12-08T03:11:10.785Z"
156329739,"TC6","1702005020","b","500","8400","555100","2023-12-08T03:10:21.784Z","2023-12-08T03:10:21.784Z"
156328290,"TC6","1702004958","b","1600","8400","554600","2023-12-08T03:09:19.793Z","2023-12-08T03:09:19.793Z"
156327133,"TC6","1702004904","b","1500","8400","553000","2023-12-08T03:08:24.776Z","2023-12-08T03:08:24.776Z"
156326899,"TC6","1702004891","b","100","8400","551500","2023-12-08T03:08:13.775Z","2023-12-08T03:08:13.775Z"
156326207,"TC6","1702004851","b","2200","8400","551400","2023-12-08T03:07:31.774Z","2023-12-08T03:07:31.774Z"
156325601,"TC6","1702004815","b","500","8400","549200","2023-12-08T03:06:57.826Z","2023-12-08T03:06:57.826Z"
156325359,"TC6","1702004800","b","200","8400","548700","2023-12-08T03:06:41.773Z","2023-12-08T03:06:41.773Z"
156323206,"TC6","1702004695","b","200","8400","548500","2023-12-08T03:04:56.761Z","2023-12-08T03:04:56.761Z"
156323090,"TC6","1702004690","b","100","8400","548300","2023-12-08T03:04:51.798Z","2023-12-08T03:04:51.798Z"
156322758,"TC6","1702004677","b","600","8400","548200","2023-12-08T03:04:39.778Z","2023-12-08T03:04:39.778Z"
156322481,"TC6","1702004660","b","300","8400","547600","2023-12-08T03:04:22.762Z","2023-12-08T03:04:22.762Z"
156322282,"TC6","1702004649","b","1600","8400","547300","2023-12-08T03:04:11.770Z","2023-12-08T03:04:11.770Z"
156322139,"TC6","1702004642","b","30000","8400","545700","2023-12-08T03:04:04.757Z","2023-12-08T03:04:04.757Z"
156317766,"TC6","1702004459","b","100","8400","515700","2023-12-08T03:01:01.776Z","2023-12-08T03:01:01.776Z"
156316946,"TC6","1702004426","b","500","8400","515600","2023-12-08T03:00:28.766Z","2023-12-08T03:00:28.766Z"
156315446,"TC6","1702004368","b","2200","8400","515100","2023-12-08T02:59:30.766Z","2023-12-08T02:59:30.766Z"
156315372,"TC6","1702004365","b","2000","8400","512900","2023-12-08T02:59:27.764Z","2023-12-08T02:59:27.764Z"
156315208,"TC6","1702004360","b","400","8400","510900","2023-12-08T02:59:22.754Z","2023-12-08T02:59:22.754Z"
156315136,"TC6","1702004357","b","10000","8400","510500","2023-12-08T02:59:19.758Z","2023-12-08T02:59:19.758Z"
156315096,"TC6","1702004355","b","2000","8400","500500","2023-12-08T02:59:17.767Z","2023-12-08T02:59:17.767Z"
156315051,"TC6","1702004353","b","1300","8400","498500","2023-12-08T02:59:15.767Z","2023-12-08T02:59:15.767Z"
156314820,"TC6","1702004344","b","3000","8400","497200","2023-12-08T02:59:06.780Z","2023-12-08T02:59:06.780Z"
156314619,"TC6","1702004338","b","5000","8400","494200","2023-12-08T02:58:59.759Z","2023-12-08T02:58:59.759Z"
156314491,"TC6","1702004335","b","5300","8400","489200","2023-12-08T02:58:56.784Z","2023-12-08T02:58:56.784Z"
156314454,"TC6","1702004334","b","2000","8400","483900","2023-12-08T02:58:55.751Z","2023-12-08T02:58:55.751Z"
156314268,"TC6","1702004327","b","3000","8400","481900","2023-12-08T02:58:48.762Z","2023-12-08T02:58:48.762Z"
156313987,"TC6","1702004316","b","4000","8400","478900","2023-12-08T02:58:37.755Z","2023-12-08T02:58:37.755Z"
156313971,"TC6","1702004315","b","1900","8400","474900","2023-12-08T02:58:36.752Z","2023-12-08T02:58:36.752Z"
156313942,"TC6","1702004313","b","12000","8400","473000","2023-12-08T02:58:34.767Z","2023-12-08T02:58:34.767Z"
156313386,"TC6","1702004294","b","3000","8400","461000","2023-12-08T02:58:16.762Z","2023-12-08T02:58:16.762Z"
156313339,"TC6","1702004292","b","1000","8400","458000","2023-12-08T02:58:14.759Z","2023-12-08T02:58:14.759Z"
156312824,"TC6","1702004276","b","3000","8400","457000","2023-12-08T02:57:57.786Z","2023-12-08T02:57:57.786Z"
156312583,"TC6","1702004266","b","15000","8400","454000","2023-12-08T02:57:47.759Z","2023-12-08T02:57:47.759Z"
156312136,"TC6","1702004251","b","1000","8400","439000","2023-12-08T02:57:32.758Z","2023-12-08T02:57:32.758Z"
156311464,"TC6","1702004232","b","600","8400","438000","2023-12-08T02:57:14.754Z","2023-12-08T02:57:14.754Z"
156310698,"TC6","1702004200","b","31700","8400","437400","2023-12-08T02:56:41.805Z","2023-12-08T02:56:41.805Z"
156306589,"TC6","1702004083","b","8000","8400","405700","2023-12-08T02:54:44.774Z","2023-12-08T02:54:44.774Z"
156306208,"TC6","1702004073","b","800","8400","397700","2023-12-08T02:54:34.757Z","2023-12-08T02:54:34.757Z"
156305841,"TC6","1702004063","b","500","8400","396900","2023-12-08T02:54:24.763Z","2023-12-08T02:54:24.763Z"
156305314,"TC6","1702004046","b","10000","8400","396400","2023-12-08T02:54:08.759Z","2023-12-08T02:54:08.759Z"
156303479,"TC6","1702003993","b","200","8400","386400","2023-12-08T02:53:15.762Z","2023-12-08T02:53:15.762Z"
156297253,"TC6","1702003787","b","200","8400","386200","2023-12-08T02:49:49.740Z","2023-12-08T02:49:49.740Z"
156293856,"TC6","1702003655","b","300","8400","386000","2023-12-08T02:47:36.766Z","2023-12-08T02:47:36.766Z"
156291905,"TC6","1702003587","b","500","8400","385700","2023-12-08T02:46:28.746Z","2023-12-08T02:46:28.746Z"
156289247,"TC6","1702003507","b","3000","8400","385200","2023-12-08T02:45:08.733Z","2023-12-08T02:45:08.733Z"
156288927,"TC6","1702003494","b","400","8400","382200","2023-12-08T02:44:55.783Z","2023-12-08T02:44:55.783Z"
156285362,"TC6","1702003364","b","500","8400","381800","2023-12-08T02:42:45.735Z","2023-12-08T02:42:45.735Z"
