"id","symbol","truncTime","matchType","matchVol","matchPrice","accumulatedVolume","createdAt","updatedAt"
156661600,"TIP","1702021490","unknown","6200","25400","220100","2023-12-08T07:45:05.044Z","2023-12-08T07:45:05.044Z"
156660432,"TIP","1702020585","b","1500","25350","218600","2023-12-08T07:29:58.964Z","2023-12-08T07:29:58.964Z"
156658850,"TIP","1702020561","b","500","25350","218100","2023-12-08T07:29:36.000Z","2023-12-08T07:29:36.000Z"
156656024,"TIP","1702020521","b","1700","25250","215900","2023-12-08T07:28:55.985Z","2023-12-08T07:28:55.985Z"
156656023,"TIP","1702020521","b","300","25250","215900","2023-12-08T07:28:55.985Z","2023-12-08T07:28:55.985Z"
156656022,"TIP","1702020521","b","200","25250","215900","2023-12-08T07:28:55.985Z","2023-12-08T07:28:55.985Z"
156655832,"TIP","1702020518","b","100","25250","215900","2023-12-08T07:28:52.969Z","2023-12-08T07:28:52.969Z"
156655402,"TIP","1702020511","b","200","25250","215600","2023-12-08T07:28:46.023Z","2023-12-08T07:28:46.023Z"
156655177,"TIP","1702020508","b","300","25250","215300","2023-12-08T07:28:44.000Z","2023-12-08T07:28:44.000Z"
156654159,"TIP","1702020492","s","100","25200","215200","2023-12-08T07:28:27.092Z","2023-12-08T07:28:27.092Z"
156651525,"TIP","1702020458","b","700","25200","214500","2023-12-08T07:27:52.011Z","2023-12-08T07:27:52.011Z"
156651429,"TIP","1702020457","b","300","25200","214200","2023-12-08T07:27:52.011Z","2023-12-08T07:27:52.011Z"
156651395,"TIP","1702020457","b","1000","25200","212200","2023-12-08T07:27:50.994Z","2023-12-08T07:27:50.994Z"
156651394,"TIP","1702020457","b","1000","25200","212200","2023-12-08T07:27:50.994Z","2023-12-08T07:27:50.994Z"
156651038,"TIP","1702020452","b","100","25200","212100","2023-12-08T07:27:46.996Z","2023-12-08T07:27:46.996Z"
156650940,"TIP","1702020450","s","900","25150","211100","2023-12-08T07:27:45.042Z","2023-12-08T07:27:45.042Z"
156650939,"TIP","1702020450","s","100","25150","211100","2023-12-08T07:27:45.042Z","2023-12-08T07:27:45.042Z"
156649621,"TIP","1702020437","b","700","25200","210400","2023-12-08T07:27:32.117Z","2023-12-08T07:27:32.117Z"
156649216,"TIP","1702020432","s","100","25150","210300","2023-12-08T07:27:27.069Z","2023-12-08T07:27:27.069Z"
156648567,"TIP","1702020425","b","600","25200","209700","2023-12-08T07:27:20.012Z","2023-12-08T07:27:20.012Z"
156647064,"TIP","1702020412","b","200","25150","209500","2023-12-08T07:27:07.059Z","2023-12-08T07:27:07.059Z"
156646883,"TIP","1702020409","b","100","25150","209400","2023-12-08T07:27:04.034Z","2023-12-08T07:27:04.034Z"
156646427,"TIP","1702020404","s","500","25100","208900","2023-12-08T07:27:00.027Z","2023-12-08T07:27:00.027Z"
156645900,"TIP","1702020399","s","300","25100","208600","2023-12-08T07:26:53.001Z","2023-12-08T07:26:53.001Z"
156645427,"TIP","1702020394","b","2000","25150","206600","2023-12-08T07:26:49.130Z","2023-12-08T07:26:49.130Z"
156645361,"TIP","1702020393","s","200","25100","206400","2023-12-08T07:26:48.122Z","2023-12-08T07:26:48.122Z"
156645186,"TIP","1702020392","s","2000","25100","204400","2023-12-08T07:26:47.026Z","2023-12-08T07:26:47.026Z"
156644294,"TIP","1702020383","s","3000","25150","201400","2023-12-08T07:26:38.001Z","2023-12-08T07:26:38.001Z"
156643937,"TIP","1702020379","b","200","25150","200700","2023-12-08T07:26:33.968Z","2023-12-08T07:26:33.968Z"
156643936,"TIP","1702020379","b","500","25150","200700","2023-12-08T07:26:33.968Z","2023-12-08T07:26:33.968Z"
156643425,"TIP","1702020375","b","100","25150","200600","2023-12-08T07:26:29.973Z","2023-12-08T07:26:29.973Z"
156642280,"TIP","1702020365","b","2000","25150","198600","2023-12-08T07:26:20.019Z","2023-12-08T07:26:20.019Z"
156638310,"TIP","1702020334","s","200","25000","193600","2023-12-08T07:25:48.994Z","2023-12-08T07:25:48.994Z"
156638309,"TIP","1702020334","s","100","25050","193600","2023-12-08T07:25:48.994Z","2023-12-08T07:25:48.994Z"
156638308,"TIP","1702020334","s","2000","25050","193600","2023-12-08T07:25:48.994Z","2023-12-08T07:25:48.994Z"
156638307,"TIP","1702020334","s","200","25050","193600","2023-12-08T07:25:48.994Z","2023-12-08T07:25:48.994Z"
156638306,"TIP","1702020334","s","1000","25050","193600","2023-12-08T07:25:48.994Z","2023-12-08T07:25:48.994Z"
156638305,"TIP","1702020334","s","1000","25050","193600","2023-12-08T07:25:48.994Z","2023-12-08T07:25:48.994Z"
156638304,"TIP","1702020334","s","400","25100","193600","2023-12-08T07:25:48.994Z","2023-12-08T07:25:48.994Z"
156638303,"TIP","1702020334","s","100","25100","193600","2023-12-08T07:25:48.994Z","2023-12-08T07:25:48.994Z"
156637212,"TIP","1702020326","b","100","25100","193500","2023-12-08T07:25:41.024Z","2023-12-08T07:25:41.024Z"
156636928,"TIP","1702020324","s","600","25100","192900","2023-12-08T07:25:39.022Z","2023-12-08T07:25:39.022Z"
156635321,"TIP","1702020312","s","400","25100","189900","2023-12-08T07:25:26.989Z","2023-12-08T07:25:26.989Z"
156635320,"TIP","1702020312","s","100","25100","189900","2023-12-08T07:25:26.989Z","2023-12-08T07:25:26.989Z"
156635319,"TIP","1702020312","s","2000","25100","189900","2023-12-08T07:25:26.989Z","2023-12-08T07:25:26.989Z"
156635318,"TIP","1702020312","s","200","25100","189900","2023-12-08T07:25:26.989Z","2023-12-08T07:25:26.989Z"
156635317,"TIP","1702020312","s","100","25100","189900","2023-12-08T07:25:26.989Z","2023-12-08T07:25:26.989Z"
156635316,"TIP","1702020312","s","200","25100","189900","2023-12-08T07:25:26.989Z","2023-12-08T07:25:26.989Z"
156634890,"TIP","1702020308","s","200","25150","189500","2023-12-08T07:25:24.052Z","2023-12-08T07:25:24.052Z"
156634889,"TIP","1702020308","s","200","25150","189500","2023-12-08T07:25:24.052Z","2023-12-08T07:25:24.052Z"
156632383,"TIP","1702020292","s","800","25150","186500","2023-12-08T07:25:07.036Z","2023-12-08T07:25:07.036Z"
156632382,"TIP","1702020292","s","1000","25150","186500","2023-12-08T07:25:07.036Z","2023-12-08T07:25:07.036Z"
156632381,"TIP","1702020292","s","1200","25150","186500","2023-12-08T07:25:07.036Z","2023-12-08T07:25:07.036Z"
156628762,"TIP","1702020270","b","100","25200","186400","2023-12-08T07:24:45.053Z","2023-12-08T07:24:45.053Z"
156627644,"TIP","1702020262","b","100","25200","186400","2023-12-08T07:24:37.045Z","2023-12-08T07:24:37.045Z"
156626850,"TIP","1702020257","b","200","25200","186100","2023-12-08T07:24:32.980Z","2023-12-08T07:24:32.980Z"
156624598,"TIP","1702020245","b","100","25200","186000","2023-12-08T07:24:20.019Z","2023-12-08T07:24:20.019Z"
156623851,"TIP","1702020240","b","100","25200","185900","2023-12-08T07:24:14.999Z","2023-12-08T07:24:14.999Z"
156623700,"TIP","1702020238","s","100","25150","185800","2023-12-08T07:24:13.116Z","2023-12-08T07:24:13.116Z"
156621258,"TIP","1702020221","s","1100","25150","184700","2023-12-08T07:23:55.975Z","2023-12-08T07:23:55.975Z"
156620410,"TIP","1702020215","s","200","25200","182300","2023-12-08T07:23:49.977Z","2023-12-08T07:23:49.977Z"
156620409,"TIP","1702020215","s","2200","25200","182300","2023-12-08T07:23:49.977Z","2023-12-08T07:23:49.977Z"
156618397,"TIP","1702020204","s","500","25200","181800","2023-12-08T07:23:40.023Z","2023-12-08T07:23:40.023Z"
156618005,"TIP","1702020202","s","300","25200","181500","2023-12-08T07:23:37.042Z","2023-12-08T07:23:37.042Z"
156615626,"TIP","1702020188","s","400","25250","180800","2023-12-08T07:23:23.043Z","2023-12-08T07:23:23.043Z"
156615625,"TIP","1702020188","s","200","25250","180800","2023-12-08T07:23:23.043Z","2023-12-08T07:23:23.043Z"
156615624,"TIP","1702020188","s","100","25250","180800","2023-12-08T07:23:23.043Z","2023-12-08T07:23:23.043Z"
156612270,"TIP","1702020169","b","100","25400","180700","2023-12-08T07:23:05.167Z","2023-12-08T07:23:05.167Z"
156593326,"TIP","1702019900","s","2000","25400","178700","2023-12-08T07:18:33.976Z","2023-12-08T07:18:33.976Z"
156585404,"TIP","1702019674","b","100","25500","175700","2023-12-08T07:14:48.949Z","2023-12-08T07:14:48.949Z"
156585403,"TIP","1702019674","b","2700","25450","175700","2023-12-08T07:14:48.949Z","2023-12-08T07:14:48.949Z"
156585402,"TIP","1702019674","b","200","25450","175700","2023-12-08T07:14:48.949Z","2023-12-08T07:14:48.949Z"
156572410,"TIP","1702019365","b","100","25500","175300","2023-12-08T07:09:39.962Z","2023-12-08T07:09:39.962Z"
156572409,"TIP","1702019365","b","200","25450","175300","2023-12-08T07:09:39.962Z","2023-12-08T07:09:39.962Z"
156572408,"TIP","1702019365","b","100","25450","175300","2023-12-08T07:09:39.962Z","2023-12-08T07:09:39.962Z"
156571516,"TIP","1702019352","b","600","25150","174700","2023-12-08T07:09:27.010Z","2023-12-08T07:09:27.010Z"
156571502,"TIP","1702019352","b","700","25150","174000","2023-12-08T07:09:27.010Z","2023-12-08T07:09:27.010Z"
156571179,"TIP","1702019347","b","300","25150","174000","2023-12-08T07:09:22.967Z","2023-12-08T07:09:22.967Z"
156570884,"TIP","1702019343","b","500","25150","173700","2023-12-08T07:09:17.955Z","2023-12-08T07:09:17.955Z"
156570645,"TIP","1702019339","b","300","25150","172900","2023-12-08T07:09:13.941Z","2023-12-08T07:09:13.941Z"
156570164,"TIP","1702019331","b","200","25150","172700","2023-12-08T07:09:05.026Z","2023-12-08T07:09:05.026Z"
156568022,"TIP","1702019302","b","200","25150","172400","2023-12-08T07:08:37.086Z","2023-12-08T07:08:37.086Z"
156568021,"TIP","1702019302","b","100","25150","172400","2023-12-08T07:08:37.086Z","2023-12-08T07:08:37.086Z"
156567650,"TIP","1702019298","s","500","25150","170200","2023-12-08T07:08:32.003Z","2023-12-08T07:08:32.003Z"
156567649,"TIP","1702019298","s","900","25150","170200","2023-12-08T07:08:32.003Z","2023-12-08T07:08:32.003Z"
156567648,"TIP","1702019298","s","800","25150","170200","2023-12-08T07:08:32.003Z","2023-12-08T07:08:32.003Z"
156565923,"TIP","1702019276","s","600","25150","168200","2023-12-08T07:08:11.044Z","2023-12-08T07:08:11.044Z"
156565922,"TIP","1702019276","s","300","25150","168200","2023-12-08T07:08:11.044Z","2023-12-08T07:08:11.044Z"
156565921,"TIP","1702019276","s","400","25150","168200","2023-12-08T07:08:11.044Z","2023-12-08T07:08:11.044Z"
156565920,"TIP","1702019276","s","100","25150","168200","2023-12-08T07:08:11.044Z","2023-12-08T07:08:11.044Z"
156565919,"TIP","1702019276","s","100","25150","168200","2023-12-08T07:08:11.044Z","2023-12-08T07:08:11.044Z"
156565918,"TIP","1702019276","s","500","25150","168200","2023-12-08T07:08:11.044Z","2023-12-08T07:08:11.044Z"
156560956,"TIP","1702019231","s","1100","25150","167100","2023-12-08T07:07:26.093Z","2023-12-08T07:07:26.093Z"
156557871,"TIP","1702019202","s","3900","25150","162100","2023-12-08T07:06:57.014Z","2023-12-08T07:06:57.014Z"
156557870,"TIP","1702019202","s","500","25150","162100","2023-12-08T07:06:57.014Z","2023-12-08T07:06:57.014Z"
156557869,"TIP","1702019202","s","600","25150","162100","2023-12-08T07:06:57.014Z","2023-12-08T07:06:57.014Z"
156557421,"TIP","1702019197","s","400","25150","161100","2023-12-08T07:06:51.974Z","2023-12-08T07:06:51.974Z"
156557420,"TIP","1702019197","s","200","25200","161100","2023-12-08T07:06:51.974Z","2023-12-08T07:06:51.974Z"
156557419,"TIP","1702019197","s","100","25200","161100","2023-12-08T07:06:51.974Z","2023-12-08T07:06:51.974Z"
156557418,"TIP","1702019197","s","200","25250","161100","2023-12-08T07:06:51.974Z","2023-12-08T07:06:51.974Z"
