"price","change","match_qtty","side","time","total_vol"
18900,0,1000,"sd","09:00:07",1000
19000,100,5000,"sd","09:00:17",6000
19000,100,2000,"bu","09:00:18",13000
19100,200,40000,"bu","09:00:22",53000
19100,200,40000,"sd","09:00:22",93000
19000,100,4000,"bu","09:00:25",97000
19000,100,1000,"bu","09:00:27",98000
19000,100,3000,"sd","09:00:29",101000
19000,100,1000,"sd","09:00:31",102000
19000,100,20000,"sd","09:00:36",122000
19000,100,40000,"sd","09:00:40",162000
19000,100,237000,"sd","09:00:42",399000
19100,200,100000,"bu","09:01:23",499000
19100,200,40000,"sd","09:01:40",539000
19100,200,10000,"bu","09:02:02",549000
19100,200,10000,"sd","09:02:08",549000
19100,200,10000,"sd","09:02:08",559000
19100,200,10000,"sd","09:02:08",559000
19100,200,1000,"sd","09:02:32",560000
19000,100,2000,"bu","09:03:00",562000
19100,200,1000,"bu","09:03:31",563000
19000,100,12000,"bu","09:03:49",575000
19000,100,1000,"sd","09:04:55",576000
19100,200,5000,"sd","09:05:40",581000
19000,100,100000,"bu","09:06:28",681000
19000,100,1000,"sd","09:06:43",682000
19000,100,7000,"sd","09:07:40",689000
19000,100,500000,"bu","09:08:00",1189000
19000,100,10000,"bu","09:08:03",1199000
19000,100,840000,"sd","09:08:09",2039000
19000,100,54000,"bu","09:08:15",2093000
19000,100,1000,"sd","09:08:26",2094000
19000,100,65000,"bu","09:08:27",2159000
19000,100,10000,"sd","09:08:42",2169000
19000,100,1000,"sd","09:08:55",2170000
19000,100,2000,"bu","09:09:23",2172000
19000,100,7000,"bu","09:09:29",2179000
19000,100,20000,"bu","09:09:35",2199000
19000,100,10000,"sd","09:09:36",2209000
19000,100,10000,"bu","09:10:04",2219000
19000,100,2000,"sd","09:10:30",2221000
19000,100,2000,"bu","09:10:58",2223000
19000,100,40000,"bu","09:11:02",2263000
19000,100,10000,"bu","09:11:17",2273000
19000,100,100000,"sd","09:11:28",2373000
19000,100,1000,"bu","09:11:42",2374000
19000,100,5000,"sd","09:11:47",2379000
19000,100,400000,"sd","09:11:53",2779000
19000,100,5000,"bu","09:11:54",2784000
19000,100,20000,"sd","09:11:56",2804000
19000,100,4000,"bu","09:12:01",2808000
19000,100,1000,"bu","09:12:07",2809000
19000,100,5000,"sd","09:12:13",2814000
19000,100,3000,"sd","09:12:55",2817000
19100,200,3000,"bu","09:13:49",2820000
19000,100,3000,"bu","09:14:09",2823000
19000,100,5000,"bu","09:14:25",2828000
19100,200,50000,"bu","09:15:04",2878000
19000,100,1000,"sd","09:15:05",2879000
19000,100,460000,"bu","09:16:04",3339000
19000,100,25000,"bu","09:16:21",3364000
19000,100,30000,"sd","09:16:22",3394000
19000,100,4000,"sd","09:16:23",3398000
19000,100,15000,"bu","09:16:39",3413000
19000,100,13000,"bu","09:17:11",3426000
19000,100,20000,"bu","09:17:30",3446000
19000,100,300000,"sd","09:17:37",3746000
19000,100,2000,"bu","09:18:14",3748000
19000,100,3000,"bu","09:18:15",3751000
19000,100,4000,"bu","09:18:16",3755000
19000,100,5000,"bu","09:18:23",3760000
19000,100,10000,"bu","09:18:24",3770000
19100,200,50000,"bu","09:18:26",3820000
19000,100,19000,"sd","09:18:29",3839000
19000,100,3000,"bu","09:18:40",3842000
19000,100,5000,"bu","09:18:55",3847000
19000,100,1000,"sd","09:19:00",3848000
19000,100,5000,"sd","09:19:13",3853000
19000,100,1000,"bu","09:19:14",3854000
19000,100,100000,"bu","09:19:31",3954000
19000,100,28000,"sd","09:19:40",3982000
19100,200,5000,"bu","09:20:03",3987000
19000,100,10000,"bu","09:20:10",3997000
19000,100,1000,"sd","09:20:35",3998000
19000,100,100000,"sd","09:20:51",4098000
19000,100,30000,"sd","09:20:56",4128000
19000,100,25000,"sd","09:21:03",4153000
19000,100,1000,"sd","09:21:05",4154000
19000,100,24000,"sd","09:21:06",4178000
19000,100,3000,"sd","09:21:43",4181000
19000,100,1000,"bu","09:22:02",4182000
19000,100,2000,"sd","09:22:09",4184000
19000,100,20000,"sd","09:22:46",4204000
19000,100,50000,"bu","09:22:58",4254000
19000,100,1000,"sd","09:23:19",4255000
18900,0,1000,"sd","09:23:28",4256000
18900,0,1000,"bu","09:23:53",4257000
19000,100,1000,"sd","09:24:06",4258000
18900,0,33000,"sd","09:24:07",4291000
19000,100,1000,"sd","09:24:19",4292000
19000,100,1000,"sd","09:24:32",4293000
19000,100,1000,"sd","09:24:38",4294000
18900,0,10000,"bu","09:24:46",4304000
19000,100,1000,"sd","09:24:53",4305000
18900,0,1000,"bu","09:25:07",4306000
19000,100,1000,"sd","09:25:11",4307000
19000,100,1000,"sd","09:25:26",4308000
19000,100,10000,"bu","09:25:50",4318000
19000,100,16000,"sd","09:25:51",4334000
19000,100,20000,"bu","09:26:02",4354000
19000,100,8000,"bu","09:26:18",4362000
19000,100,5000,"sd","09:26:34",4367000
18900,0,1000,"sd","09:26:58",4368000
18900,0,8000,"bu","09:27:34",4376000
19000,100,15000,"sd","09:28:36",4391000
19000,100,1000,"sd","09:30:01",4392000
19000,100,30000,"sd","09:30:03",4422000
19000,100,2000,"sd","09:30:25",4424000
19000,100,100000,"bu","09:30:47",4524000
19000,100,2000,"sd","09:30:55",4526000
19000,100,1000,"sd","09:31:19",4527000
19000,100,100000,"bu","09:31:55",4627000
19000,100,1000,"bu","09:32:28",4628000
19000,100,1000,"sd","09:32:33",4629000
19000,100,5000,"sd","09:32:55",4634000
19000,100,5000,"sd","09:33:49",4639000
19000,100,1000,"bu","09:34:06",4640000
19000,100,1000,"bu","09:34:20",4641000
18900,0,1000,"sd","09:34:36",4642000
19000,100,1000,"bu","09:34:43",4643000
19000,100,1000,"sd","09:34:51",4644000
19000,100,5000,"sd","09:35:10",4649000
18900,0,50000,"bu","09:35:29",4699000
18900,0,31000,"sd","09:36:36",4730000
19000,100,5000,"bu","09:38:06",4735000
18900,0,2000,"sd","09:38:54",4737000
18900,0,10000,"sd","09:39:09",4747000
19000,100,3000,"sd","09:39:24",4750000
19000,100,5000,"sd","09:41:02",4755000
18900,0,1000,"bu","09:41:10",4756000
18900,0,8000,"bu","09:41:38",4764000
18900,0,4000,"bu","09:41:42",4768000
18900,0,3000,"sd","09:41:50",4771000
18900,0,79000,"sd","09:42:06",4850000
18900,0,10000,"sd","09:42:42",4860000
19000,100,10000,"bu","09:42:47",4870000
19000,100,10000,"sd","09:43:42",4880000
18900,0,100000,"bu","09:44:04",4980000
18900,0,2000,"bu","09:44:22",4982000
18900,0,500000,"sd","09:44:28",5482000
18900,0,50000,"sd","09:44:47",5532000
18900,0,20000,"bu","09:44:58",5552000
18900,0,7000,"bu","09:45:17",5559000
18900,0,100000,"sd","09:45:20",5659000
18900,0,10000,"bu","09:45:27",5669000
19000,100,50000,"bu","09:45:32",5719000
18900,0,2000,"bu","09:45:36",5721000
18900,0,80000,"bu","09:45:41",5801000
18900,0,8000,"sd","09:45:55",5809000
18900,0,10000,"bu","09:46:01",5819000
18900,0,10000,"bu","09:46:24",5829000
18900,0,1000,"bu","09:46:26",5830000
18900,0,10000,"sd","09:46:29",5840000
18900,0,10000,"sd","09:46:33",5850000
18900,0,85000,"bu","09:46:35",5935000
18900,0,1000,"bu","09:46:36",5936000
18900,0,80000,"sd","09:46:57",6016000
18900,0,20000,"bu","09:46:58",6036000
18900,0,10000,"sd","09:47:04",6046000
18900,0,5000,"sd","09:47:12",6051000
18900,0,90000,"sd","09:47:19",6141000
18900,0,10000,"sd","09:47:32",6151000
18900,0,20000,"sd","09:47:36",6171000
18900,0,50000,"bu","09:47:44",6221000
18900,0,5000,"sd","09:48:26",6226000
18900,0,20000,"bu","09:48:29",6246000
18900,0,40000,"bu","09:48:51",6286000
18900,0,52000,"bu","09:48:58",6338000
18900,0,20000,"sd","09:49:01",6358000
18900,0,21000,"bu","09:49:05",6379000
18900,0,10000,"bu","09:49:06",6389000
18900,0,20000,"sd","09:49:09",6409000
18900,0,41000,"bu","09:49:18",6450000
18900,0,10000,"bu","09:49:33",6460000
18900,0,70000,"bu","09:49:44",6530000
18900,0,2000,"bu","09:49:52",6532000
18900,0,200000,"bu","09:50:17",6732000
18900,0,30000,"bu","09:50:30",6762000
18900,0,100000,"sd","09:50:35",6862000
18900,0,40000,"sd","09:50:39",6902000
18900,0,54000,"sd","09:50:42",6956000
18900,0,1000,"sd","09:50:50",6957000
18900,0,10000,"sd","09:50:57",6967000
18900,0,2000,"sd","09:50:59",6969000
18900,0,40000,"bu","09:51:05",7009000
18900,0,255000,"sd","09:51:07",7264000
18900,0,50000,"sd","09:51:10",7314000
18900,0,5000,"sd","09:51:16",7319000
18900,0,5000,"bu","09:51:17",7324000
18900,0,1000,"bu","09:51:19",7325000
18900,0,5000,"bu","09:51:21",7330000
18900,0,80000,"bu","09:51:23",7410000
18900,0,10000,"sd","09:51:26",7420000
18900,0,50000,"sd","09:51:29",7470000
18900,0,2000,"sd","09:51:30",7472000
18900,0,1000,"sd","09:51:36",7473000
18900,0,70000,"bu","09:51:38",7543000
18900,0,61000,"sd","09:51:58",7604000
18900,0,9000,"bu","09:52:02",7613000
18900,0,1000,"sd","09:52:27",7614000
18900,0,10000,"bu","09:52:31",7624000
18800,-100,100000,"bu","09:54:27",7724000
18800,-100,31000,"sd","09:54:29",7755000
18900,0,300000,"sd","09:54:46",8055000
18800,-100,6000,"bu","09:54:50",8061000
18800,-100,100000,"bu","09:54:54",8161000
18800,-100,17000,"bu","09:55:25",8178000
18800,-100,2000,"bu","09:55:40",8180000
18800,-100,2000,"sd","09:55:51",8182000
18800,-100,20000,"bu","09:56:00",8202000
18900,0,13000,"sd","09:56:05",8215000
18900,0,36000,"sd","09:56:11",8251000
18900,0,1000,"sd","09:56:21",8252000
18900,0,1000,"bu","09:56:24",8253000
18900,0,1000,"bu","09:56:30",8254000
18900,0,5000,"bu","09:56:35",8259000
18900,0,5000,"bu","09:56:36",8264000
18900,0,1000,"bu","09:56:42",8265000
18900,0,5000,"bu","09:56:44",8270000
18900,0,3000,"sd","09:56:45",8273000
18800,-100,200000,"sd","09:56:53",8473000
18900,0,68000,"sd","09:58:02",8541000
18900,0,5000,"bu","09:58:07",8546000
18900,0,27000,"sd","09:58:14",8573000
18900,0,20000,"sd","09:58:48",8593000
18900,0,2000,"bu","09:58:53",8595000
18900,0,65000,"bu","09:58:56",8660000
18900,0,3000,"sd","09:59:04",8663000
18900,0,21000,"sd","09:59:26",8684000
18900,0,15000,"bu","09:59:46",8699000
18900,0,30000,"bu","09:59:50",8729000
18900,0,29000,"bu","10:00:36",8758000
18900,0,10000,"bu","10:00:39",8768000
18900,0,2000,"sd","10:00:53",8770000
18900,0,20000,"sd","10:01:01",8790000
18900,0,11000,"sd","10:01:31",8801000
18900,0,1000,"sd","10:02:08",8802000
18900,0,7000,"sd","10:02:23",8809000
19000,100,10000,"sd","10:04:01",8819000
19000,100,20000,"bu","10:04:15",8839000
18900,0,100000,"sd","10:04:40",8939000
18900,0,8000,"sd","10:05:24",8947000
18900,0,10000,"sd","10:05:34",8957000
18900,0,20000,"bu","10:07:18",8977000
18900,0,3000,"bu","10:07:28",8980000
18900,0,40000,"bu","10:07:56",9020000
18900,0,15000,"bu","10:10:39",9035000
18900,0,4000,"bu","10:11:42",9039000
18900,0,50000,"bu","10:11:43",9089000
18900,0,50000,"sd","10:11:52",9139000
18900,0,100000,"sd","10:12:36",9239000
18900,0,35000,"sd","10:12:57",9274000
18900,0,5000,"sd","10:13:09",9279000
18900,0,1000,"bu","10:13:29",9280000
18900,0,12000,"bu","10:13:39",9292000
18900,0,7000,"bu","10:13:56",9299000
18900,0,2000,"bu","10:14:31",9301000
18900,0,1000,"bu","10:14:38",9302000
18900,0,20000,"bu","10:14:41",9322000
18900,0,30000,"bu","10:15:39",9352000
18900,0,5000,"sd","10:16:07",9357000
18900,0,20000,"sd","10:16:26",9377000
18800,-100,8000,"bu","10:16:54",9385000
18900,0,15000,"sd","10:17:06",9400000
18900,0,10000,"bu","10:17:15",9410000
18900,0,5000,"sd","10:17:23",9415000
18900,0,1000,"bu","10:17:29",9416000
18900,0,5000,"bu","10:17:46",9421000
18900,0,37000,"bu","10:17:47",9458000
18900,0,1000,"sd","10:17:50",9459000
18900,0,15000,"bu","10:17:58",9474000
18900,0,100000,"bu","10:18:54",9574000
18900,0,50000,"sd","10:19:01",9624000
18900,0,2000,"bu","10:19:06",9626000
18900,0,2000,"sd","10:19:14",9628000
18900,0,2000,"sd","10:19:20",9630000
18900,0,20000,"bu","10:19:27",9650000
18900,0,6000,"sd","10:20:08",9656000
18900,0,4000,"sd","10:20:53",9660000
18900,0,1000,"sd","10:20:55",9661000
18900,0,3000,"sd","10:21:08",9664000
18900,0,5000,"bu","10:21:51",9669000
18900,0,5000,"bu","10:23:35",9674000
18800,-100,10000,"bu","10:24:13",9684000
18800,-100,2000,"bu","10:24:46",9686000
18800,-100,1000,"bu","10:25:25",9687000
18800,-100,1000,"sd","10:25:43",9688000
18800,-100,50000,"sd","10:25:49",9738000
18800,-100,1000,"bu","10:25:59",9739000
18800,-100,140000,"bu","10:26:15",9879000
18900,0,2000,"bu","10:26:52",9881000
18900,0,1000,"bu","10:27:25",9882000
18900,0,1000,"sd","10:27:30",9883000
18900,0,3000,"sd","10:27:50",9886000
18900,0,1000,"bu","10:29:28",9887000
18800,-100,1000,"bu","10:29:32",9888000
18800,-100,20000,"bu","10:30:06",9908000
18800,-100,10000,"bu","10:31:39",9918000
18900,0,1000,"sd","10:31:49",9919000
18800,-100,10000,"sd","10:31:53",9929000
18800,-100,1000,"bu","10:33:42",9930000
18800,-100,2000,"sd","10:33:53",9932000
18800,-100,18000,"sd","10:34:48",9950000
18800,-100,157000,"bu","10:35:53",10107000
18900,0,2000,"bu","10:36:29",10109000
18900,0,5000,"bu","10:37:02",10114000
18800,-100,1000,"sd","10:37:22",10115000
18800,-100,87000,"sd","10:38:11",10202000
18800,-100,3000,"bu","10:38:11",10202000
18800,-100,3000,"bu","10:38:11",10202000
18800,-100,20000,"sd","10:39:01",10222000
18800,-100,3000,"bu","10:39:28",10225000
18800,-100,10000,"sd","10:40:01",10235000
18800,-100,34000,"sd","10:42:59",10269000
18800,-100,40000,"bu","10:43:11",10309000
18800,-100,50000,"sd","10:43:37",10359000
18800,-100,2000,"bu","10:46:39",10361000
18900,0,1000,"bu","10:47:13",10362000
18800,-100,5000,"sd","10:47:54",10367000
18900,0,1000,"sd","10:49:47",10368000
18900,0,10000,"bu","10:50:26",10378000
18900,0,19000,"bu","10:50:46",10397000
18800,-100,1000,"bu","10:51:34",10398000
18800,-100,11000,"sd","10:51:42",10409000
18800,-100,2000,"bu","10:53:07",10411000
18800,-100,5000,"bu","10:53:37",10416000
18800,-100,20000,"sd","10:54:45",10436000
18800,-100,40000,"bu","10:55:24",10476000
18800,-100,3000,"sd","10:57:07",10479000
18800,-100,2000,"sd","10:57:27",10481000
18800,-100,19000,"bu","10:58:43",10500000
18800,-100,40000,"bu","10:59:54",10540000
18800,-100,10000,"sd","10:59:59",10550000
18800,-100,50000,"sd","11:00:34",10600000
18800,-100,5000,"sd","11:01:14",10605000
18800,-100,2000,"bu","11:01:19",10607000
18900,0,1000,"sd","11:03:52",10608000
18900,0,3000,"bu","11:05:41",10611000
18900,0,2000,"bu","11:05:54",10613000
18900,0,5000,"sd","11:08:02",10618000
18900,0,25000,"sd","11:08:48",10643000
18800,-100,20000,"sd","11:09:04",10663000
18800,-100,12000,"bu","11:09:47",10675000
18900,0,5000,"bu","11:10:31",10680000
18900,0,1000,"sd","11:10:48",10681000
18900,0,1000,"sd","11:10:52",10682000
18900,0,10000,"bu","11:11:44",10692000
18800,-100,70000,"bu","11:12:49",10762000
18900,0,1000,"sd","11:13:22",10763000
18900,0,10000,"sd","11:13:39",10773000
18900,0,100000,"sd","11:13:54",10873000
18900,0,1000,"sd","11:14:00",10874000
18900,0,28000,"sd","11:14:09",10902000
18900,0,10000,"sd","11:14:31",10912000
18900,0,1000,"sd","11:14:46",10913000
18900,0,10000,"bu","11:15:43",10923000
18800,-100,10000,"sd","11:16:22",10933000
18900,0,4000,"bu","11:16:32",10937000
18800,-100,34000,"sd","11:16:43",10971000
18900,0,5000,"sd","11:18:01",10976000
18900,0,10000,"bu","11:18:23",10986000
18900,0,1000,"bu","11:19:26",10987000
18900,0,1000,"sd","11:19:56",10988000
18900,0,5000,"sd","11:20:05",10993000
18900,0,5000,"bu","11:20:55",10998000
18900,0,3000,"sd","11:21:18",11001000
18800,-100,50000,"sd","11:22:26",11051000
18900,0,3000,"bu","11:23:08",11054000
18900,0,5000,"bu","11:23:09",11059000
18900,0,3000,"bu","11:24:35",11062000
18800,-100,4000,"sd","11:24:46",11066000
18800,-100,1000,"sd","11:26:40",11067000
18900,0,2000,"sd","11:27:50",11069000
18900,0,10000,"sd","11:28:32",11079000
18900,0,5000,"bu","11:29:18",11084000
18900,0,1000,"bu","11:29:24",11085000
18900,0,15000,"sd","11:29:41",11100000
18900,0,1000,"sd","13:00:05",11101000
18900,0,63000,"bu","13:00:07",11164000
18900,0,41000,"bu","13:00:08",11205000
18900,0,2000,"sd","13:00:09",11207000
18800,-100,6000,"bu","13:00:12",11213000
18800,-100,4000,"sd","13:01:02",11217000
18800,-100,1000,"bu","13:01:12",11218000
18800,-100,50000,"sd","13:01:34",11268000
18800,-100,50000,"bu","13:02:05",11318000
18800,-100,5000,"bu","13:02:07",11323000
18800,-100,43000,"bu","13:02:08",11366000
18800,-100,10000,"sd","13:02:19",11376000
18800,-100,6000,"sd","13:02:42",11382000
18800,-100,30000,"bu","13:02:49",11412000
18800,-100,5000,"sd","13:02:58",11417000
18800,-100,20000,"bu","13:03:00",11437000
18800,-100,9000,"bu","13:03:18",11446000
18800,-100,5000,"sd","13:03:28",11451000
18800,-100,25000,"sd","13:03:50",11476000
18800,-100,15000,"bu","13:03:55",11491000
18800,-100,5000,"sd","13:04:08",11496000
18800,-100,10000,"bu","13:04:12",11506000
18800,-100,5000,"bu","13:04:13",11511000
18800,-100,5000,"sd","13:04:49",11516000
18800,-100,80000,"bu","13:05:24",11596000
18800,-100,50000,"bu","13:05:33",11646000
18800,-100,1000,"sd","13:05:45",11647000
18900,0,4000,"bu","13:06:03",11651000
18900,0,10000,"bu","13:06:27",11661000
18900,0,2000,"sd","13:07:04",11663000
18900,0,900000,"sd","13:07:06",12563000
18900,0,30000,"bu","13:07:16",12593000
18800,-100,3000,"bu","13:07:32",12596000
18800,-100,50000,"bu","13:07:44",12646000
18900,0,20000,"sd","13:08:01",12666000
18900,0,2000,"bu","13:08:46",12668000
18900,0,10000,"bu","13:09:11",12678000
18900,0,50000,"sd","13:10:20",12728000
18900,0,3000,"bu","13:10:45",12731000
18900,0,13000,"sd","13:11:08",12744000
18800,-100,18000,"sd","13:11:09",12762000
18900,0,1000,"bu","13:11:50",12763000
18800,-100,10000,"bu","13:11:58",12773000
18800,-100,1000,"bu","13:12:07",12774000
18800,-100,5000,"sd","13:12:09",12779000
18800,-100,18000,"sd","13:12:38",12797000
18800,-100,4000,"sd","13:13:39",12801000
18900,0,1000,"sd","13:13:43",12802000
18900,0,5000,"sd","13:14:10",12807000
18900,0,1000,"sd","13:15:10",12808000
18800,-100,32000,"sd","13:15:26",12840000
18800,-100,1000,"sd","13:15:49",12841000
18800,-100,10000,"bu","13:15:55",12851000
18800,-100,22000,"sd","13:17:19",12873000
18800,-100,160000,"sd","13:17:47",13033000
18800,-100,11000,"bu","13:17:55",13044000
18900,0,5000,"sd","13:18:19",13049000
18800,-100,1000,"bu","13:18:21",13050000
18800,-100,150000,"bu","13:18:30",13200000
18900,0,3000,"bu","13:18:40",13203000
18800,-100,18000,"bu","13:19:12",13221000
18800,-100,61000,"bu","13:21:08",13282000
18800,-100,50000,"sd","13:22:20",13332000
18800,-100,58000,"bu","13:22:25",13390000
18800,-100,70000,"bu","13:22:33",13460000
18900,0,28000,"bu","13:22:52",13488000
18900,0,2000,"sd","13:23:44",13490000
18800,-100,21000,"bu","13:24:13",13511000
18900,0,300000,"bu","13:24:26",13811000
18800,-100,5000,"sd","13:24:38",13816000
18900,0,5000,"sd","13:24:50",13821000
18900,0,10000,"bu","13:24:54",13831000
18900,0,30000,"bu","13:25:06",13861000
18900,0,3000,"sd","13:25:19",13864000
18900,0,190000,"sd","13:25:25",14054000
18900,0,2000,"bu","13:25:39",14056000
18800,-100,5000,"sd","13:26:08",14061000
18800,-100,60000,"bu","13:26:22",14121000
18800,-100,1000,"sd","13:26:26",14122000
18900,0,10000,"sd","13:27:35",14132000
18900,0,56000,"sd","13:28:19",14188000
18900,0,2000,"bu","13:28:31",14190000
18800,-100,100000,"sd","13:29:32",14290000
18900,0,2000,"sd","13:29:41",14292000
18800,-100,14000,"bu","13:29:50",14306000
18800,-100,4000,"sd","13:30:39",14310000
18900,0,5000,"sd","13:30:57",14315000
18900,0,16000,"bu","13:31:34",14331000
18900,0,5000,"bu","13:31:37",14336000
18900,0,3000,"sd","13:31:40",14339000
18900,0,5000,"bu","13:31:45",14344000
18800,-100,19000,"sd","13:31:46",14363000
18800,-100,10000,"bu","13:32:08",14373000
18800,-100,10000,"sd","13:32:31",14383000
18800,-100,20000,"sd","13:32:34",14403000
18800,-100,6000,"sd","13:32:48",14409000
18800,-100,3000,"sd","13:33:32",14412000
18900,0,19000,"sd","13:33:37",14431000
18900,0,3000,"sd","13:34:01",14434000
18900,0,10000,"bu","13:34:21",14444000
18800,-100,40000,"bu","13:34:33",14484000
18800,-100,20000,"sd","13:35:06",14504000
18800,-100,2000,"bu","13:35:15",14506000
18800,-100,3000,"sd","13:35:29",14509000
18800,-100,50000,"bu","13:35:39",14559000
18800,-100,25000,"bu","13:35:44",14584000
18800,-100,30000,"bu","13:35:59",14614000
18800,-100,5000,"bu","13:36:00",14619000
18800,-100,5000,"sd","13:36:01",14624000
18800,-100,1000,"sd","13:36:08",14625000
18800,-100,81000,"bu","13:36:11",14706000
18800,-100,2000,"sd","13:36:18",14708000
18800,-100,25000,"sd","13:36:25",14733000
18800,-100,58000,"sd","13:36:27",14791000
18800,-100,35000,"bu","13:36:41",14826000
18800,-100,10000,"sd","13:36:59",14836000
18800,-100,3000,"bu","13:37:30",14839000
18900,0,5000,"sd","13:38:00",14844000
18800,-100,50000,"sd","13:38:04",14894000
18800,-100,5000,"bu","13:38:18",14899000
18800,-100,100000,"bu","13:38:28",14999000
18800,-100,100000,"bu","13:38:30",15099000
18800,-100,29000,"bu","13:38:50",15128000
18800,-100,20000,"sd","13:39:10",15148000
18800,-100,150000,"sd","13:39:43",15298000
18800,-100,27000,"sd","13:39:59",15325000
18800,-100,100000,"sd","13:40:41",15425000
18800,-100,40000,"sd","13:40:43",15465000
18800,-100,20000,"bu","13:41:27",15485000
18800,-100,20000,"sd","13:41:28",15505000
18800,-100,1000,"bu","13:41:31",15506000
18800,-100,1000,"sd","13:41:38",15507000
18800,-100,15000,"bu","13:41:46",15522000
18800,-100,4000,"sd","13:41:50",15526000
18800,-100,58000,"bu","13:42:56",15584000
18800,-100,22000,"bu","13:43:01",15606000
18800,-100,25000,"bu","13:43:16",15631000
18800,-100,913000,"bu","13:43:38",16544000
18800,-100,20000,"bu","13:43:55",16564000
18800,-100,2000,"bu","13:44:01",16566000
18800,-100,32000,"sd","13:44:18",16598000
18800,-100,1000,"bu","13:44:34",16599000
18800,-100,1000,"sd","13:45:31",16600000
18800,-100,100000,"sd","13:45:51",16700000
18800,-100,5000,"sd","13:46:30",16705000
18800,-100,5000,"bu","13:46:30",16705000
18800,-100,5000,"bu","13:46:30",16700000
18800,-100,89000,"sd","13:47:02",16789000
18800,-100,48000,"sd","13:47:07",16837000
18800,-100,5000,"bu","13:47:15",16842000
18800,-100,1000,"sd","13:47:35",16843000
18800,-100,30000,"sd","13:47:39",16873000
18800,-100,1000,"bu","13:47:40",16874000
18800,-100,1000,"bu","13:48:11",16875000
18800,-100,50000,"bu","13:48:23",16925000
18800,-100,49000,"sd","13:48:39",16974000
18800,-100,2000,"sd","13:49:08",16976000
18800,-100,100000,"sd","13:49:17",17076000
18800,-100,3000,"sd","13:49:45",17079000
18800,-100,2000,"bu","13:49:46",17081000
18800,-100,7000,"bu","13:49:50",17088000
18800,-100,3000,"sd","13:50:18",17091000
18800,-100,2000,"bu","13:50:29",17093000
18800,-100,10000,"sd","13:50:35",17103000
18800,-100,10000,"bu","13:50:37",17113000
18900,0,1000,"sd","13:50:51",17114000
18800,-100,10000,"sd","13:51:10",17124000
18900,0,5000,"sd","13:51:43",17129000
18800,-100,1000,"bu","13:51:46",17130000
18900,0,10000,"bu","13:52:04",17140000
18900,0,2159000,"bu","13:52:08",19299000
18900,0,141000,"bu","13:52:09",19440000
18900,0,20000,"sd","13:52:10",19460000
18900,0,30000,"sd","13:52:18",19490000
18900,0,10000,"sd","13:52:19",19500000
18900,0,3000,"sd","13:52:23",19503000
18900,0,33000,"sd","13:52:26",19536000
18900,0,1000,"bu","13:53:10",19537000
18900,0,60000,"sd","13:53:18",19597000
18900,0,1000,"bu","13:53:20",19598000
19000,100,200000,"bu","13:53:41",19798000
18900,0,50000,"sd","13:53:51",19848000
18900,0,1000,"sd","13:53:57",19849000
19000,100,1000,"sd","13:53:58",19850000
18900,0,10000,"sd","13:54:02",19860000
18900,0,1000,"sd","13:54:08",19861000
18900,0,220000,"bu","13:54:33",20081000
18900,0,15000,"bu","13:54:43",20096000
18900,0,2000,"bu","13:54:46",20098000
18900,0,50000,"sd","13:54:49",20148000
18900,0,297000,"sd","13:54:52",20445000
18900,0,2000,"sd","13:54:55",20447000
18900,0,14000,"bu","13:55:06",20461000
18900,0,5000,"bu","13:55:07",20466000
18900,0,3000,"bu","13:55:18",20469000
18900,0,100000,"sd","13:55:23",20569000
18900,0,20000,"bu","13:55:49",20589000
18900,0,1000,"bu","13:55:59",20590000
18900,0,5000,"sd","13:56:04",20595000
18900,0,11000,"sd","13:56:07",20606000
18900,0,10000,"sd","13:56:17",20616000
18900,0,10000,"bu","13:56:20",20626000
18900,0,60000,"sd","13:56:23",20686000
18900,0,50000,"sd","13:56:46",20736000
18900,0,100000,"sd","13:56:53",20836000
18900,0,26000,"bu","13:57:04",20862000
18900,0,20000,"bu","13:57:06",20882000
18900,0,5000,"sd","13:57:11",20887000
18900,0,1000,"sd","13:57:21",20888000
18900,0,8000,"sd","13:57:35",20896000
18900,0,7000,"sd","13:57:47",20903000
18900,0,10000,"bu","13:57:48",20913000
18900,0,1000,"bu","13:58:01",20914000
18900,0,10000,"bu","13:58:08",20924000
18900,0,9000,"sd","13:58:15",20933000
18800,-100,91000,"sd","13:58:28",21024000
18800,-100,4000,"bu","13:58:37",21028000
18800,-100,50000,"sd","13:58:51",21078000
18800,-100,19000,"bu","14:00:17",21097000
18900,0,10000,"bu","14:00:18",21107000
18900,0,10000,"bu","14:00:37",21117000
18900,0,2000,"sd","14:01:06",21119000
18900,0,10000,"sd","14:01:12",21129000
18900,0,24000,"sd","14:01:16",21153000
19000,100,2000,"sd","14:01:22",21155000
18900,0,5000,"bu","14:01:26",21160000
18900,0,20000,"bu","14:01:30",21180000
18900,0,20000,"bu","14:01:50",21200000
18900,0,20000,"bu","14:02:18",21220000
18900,0,68000,"bu","14:02:22",21288000
18900,0,100000,"bu","14:02:25",21388000
18900,0,8000,"bu","14:02:46",21396000
18900,0,34000,"bu","14:02:47",21430000
18900,0,10000,"bu","14:03:08",21440000
18900,0,60000,"sd","14:03:13",21500000
18900,0,10000,"bu","14:03:16",21510000
18900,0,50000,"bu","14:03:33",21560000
18900,0,10000,"bu","14:04:16",21570000
18900,0,1000,"sd","14:04:31",21571000
18900,0,35000,"sd","14:05:08",21606000
18900,0,8000,"bu","14:05:11",21614000
18900,0,200000,"bu","14:05:21",21814000
18900,0,415000,"sd","14:05:31",22229000
18900,0,40000,"sd","14:05:36",22269000
18900,0,30000,"bu","14:05:43",22299000
18900,0,10000,"sd","14:06:08",22309000
18900,0,1000,"sd","14:06:13",22310000
18900,0,1000,"sd","14:06:15",22311000
18900,0,10000,"sd","14:06:17",22321000
18900,0,15000,"sd","14:06:23",22336000
18900,0,20000,"bu","14:06:27",22356000
18900,0,1000,"bu","14:06:36",22357000
18900,0,2000,"bu","14:06:39",22359000
18900,0,40000,"bu","14:06:51",22399000
18900,0,6000,"bu","14:06:53",22405000
18900,0,2000,"sd","14:07:23",22407000
18900,0,2000,"sd","14:07:24",22409000
18900,0,10000,"bu","14:07:37",22419000
19000,100,200000,"sd","14:07:52",22619000
19000,100,3000,"sd","14:08:05",22622000
18900,0,50000,"sd","14:09:14",22672000
19000,100,3000,"bu","14:10:33",22675000
19000,100,20000,"sd","14:10:59",22695000
19000,100,1000,"sd","14:11:34",22696000
18900,0,500000,"bu","14:12:11",23196000
19000,100,4000,"bu","14:12:26",23200000
18900,0,2000,"bu","14:12:30",23202000
18900,0,10000,"bu","14:12:35",23212000
18900,0,1000,"sd","14:12:52",23213000
18900,0,10000,"bu","14:12:55",23223000
18900,0,2000,"sd","14:13:00",23225000
18900,0,565000,"sd","14:13:23",23790000
18900,0,94000,"sd","14:13:47",23884000
18900,0,1000,"bu","14:14:32",23885000
18900,0,67000,"bu","14:14:33",23952000
18900,0,2000,"bu","14:14:53",23954000
18900,0,1000,"bu","14:15:34",23955000
18900,0,32000,"sd","14:15:42",23987000
18900,0,10000,"bu","14:15:57",23997000
18900,0,27000,"bu","14:16:01",24024000
18900,0,20000,"bu","14:16:16",24044000
18900,0,100000,"sd","14:16:25",24144000
18900,0,5000,"sd","14:16:26",24149000
18900,0,16000,"sd","14:16:28",24165000
18900,0,8000,"bu","14:16:32",24173000
18900,0,10000,"bu","14:16:54",24183000
18900,0,1000,"sd","14:17:13",24184000
18900,0,21000,"sd","14:17:33",24205000
18900,0,5000,"sd","14:17:34",24210000
18900,0,50000,"bu","14:17:45",24260000
18900,0,46000,"sd","14:17:55",24306000
18900,0,20000,"sd","14:18:06",24326000
18900,0,30000,"sd","14:18:09",24356000
18900,0,12000,"sd","14:18:22",24368000
18900,0,10000,"sd","14:18:29",24378000
18900,0,2000,"sd","14:18:30",24380000
18900,0,20000,"bu","14:18:46",24400000
18900,0,20000,"bu","14:18:53",24420000
18900,0,1000,"bu","14:18:58",24421000
18900,0,50000,"sd","14:19:03",24471000
18900,0,5000,"bu","14:19:06",24476000
18900,0,10000,"bu","14:19:23",24486000
18900,0,10000,"sd","14:19:27",24496000
18900,0,105000,"bu","14:19:47",24601000
18900,0,50000,"bu","14:19:51",24651000
18900,0,50000,"bu","14:19:57",24701000
18900,0,17000,"sd","14:20:09",24718000
18900,0,6000,"bu","14:20:19",24724000
18900,0,1000,"sd","14:20:22",24725000
18900,0,20000,"bu","14:20:35",24745000
19000,100,1000,"sd","14:20:39",24746000
19000,100,1000,"sd","14:20:50",24747000
18900,0,3000,"sd","14:21:01",24750000
18900,0,20000,"bu","14:21:10",24770000
18900,0,110000,"bu","14:21:31",24880000
18900,0,10000,"bu","14:21:32",24890000
18900,0,7000,"bu","14:21:39",24897000
18900,0,20000,"bu","14:21:53",24917000
18900,0,3000,"sd","14:21:55",24920000
18900,0,1000,"bu","14:21:57",24921000
18900,0,30000,"sd","14:22:24",24951000
18900,0,100000,"bu","14:22:39",25051000
18900,0,20000,"bu","14:22:51",25071000
18900,0,11000,"bu","14:22:54",25082000
18900,0,50000,"bu","14:23:10",25132000
18900,0,50000,"bu","14:23:38",25182000
18900,0,30000,"bu","14:24:15",25212000
18900,0,30000,"bu","14:24:26",25242000
18900,0,100000,"sd","14:24:39",25342000
18900,0,60000,"sd","14:24:43",25402000
18900,0,50000,"sd","14:24:58",25452000
18900,0,2000,"sd","14:25:00",25454000
18900,0,53000,"sd","14:25:02",25507000
18900,0,5000,"bu","14:25:13",25512000
19000,100,1000,"sd","14:25:17",25513000
18900,0,50000,"bu","14:25:29",25563000
18900,0,50000,"bu","14:25:49",25613000
18900,0,50000,"sd","14:26:12",25663000
18900,0,25000,"bu","14:26:19",25688000
18900,0,15000,"bu","14:26:42",25703000
19000,100,1000,"sd","14:26:50",25704000
18900,0,67000,"bu","14:26:55",25771000
18900,0,5000,"bu","14:26:59",25776000
18900,0,20000,"bu","14:27:10",25796000
18900,0,100000,"sd","14:27:11",25896000
18900,0,20000,"bu","14:27:14",25916000
18900,0,30000,"bu","14:27:28",25946000
18900,0,70000,"bu","14:27:34",26016000
18900,0,10000,"bu","14:27:40",26026000
18900,0,4000,"sd","14:27:44",26030000
18900,0,5000,"bu","14:27:48",26035000
18900,0,395000,"bu","14:27:56",26430000
18900,0,100000,"bu","14:28:01",26530000
18900,0,5000,"bu","14:28:03",26535000
18900,0,5000,"sd","14:28:07",26540000
18900,0,22000,"bu","14:28:08",26562000
18900,0,4000,"sd","14:28:23",26566000
18900,0,3000,"sd","14:28:49",26569000
18900,0,10000,"sd","14:28:56",26579000
18900,0,4000,"bu","14:29:10",26583000
18900,0,1000,"sd","14:29:12",26584000
18900,0,1000,"sd","14:29:36",26585000
18900,0,1000,"sd","14:29:39",26586000
18900,0,1000,"sd","14:29:54",26587000
18900,0,2000,"bu","14:29:59",26589000
18900,0,5000,"bu","14:30:12",26594000
18900,0,5000,"sd","14:30:34",26599000
18900,0,2000,"bu","14:30:48",26601000
18900,0,50000,"bu","14:31:07",26651000
18900,0,83000,"bu","14:31:08",26734000
18900,0,39000,"bu","14:31:09",26773000
18900,0,11000,"bu","14:31:43",26784000
18900,0,3000,"sd","14:31:52",26787000
18900,0,3000,"bu","14:32:10",26790000
18900,0,20000,"bu","14:32:12",26810000
18900,0,27000,"sd","14:32:13",26837000
18900,0,10000,"bu","14:32:30",26847000
18900,0,150000,"bu","14:32:41",26997000
18900,0,3000,"sd","14:33:08",27000000
18900,0,2000,"sd","14:33:20",27002000
18900,0,50000,"bu","14:33:35",27052000
18900,0,1000,"bu","14:34:00",27053000
18900,0,5000,"bu","14:35:11",27058000
18900,0,10000,"bu","14:35:46",27068000
18900,0,5000,"sd","14:36:04",27073000
18900,0,1000,"sd","14:37:05",27074000
18900,0,10000,"bu","14:38:41",27084000
18900,0,1000,"bu","14:38:52",27085000
18900,0,5000,"bu","14:39:40",27090000
18900,0,2000,"sd","14:39:50",27092000
18900,0,4000,"sd","14:40:20",27096000
18900,0,198000,"bu","14:41:53",27294000
18900,0,10000,"sd","14:42:24",27304000
19000,100,10000,"bu","14:43:11",27314000
19000,100,20000,"bu","14:43:50",27334000
18900,0,20000,"sd","14:44:08",27354000
18900,0,30000,"bu","14:44:57",27384000
18900,0,30000,"bu","14:45:20",27414000
18900,0,40000,"bu","14:45:45",27454000
18900,0,10000,"bu","14:45:47",27464000
18900,0,20000,"sd","14:45:57",27484000
18900,0,1000,"bu","14:46:08",27485000
18900,0,15000,"bu","14:46:44",27500000
18900,0,8000,"sd","14:46:59",27508000
18900,0,5000,"sd","14:47:27",27513000
18900,0,20000,"bu","14:47:54",27533000
18900,0,1000,"sd","14:48:21",27534000
18900,0,2000,"sd","14:48:41",27536000
18900,0,5000,"bu","14:49:13",27541000
18900,0,50000,"bu","14:49:29",27591000
18900,0,20000,"sd","14:49:45",27611000
18900,0,3000,"bu","14:50:25",27614000
18900,0,1000,"sd","14:51:06",27615000
18900,0,2000,"bu","14:52:27",27617000
18900,0,5000,"sd","14:52:38",27622000
18900,0,60000,"bu","14:52:53",27682000
18900,0,5000,"sd","14:53:59",27687000
18900,0,100000,"bu","14:55:02",27787000
18900,0,2000,"bu","14:55:42",27789000
19000,100,4000,"bu","14:56:32",27793000
19000,100,15000,"sd","14:57:03",27808000
19000,100,1000,"bu","14:57:29",27809000
19000,100,1000,"sd","14:58:17",27810000
19000,100,1000,"bu","14:58:37",27811000
19000,100,50000,"sd","14:59:09",27861000
19000,100,12000,"bu","14:59:11",27873000
19000,100,5000,"bu","14:59:23",27878000
19000,100,13000,"bu","14:59:24",27891000
19000,100,25000,"sd","14:59:33",27916000
19000,100,27000,"sd","14:59:34",27943000
19000,100,20000,"bu","14:59:52",27963000
19000,100,20000,"sd","15:00:01",27983000
