"price","change","match_qtty","side","time","total_vol"
23400,0,22000,"bu","09:00:05",22000
23400,0,30000,"bu","09:00:07",52000
23400,0,21000,"bu","09:00:08",73000
23600,200,24000,"sd","09:00:09",97000
23600,200,14000,"sd","09:00:11",111000
23600,200,5000,"sd","09:00:15",116000
23600,200,11000,"sd","09:00:17",127000
23600,200,1000,"sd","09:00:17",118000
23600,200,7000,"sd","09:00:17",125000
23600,200,2000,"sd","09:00:17",127000
23600,200,1000,"bu","09:00:18",128000
23600,200,1000,"bu","09:00:21",129000
23700,300,4000,"bu","09:00:22",133000
23600,200,56000,"bu","09:00:22",189000
23600,200,3000,"bu","09:00:27",192000
23600,200,2000,"bu","09:00:28",194000
23600,200,3000,"bu","09:00:42",197000
23600,200,15000,"sd","09:00:43",212000
23700,300,50000,"bu","09:00:44",262000
23700,300,7000,"bu","09:00:54",269000
23600,200,23000,"bu","09:00:55",292000
23700,300,4000,"sd","09:00:56",296000
23600,200,1000,"sd","09:01:02",297000
23600,200,15000,"sd","09:01:05",312000
23700,300,11000,"bu","09:01:08",323000
23700,300,6000,"bu","09:01:11",329000
23700,300,1000,"sd","09:01:12",330000
23700,300,20000,"bu","09:01:17",350000
23700,300,6000,"bu","09:01:21",356000
23700,300,10000,"sd","09:01:24",366000
23800,400,10000,"sd","09:01:25",376000
23700,300,9000,"sd","09:01:29",385000
23700,300,11000,"sd","09:01:29",396000
23800,400,20000,"sd","09:01:37",416000
23800,400,10000,"bu","09:01:38",426000
23700,300,1000,"bu","09:01:43",427000
23800,400,5000,"sd","09:01:46",432000
23800,400,250000,"sd","09:01:49",682000
23800,400,21000,"sd","09:01:55",703000
23800,400,212000,"bu","09:02:00",915000
23800,400,13000,"bu","09:02:01",928000
23800,400,2000,"bu","09:02:02",930000
23800,400,20000,"bu","09:02:04",950000
23800,400,2000,"sd","09:02:05",952000
23900,500,120000,"sd","09:02:06",1072000
23800,400,45000,"bu","09:02:07",1117000
23700,300,50000,"sd","09:02:10",1167000
23700,300,17000,"bu","09:02:11",1184000
23700,300,20000,"sd","09:02:21",1204000
23700,300,1000,"bu","09:02:30",1205000
23700,300,20000,"sd","09:02:33",1225000
23700,300,10000,"bu","09:02:37",1235000
23700,300,12000,"bu","09:02:40",1247000
23700,300,6000,"sd","09:02:45",1253000
23700,300,2000,"bu","09:02:49",1255000
23800,400,13000,"sd","09:02:56",1268000
23700,300,13000,"sd","09:03:01",1281000
23800,400,3000,"bu","09:03:03",1284000
23800,400,21000,"sd","09:03:05",1305000
23700,300,10000,"bu","09:03:07",1315000
23800,400,10000,"bu","09:03:08",1325000
23700,300,22000,"sd","09:03:11",1347000
23700,300,10000,"sd","09:03:12",1357000
23700,300,100000,"bu","09:03:18",1457000
23700,300,5000,"sd","09:03:19",1462000
23700,300,353000,"sd","09:03:20",1815000
23700,300,2000,"sd","09:03:26",1817000
23600,200,5000,"bu","09:03:49",1822000
23600,200,50000,"sd","09:03:50",1872000
23700,300,20000,"bu","09:04:02",1892000
23600,200,100000,"sd","09:04:07",1992000
23600,200,10000,"sd","09:04:25",2002000
23600,200,150000,"sd","09:04:31",2152000
23600,200,20000,"sd","09:04:43",2172000
23600,200,1000,"sd","09:04:51",2173000
23600,200,5000,"bu","09:04:53",2178000
23600,200,100000,"bu","09:04:54",2278000
23600,200,138000,"sd","09:04:55",2416000
23600,200,12000,"bu","09:04:56",2428000
23600,200,2000,"sd","09:04:58",2430000
23600,200,5000,"bu","09:05:00",2435000
23600,200,2000,"sd","09:05:07",2437000
23600,200,4000,"sd","09:05:20",2441000
23600,200,1000,"bu","09:05:56",2442000
23700,300,5000,"bu","09:06:09",2447000
23600,200,20000,"sd","09:06:14",2467000
23600,200,14000,"bu","09:06:32",2481000
23600,200,10000,"bu","09:06:33",2491000
23600,200,67000,"sd","09:06:34",2558000
23600,200,6000,"bu","09:06:43",2564000
23600,200,5000,"sd","09:06:47",2569000
23600,200,1000,"bu","09:06:49",2570000
23600,200,3000,"bu","09:06:53",2573000
23600,200,10000,"sd","09:07:07",2583000
23600,200,10000,"bu","09:07:23",2593000
23600,200,1000,"sd","09:07:25",2594000
23500,100,4000,"bu","09:07:32",2598000
23600,200,100000,"sd","09:07:34",2698000
23600,200,3000,"bu","09:07:42",2701000
23600,200,2000,"bu","09:07:43",2703000
23600,200,2000,"bu","09:07:47",2705000
23600,200,50000,"sd","09:07:49",2755000
23600,200,3000,"bu","09:07:51",2758000
23600,200,5000,"sd","09:07:59",2763000
23600,200,2000,"sd","09:08:10",2765000
23700,300,1000,"bu","09:08:16",2766000
23700,300,100000,"bu","09:09:08",2866000
23600,200,44000,"bu","09:09:31",2910000
23700,300,15000,"bu","09:09:33",2925000
23700,300,1000,"sd","09:09:35",2926000
23700,300,40000,"sd","09:09:53",2966000
23700,300,10000,"bu","09:09:56",2976000
23700,300,1000,"bu","09:10:50",2977000
23700,300,6000,"bu","09:10:54",2983000
23700,300,10000,"sd","09:11:24",2993000
23600,200,10000,"bu","09:11:25",3003000
23600,200,20000,"sd","09:11:36",3023000
23600,200,2000,"sd","09:11:45",3025000
23600,200,10000,"bu","09:11:56",3035000
23600,200,60000,"bu","09:12:10",3095000
23600,200,1000,"sd","09:12:19",3096000
23700,300,26000,"sd","09:12:54",3122000
23600,200,5000,"sd","09:13:00",3127000
23600,200,139000,"sd","09:13:01",3266000
23700,300,5000,"bu","09:13:05",3271000
23600,200,3000,"bu","09:14:00",3274000
23700,300,2000,"sd","09:14:03",3276000
23600,200,5000,"bu","09:14:27",3281000
23700,300,2000,"bu","09:14:28",3283000
23700,300,1000,"sd","09:14:37",3284000
23700,300,1000,"bu","09:14:43",3285000
23600,200,2000,"bu","09:14:49",3287000
23600,200,5000,"bu","09:14:54",3292000
23700,300,5000,"sd","09:15:08",3297000
23700,300,1000,"bu","09:15:14",3298000
23700,300,47000,"sd","09:15:16",3345000
23700,300,17000,"bu","09:15:22",3362000
23700,300,5000,"sd","09:15:28",3367000
23700,300,4000,"bu","09:15:33",3371000
23700,300,1000,"bu","09:15:34",3372000
23600,200,3000,"sd","09:15:35",3375000
23600,200,3000,"sd","09:16:00",3378000
23600,200,280000,"sd","09:16:06",3658000
23600,200,20000,"bu","09:16:11",3678000
23600,200,1000,"bu","09:16:15",3679000
23600,200,102000,"bu","09:16:21",3781000
23600,200,4000,"sd","09:16:23",3785000
23600,200,5000,"bu","09:16:31",3790000
23700,300,3000,"sd","09:16:39",3793000
23600,200,50000,"bu","09:16:40",3843000
23600,200,30000,"sd","09:16:43",3873000
23700,300,50000,"bu","09:16:46",3923000
23600,200,1000,"bu","09:16:47",3924000
23600,200,150000,"bu","09:16:49",4074000
23600,200,6000,"sd","09:16:52",4080000
23600,200,51000,"bu","09:17:00",4131000
23600,200,600000,"bu","09:17:01",4731000
23600,200,22000,"bu","09:17:09",4753000
23600,200,4000,"sd","09:17:10",4757000
23600,200,7000,"bu","09:17:12",4764000
23600,200,30000,"bu","09:17:13",4794000
23600,200,30000,"bu","09:17:27",4824000
23600,200,8000,"bu","09:17:29",4832000
23600,200,47000,"sd","09:17:31",4879000
23600,200,3000,"bu","09:17:33",4882000
23700,300,30000,"bu","09:17:38",4912000
23600,200,21000,"sd","09:17:44",4933000
23600,200,100000,"bu","09:17:53",5033000
23600,200,3000,"bu","09:17:54",5036000
23600,200,100000,"bu","09:17:55",5136000
23600,200,1000,"sd","09:17:56",5137000
23600,200,10000,"sd","09:17:59",5147000
23600,200,5000,"bu","09:18:05",5152000
23600,200,11000,"bu","09:18:12",5163000
23600,200,30000,"bu","09:18:13",5193000
23700,300,1000,"bu","09:18:20",5194000
23600,200,3000,"sd","09:18:31",5197000
23600,200,20000,"bu","09:18:36",5217000
23600,200,2000,"bu","09:18:41",5219000
23600,200,16000,"sd","09:18:49",5235000
23600,200,10000,"sd","09:18:50",5245000
23600,200,20000,"bu","09:18:51",5265000
23600,200,2000,"sd","09:19:05",5267000
23600,200,10000,"sd","09:19:06",5277000
23600,200,20000,"sd","09:19:12",5297000
23600,200,2000,"bu","09:19:15",5299000
23600,200,10000,"bu","09:19:20",5309000
23600,200,150000,"bu","09:19:21",5459000
23600,200,6000,"sd","09:19:22",5465000
23600,200,9000,"bu","09:19:25",5474000
23600,200,20000,"sd","09:19:27",5494000
23600,200,8000,"bu","09:19:29",5502000
23600,200,3000,"sd","09:19:30",5505000
23600,200,110000,"bu","09:19:31",5615000
23600,200,10000,"bu","09:19:33",5625000
23600,200,15000,"bu","09:19:34",5640000
23600,200,30000,"sd","09:19:36",5670000
23600,200,2000,"bu","09:19:37",5672000
23600,200,4000,"sd","09:19:39",5676000
23600,200,107000,"sd","09:19:43",5783000
23600,200,70000,"bu","09:19:45",5853000
23600,200,5000,"sd","09:19:47",5858000
23600,200,2000,"sd","09:19:49",5860000
23600,200,55000,"bu","09:19:50",5915000
23600,200,15000,"bu","09:19:51",5930000
23600,200,63000,"sd","09:19:54",5993000
23600,200,10000,"sd","09:19:56",6003000
23600,200,140000,"sd","09:19:57",6143000
23600,200,20000,"sd","09:20:02",6163000
23600,200,154000,"sd","09:20:04",6317000
23600,200,20000,"bu","09:20:05",6337000
23600,200,30000,"sd","09:20:06",6367000
23600,200,50000,"bu","09:20:09",6417000
23600,200,1000,"sd","09:20:17",6418000
23500,100,100000,"bu","09:20:18",6518000
23600,200,30000,"sd","09:20:26",6548000
23500,100,3000,"bu","09:20:31",6551000
23600,200,20000,"sd","09:20:37",6571000
23600,200,12000,"sd","09:20:46",6583000
23500,100,2000,"bu","09:20:47",6585000
23500,100,10000,"bu","09:20:54",6595000
23500,100,50000,"sd","09:20:55",6645000
23500,100,5000,"sd","09:20:56",6650000
23500,100,7000,"sd","09:21:02",6657000
23500,100,7000,"bu","09:21:05",6664000
23600,200,40000,"sd","09:21:06",6704000
23500,100,42000,"bu","09:21:11",6746000
23600,200,14000,"bu","09:21:14",6760000
23600,200,142000,"bu","09:21:15",6902000
23500,100,1000,"bu","09:21:16",6903000
23500,100,10000,"sd","09:21:31",6913000
23500,100,19000,"sd","09:21:40",6932000
23500,100,4000,"bu","09:21:42",6936000
23500,100,600000,"sd","09:21:45",7536000
23500,100,10000,"sd","09:21:46",7546000
23500,100,40000,"bu","09:21:50",7586000
23500,100,50000,"bu","09:21:51",7636000
23500,100,20000,"bu","09:21:54",7656000
23500,100,27000,"sd","09:21:57",7683000
23500,100,6000,"sd","09:21:59",7689000
23500,100,5000,"sd","09:22:03",7694000
23500,100,10000,"bu","09:22:07",7704000
23500,100,32000,"bu","09:22:08",7736000
23500,100,21000,"bu","09:22:12",7757000
23500,100,15000,"sd","09:22:14",7772000
23500,100,51000,"sd","09:22:15",7823000
23500,100,29000,"sd","09:22:17",7852000
23500,100,20000,"bu","09:22:20",7872000
23500,100,6000,"bu","09:22:24",7878000
23400,0,1000,"sd","09:22:30",7879000
23500,100,7000,"bu","09:22:39",7886000
23400,0,29000,"sd","09:22:44",7915000
23400,0,2000,"bu","09:22:56",7917000
23500,100,50000,"bu","09:22:57",7967000
23500,100,1000,"sd","09:23:03",7968000
23500,100,17000,"bu","09:23:08",7985000
23500,100,47000,"bu","09:23:09",8032000
23500,100,5000,"sd","09:23:23",8037000
23500,100,20000,"sd","09:23:34",8057000
23500,100,6000,"sd","09:23:40",8063000
23500,100,35000,"sd","09:23:42",8098000
23500,100,3000,"sd","09:23:56",8101000
23500,100,10000,"bu","09:24:11",8111000
23500,100,47000,"bu","09:24:17",8158000
23500,100,6000,"sd","09:24:19",8164000
23500,100,1000,"sd","09:24:25",8165000
23500,100,1000,"sd","09:24:26",8166000
23500,100,50000,"sd","09:24:28",8216000
23500,100,52000,"sd","09:24:33",8268000
23500,100,5000,"bu","09:24:46",8273000
23500,100,45000,"sd","09:24:51",8318000
23500,100,10000,"sd","09:24:53",8328000
23500,100,200000,"bu","09:24:57",8528000
23500,100,52000,"sd","09:24:59",8580000
23500,100,71000,"bu","09:25:02",8651000
23500,100,50000,"sd","09:25:06",8701000
23500,100,2000,"bu","09:25:10",8703000
23500,100,14000,"sd","09:25:14",8717000
23500,100,50000,"sd","09:25:15",8767000
23500,100,50000,"bu","09:25:20",8817000
23500,100,2000,"bu","09:25:21",8819000
23500,100,10000,"sd","09:25:26",8829000
23500,100,10000,"bu","09:25:32",8839000
23500,100,30000,"sd","09:25:35",8869000
23500,100,10000,"sd","09:25:37",8879000
23500,100,5000,"bu","09:25:43",8884000
23500,100,20000,"bu","09:25:51",8904000
23500,100,16000,"sd","09:25:53",8920000
23600,200,2000,"bu","09:25:59",8922000
23500,100,49000,"bu","09:26:02",8971000
23500,100,30000,"sd","09:26:15",9001000
23500,100,4000,"bu","09:26:19",9005000
23500,100,20000,"bu","09:26:24",9025000
23500,100,14000,"sd","09:26:28",9039000
23600,200,67000,"sd","09:26:39",9106000
23500,100,7000,"bu","09:26:41",9113000
23500,100,5000,"sd","09:26:48",9118000
23500,100,20000,"bu","09:26:50",9138000
23500,100,50000,"bu","09:26:56",9188000
23500,100,10000,"sd","09:27:10",9198000
23500,100,7000,"sd","09:27:11",9205000
23500,100,1000,"bu","09:27:19",9206000
23500,100,10000,"bu","09:27:22",9216000
23500,100,10000,"bu","09:27:28",9226000
23500,100,100000,"sd","09:27:36",9326000
23500,100,1000,"sd","09:27:38",9327000
23500,100,115000,"bu","09:27:39",9442000
23500,100,1000,"bu","09:27:46",9443000
23500,100,110000,"bu","09:27:47",9553000
23500,100,89000,"sd","09:27:48",9642000
23400,0,2000,"sd","09:27:54",9644000
23500,100,10000,"bu","09:28:01",9654000
23500,100,91000,"sd","09:28:09",9745000
23500,100,28000,"bu","09:28:13",9773000
23500,100,8000,"sd","09:28:17",9781000
23500,100,30000,"sd","09:28:26",9811000
23500,100,1000,"bu","09:28:27",9812000
23500,100,2000,"bu","09:28:28",9814000
23500,100,1000,"bu","09:28:32",9815000
23500,100,25000,"sd","09:28:51",9840000
23500,100,100000,"bu","09:28:59",9940000
23500,100,10000,"sd","09:29:02",9950000
23500,100,100000,"bu","09:29:04",10050000
23500,100,2000,"bu","09:29:07",10052000
23500,100,60000,"bu","09:29:11",10112000
23500,100,2000,"sd","09:29:14",10114000
23500,100,5000,"bu","09:29:20",10119000
23500,100,60000,"sd","09:29:29",10179000
23500,100,47000,"bu","09:29:40",10226000
23400,0,1000,"bu","09:29:43",10227000
23500,100,1000,"sd","09:29:44",10228000
23500,100,2000,"bu","09:29:45",10230000
23400,0,50000,"bu","09:29:54",10280000
23500,100,11000,"sd","09:29:56",10291000
23500,100,10000,"sd","09:29:59",10301000
23500,100,10000,"sd","09:30:07",10311000
23500,100,19000,"bu","09:30:14",10330000
23500,100,4000,"bu","09:30:25",10334000
23500,100,3000,"sd","09:30:29",10337000
23500,100,10000,"bu","09:30:31",10347000
23500,100,20000,"sd","09:30:32",10367000
23500,100,2000,"sd","09:30:37",10369000
23500,100,30000,"sd","09:30:38",10399000
23500,100,5000,"sd","09:30:45",10404000
23500,100,24000,"bu","09:30:46",10428000
23500,100,47000,"bu","09:31:03",10475000
23500,100,20000,"bu","09:31:06",10495000
23500,100,5000,"bu","09:31:09",10500000
23500,100,2000,"bu","09:31:16",10502000
23500,100,6000,"bu","09:31:29",10508000
23500,100,5000,"bu","09:31:30",10513000
23500,100,100000,"sd","09:31:34",10613000
23400,0,13000,"bu","09:31:35",10626000
23500,100,5000,"bu","09:31:38",10631000
23500,100,14000,"bu","09:31:44",10645000
23500,100,80000,"sd","09:32:00",10725000
23500,100,60000,"bu","09:32:02",10785000
23500,100,3000,"bu","09:32:03",10788000
23500,100,62000,"sd","09:32:08",10850000
23500,100,40000,"bu","09:32:09",10890000
23500,100,47000,"bu","09:32:10",10937000
23500,100,1000,"sd","09:32:21",10938000
23500,100,1000,"sd","09:32:28",10939000
23500,100,9000,"sd","09:32:37",10948000
23500,100,7000,"bu","09:33:00",10955000
23500,100,1000,"sd","09:33:13",10956000
23500,100,47000,"bu","09:33:18",11003000
23500,100,10000,"bu","09:33:20",11013000
23500,100,3000,"sd","09:33:25",11016000
23500,100,4000,"sd","09:33:26",11020000
23500,100,106000,"bu","09:33:29",11126000
23500,100,5000,"sd","09:33:32",11131000
23500,100,3000,"sd","09:33:37",11134000
23500,100,2000,"sd","09:33:41",11136000
23500,100,3000,"sd","09:33:44",11139000
23500,100,30000,"bu","09:33:45",11169000
23500,100,4000,"sd","09:34:05",11173000
23500,100,9000,"bu","09:34:06",11182000
23500,100,2000,"sd","09:34:11",11184000
23500,100,10000,"bu","09:34:17",11194000
23500,100,47000,"bu","09:34:25",11241000
23500,100,23000,"bu","09:34:44",11264000
23500,100,17000,"bu","09:34:45",11281000
23500,100,10000,"bu","09:35:02",11291000
23400,0,40000,"bu","09:35:13",11331000
23400,0,5000,"bu","09:35:14",11336000
23500,100,2000,"bu","09:35:16",11338000
23500,100,1000,"sd","09:35:27",11339000
23500,100,46000,"bu","09:35:33",11385000
23500,100,1000,"sd","09:35:36",11386000
23400,0,5000,"sd","09:35:41",11391000
23500,100,1000,"sd","09:35:46",11392000
23400,0,3000,"sd","09:35:48",11395000
23400,0,1000,"sd","09:35:56",11396000
23400,0,3000,"sd","09:36:08",11399000
23400,0,90000,"bu","09:36:09",11489000
23500,100,25000,"bu","09:36:16",11514000
23400,0,10000,"bu","09:36:17",11524000
23400,0,1000,"sd","09:36:19",11525000
23400,0,109000,"bu","09:36:21",11634000
23500,100,1000,"bu","09:36:33",11635000
23400,0,4000,"bu","09:36:36",11639000
23500,100,5000,"bu","09:36:53",11644000
23400,0,3000,"sd","09:36:54",11647000
23400,0,12000,"sd","09:36:55",11659000
23400,0,10000,"sd","09:37:06",11669000
23400,0,3000,"sd","09:37:08",11672000
23500,100,5000,"sd","09:37:11",11677000
23400,0,5000,"sd","09:37:12",11682000
23500,100,52000,"bu","09:37:16",11734000
23400,0,50000,"sd","09:37:17",11784000
23400,0,1000,"sd","09:37:20",11785000
23500,100,5000,"bu","09:37:25",11790000
23500,100,2000,"bu","09:37:26",11792000
23500,100,141000,"sd","09:37:27",11933000
23400,0,1000,"sd","09:37:33",11934000
23400,0,5000,"bu","09:37:47",11939000
23400,0,130000,"sd","09:38:18",12069000
23500,100,12000,"sd","09:38:26",12081000
23400,0,2000,"bu","09:38:32",12083000
23400,0,1000,"bu","09:38:35",12084000
23400,0,6000,"sd","09:38:44",12090000
23400,0,1000,"bu","09:38:45",12091000
23400,0,1000,"sd","09:39:07",12092000
23400,0,2000,"sd","09:39:13",12094000
23400,0,15000,"sd","09:39:22",12109000
23400,0,50000,"bu","09:39:27",12159000
23400,0,1000,"bu","09:39:29",12160000
23400,0,1000,"bu","09:39:42",12161000
23400,0,12000,"sd","09:39:43",12173000
23400,0,150000,"bu","09:39:45",12323000
23400,0,13000,"sd","09:39:55",12336000
23500,100,3000,"sd","09:40:03",12339000
23500,100,10000,"bu","09:40:13",12349000
23400,0,2000,"bu","09:40:31",12351000
23400,0,2000,"bu","09:40:48",12353000
23400,0,100000,"sd","09:41:00",12453000
23400,0,3000,"bu","09:41:03",12456000
23400,0,5000,"sd","09:41:17",12461000
23400,0,5000,"sd","09:41:19",12466000
23400,0,1000,"sd","09:41:32",12467000
23400,0,24000,"sd","09:41:40",12491000
23400,0,10000,"bu","09:41:42",12501000
23400,0,4000,"bu","09:41:43",12505000
23400,0,5000,"bu","09:41:47",12510000
23400,0,2000,"sd","09:41:55",12512000
23400,0,4000,"bu","09:42:00",12516000
23400,0,50000,"sd","09:42:04",12566000
23400,0,6000,"sd","09:42:13",12572000
23400,0,9000,"bu","09:42:16",12581000
23400,0,5000,"sd","09:42:17",12586000
23400,0,20000,"sd","09:42:18",12606000
23400,0,10000,"sd","09:42:20",12616000
23400,0,2000,"sd","09:42:24",12618000
23400,0,100000,"bu","09:42:26",12718000
23400,0,15000,"sd","09:42:29",12733000
23400,0,10000,"sd","09:42:32",12743000
23400,0,20000,"sd","09:42:38",12763000
23400,0,5000,"bu","09:42:40",12768000
23400,0,20000,"sd","09:42:42",12788000
23400,0,20000,"sd","09:42:45",12808000
23400,0,1000,"bu","09:42:46",12809000
23400,0,620000,"sd","09:42:48",13429000
23400,0,30000,"bu","09:42:51",13459000
23400,0,1000,"sd","09:42:53",13460000
23400,0,9000,"sd","09:42:54",13469000
23400,0,10000,"sd","09:42:55",13479000
23400,0,300000,"bu","09:42:56",13779000
23400,0,206000,"sd","09:42:58",13985000
23400,0,100000,"bu","09:42:59",14085000
23400,0,50000,"bu","09:43:00",14135000
23400,0,100000,"sd","09:43:01",14235000
23400,0,34000,"sd","09:43:03",14269000
23400,0,10000,"sd","09:43:04",14279000
23400,0,2000,"sd","09:43:05",14281000
23400,0,1000,"bu","09:43:07",14282000
23400,0,2000,"bu","09:43:14",14284000
23400,0,47000,"bu","09:43:26",14331000
23400,0,10000,"bu","09:43:43",14341000
23300,-100,1000,"bu","09:44:04",14342000
23400,0,5000,"sd","09:44:08",14347000
23400,0,25000,"sd","09:44:11",14372000
23300,-100,250000,"sd","09:44:12",14622000
23300,-100,2000,"sd","09:44:20",14624000
23300,-100,24000,"sd","09:44:25",14648000
23300,-100,7000,"bu","09:44:30",14655000
23300,-100,20000,"bu","09:44:37",14675000
23300,-100,17000,"sd","09:44:38",14692000
23300,-100,1000000,"sd","09:44:39",15692000
23300,-100,8000,"bu","09:44:45",15700000
23300,-100,1000,"bu","09:44:48",15701000
23300,-100,10000,"bu","09:44:51",15711000
23300,-100,20000,"sd","09:44:52",15731000
23300,-100,14000,"sd","09:44:55",15745000
23300,-100,40000,"bu","09:44:56",15785000
23300,-100,5000,"bu","09:44:59",15790000
23300,-100,30000,"bu","09:45:03",15820000
23400,0,50000,"sd","09:45:06",15870000
23300,-100,20000,"bu","09:45:11",15890000
23400,0,8000,"bu","09:45:12",15898000
23300,-100,51000,"bu","09:45:13",15949000
23300,-100,100000,"bu","09:45:18",16049000
23300,-100,26000,"sd","09:45:20",16075000
23200,-200,61000,"sd","09:45:23",16136000
23200,-200,24000,"bu","09:45:34",16160000
23300,-100,1000,"sd","09:45:44",16161000
23200,-200,1000,"sd","09:45:57",16162000
23300,-100,46000,"bu","09:46:00",16208000
23300,-100,1000,"sd","09:46:06",16209000
23300,-100,1000,"bu","09:46:08",16210000
23300,-100,30000,"bu","09:46:17",16240000
23200,-200,10000,"sd","09:46:18",16250000
23300,-100,1000,"sd","09:46:19",16251000
23300,-100,20000,"sd","09:46:21",16271000
23300,-100,5000,"sd","09:46:33",16276000
23300,-100,2000,"bu","09:46:35",16278000
23300,-100,1000,"sd","09:46:45",16279000
23300,-100,1000,"sd","09:46:47",16280000
23300,-100,47000,"sd","09:46:49",16327000
23200,-200,3000,"bu","09:46:50",16330000
23300,-100,15000,"bu","09:46:57",16345000
23300,-100,4000,"sd","09:47:06",16349000
23200,-200,22000,"bu","09:47:07",16371000
23300,-100,10000,"sd","09:47:08",16381000
23300,-100,1000,"sd","09:47:10",16382000
23200,-200,50000,"sd","09:47:16",16432000
23200,-200,1000,"sd","09:47:19",16433000
23300,-100,70000,"bu","09:47:21",16503000
23200,-200,49000,"sd","09:47:23",16552000
23300,-100,3000,"sd","09:47:25",16555000
23200,-200,50000,"sd","09:47:27",16605000
23300,-100,1000,"sd","09:47:31",16606000
23300,-100,1000,"bu","09:47:34",16607000
23200,-200,5000,"bu","09:47:42",16612000
23300,-100,3000,"bu","09:47:47",16615000
23200,-200,100000,"bu","09:47:48",16715000
23200,-200,10000,"sd","09:47:49",16725000
23200,-200,2000,"sd","09:47:53",16727000
23200,-200,51000,"bu","09:48:03",16778000
23300,-100,6000,"bu","09:48:07",16784000
23200,-200,3000,"sd","09:48:10",16787000
23300,-100,100000,"sd","09:48:13",16887000
23200,-200,1000,"bu","09:48:16",16888000
23300,-100,71000,"sd","09:48:26",16959000
23300,-100,7000,"bu","09:48:30",16966000
23300,-100,1000,"bu","09:48:36",16967000
23300,-100,20000,"bu","09:48:37",16987000
23300,-100,779000,"bu","09:48:45",17766000
23300,-100,1000,"sd","09:48:46",17767000
23300,-100,4000,"sd","09:48:47",17771000
23300,-100,20000,"sd","09:48:49",17791000
23300,-100,4000,"bu","09:48:51",17795000
23300,-100,123000,"bu","09:48:52",17918000
23300,-100,2000,"bu","09:48:53",17920000
23300,-100,6000,"sd","09:48:56",17926000
23300,-100,22000,"bu","09:48:58",17948000
23300,-100,45000,"bu","09:49:03",17993000
23300,-100,7000,"sd","09:49:04",18000000
23300,-100,30000,"bu","09:49:05",18030000
23300,-100,19000,"sd","09:49:06",18049000
23300,-100,2000,"sd","09:49:10",18051000
23300,-100,2000,"bu","09:49:12",18053000
23300,-100,5000,"sd","09:49:13",18058000
23300,-100,56000,"bu","09:49:14",18114000
23300,-100,144000,"sd","09:49:15",18258000
23300,-100,10000,"sd","09:49:17",18268000
23300,-100,4000,"bu","09:49:20",18272000
23300,-100,100000,"bu","09:49:27",18372000
23300,-100,1000,"sd","09:49:36",18373000
23300,-100,3000,"sd","09:49:38",18376000
23300,-100,4000,"sd","09:49:41",18380000
23200,-200,30000,"bu","09:49:45",18410000
23200,-200,42000,"bu","09:49:53",18452000
23200,-200,30000,"bu","09:49:55",18482000
23300,-100,2000,"sd","09:50:00",18484000
23200,-200,88000,"sd","09:50:04",18572000
23200,-200,90000,"sd","09:50:11",18662000
23200,-200,30000,"bu","09:50:15",18692000
23300,-100,4000,"sd","09:50:17",18696000
23200,-200,10000,"sd","09:50:19",18706000
23200,-200,26000,"bu","09:50:26",18732000
23200,-200,4000,"bu","09:50:29",18736000
23300,-100,50000,"sd","09:50:32",18786000
23200,-200,3000,"bu","09:50:36",18789000
23200,-200,10000,"bu","09:50:37",18799000
23200,-200,160000,"bu","09:50:40",18959000
23200,-200,15000,"sd","09:50:43",18974000
23200,-200,15000,"sd","09:50:46",18989000
23200,-200,1000,"sd","09:50:49",18990000
23200,-200,1000,"bu","09:50:54",18991000
23300,-100,32000,"sd","09:50:57",19023000
23200,-200,1000,"sd","09:50:58",19024000
23200,-200,5000,"bu","09:50:59",19029000
23200,-200,3000,"bu","09:51:01",19032000
23200,-200,1000,"bu","09:51:07",19033000
23200,-200,5000,"bu","09:51:08",19038000
23300,-100,50000,"bu","09:51:11",19088000
23300,-100,1000,"sd","09:51:16",19089000
23300,-100,2000,"bu","09:51:18",19091000
23300,-100,47000,"bu","09:51:20",19138000
23200,-200,5000,"sd","09:51:26",19143000
23300,-100,10000,"bu","09:51:27",19153000
23200,-200,8000,"bu","09:51:28",19161000
23200,-200,8000,"sd","09:51:37",19169000
23200,-200,1000,"sd","09:51:41",19170000
23300,-100,1000000,"bu","09:51:42",20170000
23300,-100,7000,"bu","09:51:47",20177000
23300,-100,11000,"sd","09:51:51",20188000
23300,-100,374000,"bu","09:51:53",20562000
23300,-100,8000,"sd","09:51:54",20570000
23300,-100,10000,"sd","09:52:00",20580000
23300,-100,42000,"bu","09:52:07",20622000
23300,-100,3000,"bu","09:52:14",20625000
23300,-100,2000,"bu","09:52:20",20627000
23300,-100,3000,"sd","09:52:22",20630000
23300,-100,30000,"sd","09:52:25",20660000
23300,-100,5000,"sd","09:52:27",20665000
23300,-100,3000,"bu","09:52:32",20668000
23300,-100,10000,"sd","09:52:37",20678000
23300,-100,49000,"bu","09:52:46",20727000
23300,-100,1000,"sd","09:52:50",20728000
23300,-100,1000,"bu","09:52:58",20729000
23300,-100,1000,"sd","09:52:59",20730000
23400,0,5000,"sd","09:53:00",20735000
23300,-100,48000,"sd","09:53:03",20783000
23300,-100,1000000,"sd","09:53:09",21783000
23300,-100,3000,"sd","09:53:22",21786000
23300,-100,50000,"sd","09:53:28",21836000
23300,-100,16000,"bu","09:53:49",21852000
23300,-100,200000,"sd","09:54:16",22052000
23300,-100,200000,"bu","09:54:18",22252000
23300,-100,2000,"bu","09:54:20",22254000
23300,-100,2000,"sd","09:54:23",22256000
23300,-100,50000,"bu","09:54:25",22306000
23300,-100,20000,"bu","09:54:29",22326000
23300,-100,36000,"sd","09:54:30",22362000
23300,-100,9000,"bu","09:54:34",22371000
23300,-100,5000,"sd","09:54:35",22376000
23300,-100,4000,"bu","09:54:37",22380000
23300,-100,2000,"bu","09:54:42",22382000
23400,0,3000,"bu","09:54:49",22385000
23300,-100,1000,"bu","09:54:50",22386000
23300,-100,61000,"sd","09:54:55",22447000
23300,-100,27000,"sd","09:54:56",22474000
23300,-100,10000,"sd","09:54:59",22484000
23300,-100,15000,"bu","09:55:03",22499000
23300,-100,1000,"bu","09:55:06",22500000
23300,-100,1000,"sd","09:55:13",22501000
23300,-100,2000,"sd","09:55:16",22503000
23300,-100,12000,"bu","09:55:27",22515000
23300,-100,100000,"sd","09:55:36",22615000
23300,-100,30000,"bu","09:56:08",22645000
23300,-100,7000,"bu","09:56:11",22652000
23300,-100,13000,"sd","09:56:22",22665000
23300,-100,50000,"sd","09:56:25",22715000
23300,-100,31000,"bu","09:56:37",22746000
23300,-100,10000,"bu","09:56:38",22756000
23300,-100,10000,"bu","09:56:43",22766000
23400,0,1000,"sd","09:56:56",22767000
23400,0,46000,"sd","09:56:59",22813000
23400,0,5000,"sd","09:57:06",22818000
23400,0,1000,"sd","09:57:07",22819000
23400,0,1000,"sd","09:57:07",22819000
23400,0,10000,"bu","09:57:10",22829000
23300,-100,204000,"sd","09:57:12",23033000
23400,0,3000,"bu","09:57:16",23036000
23300,-100,6000,"bu","09:57:24",23042000
23400,0,50000,"sd","09:57:29",23092000
23300,-100,1000,"bu","09:57:38",23093000
23400,0,1000,"sd","09:57:43",23094000
23400,0,50000,"bu","09:57:58",23144000
23400,0,12000,"bu","09:58:04",23156000
23400,0,47000,"sd","09:58:05",23203000
23400,0,1000,"bu","09:58:11",23204000
23300,-100,142000,"bu","09:58:13",23346000
23400,0,10000,"bu","09:58:18",23356000
23400,0,25000,"bu","09:58:29",23381000
23400,0,20000,"bu","09:58:35",23401000
23400,0,5000,"sd","09:58:40",23406000
23400,0,5000,"sd","09:58:47",23411000
23400,0,40000,"sd","09:58:49",23451000
23400,0,2000,"sd","09:58:50",23453000
23300,-100,183000,"bu","09:58:54",23636000
23400,0,20000,"sd","09:58:55",23656000
23400,0,27000,"bu","09:59:00",23683000
23400,0,100000,"bu","09:59:03",23783000
23400,0,10000,"sd","09:59:08",23793000
23400,0,2000,"sd","09:59:09",23795000
23400,0,20000,"bu","09:59:10",23815000
23400,0,50000,"sd","09:59:11",23865000
23400,0,47000,"bu","09:59:13",23912000
23400,0,20000,"sd","09:59:14",23932000
23400,0,10000,"sd","09:59:15",23942000
23400,0,25000,"bu","09:59:17",23967000
23400,0,150000,"sd","09:59:19",24117000
23400,0,5000,"sd","09:59:20",24122000
23400,0,3000,"sd","09:59:22",24125000
23400,0,110000,"bu","09:59:23",24235000
23400,0,80000,"bu","09:59:24",24315000
23400,0,2000,"sd","09:59:25",24317000
23400,0,486000,"sd","09:59:26",24803000
23400,0,5000,"bu","09:59:45",24808000
23400,0,2000,"sd","09:59:57",24810000
23500,100,2000,"sd","09:59:58",24812000
23400,0,180000,"bu","10:00:07",24992000
23500,100,5000,"sd","10:00:20",24997000
23500,100,47000,"sd","10:00:21",25044000
23500,100,5000,"bu","10:00:29",25049000
23400,0,3000,"sd","10:00:33",25052000
23500,100,10000,"bu","10:00:36",25062000
23500,100,7000,"sd","10:00:52",25069000
23400,0,5000,"sd","10:01:06",25074000
23400,0,1000,"bu","10:01:20",25075000
23400,0,40000,"bu","10:01:24",25115000
23400,0,4000,"sd","10:01:30",25119000
23400,0,28000,"sd","10:01:32",25147000
23500,100,20000,"bu","10:01:43",25167000
23400,0,50000,"bu","10:01:45",25217000
23400,0,5000,"bu","10:02:07",25222000
23400,0,5000,"bu","10:02:09",25227000
23500,100,9000,"bu","10:02:10",25236000
23400,0,1000,"bu","10:02:15",25237000
23400,0,5000,"bu","10:02:22",25242000
23400,0,4000,"sd","10:02:23",25246000
23400,0,1000,"bu","10:02:29",25247000
23400,0,23000,"sd","10:02:39",25270000
23400,0,5000,"sd","10:02:41",25275000
23400,0,20000,"bu","10:02:50",25295000
23400,0,7000,"sd","10:02:53",25302000
23400,0,5000,"sd","10:02:55",25307000
23400,0,8000,"sd","10:03:01",25315000
23400,0,20000,"bu","10:03:05",25335000
23500,100,1000,"sd","10:03:07",25336000
23500,100,1000,"sd","10:03:11",25337000
23400,0,87000,"sd","10:03:15",25424000
23400,0,1000,"bu","10:03:24",25425000
23500,100,1000,"bu","10:03:31",25426000
23400,0,20000,"sd","10:03:37",25446000
23400,0,10000,"sd","10:03:56",25456000
23400,0,8000,"sd","10:04:00",25464000
23400,0,40000,"sd","10:04:01",25504000
23400,0,4000,"sd","10:04:03",25508000
23400,0,5000,"sd","10:04:04",25513000
23400,0,55000,"sd","10:04:09",25568000
23400,0,1000,"sd","10:04:15",25569000
23400,0,4000,"sd","10:04:26",25573000
23500,100,6000,"bu","10:04:32",25579000
23500,100,1000,"bu","10:04:34",25580000
23500,100,1000,"bu","10:04:37",25581000
23500,100,1000,"sd","10:04:39",25582000
23400,0,100000,"sd","10:04:40",25682000
23500,100,5000,"bu","10:04:52",25687000
23400,0,5000,"bu","10:04:54",25692000
23400,0,279000,"sd","10:04:57",25971000
23400,0,1000,"sd","10:04:58",25972000
23400,0,1000,"bu","10:05:08",25973000
23400,0,1000,"bu","10:05:12",25974000
23400,0,10000,"sd","10:05:24",25984000
23400,0,6000,"bu","10:05:25",25990000
23400,0,8000,"sd","10:05:29",25998000
23400,0,1000,"sd","10:05:42",25999000
23400,0,2000,"bu","10:05:44",26001000
23400,0,10000,"bu","10:05:50",26011000
23400,0,28000,"bu","10:06:03",26039000
23400,0,5000,"bu","10:06:09",26044000
23500,100,1000,"sd","10:06:26",26045000
23400,0,5000,"bu","10:06:33",26050000
23400,0,21000,"bu","10:06:39",26071000
23400,0,4000,"bu","10:06:59",26075000
23400,0,50000,"sd","10:07:14",26125000
23500,100,1000,"sd","10:07:15",26126000
23500,100,1000,"sd","10:07:20",26127000
23500,100,1000,"bu","10:07:23",26128000
23500,100,1000,"sd","10:07:28",26129000
23400,0,1000,"bu","10:07:29",26130000
23400,0,1000,"bu","10:07:43",26131000
23500,100,4000,"bu","10:07:44",26135000
23500,100,11000,"sd","10:07:49",26146000
23400,0,15000,"sd","10:08:07",26161000
23500,100,10000,"bu","10:08:12",26171000
23500,100,47000,"bu","10:08:14",26218000
23500,100,5000,"sd","10:08:29",26223000
23500,100,10000,"sd","10:08:30",26233000
23500,100,10000,"bu","10:08:44",26243000
23500,100,3000,"bu","10:08:55",26246000
23400,0,10000,"sd","10:09:01",26256000
23400,0,20000,"sd","10:09:21",26276000
23400,0,10000,"sd","10:09:24",26286000
23400,0,9000,"sd","10:09:27",26295000
23400,0,50000,"bu","10:09:31",26345000
23400,0,21000,"sd","10:09:35",26366000
23400,0,50000,"bu","10:09:51",26416000
23400,0,1000,"bu","10:09:57",26417000
23500,100,1000,"bu","10:10:03",26418000
23400,0,50000,"bu","10:10:15",26468000
23400,0,1689000,"sd","10:10:19",28157000
23300,-100,2000,"bu","10:10:21",28159000
23400,0,10000,"bu","10:10:23",28169000
23300,-100,1000,"sd","10:10:27",28170000
23300,-100,2000,"sd","10:10:37",28172000
23400,0,1000,"bu","10:10:59",28173000
23400,0,19000,"bu","10:11:07",28192000
23400,0,1000,"bu","10:11:11",28193000
23400,0,1000,"sd","10:11:15",28194000
23400,0,10000,"bu","10:11:22",28204000
23300,-100,9000,"sd","10:11:28",28213000
23300,-100,15000,"bu","10:11:41",28228000
23400,0,3000,"bu","10:11:43",28231000
23300,-100,1000,"sd","10:11:59",28232000
23400,0,1000,"sd","10:12:03",28233000
23400,0,1000,"bu","10:12:06",28234000
23300,-100,2000,"sd","10:12:34",28236000
23400,0,1000,"sd","10:12:36",28237000
23400,0,47000,"bu","10:12:44",28284000
23400,0,26000,"bu","10:12:48",28310000
23400,0,21000,"sd","10:13:15",28331000
23400,0,47000,"sd","10:13:52",28378000
23400,0,1000,"sd","10:14:06",28379000
23400,0,5000,"bu","10:14:11",28384000
23400,0,11000,"sd","10:14:12",28395000
23400,0,2000,"bu","10:14:15",28397000
23400,0,5000,"sd","10:14:17",28402000
23400,0,30000,"sd","10:14:22",28432000
23400,0,100000,"bu","10:14:24",28532000
23400,0,65000,"bu","10:14:27",28597000
23400,0,200000,"sd","10:14:29",28797000
23400,0,400000,"bu","10:14:34",29197000
23400,0,60000,"bu","10:14:35",29257000
23400,0,6000,"sd","10:14:37",29263000
23400,0,1000,"sd","10:14:38",29264000
23400,0,20000,"sd","10:14:41",29284000
23400,0,10000,"sd","10:14:44",29294000
23400,0,30000,"sd","10:14:45",29324000
23400,0,70000,"sd","10:14:46",29394000
23400,0,100000,"bu","10:14:47",29494000
23400,0,1000,"sd","10:14:48",29495000
23400,0,10000,"bu","10:14:51",29505000
23400,0,5000,"bu","10:14:52",29510000
23400,0,118000,"bu","10:14:53",29628000
23400,0,343000,"bu","10:14:54",29971000
23400,0,1000,"bu","10:15:01",29972000
23400,0,1000,"sd","10:15:14",29973000
23400,0,2000,"sd","10:15:23",29975000
23500,100,2000,"bu","10:15:29",29977000
23500,100,1000,"sd","10:15:31",29978000
23400,0,2000,"bu","10:15:40",29980000
23500,100,10000,"bu","10:15:42",29990000
23400,0,2000,"sd","10:15:43",29992000
23400,0,50000,"bu","10:15:46",30042000
23400,0,2000,"bu","10:15:47",30044000
23500,100,20000,"bu","10:15:50",30064000
23400,0,60000,"sd","10:15:53",30124000
23400,0,2000,"sd","10:15:55",30126000
23500,100,21000,"sd","10:15:57",30147000
23400,0,50000,"bu","10:16:02",30197000
23400,0,1000,"sd","10:16:37",30198000
23400,0,10000,"sd","10:16:49",30208000
23400,0,3000,"bu","10:16:51",30211000
23400,0,40000,"sd","10:17:20",30251000
23500,100,1000,"sd","10:17:42",30252000
23400,0,70000,"bu","10:18:07",30322000
23500,100,5000,"sd","10:18:15",30327000
23500,100,47000,"bu","10:18:22",30374000
23400,0,90000,"bu","10:18:31",30464000
23500,100,3000,"sd","10:18:35",30467000
23400,0,10000,"sd","10:18:37",30477000
23400,0,4000,"bu","10:18:40",30481000
23400,0,1000,"bu","10:18:48",30482000
23400,0,5000,"bu","10:18:49",30487000
23400,0,13000,"bu","10:18:55",30500000
23400,0,10000,"bu","10:18:58",30510000
23400,0,10000,"sd","10:19:05",30520000
23400,0,20000,"sd","10:19:12",30540000
23400,0,2000,"sd","10:19:16",30542000
23400,0,200000,"bu","10:19:24",30742000
23400,0,50000,"bu","10:19:26",30792000
23400,0,20000,"sd","10:19:28",30812000
23400,0,56000,"sd","10:19:31",30868000
23400,0,10000,"bu","10:19:34",30878000
23400,0,5000,"bu","10:19:35",30883000
23400,0,50000,"bu","10:19:39",30933000
23400,0,2000,"bu","10:19:49",30935000
23400,0,10000,"sd","10:19:53",30945000
23400,0,3000,"sd","10:20:02",30948000
23500,100,1000,"sd","10:20:06",30949000
23400,0,20000,"bu","10:20:10",30969000
23400,0,1000,"sd","10:20:18",30970000
23400,0,1000,"bu","10:20:26",30971000
23400,0,2000,"bu","10:20:29",30973000
23400,0,3000,"sd","10:20:31",30976000
23400,0,10000,"bu","10:20:32",30986000
23400,0,15000,"bu","10:20:47",31001000
23400,0,113000,"bu","10:20:48",31114000
23400,0,58000,"bu","10:20:49",31172000
23400,0,15000,"bu","10:20:51",31187000
23400,0,33000,"sd","10:20:52",31220000
23400,0,14000,"bu","10:20:57",31234000
23400,0,2000,"bu","10:20:58",31236000
23400,0,2000,"sd","10:21:01",31238000
23400,0,100000,"sd","10:21:06",31338000
23400,0,10000,"sd","10:21:07",31348000
23400,0,100000,"sd","10:21:11",31448000
23400,0,101000,"sd","10:21:13",31549000
23400,0,10000,"sd","10:21:14",31559000
23400,0,5000,"sd","10:21:18",31564000
23400,0,11000,"bu","10:21:20",31575000
23400,0,1000,"sd","10:21:21",31576000
23400,0,9000,"bu","10:21:30",31585000
23400,0,10000,"bu","10:21:32",31595000
23400,0,3000,"bu","10:21:41",31598000
23400,0,50000,"bu","10:21:43",31648000
23400,0,29000,"bu","10:21:44",31677000
23400,0,1000,"bu","10:21:45",31678000
23400,0,30000,"sd","10:21:49",31708000
23400,0,13000,"bu","10:21:53",31721000
23400,0,1000,"bu","10:22:02",31722000
23400,0,4000,"sd","10:22:10",31726000
23400,0,36000,"sd","10:22:17",31762000
23400,0,10000,"bu","10:22:20",31772000
23400,0,20000,"sd","10:22:22",31792000
23400,0,1000,"bu","10:22:30",31793000
23400,0,1000,"bu","10:22:37",31794000
23400,0,1000,"sd","10:22:39",31795000
23400,0,47000,"bu","10:22:53",31842000
23400,0,43000,"sd","10:23:13",31885000
23400,0,46000,"bu","10:24:00",31931000
23400,0,570000,"sd","10:24:06",32501000
23400,0,66000,"sd","10:24:17",32567000
23400,0,10000,"bu","10:24:26",32577000
23400,0,25000,"bu","10:24:27",32602000
23400,0,19000,"bu","10:24:29",32621000
23400,0,5000,"sd","10:24:31",32626000
23400,0,1000,"bu","10:24:41",32627000
23400,0,1000,"bu","10:24:51",32628000
23400,0,1000,"sd","10:24:54",32629000
23400,0,3000,"sd","10:24:57",32632000
23400,0,2000,"bu","10:24:59",32634000
23400,0,83000,"sd","10:25:08",32717000
23400,0,5000,"bu","10:25:19",32722000
23400,0,5000,"bu","10:25:24",32727000
23400,0,100000,"sd","10:25:37",32827000
23400,0,3000,"sd","10:25:40",32830000
23400,0,16000,"sd","10:25:41",32846000
23400,0,43000,"bu","10:25:43",32889000
23400,0,30000,"sd","10:25:56",32919000
23400,0,47000,"sd","10:26:16",32966000
23400,0,5000,"sd","10:26:17",32971000
23400,0,19000,"sd","10:26:19",32990000
23400,0,1000,"sd","10:26:34",32991000
23400,0,1000,"sd","10:26:39",32992000
23400,0,40000,"sd","10:26:40",33032000
23400,0,20000,"bu","10:26:59",33052000
23400,0,6000,"bu","10:27:00",33058000
23400,0,1000,"sd","10:27:12",33059000
23400,0,47000,"sd","10:27:23",33106000
23300,-100,2000,"bu","10:27:37",33108000
23400,0,1000,"sd","10:27:39",33109000
23400,0,50000,"sd","10:27:46",33159000
23400,0,10000,"bu","10:27:52",33169000
23300,-100,15000,"sd","10:28:08",33184000
23400,0,10000,"bu","10:28:28",33194000
23400,0,47000,"sd","10:28:31",33241000
23300,-100,2000,"sd","10:28:36",33243000
23300,-100,34000,"sd","10:28:39",33277000
23300,-100,5000,"bu","10:29:00",33282000
23300,-100,1000,"sd","10:29:10",33283000
23400,0,1000,"bu","10:29:12",33284000
23300,-100,10000,"sd","10:29:18",33294000
23400,0,1000,"sd","10:29:29",33295000
23400,0,47000,"sd","10:29:39",33342000
23300,-100,2000,"bu","10:29:44",33344000
23400,0,1000,"sd","10:29:55",33345000
23400,0,4000,"sd","10:29:59",33349000
23300,-100,100000,"sd","10:30:00",33449000
23300,-100,2000,"bu","10:30:26",33451000
23300,-100,1000,"sd","10:30:26",33452000
23300,-100,2000,"sd","10:30:33",33454000
23400,0,2000,"bu","10:30:39",33456000
23400,0,1000,"sd","10:30:39",33456000
23400,0,1000,"sd","10:30:39",33456000
23400,0,1000,"bu","10:30:43",33457000
23400,0,46000,"bu","10:30:46",33503000
23400,0,10000,"sd","10:30:55",33513000
23300,-100,20000,"bu","10:30:57",33533000
23400,0,1000,"bu","10:30:59",33534000
23400,0,10000,"bu","10:31:08",33544000
23400,0,3000,"sd","10:31:20",33547000
23300,-100,2000000,"sd","10:31:21",35547000
23300,-100,232000,"bu","10:31:25",35779000
23300,-100,25000,"bu","10:31:31",35804000
23300,-100,40000,"sd","10:31:35",35844000
23300,-100,20000,"sd","10:31:38",35864000
23300,-100,10000,"bu","10:31:40",35874000
23300,-100,1000,"sd","10:31:42",35875000
23300,-100,201000,"bu","10:31:46",36076000
23300,-100,3000,"bu","10:31:50",36079000
23300,-100,10000,"bu","10:31:53",36089000
23300,-100,47000,"sd","10:31:55",36136000
23300,-100,500000,"sd","10:32:00",36636000
23200,-200,7000,"bu","10:32:13",36643000
23200,-200,9000,"sd","10:32:16",36652000
23300,-100,5000,"sd","10:32:23",36657000
23300,-100,20000,"sd","10:32:28",36677000
23300,-100,2000,"sd","10:32:32",36679000
23300,-100,1000,"bu","10:32:34",36680000
23300,-100,30000,"bu","10:32:45",36710000
23200,-200,5000,"sd","10:32:48",36715000
23300,-100,1000,"sd","10:33:01",36716000
23300,-100,20000,"sd","10:33:06",36736000
23200,-200,2000,"sd","10:33:07",36738000
23200,-200,1000,"sd","10:33:11",36739000
23300,-100,5000,"sd","10:33:31",36744000
23200,-200,55000,"sd","10:33:34",36799000
23200,-200,1000,"bu","10:33:38",36800000
23200,-200,3000,"sd","10:33:42",36803000
23300,-100,1000,"sd","10:33:44",36804000
23200,-200,4000,"sd","10:33:51",36808000
23300,-100,200000,"bu","10:34:04",37008000
23300,-100,10000,"bu","10:34:07",37018000
23300,-100,47000,"sd","10:34:10",37065000
23300,-100,10000,"sd","10:34:13",37075000
23300,-100,36000,"bu","10:34:17",37111000
23300,-100,5000,"sd","10:34:18",37116000
23300,-100,5000,"bu","10:34:20",37121000
23300,-100,10000,"sd","10:34:21",37131000
23300,-100,9000,"bu","10:34:22",37140000
23300,-100,50000,"bu","10:34:29",37190000
23300,-100,40000,"bu","10:34:31",37230000
23300,-100,14000,"sd","10:34:34",37244000
23200,-200,3000,"bu","10:34:35",37247000
23300,-100,10000,"sd","10:34:37",37257000
23300,-100,162000,"sd","10:34:38",37419000
23300,-100,10000,"sd","10:34:40",37429000
23300,-100,10000,"sd","10:34:43",37439000
23300,-100,60000,"sd","10:34:46",37499000
23300,-100,15000,"bu","10:34:48",37514000
23300,-100,100000,"sd","10:34:49",37614000
23300,-100,5000,"bu","10:34:50",37619000
23300,-100,50000,"bu","10:34:54",37669000
23300,-100,1000,"sd","10:34:56",37670000
23300,-100,52000,"sd","10:34:57",37722000
23300,-100,88000,"sd","10:34:58",37810000
23400,0,2000,"bu","10:35:06",37812000
23400,0,47000,"sd","10:35:18",37859000
23400,0,3000,"sd","10:35:19",37862000
23400,0,17000,"bu","10:35:25",37879000
23300,-100,1000,"bu","10:35:47",37880000
23300,-100,5000,"bu","10:35:59",37885000
23400,0,300000,"sd","10:36:00",38185000
23400,0,1000,"sd","10:36:22",38186000
23400,0,47000,"bu","10:36:24",38233000
23400,0,5000,"sd","10:36:35",38238000
23400,0,200000,"sd","10:36:59",38438000
23400,0,4000,"bu","10:37:01",38442000
23400,0,1000,"sd","10:37:03",38443000
23400,0,191000,"bu","10:37:29",38634000
23400,0,146000,"bu","10:37:33",38780000
23400,0,10000,"sd","10:37:35",38790000
23400,0,5000,"bu","10:37:39",38795000
23400,0,30000,"bu","10:37:48",38825000
23400,0,7000,"sd","10:37:54",38832000
23300,-100,2000,"bu","10:37:56",38834000
23400,0,30000,"sd","10:38:12",38864000
23300,-100,3000,"sd","10:38:16",38867000
23300,-100,50000,"sd","10:39:07",38917000
23300,-100,5000,"bu","10:39:15",38922000
23300,-100,2000,"sd","10:39:16",38924000
23300,-100,3000,"bu","10:39:22",38927000
23300,-100,100000,"bu","10:39:25",39027000
23400,0,14000,"sd","10:39:26",39041000
23400,0,1000,"bu","10:39:35",39042000
23400,0,47000,"bu","10:39:47",39089000
23300,-100,100000,"sd","10:39:55",39189000
23300,-100,10000,"sd","10:40:02",39199000
23300,-100,1000,"sd","10:40:09",39200000
23300,-100,10000,"sd","10:40:25",39210000
23300,-100,5000,"bu","10:40:38",39215000
23300,-100,5000,"bu","10:40:40",39220000
23300,-100,5000,"sd","10:40:45",39225000
23300,-100,10000,"sd","10:40:47",39235000
23300,-100,5000,"bu","10:40:49",39240000
23300,-100,1000,"sd","10:41:10",39241000
23300,-100,50000,"sd","10:41:43",39291000
23300,-100,5000,"bu","10:41:50",39296000
23400,0,50000,"sd","10:42:05",39346000
23400,0,110000,"sd","10:42:11",39456000
23400,0,4000,"sd","10:42:27",39460000
23400,0,1000,"sd","10:42:42",39461000
23300,-100,10000,"bu","10:42:43",39471000
23400,0,31000,"bu","10:42:52",39502000
23400,0,49000,"bu","10:43:10",39551000
23400,0,10000,"sd","10:43:12",39561000
23400,0,9000,"bu","10:43:44",39570000
23400,0,48000,"sd","10:44:17",39618000
23400,0,1000,"bu","10:44:34",39619000
23400,0,20000,"sd","10:44:37",39639000
23400,0,5000,"bu","10:44:38",39644000
23400,0,1000,"bu","10:44:47",39645000
23400,0,3000,"sd","10:44:56",39648000
23400,0,3000,"bu","10:45:09",39651000
23400,0,1000,"sd","10:45:18",39652000
23400,0,46000,"sd","10:45:25",39698000
23400,0,1000,"bu","10:45:43",39699000
23400,0,4000,"bu","10:45:45",39703000
23400,0,4000,"bu","10:45:51",39707000
23400,0,4000,"bu","10:46:13",39711000
23400,0,5000,"sd","10:46:16",39716000
23400,0,5000,"bu","10:46:23",39721000
23400,0,13000,"bu","10:46:31",39734000
23400,0,47000,"bu","10:46:33",39781000
23400,0,2000,"sd","10:46:37",39783000
23400,0,5000,"bu","10:47:20",39788000
23400,0,9000,"bu","10:47:26",39797000
23400,0,47000,"sd","10:47:40",39844000
23400,0,2000,"sd","10:47:45",39846000
23300,-100,9000,"bu","10:48:02",39855000
23300,-100,2000,"bu","10:48:38",39857000
23300,-100,8000,"bu","10:48:51",39865000
23300,-100,5000,"sd","10:49:07",39870000
23400,0,5000,"sd","10:49:20",39875000
23400,0,1000,"sd","10:49:21",39876000
23300,-100,4000,"sd","10:49:49",39880000
23300,-100,35000,"sd","10:50:15",39915000
23300,-100,9000,"bu","10:50:30",39924000
23300,-100,60000,"sd","10:50:32",39984000
23300,-100,19000,"bu","10:50:35",40003000
23300,-100,14000,"sd","10:50:48",40017000
23300,-100,2000,"sd","10:50:54",40019000
23400,0,200000,"sd","10:50:57",40219000
23400,0,47000,"sd","10:51:03",40266000
23400,0,10000,"bu","10:51:24",40276000
23300,-100,20000,"sd","10:51:41",40296000
23400,0,13000,"bu","10:51:47",40309000
23400,0,46000,"sd","10:52:11",40355000
23400,0,200000,"sd","10:52:12",40555000
23400,0,100000,"bu","10:52:16",40655000
23300,-100,3000,"bu","10:52:33",40658000
23300,-100,5000,"sd","10:52:35",40663000
23400,0,5000,"sd","10:52:55",40668000
23300,-100,20000,"bu","10:52:58",40688000
23300,-100,1000,"sd","10:53:11",40689000
23300,-100,1000,"sd","10:53:12",40690000
23300,-100,51000,"sd","10:53:43",40741000
23300,-100,622000,"bu","10:53:46",41363000
23300,-100,56000,"sd","10:53:50",41419000
23300,-100,10000,"sd","10:54:14",41429000
23300,-100,1000,"bu","10:54:21",41430000
23300,-100,1000,"bu","10:54:22",41431000
23300,-100,11000,"bu","10:54:23",41442000
23300,-100,5000,"sd","10:54:27",41447000
23300,-100,54000,"bu","10:54:31",41501000
23300,-100,8000,"sd","10:54:51",41509000
23300,-100,10000,"bu","10:55:02",41519000
23400,0,1000,"sd","10:55:20",41520000
23300,-100,3000,"sd","10:55:26",41523000
23300,-100,2000,"bu","10:56:08",41525000
23400,0,1000,"bu","10:56:11",41526000
23400,0,1000,"sd","10:56:12",41527000
23400,0,49000,"bu","10:56:41",41576000
23300,-100,4000,"sd","10:56:52",41580000
23400,0,1000,"sd","10:57:01",41581000
23300,-100,60000,"sd","10:57:02",41641000
23400,0,1000,"sd","10:57:03",41642000
23400,0,1000,"bu","10:57:05",41643000
23300,-100,50000,"bu","10:57:26",41693000
23400,0,1000,"sd","10:57:36",41694000
23400,0,1000,"bu","10:57:39",41695000
23400,0,1000,"sd","10:57:47",41696000
23400,0,47000,"bu","10:57:49",41743000
23400,0,10000,"sd","10:57:50",41753000
23400,0,1000,"sd","10:57:56",41754000
23400,0,4000,"bu","10:57:58",41758000
23300,-100,50000,"sd","10:58:00",41808000
23400,0,2000,"sd","10:58:01",41810000
23400,0,5000,"sd","10:58:02",41815000
23400,0,50000,"sd","10:58:03",41865000
23400,0,3000,"sd","10:58:39",41868000
23400,0,46000,"bu","10:58:56",41914000
23400,0,1000,"sd","10:59:29",41915000
23300,-100,11000,"bu","10:59:32",41926000
23400,0,33000,"sd","10:59:41",41959000
23300,-100,2000,"bu","10:59:43",41961000
23300,-100,44000,"bu","11:00:10",42005000
23400,0,1000,"bu","11:00:11",42006000
23300,-100,44000,"bu","11:00:12",42050000
23300,-100,230000,"sd","11:00:27",42280000
23300,-100,5000,"sd","11:00:44",42285000
23300,-100,23000,"bu","11:00:47",42308000
23400,0,1000,"bu","11:00:49",42309000
23400,0,1000,"sd","11:00:51",42310000
23300,-100,1000,"bu","11:00:53",42311000
23300,-100,1000,"sd","11:01:04",42312000
23400,0,1000,"bu","11:01:25",42313000
23400,0,2000,"sd","11:01:28",42315000
23300,-100,50000,"bu","11:01:33",42365000
23300,-100,40000,"bu","11:01:51",42405000
23300,-100,5000,"sd","11:01:59",42410000
23400,0,1000,"bu","11:02:15",42411000
23400,0,1000,"bu","11:02:17",42412000
23400,0,48000,"sd","11:02:19",42460000
23300,-100,1000,"sd","11:02:30",42461000
23300,-100,50000,"bu","11:02:33",42511000
23400,0,1000,"bu","11:02:39",42512000
23400,0,1000,"sd","11:02:42",42513000
23400,0,1000,"bu","11:02:44",42514000
23400,0,1000,"bu","11:02:55",42515000
23400,0,100000,"bu","11:03:04",42615000
23400,0,2000,"bu","11:03:16",42617000
23300,-100,20000,"bu","11:03:19",42637000
23300,-100,1000,"sd","11:03:34",42638000
23400,0,1000,"bu","11:03:49",42639000
23400,0,1000,"bu","11:03:54",42640000
23400,0,4000,"sd","11:03:57",42644000
23400,0,1000,"bu","11:04:28",42645000
23400,0,7000,"bu","11:04:32",42652000
23400,0,47000,"bu","11:04:34",42699000
23400,0,5000,"sd","11:04:44",42704000
23400,0,1000,"bu","11:04:50",42705000
23400,0,2000,"bu","11:04:53",42707000
23300,-100,100000,"bu","11:04:57",42807000
23400,0,20000,"bu","11:05:00",42827000
23300,-100,20000,"sd","11:05:02",42847000
23400,0,1000,"bu","11:05:09",42848000
23400,0,1000,"sd","11:05:12",42849000
23400,0,5000,"bu","11:05:15",42854000
23400,0,3000,"bu","11:05:28",42857000
23400,0,10000,"sd","11:05:30",42867000
23400,0,46000,"sd","11:05:42",42913000
23300,-100,1136000,"bu","11:06:03",44049000
23300,-100,30000,"sd","11:06:09",44079000
23300,-100,2000,"bu","11:06:23",44081000
23400,0,1000,"bu","11:06:24",44082000
23400,0,3000,"bu","11:06:31",44085000
23400,0,47000,"sd","11:06:50",44132000
23400,0,4000,"bu","11:07:04",44136000
23400,0,2000,"bu","11:07:09",44138000
23400,0,100000,"bu","11:07:18",44238000
23400,0,5000,"sd","11:07:27",44243000
23400,0,20000,"sd","11:07:37",44263000
23400,0,50000,"sd","11:07:44",44313000
23400,0,3000,"bu","11:07:56",44316000
23400,0,47000,"bu","11:07:58",44363000
23300,-100,139000,"sd","11:08:10",44502000
23300,-100,2000,"bu","11:08:22",44504000
23400,0,170000,"bu","11:08:27",44674000
23300,-100,7000,"bu","11:08:34",44681000
23300,-100,3000,"sd","11:08:44",44684000
23300,-100,6000,"bu","11:08:45",44690000
23300,-100,100000,"sd","11:08:53",44790000
23400,0,1000,"sd","11:09:34",44791000
23400,0,1000000,"sd","11:09:48",45791000
23400,0,10000,"bu","11:09:50",45801000
23400,0,100000,"sd","11:10:03",45901000
23400,0,10000,"sd","11:10:03",45801000
23400,0,103000,"sd","11:10:05",45904000
23400,0,3000,"sd","11:10:10",45907000
23400,0,8000,"sd","11:10:13",45915000
23400,0,47000,"bu","11:10:14",45962000
23400,0,123000,"sd","11:10:17",46085000
23400,0,19000,"bu","11:10:17",46085000
23400,0,19000,"sd","11:10:17",46085000
23400,0,1000,"bu","11:10:19",46215000
23400,0,2000,"bu","11:10:19",46217000
23400,0,2000,"sd","11:10:19",46217000
23400,0,1000,"sd","11:10:19",46215000
23400,0,112000,"bu","11:10:22",46327000
23400,0,23000,"sd","11:10:23",46350000
23400,0,81000,"sd","11:10:24",46431000
23400,0,1000,"sd","11:10:25",46432000
23400,0,140000,"bu","11:10:28",46572000
23400,0,20000,"bu","11:10:29",46592000
23400,0,30000,"sd","11:10:30",46622000
23400,0,120000,"sd","11:10:31",46742000
23400,0,30000,"sd","11:10:31",46722000
23400,0,20000,"bu","11:10:31",46742000
23400,0,30000,"sd","11:10:31",46722000
23400,0,62000,"bu","11:10:35",46784000
23500,100,2000,"sd","11:10:38",46786000
23400,0,25000,"sd","11:10:40",46811000
23500,100,1000,"bu","11:11:01",46812000
23400,0,1000,"sd","11:11:06",46813000
23500,100,50000,"bu","11:11:11",46863000
23500,100,47000,"bu","11:11:21",46910000
23400,0,22000,"sd","11:11:40",46932000
23400,0,5000,"bu","11:11:43",46937000
23400,0,16000,"sd","11:11:55",46953000
23400,0,8000,"bu","11:12:04",46961000
23400,0,1000,"sd","11:12:09",46962000
23400,0,4000,"sd","11:12:11",46966000
23500,100,1000,"sd","11:12:46",46967000
23400,0,171000,"bu","11:13:04",47138000
23400,0,3000,"bu","11:13:20",47141000
23400,0,20000,"sd","11:13:37",47161000
23400,0,3000,"bu","11:13:48",47164000
23400,0,5000,"bu","11:14:07",47169000
23400,0,21000,"bu","11:14:15",47190000
23400,0,2000,"sd","11:14:21",47192000
23400,0,10000,"sd","11:14:30",47202000
23400,0,50000,"bu","11:14:37",47252000
23500,100,1000,"bu","11:14:52",47253000
23400,0,6000,"bu","11:14:53",47259000
23400,0,1000,"bu","11:15:06",47260000
23400,0,18000,"sd","11:15:07",47278000
23400,0,10000,"bu","11:15:13",47288000
23500,100,1000,"bu","11:15:14",47289000
23400,0,98000,"bu","11:15:19",47387000
23400,0,10000,"bu","11:15:20",47397000
23400,0,20000,"bu","11:15:34",47417000
23400,0,2000,"bu","11:16:04",47419000
23400,0,2000,"sd","11:16:07",47421000
23400,0,9000,"sd","11:16:08",47430000
23400,0,51000,"bu","11:16:16",47481000
23500,100,1000,"sd","11:16:19",47482000
23400,0,10000,"bu","11:16:28",47492000
23500,100,10000,"sd","11:16:35",47502000
23500,100,1000,"bu","11:16:51",47503000
23500,100,47000,"bu","11:16:59",47550000
23500,100,10000,"bu","11:17:19",47560000
23500,100,2000,"sd","11:17:52",47562000
23500,100,1000,"sd","11:17:57",47563000
23400,0,1000,"bu","11:17:59",47564000
23500,100,1000,"sd","11:18:19",47565000
23400,0,56000,"bu","11:18:24",47621000
23500,100,1000,"sd","11:18:27",47622000
23500,100,46000,"sd","11:19:13",47668000
23500,100,4000,"bu","11:19:15",47672000
23500,100,5000,"bu","11:19:17",47677000
23400,0,4000,"bu","11:19:40",47681000
23500,100,3000,"sd","11:19:42",47684000
23500,100,26000,"sd","11:19:53",47710000
23400,0,50000,"sd","11:20:13",47760000
23400,0,111000,"bu","11:20:22",47871000
23400,0,20000,"bu","11:20:25",47891000
23500,100,1000,"bu","11:20:35",47892000
23400,0,2000,"bu","11:20:36",47894000
23400,0,35000,"sd","11:20:45",47929000
23400,0,10000,"bu","11:20:48",47939000
23400,0,10000,"bu","11:20:58",47949000
23400,0,300000,"bu","11:21:01",48249000
23400,0,5000,"sd","11:21:12",48254000
23400,0,2000,"sd","11:21:14",48256000
23400,0,369000,"bu","11:21:15",48625000
23400,0,30000,"bu","11:21:22",48655000
23400,0,81000,"bu","11:21:26",48736000
23400,0,100000,"bu","11:21:27",48836000
23500,100,12000,"bu","11:21:31",48848000
23400,0,8000,"sd","11:21:39",48856000
23400,0,50000,"bu","11:21:44",48906000
23400,0,100000,"bu","11:21:52",49006000
23400,0,2000,"sd","11:21:57",49008000
23400,0,15000,"sd","11:21:58",49023000
23400,0,1000,"bu","11:22:16",49024000
23400,0,180000,"bu","11:22:23",49204000
23400,0,16000,"sd","11:22:32",49220000
23400,0,4000,"bu","11:22:40",49224000
23400,0,63000,"sd","11:22:43",49287000
23400,0,29000,"sd","11:23:18",49316000
23400,0,41000,"sd","11:23:20",49357000
23400,0,10000,"bu","11:23:21",49367000
23400,0,10000,"sd","11:23:23",49377000
23400,0,47000,"bu","11:23:44",49424000
23300,-100,2000,"bu","11:23:45",49426000
23400,0,10000,"bu","11:24:05",49436000
23400,0,7000,"sd","11:24:12",49443000
23400,0,10000,"bu","11:24:19",49453000
23300,-100,20000,"bu","11:24:25",49473000
23400,0,10000,"sd","11:24:27",49483000
23300,-100,10000,"sd","11:24:31",49493000
23300,-100,86000,"bu","11:24:46",49579000
23400,0,3000,"bu","11:24:53",49582000
23400,0,180000,"sd","11:25:01",49762000
23400,0,1000,"sd","11:25:04",49763000
23500,100,1000,"sd","11:25:10",49764000
23400,0,3000,"sd","11:25:11",49767000
23500,100,1000,"bu","11:25:13",49768000
23500,100,1000,"sd","11:25:16",49769000
23500,100,1000,"bu","11:25:18",49770000
23500,100,150000,"bu","11:25:42",49920000
23400,0,60000,"sd","11:25:48",49980000
23500,100,1000,"bu","11:25:56",49981000
23500,100,46000,"bu","11:25:59",50027000
23400,0,50000,"sd","11:26:00",50077000
23400,0,30000,"bu","11:26:12",50107000
23500,100,1000,"sd","11:26:14",50108000
23500,100,1000,"sd","11:26:17",50109000
23400,0,100000,"bu","11:26:29",50209000
23400,0,100000,"bu","11:26:51",50309000
23500,100,30000,"bu","11:26:59",50339000
23400,0,300000,"bu","11:27:02",50639000
23400,0,9000,"bu","11:27:03",50648000
23400,0,38000,"bu","11:27:04",50686000
23400,0,10000,"sd","11:27:12",50696000
23400,0,3000,"sd","11:27:21",50699000
23400,0,1000,"bu","11:27:34",50700000
23400,0,10000,"bu","11:27:45",50710000
23400,0,26000,"sd","11:28:07",50736000
23400,0,10000,"sd","11:28:23",50746000
23400,0,5000,"sd","11:28:35",50751000
23400,0,2000,"bu","11:28:40",50753000
23400,0,5000,"bu","11:28:41",50758000
23500,100,30000,"bu","11:29:05",50788000
23400,0,10000,"bu","11:29:07",50798000
23400,0,5000,"sd","11:29:18",50803000
23400,0,23000,"sd","11:29:30",50826000
23400,0,6000,"bu","11:29:41",50832000
23400,0,35000,"bu","11:29:50",50867000
23400,0,10000,"bu","11:29:55",50877000
23500,100,1000,"sd","11:29:58",50878000
23400,0,168000,"bu","13:00:03",51046000
23500,100,11000,"sd","13:00:06",51057000
23400,0,40000,"sd","13:00:07",51097000
23500,100,2000,"bu","13:00:09",51099000
23500,100,3000,"bu","13:00:09",51102000
23400,0,496000,"sd","13:00:12",51598000
23400,0,3000,"sd","13:00:28",51601000
23400,0,48000,"sd","13:00:30",51649000
23400,0,15000,"sd","13:00:41",51664000
23400,0,20000,"sd","13:00:46",51684000
23400,0,24000,"sd","13:00:48",51708000
23400,0,3000,"sd","13:00:54",51711000
23400,0,174000,"bu","13:01:00",51885000
23400,0,567000,"bu","13:01:12",52452000
23400,0,3000,"bu","13:01:13",52455000
23400,0,30000,"sd","13:01:14",52485000
23400,0,283000,"bu","13:01:17",52768000
23400,0,5000,"sd","13:01:19",52773000
23400,0,2000,"sd","13:01:21",52775000
23400,0,10000,"bu","13:01:25",52785000
23400,0,162000,"bu","13:01:31",52947000
23400,0,5000,"sd","13:01:34",52952000
23400,0,4000,"sd","13:01:35",52956000
23400,0,47000,"sd","13:01:37",53003000
23400,0,1000,"bu","13:01:38",53004000
23400,0,101000,"sd","13:01:47",53105000
23300,-100,1000,"bu","13:01:49",53106000
23400,0,5000,"sd","13:01:52",53111000
23400,0,1000,"sd","13:01:58",53112000
23400,0,1000,"sd","13:02:05",53113000
23300,-100,1000,"bu","13:02:13",53114000
23400,0,34000,"bu","13:02:14",53148000
23400,0,40000,"sd","13:02:15",53188000
23300,-100,5000,"sd","13:02:16",53193000
23300,-100,224000,"sd","13:02:20",53417000
23400,0,2000,"sd","13:02:23",53419000
23300,-100,6000,"bu","13:02:26",53425000
23300,-100,3000,"sd","13:02:33",53428000
23300,-100,21000,"sd","13:02:34",53449000
23400,0,70000,"bu","13:02:36",53519000
23300,-100,151000,"bu","13:02:45",53670000
23400,0,236000,"bu","13:02:47",53906000
23400,0,12000,"sd","13:02:54",53918000
23400,0,4000,"bu","13:02:58",53922000
23400,0,1000,"sd","13:03:06",53923000
23400,0,44000,"bu","13:03:08",53967000
23400,0,1000,"sd","13:03:10",53968000
23400,0,10000,"sd","13:03:11",53978000
23400,0,1000,"sd","13:03:14",53979000
23400,0,50000,"sd","13:03:22",54029000
23400,0,6000,"bu","13:03:29",54035000
23400,0,10000,"sd","13:03:38",54045000
23500,100,1000,"bu","13:03:41",54046000
23400,0,64000,"sd","13:03:43",54110000
23400,0,23000,"bu","13:03:52",54133000
23500,100,1000,"sd","13:03:55",54134000
23400,0,6000,"sd","13:03:56",54140000
23500,100,1000,"sd","13:03:58",54141000
23500,100,1000,"bu","13:04:00",54142000
23400,0,5000,"bu","13:04:06",54147000
23400,0,8000,"sd","13:04:08",54155000
23400,0,1000,"sd","13:04:12",54156000
23400,0,20000,"sd","13:04:34",54176000
23400,0,1000,"bu","13:04:36",54177000
23500,100,1000,"bu","13:04:37",54178000
23500,100,1000,"sd","13:04:40",54179000
23500,100,1000,"bu","13:04:46",54180000
23500,100,50000,"sd","13:04:52",54230000
23500,100,9000,"bu","13:04:57",54239000
23400,0,62000,"bu","13:05:00",54301000
23400,0,4000,"bu","13:05:09",54305000
23500,100,1000,"bu","13:05:11",54306000
23400,0,2000,"bu","13:05:13",54308000
23400,0,5000,"bu","13:05:19",54313000
23500,100,1000,"sd","13:05:25",54314000
23400,0,20000,"sd","13:05:27",54334000
23400,0,20000,"bu","13:05:28",54354000
23400,0,2000,"sd","13:05:31",54356000
23400,0,5000,"bu","13:05:46",54361000
23400,0,50000,"sd","13:05:48",54411000
23400,0,35000,"bu","13:05:56",54446000
23400,0,21000,"sd","13:05:57",54467000
23400,0,2000,"bu","13:05:59",54469000
23400,0,1000,"bu","13:06:02",54470000
23400,0,1000,"bu","13:06:09",54471000
23400,0,5000,"sd","13:06:10",54476000
23400,0,18000,"bu","13:06:18",54494000
23400,0,1000,"sd","13:06:23",54495000
23400,0,4000,"bu","13:06:24",54499000
23400,0,1000,"sd","13:06:25",54500000
23400,0,20000,"sd","13:06:27",54520000
23400,0,23000,"bu","13:06:28",54543000
23400,0,5000,"sd","13:06:29",54548000
23400,0,20000,"bu","13:06:38",54568000
23400,0,1000,"bu","13:06:39",54569000
23400,0,20000,"bu","13:06:40",54589000
23400,0,5000,"sd","13:06:41",54594000
23400,0,30000,"bu","13:06:44",54624000
23400,0,100000,"sd","13:06:49",54724000
23400,0,2000,"sd","13:06:51",54726000
23400,0,325000,"bu","13:06:52",55051000
23500,100,41000,"sd","13:06:53",55092000
23400,0,2000,"bu","13:06:56",55094000
23500,100,3000,"bu","13:06:58",55097000
23400,0,10000,"sd","13:07:07",55107000
23500,100,1000,"bu","13:07:14",55108000
23400,0,10000,"sd","13:07:16",55118000
23400,0,50000,"bu","13:07:20",55168000
23400,0,39000,"sd","13:07:22",55207000
23500,100,1000,"bu","13:07:24",55208000
23500,100,50000,"sd","13:07:32",55258000
23400,0,15000,"sd","13:07:47",55273000
23400,0,10000,"bu","13:07:56",55283000
23500,100,5000,"sd","13:07:57",55288000
23400,0,15000,"sd","13:08:03",55303000
23400,0,10000,"sd","13:08:04",55313000
23400,0,1000,"sd","13:08:05",55314000
23400,0,30000,"sd","13:08:21",55344000
23400,0,10000,"sd","13:08:23",55354000
23400,0,3000,"bu","13:08:24",55357000
23400,0,10000,"bu","13:08:37",55367000
23500,100,1000,"sd","13:08:39",55368000
23400,0,2000,"bu","13:08:45",55370000
23400,0,6000,"bu","13:08:46",55376000
23400,0,25000,"bu","13:08:49",55401000
23400,0,10000,"sd","13:08:51",55411000
23500,100,10000,"bu","13:08:52",55421000
23500,100,1000,"sd","13:08:56",55422000
23500,100,1000,"bu","13:08:59",55423000
23500,100,1000000,"bu","13:09:00",56423000
23500,100,1000,"sd","13:09:02",56424000
23400,0,21000,"sd","13:09:05",56445000
23500,100,32000,"sd","13:09:06",56477000
23400,0,15000,"sd","13:09:07",56492000
23500,100,3000,"bu","13:09:08",56495000
23400,0,3000,"bu","13:09:12",56498000
23400,0,124000,"bu","13:09:19",56622000
23400,0,1000,"bu","13:09:20",56623000
23400,0,5000,"bu","13:09:27",56628000
23500,100,1000,"sd","13:09:37",56629000
23400,0,10000,"bu","13:09:38",56639000
23500,100,21000,"sd","13:09:39",56660000
23500,100,1000,"bu","13:09:40",56661000
23500,100,113000,"sd","13:09:42",56774000
23500,100,100000,"bu","13:09:55",56874000
23400,0,10000,"sd","13:09:56",56884000
23500,100,267000,"sd","13:10:07",57151000
23400,0,123000,"sd","13:10:09",57274000
23500,100,4000,"sd","13:10:11",57278000
23500,100,4000,"sd","13:10:12",57282000
23500,100,1000,"bu","13:10:18",57283000
23400,0,10000,"sd","13:10:31",57293000
23500,100,100000,"bu","13:10:34",57393000
23500,100,46000,"sd","13:10:38",57439000
23400,0,1405000,"bu","13:10:40",58844000
23500,100,25000,"bu","13:10:41",58869000
23500,100,666000,"bu","13:10:42",59535000
23500,100,45000,"sd","13:10:46",59580000
23500,100,5000,"bu","13:10:47",59585000
23500,100,13000,"bu","13:10:48",59598000
23500,100,56000,"bu","13:10:49",59654000
23500,100,18000,"sd","13:10:50",59672000
23500,100,51000,"sd","13:10:53",59723000
23500,100,5000,"sd","13:10:54",59728000
23500,100,1000,"sd","13:10:55",59729000
23500,100,5000,"bu","13:10:57",59734000
23600,200,1000,"bu","13:10:58",59735000
23500,100,6000,"bu","13:11:00",59741000
23500,100,1000,"bu","13:11:03",59742000
23500,100,10000,"bu","13:11:07",59752000
23500,100,10000,"bu","13:11:20",59762000
23500,100,1000,"sd","13:11:27",59763000
23500,100,21000,"sd","13:11:31",59784000
23500,100,1000,"sd","13:11:37",59785000
23600,200,50000,"sd","13:11:45",59835000
23500,100,30000,"bu","13:11:46",59865000
23500,100,52000,"bu","13:11:46",59917000
23600,200,23000,"bu","13:11:54",59940000
23500,100,2000,"sd","13:11:55",59942000
23500,100,2000,"bu","13:11:56",59944000
23600,200,150000,"sd","13:11:59",60094000
23500,100,5000,"bu","13:12:02",60099000
23500,100,9000,"bu","13:12:07",60108000
23500,100,20000,"sd","13:12:13",60128000
23600,200,6000,"bu","13:12:17",60134000
23500,100,3000,"bu","13:12:18",60137000
23600,200,40000,"bu","13:12:28",60177000
23600,200,10000,"sd","13:12:35",60187000
23600,200,15000,"bu","13:12:36",60202000
23500,100,3000,"bu","13:12:37",60205000
23600,200,5000,"bu","13:12:38",60210000
23600,200,140000,"sd","13:12:42",60350000
23600,200,156000,"bu","13:12:43",60506000
23600,200,1000,"bu","13:12:45",60507000
23600,200,190000,"sd","13:12:47",60697000
23600,200,3000,"sd","13:12:48",60700000
23600,200,30000,"bu","13:12:49",60730000
23600,200,2000,"bu","13:12:50",60732000
23600,200,61000,"bu","13:12:50",60793000
23600,200,197000,"sd","13:12:53",60990000
23500,100,106000,"sd","13:12:54",61096000
23600,200,110000,"sd","13:12:54",61206000
23600,200,74000,"bu","13:12:55",61280000
23600,200,50000,"bu","13:12:58",61330000
23600,200,187000,"sd","13:12:59",61517000
23600,200,629000,"sd","13:13:02",62146000
23600,200,1000,"bu","13:13:03",62197000
23600,200,61000,"sd","13:13:04",62258000
23600,200,205000,"bu","13:13:06",62463000
23500,100,30000,"sd","13:13:07",62493000
23600,200,30000,"sd","13:13:08",62523000
23600,200,422000,"bu","13:13:09",62945000
23600,200,1000,"sd","13:13:09",62946000
23600,200,10000,"bu","13:13:12",62956000
23600,200,6000,"bu","13:13:15",62962000
23700,300,1000,"sd","13:13:17",62963000
23600,200,10000,"bu","13:13:17",62973000
23700,300,2000,"bu","13:13:18",62975000
23700,300,10000,"bu","13:13:20",62985000
23700,300,1000,"sd","13:13:23",62986000
23700,300,20000,"bu","13:13:26",63006000
23700,300,207000,"sd","13:13:32",63213000
23700,300,1000,"bu","13:13:35",63214000
23700,300,25000,"sd","13:13:38",63239000
23700,300,15000,"sd","13:13:42",63254000
23700,300,1000,"sd","13:13:44",63255000
23600,200,20000,"sd","13:13:45",63275000
23600,200,35000,"bu","13:13:46",63310000
23700,300,2000,"bu","13:13:48",63312000
23700,300,10000,"bu","13:13:49",63322000
23700,300,1000,"sd","13:13:51",63323000
23700,300,50000,"sd","13:13:52",63373000
23700,300,50000,"sd","13:13:54",63423000
23700,300,14000,"bu","13:13:56",63437000
23700,300,50000,"bu","13:13:58",63487000
23700,300,50000,"sd","13:14:01",63537000
23700,300,100000,"sd","13:14:02",63637000
23700,300,27000,"sd","13:14:04",63664000
23700,300,21000,"bu","13:14:05",63685000
23700,300,20000,"bu","13:14:08",63705000
23700,300,43000,"bu","13:14:12",63748000
23700,300,30000,"sd","13:14:14",63778000
23700,300,9000,"sd","13:14:16",63787000
23700,300,60000,"bu","13:14:17",63847000
23700,300,2000,"bu","13:14:18",63849000
23700,300,31000,"sd","13:14:20",63880000
23700,300,150000,"sd","13:14:21",64030000
23700,300,11000,"sd","13:14:22",64041000
23700,300,42000,"bu","13:14:23",64083000
23700,300,20000,"bu","13:14:24",64103000
23700,300,5000,"sd","13:14:26",64153000
23700,300,1000,"sd","13:14:28",64154000
23700,300,30000,"sd","13:14:29",64184000
23700,300,7000,"sd","13:14:31",64191000
23700,300,15000,"sd","13:14:34",64206000
23700,300,100000,"bu","13:14:35",64306000
23700,300,2000,"bu","13:14:36",64308000
23700,300,121000,"sd","13:14:39",64429000
23700,300,1000,"sd","13:14:40",64430000
23700,300,21000,"sd","13:14:41",64451000
23700,300,8000,"bu","13:14:42",64459000
23700,300,52000,"bu","13:14:45",64511000
23700,300,30000,"bu","13:14:46",64541000
23700,300,1000,"bu","13:14:49",64542000
23700,300,215000,"sd","13:14:50",64757000
23700,300,61000,"bu","13:14:52",64818000
23700,300,245000,"bu","13:14:53",65063000
23700,300,322000,"sd","13:14:54",65385000
23700,300,1000,"bu","13:14:55",65386000
23700,300,81000,"bu","13:14:57",65467000
23700,300,61000,"bu","13:14:58",65528000
23700,300,65000,"bu","13:14:59",65593000
23700,300,377000,"bu","13:15:00",65970000
23700,300,64000,"bu","13:15:02",66034000
23700,300,70000,"sd","13:15:03",66104000
23700,300,10000,"sd","13:15:04",66114000
23700,300,97000,"sd","13:15:05",66211000
23700,300,15000,"sd","13:15:06",66226000
23700,300,388000,"bu","13:15:07",66614000
23700,300,20000,"sd","13:15:09",66664000
23700,300,20000,"sd","13:15:11",66684000
23700,300,10000,"sd","13:15:12",66694000
23700,300,263000,"bu","13:15:15",66957000
23700,300,20000,"sd","13:15:17",66977000
23700,300,1000,"sd","13:15:19",66978000
23700,300,1000,"sd","13:15:20",66979000
23700,300,50000,"sd","13:15:21",67029000
23700,300,10000,"sd","13:15:23",67039000
23700,300,31000,"sd","13:15:27",67070000
23700,300,20000,"bu","13:15:32",67090000
23700,300,10000,"sd","13:15:33",67100000
23700,300,2000,"sd","13:15:34",67102000
23700,300,1000,"sd","13:15:35",67103000
23700,300,2000,"sd","13:15:36",67105000
23700,300,112000,"sd","13:15:37",67217000
23700,300,30000,"sd","13:15:39",67247000
23700,300,50000,"bu","13:15:40",67297000
23700,300,1000,"sd","13:15:41",67298000
23700,300,4000,"sd","13:15:42",67302000
23700,300,15000,"sd","13:15:43",67317000
23700,300,1000,"bu","13:15:44",67318000
23700,300,16000,"bu","13:15:45",67334000
23700,300,1000,"bu","13:15:48",67335000
23800,400,110000,"sd","13:15:49",67445000
23700,300,5000,"bu","13:15:50",67450000
23700,300,1000,"bu","13:15:51",67451000
23700,300,5000,"bu","13:15:52",67456000
23700,300,6000,"sd","13:15:53",67462000
23700,300,432000,"bu","13:15:54",67894000
23700,300,40000,"sd","13:15:56",67934000
23700,300,1000,"bu","13:16:00",67935000
23700,300,12000,"sd","13:16:05",67947000
23700,300,65000,"bu","13:16:08",68012000
23700,300,2000,"sd","13:16:09",68014000
23700,300,10000,"sd","13:16:13",68024000
23600,200,2000,"bu","13:16:15",68026000
23700,300,100000,"bu","13:16:16",68126000
23700,300,10000,"bu","13:16:17",68136000
23600,200,2000,"bu","13:16:20",68138000
23700,300,16000,"bu","13:16:21",68154000
23700,300,20000,"bu","13:16:26",68174000
23700,300,10000,"sd","13:16:27",68184000
23700,300,10000,"sd","13:16:29",68194000
23700,300,4000,"sd","13:16:30",68198000
23700,300,10000,"bu","13:16:34",68208000
23700,300,10000,"bu","13:16:36",68218000
23700,300,3000,"bu","13:16:38",68221000
23700,300,70000,"bu","13:16:41",68291000
23600,200,20000,"sd","13:16:47",68311000
23600,200,1000,"bu","13:16:52",68312000
23600,200,10000,"bu","13:16:53",68322000
23600,200,1000000,"sd","13:16:54",69322000
23600,200,100000,"sd","13:16:59",69422000
23600,200,50000,"bu","13:17:01",69472000
23600,200,10000,"sd","13:17:08",69482000
23600,200,30000,"sd","13:17:09",69512000
23600,200,8000,"bu","13:17:10",69520000
23600,200,1000,"sd","13:17:11",69521000
23600,200,1000,"bu","13:17:13",69522000
23600,200,12000,"sd","13:17:17",69534000
23600,200,1000,"sd","13:17:20",69535000
23600,200,5000,"bu","13:17:23",69540000
23600,200,2000,"sd","13:17:29",69542000
23600,200,6000,"sd","13:17:31",69548000
23600,200,22000,"bu","13:17:34",69570000
23600,200,84000,"bu","13:17:35",69654000
23700,300,500000,"sd","13:17:38",70154000
23700,300,3000,"sd","13:17:46",70157000
23700,300,22000,"bu","13:17:54",70179000
23700,300,68000,"sd","13:17:58",70247000
23700,300,182000,"bu","13:18:08",70429000
23600,200,7000,"bu","13:18:12",70436000
23600,200,237000,"bu","13:18:14",70673000
23600,200,1000,"sd","13:18:16",70674000
23700,300,1000,"sd","13:18:18",70675000
23600,200,2000,"sd","13:18:19",70677000
23600,200,29000,"bu","13:18:22",70706000
23700,300,81000,"sd","13:18:32",70787000
23700,300,5000,"bu","13:18:35",70792000
23700,300,30000,"bu","13:18:38",70822000
23600,200,1000,"sd","13:18:43",70823000
23700,300,8000,"bu","13:18:48",70831000
23700,300,23000,"sd","13:18:52",70854000
23600,200,7000,"bu","13:18:53",70861000
23600,200,40000,"bu","13:18:55",70901000
23600,200,5000,"sd","13:18:56",70906000
23600,200,223000,"sd","13:18:57",71129000
23600,200,20000,"sd","13:19:06",71149000
23600,200,10000,"bu","13:19:14",71159000
23600,200,3000,"bu","13:19:19",71162000
23700,300,16000,"sd","13:19:20",71178000
23600,200,10000,"bu","13:19:22",71188000
23700,300,10000,"bu","13:19:25",71198000
23700,300,70000,"bu","13:19:27",71268000
23600,200,2000,"bu","13:19:30",71270000
23600,200,5000,"sd","13:19:39",71275000
23600,200,20000,"sd","13:19:44",71295000
23600,200,1000,"sd","13:19:46",71296000
23600,200,3000,"bu","13:19:57",71299000
23600,200,10000,"bu","13:19:59",71309000
23600,200,10000,"bu","13:20:00",71319000
23600,200,50000,"sd","13:20:02",71369000
23600,200,5000,"sd","13:20:04",71374000
23600,200,79000,"bu","13:20:13",71453000
23600,200,5000,"sd","13:20:15",71458000
23600,200,1000,"bu","13:20:16",71459000
23600,200,9000,"bu","13:20:20",71468000
23700,300,1000000,"sd","13:20:22",72468000
23600,200,30000,"sd","13:20:28",72498000
23600,200,98000,"sd","13:20:31",72596000
23700,300,10000,"sd","13:20:33",72606000
23700,300,45000,"bu","13:20:34",72651000
23700,300,2000,"bu","13:20:35",72653000
23600,200,3000,"bu","13:20:42",72656000
23600,200,20000,"bu","13:20:45",72676000
23700,300,100000,"sd","13:20:48",72776000
23700,300,2000,"bu","13:20:51",72778000
23700,300,1000,"sd","13:20:52",72779000
23700,300,1000,"bu","13:20:54",72780000
23700,300,1000,"bu","13:20:57",72781000
23600,200,4000,"sd","13:21:00",72785000
23700,300,5000,"bu","13:21:02",72790000
23700,300,1000,"sd","13:21:03",72791000
23600,200,19000,"sd","13:21:05",72810000
23700,300,2000,"bu","13:21:09",72812000
23600,200,3000,"sd","13:21:12",72815000
23700,300,20000,"sd","13:21:15",72835000
23700,300,1000,"bu","13:21:16",72836000
23700,300,94000,"bu","13:21:20",72930000
23600,200,3000,"sd","13:21:26",72933000
23700,300,34000,"bu","13:21:34",72967000
23700,300,2000,"sd","13:21:35",72969000
23700,300,37000,"bu","13:21:38",73006000
23600,200,1000,"bu","13:21:45",73007000
23600,200,10000,"sd","13:22:03",73017000
23600,200,63000,"bu","13:22:05",73080000
23600,200,1000,"sd","13:22:10",73081000
23600,200,5000,"bu","13:22:14",73086000
23600,200,10000,"sd","13:22:16",73096000
23600,200,10000,"bu","13:22:23",73106000
23600,200,20000,"bu","13:22:25",73126000
23700,300,30000,"bu","13:22:27",73156000
23600,200,60000,"sd","13:22:28",73216000
23700,300,50000,"bu","13:22:36",73266000
23700,300,4000,"bu","13:22:47",73270000
23700,300,1000,"sd","13:22:48",73271000
23600,200,52000,"bu","13:22:50",73323000
23600,200,1000,"bu","13:23:04",73324000
23600,200,300000,"sd","13:23:06",73624000
23600,200,4000,"sd","13:23:08",73628000
23600,200,2000,"bu","13:23:09",73630000
23600,200,10000,"sd","13:23:10",73640000
23600,200,2000,"sd","13:23:11",73642000
23600,200,18000,"sd","13:23:12",73660000
23600,200,10000,"bu","13:23:20",73670000
23600,200,15000,"bu","13:23:24",73685000
23600,200,5000,"bu","13:23:30",73690000
23600,200,10000,"sd","13:23:32",73700000
23600,200,1000,"sd","13:23:33",73701000
23600,200,20000,"sd","13:23:34",73721000
23700,300,1000,"sd","13:23:45",73722000
23600,200,61000,"bu","13:23:51",73783000
23600,200,50000,"bu","13:23:52",73833000
23600,200,3000,"bu","13:23:59",73836000
23600,200,100000,"bu","13:24:01",73936000
23600,200,30000,"bu","13:24:09",73966000
23600,200,50000,"bu","13:24:10",74016000
23600,200,35000,"bu","13:24:12",74051000
23600,200,210000,"sd","13:24:13",74261000
23600,200,6000,"bu","13:24:14",74267000
23600,200,30000,"bu","13:24:15",74297000
23600,200,2000,"bu","13:24:16",74299000
23600,200,5000,"sd","13:24:20",74304000
23600,200,12000,"bu","13:24:26",74316000
23600,200,15000,"bu","13:24:31",74331000
23600,200,5000,"sd","13:24:32",74336000
23600,200,100000,"bu","13:24:33",74436000
23600,200,50000,"sd","13:24:35",74486000
23600,200,2000,"bu","13:24:36",74488000
23700,300,5000,"bu","13:24:37",74493000
23600,200,3000,"sd","13:24:38",74496000
23600,200,2000,"bu","13:24:40",74498000
23600,200,6000,"sd","13:24:41",74504000
23600,200,10000,"bu","13:24:45",74514000
23600,200,91000,"sd","13:24:46",74605000
23600,200,1000,"sd","13:24:52",74606000
23600,200,18000,"bu","13:24:53",74624000
23600,200,25000,"sd","13:24:54",74649000
23600,200,1000,"bu","13:24:55",74650000
23600,200,1000,"bu","13:24:56",74651000
23600,200,9000,"sd","13:24:57",74660000
23600,200,22000,"bu","13:24:58",74682000
23600,200,20000,"sd","13:24:59",74702000
23600,200,21000,"bu","13:25:00",74723000
23600,200,16000,"sd","13:25:01",74739000
23600,200,1000,"bu","13:25:03",74740000
23600,200,5000,"bu","13:25:04",74745000
23600,200,30000,"bu","13:25:05",74775000
23600,200,10000,"sd","13:25:06",74785000
23600,200,70000,"sd","13:25:07",74855000
23600,200,10000,"bu","13:25:10",74865000
23600,200,10000,"bu","13:25:11",74875000
23600,200,96000,"sd","13:25:12",74971000
23600,200,52000,"bu","13:25:13",75023000
23700,300,1000,"bu","13:25:17",75024000
23600,200,35000,"sd","13:25:19",75059000
23700,300,6000,"sd","13:25:20",75065000
23600,200,27000,"sd","13:25:21",75092000
23600,200,2000,"bu","13:25:23",75094000
23600,200,15000,"sd","13:25:24",75109000
23600,200,7000,"bu","13:25:25",75116000
23600,200,11000,"sd","13:25:26",75127000
23600,200,500000,"sd","13:25:27",75627000
23600,200,5000,"sd","13:25:28",75632000
23600,200,11000,"bu","13:25:29",75643000
23600,200,2000,"bu","13:25:30",75645000
23600,200,10000,"sd","13:25:31",75655000
23600,200,221000,"bu","13:25:32",75876000
23600,200,108000,"sd","13:25:35",75984000
23600,200,69000,"sd","13:25:36",76053000
23600,200,382000,"sd","13:25:37",76435000
23600,200,317000,"bu","13:25:38",76752000
23600,200,1000,"bu","13:25:44",76753000
23600,200,1000,"sd","13:25:52",76754000
23600,200,2000,"bu","13:25:53",76756000
23600,200,70000,"sd","13:26:07",76826000
23600,200,1000,"bu","13:26:11",76827000
23600,200,7000,"bu","13:26:14",76834000
23600,200,1000,"bu","13:26:24",76835000
23600,200,47000,"bu","13:26:25",76882000
23600,200,1000,"bu","13:26:26",76883000
23600,200,10000,"sd","13:26:38",76893000
23500,100,60000,"sd","13:26:49",76953000
23600,200,31000,"bu","13:27:02",76984000
23500,100,2000,"bu","13:27:03",76986000
23600,200,10000,"sd","13:27:14",76996000
23600,200,47000,"bu","13:27:32",77043000
23500,100,40000,"sd","13:27:46",77083000
23600,200,2000,"bu","13:27:48",77085000
23600,200,5000,"sd","13:28:03",77090000
23600,200,85000,"bu","13:28:04",77175000
23600,200,50000,"bu","13:28:08",77225000
23600,200,18000,"bu","13:28:15",77243000
23600,200,7000,"bu","13:28:17",77250000
23600,200,2000,"sd","13:28:22",77252000
23600,200,50000,"sd","13:28:25",77302000
23600,200,3000,"sd","13:28:28",77305000
23600,200,18000,"sd","13:28:35",77323000
23600,200,1000,"sd","13:28:36",77324000
23600,200,47000,"sd","13:28:40",77371000
23500,100,10000,"bu","13:28:41",77381000
23600,200,1000,"sd","13:28:44",77382000
23600,200,11000,"bu","13:28:46",77393000
23600,200,2000,"sd","13:28:47",77395000
23600,200,3000,"sd","13:28:56",77398000
23600,200,75000,"sd","13:29:01",77473000
23600,200,1000,"bu","13:29:02",77474000
23600,200,16000,"bu","13:29:05",77490000
23500,100,40000,"bu","13:29:07",77530000
23600,200,2000,"bu","13:29:08",77532000
23500,100,3000,"sd","13:29:15",77535000
23600,200,10000,"sd","13:29:23",77545000
23600,200,10000,"bu","13:29:28",77555000
23600,200,3000,"bu","13:29:29",77558000
23600,200,4000,"bu","13:29:34",77562000
23500,100,10000,"sd","13:29:41",77572000
23500,100,380000,"sd","13:29:44",77952000
23500,100,10000,"bu","13:29:50",77962000
23600,200,1000,"sd","13:29:55",77963000
23600,200,10000,"sd","13:29:59",77973000
23500,100,2000000,"sd","13:30:01",79973000
23500,100,1000,"bu","13:30:02",79974000
23500,100,5000,"bu","13:30:05",79979000
23500,100,3000,"bu","13:30:06",79982000
23500,100,22000,"sd","13:30:11",80004000
23500,100,5000,"bu","13:30:13",80009000
23500,100,10000,"bu","13:30:16",80019000
23500,100,50000,"sd","13:30:20",80069000
23500,100,10000,"sd","13:30:21",80079000
23500,100,27000,"bu","13:30:22",80106000
23400,0,94000,"bu","13:30:23",80200000
23500,100,2000,"sd","13:30:24",80202000
23500,100,30000,"sd","13:30:31",80232000
23500,100,2000,"bu","13:30:34",80234000
23500,100,10000,"sd","13:30:39",80244000
23500,100,100000,"sd","13:30:40",80344000
23500,100,62000,"sd","13:30:41",80406000
23500,100,10000,"bu","13:30:45",80416000
23500,100,5000,"bu","13:30:49",80421000
23500,100,1000,"bu","13:31:00",80422000
23500,100,5000,"sd","13:31:07",80427000
23500,100,3000,"sd","13:31:19",80430000
23500,100,20000,"bu","13:31:22",80450000
23500,100,1000,"sd","13:31:25",80451000
23500,100,2000,"sd","13:31:26",80453000
23500,100,4000,"sd","13:31:32",80457000
23500,100,4000,"sd","13:31:37",80461000
23500,100,1000,"bu","13:31:39",80462000
23600,200,10000,"bu","13:31:45",80472000
23500,100,16000,"sd","13:31:49",80488000
23500,100,5000,"bu","13:31:50",80493000
23600,200,11000,"bu","13:31:54",80504000
23600,200,52000,"bu","13:32:03",80556000
23500,100,10000,"sd","13:32:05",80566000
23600,200,10000,"bu","13:32:06",80576000
23500,100,50000,"bu","13:32:10",80626000
23500,100,20000,"sd","13:32:12",80646000
23500,100,5000,"sd","13:32:15",80651000
23500,100,20000,"bu","13:32:18",80671000
23600,200,2000,"sd","13:32:22",80673000
23500,100,8000,"sd","13:32:27",80681000
23600,200,1000,"sd","13:32:29",80682000
23500,100,50000,"sd","13:32:34",80732000
23500,100,78000,"sd","13:32:42",80810000
23500,100,10000,"sd","13:32:48",80820000
23500,100,11000,"sd","13:32:52",80831000
23600,200,2116000,"bu","13:32:53",82947000
23500,100,46000,"sd","13:32:56",82993000
23600,200,105000,"sd","13:32:57",83098000
23500,100,1000,"bu","13:33:01",83099000
23500,100,5000,"bu","13:33:06",83104000
23600,200,25000,"sd","13:33:07",83129000
23600,200,47000,"bu","13:33:10",83176000
23600,200,20000,"bu","13:33:18",83196000
23600,200,30000,"sd","13:33:19",83226000
23600,200,48000,"sd","13:33:22",83274000
23600,200,150000,"sd","13:33:28",83424000
23600,200,3000,"bu","13:33:30",83427000
23600,200,23000,"bu","13:33:31",83450000
23600,200,10000,"bu","13:33:34",83460000
23600,200,11000,"sd","13:33:35",83471000
23600,200,106000,"sd","13:33:36",83577000
23600,200,10000,"sd","13:33:37",83587000
23600,200,40000,"bu","13:33:39",83627000
23600,200,24000,"sd","13:33:41",83651000
23600,200,1000,"sd","13:33:42",83652000
23600,200,11000,"sd","13:33:43",83663000
23600,200,10000,"bu","13:33:44",83673000
23600,200,20000,"bu","13:33:46",83693000
23600,200,10000,"sd","13:33:47",83703000
23600,200,10000,"bu","13:33:48",83713000
23600,200,15000,"sd","13:33:49",83728000
23600,200,4000,"bu","13:33:50",83732000
23600,200,10000,"sd","13:33:51",83742000
23600,200,73000,"sd","13:33:52",83815000
23600,200,10000,"sd","13:33:54",83825000
23600,200,10000,"bu","13:33:57",83835000
23600,200,10000,"sd","13:33:59",83845000
23600,200,5000,"sd","13:34:00",83850000
23600,200,10000,"sd","13:34:01",83860000
23600,200,4000,"sd","13:34:02",83864000
23600,200,10000,"sd","13:34:04",83874000
23600,200,10000,"bu","13:34:07",83884000
23600,200,2000,"bu","13:34:12",83886000
23600,200,153000,"bu","13:34:14",84039000
23600,200,11000,"bu","13:34:16",84050000
23600,200,10000,"bu","13:34:18",84060000
23700,300,1000,"sd","13:34:27",84061000
23600,200,50000,"bu","13:34:28",84111000
23700,300,8000,"sd","13:34:30",84119000
23600,200,3000,"sd","13:34:34",84122000
23600,200,20000,"sd","13:34:38",84142000
23600,200,100000,"bu","13:34:46",84242000
23600,200,10000,"bu","13:34:47",84252000
23600,200,66000,"sd","13:34:49",84318000
23600,200,30000,"sd","13:34:51",84348000
23600,200,1000,"bu","13:34:52",84349000
23600,200,2000,"sd","13:34:53",84351000
23600,200,34000,"sd","13:34:54",84385000
23600,200,1000,"bu","13:34:58",84386000
23600,200,14000,"bu","13:35:02",84400000
23600,200,33000,"sd","13:35:05",84433000
23600,200,50000,"bu","13:35:23",84483000
23600,200,47000,"bu","13:35:26",84530000
23600,200,50000,"bu","13:35:28",84580000
23600,200,42000,"bu","13:35:34",84622000
23600,200,50000,"sd","13:35:50",84672000
23600,200,10000,"bu","13:35:52",84682000
23600,200,200000,"bu","13:35:55",84882000
23600,200,27000,"sd","13:36:01",84909000
23600,200,1000,"bu","13:36:11",84910000
23600,200,30000,"sd","13:36:17",84940000
23600,200,58000,"bu","13:36:33",84998000
23600,200,5000,"bu","13:36:38",85003000
23600,200,107000,"bu","13:36:46",85110000
23600,200,7000,"sd","13:36:59",85117000
23600,200,24000,"sd","13:37:00",85141000
23600,200,10000,"bu","13:37:10",85151000
23500,100,8000,"bu","13:37:16",85159000
23500,100,20000,"bu","13:37:22",85179000
23500,100,5000,"bu","13:37:24",85184000
23500,100,20000,"sd","13:37:30",85204000
23600,200,82000,"sd","13:37:42",85286000
23500,100,1000,"bu","13:37:44",85287000
23500,100,20000,"bu","13:37:45",85307000
23600,200,1000,"sd","13:37:51",85308000
23600,200,1000,"sd","13:37:55",85309000
23600,200,32000,"bu","13:37:58",85341000
23600,200,4000,"bu","13:37:59",85345000
23600,200,1000,"bu","13:38:02",85346000
23600,200,100000,"bu","13:38:07",85446000
23500,100,3000,"bu","13:38:14",85449000
23600,200,10000,"sd","13:38:17",85459000
23600,200,5000,"bu","13:38:33",85464000
23500,100,20000,"bu","13:38:34",85484000
23600,200,1000,"bu","13:38:52",85485000
23600,200,10000,"sd","13:39:04",85495000
23500,100,5000,"sd","13:39:07",85500000
23600,200,1000,"sd","13:39:10",85501000
23600,200,10000,"bu","13:39:14",85511000
23500,100,2000,"sd","13:39:28",85513000
23500,100,5000,"sd","13:39:46",85518000
23500,100,2000,"sd","13:39:52",85520000
23500,100,5000,"sd","13:40:01",85525000
23500,100,1000,"sd","13:40:02",85526000
23500,100,50000,"sd","13:40:05",85576000
23500,100,9000,"bu","13:40:06",85585000
23500,100,9000,"sd","13:40:09",85594000
23500,100,1000,"bu","13:40:10",85595000
23500,100,10000,"sd","13:40:14",85605000
23500,100,20000,"bu","13:40:15",85625000
23500,100,15000,"sd","13:40:23",85640000
23500,100,2000,"bu","13:40:26",85642000
23500,100,10000,"sd","13:40:29",85652000
23500,100,30000,"bu","13:40:32",85682000
23500,100,10000,"bu","13:40:33",85692000
23500,100,2000,"bu","13:40:41",85694000
23500,100,2000,"bu","13:40:45",85696000
23500,100,3000,"sd","13:40:50",85699000
23500,100,2000,"bu","13:40:57",85701000
23500,100,3000,"bu","13:40:59",85704000
23500,100,20000,"bu","13:41:00",85724000
23500,100,24000,"bu","13:41:11",85748000
23500,100,1000,"sd","13:41:14",85749000
23500,100,1000,"bu","13:41:15",85750000
23500,100,20000,"bu","13:41:16",85770000
23500,100,15000,"sd","13:41:17",85785000
23500,100,45000,"sd","13:41:18",85830000
23500,100,7000,"bu","13:41:22",85837000
23500,100,200000,"sd","13:41:24",86037000
23500,100,200000,"sd","13:41:28",86237000
23500,100,10000,"sd","13:41:32",86247000
23500,100,42000,"sd","13:41:45",86289000
23500,100,55000,"sd","13:41:49",86344000
23500,100,13000,"bu","13:41:50",86357000
23500,100,39000,"bu","13:41:53",86396000
23500,100,2000,"bu","13:41:55",86398000
23500,100,10000,"bu","13:41:57",86408000
23500,100,15000,"bu","13:41:59",86423000
23500,100,2000,"sd","13:42:08",86425000
23500,100,14000,"sd","13:42:13",86439000
23500,100,13000,"bu","13:42:14",86452000
23500,100,3000,"sd","13:42:16",86455000
23500,100,10000,"bu","13:42:17",86465000
23500,100,10000,"bu","13:42:19",86475000
23500,100,10000,"sd","13:42:21",86485000
23500,100,20000,"bu","13:42:23",86505000
23500,100,5000,"bu","13:42:32",86510000
23500,100,2000,"sd","13:42:33",86512000
23500,100,7000,"sd","13:42:35",86519000
23500,100,21000,"sd","13:42:37",86540000
23600,200,1000,"bu","13:42:40",86541000
23500,100,50000,"sd","13:42:41",86591000
23600,200,1000,"sd","13:42:43",86592000
23500,100,1000,"bu","13:42:47",86593000
23500,100,65000,"sd","13:42:49",86658000
23500,100,10000,"bu","13:42:50",86668000
23600,200,1000,"bu","13:42:52",86669000
23600,200,1000,"sd","13:42:54",86670000
23600,200,1000,"bu","13:42:56",86671000
23500,100,3000,"bu","13:42:57",86674000
23500,100,10000,"sd","13:43:05",86684000
23600,200,1000,"bu","13:43:06",86685000
23600,200,47000,"bu","13:43:18",86732000
23500,100,6000,"sd","13:43:21",86738000
23500,100,9000,"bu","13:43:24",86747000
23500,100,11000,"sd","13:43:29",86758000
23600,200,3000,"sd","13:43:38",86761000
23500,100,111000,"bu","13:43:42",86872000
23600,200,1000,"bu","13:43:46",86873000
23600,200,10000,"sd","13:43:56",86883000
23600,200,10000,"sd","13:43:57",86893000
23600,200,1000,"bu","13:44:14",86894000
23600,200,25000,"bu","13:44:17",86919000
23600,200,1000,"sd","13:44:20",86920000
23600,200,170000,"sd","13:44:23",87090000
23600,200,46000,"bu","13:44:25",87136000
23600,200,10000,"bu","13:44:27",87146000
23600,200,10000,"bu","13:44:30",87156000
23500,100,3000,"bu","13:44:31",87159000
23600,200,6000,"sd","13:44:34",87165000
23600,200,1000,"sd","13:44:38",87166000
23600,200,1000,"sd","13:44:41",87167000
23500,100,10000,"bu","13:44:50",87177000
23600,200,20000,"sd","13:44:51",87197000
23600,200,2000,"sd","13:44:57",87199000
23600,200,3000,"sd","13:45:02",87202000
23500,100,1000,"sd","13:45:07",87203000
23600,200,10000,"sd","13:45:10",87213000
23600,200,5000,"bu","13:45:19",87218000
23500,100,120000,"bu","13:45:25",87338000
23500,100,2000,"bu","13:45:26",87340000
23600,200,9000,"sd","13:45:27",87349000
23600,200,50000,"bu","13:45:28",87399000
23600,200,47000,"bu","13:45:33",87446000
23600,200,400000,"sd","13:45:49",87846000
23600,200,40000,"bu","13:45:50",87886000
23600,200,50000,"sd","13:45:51",87936000
23600,200,20000,"bu","13:45:52",87956000
23600,200,5000,"bu","13:45:56",87961000
23600,200,4000,"bu","13:45:59",87965000
23600,200,2000,"bu","13:46:01",87967000
23600,200,10000,"sd","13:46:10",87977000
23500,100,1000,"sd","13:46:11",87978000
23600,200,1000,"bu","13:46:12",87979000
23500,100,10000,"bu","13:46:16",87989000
23500,100,1000,"sd","13:46:21",87990000
23600,200,10000,"sd","13:46:22",88000000
23600,200,1000,"bu","13:46:25",88001000
23600,200,4000,"bu","13:46:33",88005000
23600,200,10000,"sd","13:46:35",88015000
23600,200,58000,"sd","13:46:36",88073000
23600,200,5000,"sd","13:46:39",88078000
23600,200,47000,"bu","13:46:42",88125000
23600,200,10000,"sd","13:46:43",88135000
23600,200,20000,"sd","13:46:44",88155000
23600,200,500000,"sd","13:46:46",88655000
23600,200,114000,"bu","13:46:49",88769000
23600,200,8000,"sd","13:46:50",88777000
23600,200,3000,"sd","13:46:52",88780000
23600,200,10000,"sd","13:46:53",88790000
23600,200,5000,"sd","13:46:55",88795000
23600,200,5000,"bu","13:46:55",88795000
23600,200,5000,"sd","13:46:55",88795000
23600,200,2000,"sd","13:46:57",88797000
23600,200,2000,"bu","13:46:57",88797000
23600,200,5000,"bu","13:46:58",88802000
23600,200,50000,"bu","13:47:00",88852000
23600,200,10000,"sd","13:47:01",88862000
23600,200,10000,"bu","13:47:02",88872000
23600,200,12000,"bu","13:47:05",88884000
23600,200,151000,"sd","13:47:06",89035000
23600,200,513000,"sd","13:47:07",89548000
23600,200,10000,"sd","13:47:08",89558000
23600,200,14000,"sd","13:47:09",89572000
23600,200,15000,"sd","13:47:12",89587000
23600,200,2000,"bu","13:47:12",89698000
23600,200,7000,"bu","13:47:12",89587000
23600,200,111000,"bu","13:47:12",89698000
23600,200,13000,"bu","13:47:13",89711000
23600,200,3000,"bu","13:47:14",89714000
23600,200,20000,"bu","13:47:15",89734000
23600,200,1000,"bu","13:47:17",89735000
23600,200,20000,"sd","13:47:18",89755000
23600,200,20000,"bu","13:47:20",89775000
23600,200,41000,"bu","13:47:20",89816000
23600,200,1000,"bu","13:47:20",89816000
23600,200,5000,"sd","13:47:20",89775000
23600,200,99000,"bu","13:47:23",89874000
23600,200,5000,"bu","13:47:24",89879000
23600,200,32000,"sd","13:47:26",89911000
23600,200,6000,"sd","13:47:27",89917000
23600,200,3000,"sd","13:47:31",89920000
23600,200,6000,"bu","13:47:39",89926000
23600,200,3000,"sd","13:47:39",89920000
23600,200,5000,"sd","13:47:39",89926000
23600,200,1000,"sd","13:47:42",89927000
23700,300,1000,"bu","13:47:43",89928000
23700,300,47000,"bu","13:47:49",89975000
23600,200,327000,"sd","13:47:55",90302000
23600,200,2000,"bu","13:48:01",90304000
23600,200,73000,"bu","13:48:08",90377000
23600,200,128000,"sd","13:48:11",90505000
23600,200,6000,"sd","13:48:12",90511000
23600,200,21000,"bu","13:48:17",90532000
23600,200,5000,"bu","13:48:18",90537000
23600,200,49000,"sd","13:48:20",90586000
23600,200,19000,"sd","13:48:21",90605000
23600,200,20000,"bu","13:48:24",90625000
23600,200,14000,"sd","13:48:24",90605000
23600,200,20000,"bu","13:48:24",90625000
23600,200,100000,"sd","13:48:25",90735000
23600,200,5000,"bu","13:48:28",90740000
23600,200,10000,"sd","13:48:29",90750000
23600,200,108000,"sd","13:48:30",90858000
23600,200,11000,"sd","13:48:32",90869000
23600,200,5000,"bu","13:48:32",90914000
23600,200,5000,"sd","13:48:32",90914000
23600,200,19000,"sd","13:48:33",90935000
23600,200,18000,"sd","13:48:34",90953000
23600,200,13000,"sd","13:48:35",90966000
23600,200,20000,"sd","13:48:36",90986000
23600,200,116000,"sd","13:48:38",91102000
23600,200,29000,"sd","13:48:39",91131000
23600,200,43000,"sd","13:48:41",91174000
23600,200,1000,"bu","13:48:48",91175000
23600,200,8000,"sd","13:49:04",91183000
23700,300,3000,"bu","13:49:05",91186000
23600,200,5000,"sd","13:49:12",91191000
23600,200,1000,"bu","13:49:20",91192000
23600,200,1000,"sd","13:49:20",91192000
23600,200,20000,"bu","13:49:21",91212000
23700,300,10000,"bu","13:49:34",91222000
23700,300,3000,"sd","13:49:35",91225000
23600,200,2000,"bu","13:49:36",91227000
23600,200,4000,"sd","13:49:37",91231000
23700,300,5000,"sd","13:49:39",91236000
23600,200,6000,"bu","13:49:40",91242000
23600,200,30000,"bu","13:49:44",91272000
23600,200,10000,"bu","13:49:48",91282000
23600,200,300000,"bu","13:49:52",91582000
23700,300,2000,"bu","13:49:54",91584000
23600,200,2000,"bu","13:49:55",91586000
23700,300,12000,"bu","13:49:59",91598000
23700,300,47000,"sd","13:50:05",91645000
23700,300,10000,"sd","13:50:06",91655000
23700,300,25000,"bu","13:50:10",91680000
23700,300,7000,"bu","13:50:14",91687000
23700,300,5000,"bu","13:50:15",91692000
23700,300,18000,"sd","13:50:24",91710000
23600,200,5000,"bu","13:50:26",91715000
23700,300,4000,"bu","13:50:31",91719000
23600,200,5000,"sd","13:50:33",91724000
23700,300,2000,"sd","13:50:34",91726000
23700,300,15000,"sd","13:50:42",91741000
23600,200,1000,"bu","13:50:43",91742000
23700,300,5000,"sd","13:50:54",91747000
23700,300,5000,"sd","13:50:54",91747000
23700,300,5000,"sd","13:50:54",91747000
23700,300,2000,"bu","13:50:57",91749000
23700,300,10000,"bu","13:51:00",91759000
23700,300,10000,"sd","13:51:03",91769000
23600,200,1000,"bu","13:51:05",91770000
23700,300,20000,"sd","13:51:07",91790000
23700,300,46000,"sd","13:51:12",91836000
23700,300,47000,"sd","13:51:13",91883000
23600,200,2000,"sd","13:51:15",91885000
23700,300,4000,"sd","13:51:18",91889000
23700,300,4000,"sd","13:51:21",91893000
23700,300,2000,"sd","13:51:22",91895000
23700,300,14000,"sd","13:51:26",91909000
23700,300,24000,"sd","13:51:31",91933000
23700,300,25000,"bu","13:51:34",91958000
23700,300,14000,"sd","13:51:36",91972000
23700,300,42000,"sd","13:51:37",92014000
23700,300,20000,"bu","13:51:39",92034000
23700,300,9000,"bu","13:51:40",92043000
23700,300,19000,"bu","13:51:41",92062000
23700,300,10000,"sd","13:51:42",92072000
23700,300,100000,"bu","13:51:43",92172000
23700,300,5000,"sd","13:51:44",92177000
23700,300,30000,"sd","13:51:45",92207000
23700,300,93000,"sd","13:51:46",92300000
23700,300,20000,"bu","13:51:47",92320000
23700,300,36000,"bu","13:51:52",92356000
23700,300,5000,"sd","13:51:54",92361000
23700,300,13000,"sd","13:51:55",92374000
23700,300,1000,"sd","13:51:56",92375000
23700,300,30000,"sd","13:51:57",92405000
23700,300,6000,"sd","13:51:58",92411000
23700,300,42000,"sd","13:51:59",92453000
23700,300,50000,"bu","13:52:01",92503000
23700,300,56000,"sd","13:52:05",92559000
23700,300,8000,"bu","13:52:06",92567000
23700,300,1000,"bu","13:52:07",92568000
23700,300,22000,"bu","13:52:08",92590000
23700,300,112000,"sd","13:52:12",92702000
23700,300,74000,"sd","13:52:13",92776000
23700,300,5000,"sd","13:52:14",92781000
23700,300,12000,"sd","13:52:16",92793000
23700,300,53000,"sd","13:52:17",92846000
23700,300,31000,"bu","13:52:19",92877000
23700,300,167000,"sd","13:52:20",93044000
23700,300,77000,"sd","13:52:21",93121000
23700,300,10000,"bu","13:52:23",93131000
23700,300,2000,"sd","13:52:29",93133000
23700,300,52000,"sd","13:52:30",93185000
23700,300,50000,"bu","13:52:31",93235000
23700,300,1001000,"sd","13:52:34",94236000
23700,300,20000,"bu","13:52:37",94256000
23700,300,4000,"bu","13:52:39",94260000
23700,300,57000,"bu","13:52:40",94317000
23700,300,3000,"sd","13:52:41",94320000
23700,300,43000,"bu","13:52:42",94363000
23700,300,130000,"sd","13:52:43",94493000
23700,300,79000,"bu","13:52:44",94572000
23700,300,187000,"sd","13:52:45",94759000
23700,300,40000,"bu","13:52:46",94799000
23700,300,113000,"bu","13:52:47",94912000
23700,300,985000,"bu","13:52:48",95897000
23700,300,251000,"sd","13:52:49",96148000
23700,300,73000,"sd","13:52:50",96221000
23800,400,5000,"bu","13:52:54",96226000
23800,400,41000,"sd","13:52:55",96267000
23800,400,34000,"bu","13:52:56",96301000
23800,400,2000,"bu","13:52:57",96303000
23800,400,27000,"sd","13:53:01",96330000
23700,300,10000,"sd","13:53:04",96340000
23800,400,42000,"sd","13:53:15",96382000
23700,300,39000,"sd","13:53:17",96421000
23800,400,1000,"sd","13:53:18",96422000
23800,400,20000,"sd","13:53:20",96442000
23800,400,49000,"sd","13:53:27",96491000
23800,400,4000,"sd","13:53:30",96495000
23700,300,2000,"sd","13:53:31",96497000
23800,400,40000,"sd","13:53:34",96537000
23800,400,8000,"bu","13:53:38",96545000
23800,400,131000,"bu","13:53:40",96676000
23800,400,20000,"sd","13:53:42",96696000
23800,400,4000,"bu","13:53:43",96700000
23800,400,6000,"bu","13:53:44",96706000
23800,400,5000,"sd","13:53:45",96711000
23800,400,2000,"bu","13:53:50",96713000
23700,300,7000,"bu","13:53:54",96720000
23800,400,42000,"bu","13:53:56",96762000
23800,400,9000,"sd","13:53:57",96771000
23800,400,5000,"sd","13:53:59",96776000
23800,400,50000,"bu","13:54:04",96826000
23800,400,204000,"sd","13:54:05",97030000
23800,400,5000,"sd","13:54:09",97035000
23800,400,50000,"bu","13:54:12",97085000
23700,300,100000,"sd","13:54:14",97185000
23800,400,24000,"bu","13:54:15",97209000
23800,400,42000,"sd","13:54:16",97251000
23700,300,20000,"sd","13:54:20",97271000
23800,400,5000,"bu","13:54:25",97276000
23700,300,50000,"bu","13:54:26",97326000
23800,400,10000,"bu","13:54:28",97336000
23700,300,1070000,"sd","13:54:29",98406000
23700,300,158000,"bu","13:54:31",98564000
23700,300,67000,"bu","13:54:32",98631000
23700,300,5000,"bu","13:54:33",98636000
23700,300,2000,"sd","13:54:34",98638000
23700,300,101000,"sd","13:54:35",98739000
23800,400,6000,"bu","13:54:36",98745000
23700,300,92000,"sd","13:54:37",98837000
23700,300,7000,"bu","13:54:38",98844000
23700,300,8000,"bu","13:54:40",98852000
23700,300,42000,"bu","13:54:41",98894000
23700,300,30000,"sd","13:54:43",98924000
23700,300,8000,"sd","13:54:48",98932000
23700,300,37000,"sd","13:54:58",98969000
23600,200,1000,"sd","13:55:00",98970000
23700,300,10000,"sd","13:55:02",98980000
23700,300,5000,"bu","13:55:03",98985000
23700,300,6000,"bu","13:55:09",98991000
23700,300,5000,"sd","13:55:10",98996000
23600,200,57000,"bu","13:55:14",99053000
23700,300,10000,"sd","13:55:18",99063000
23600,200,102000,"bu","13:55:19",99165000
23600,200,79000,"bu","13:55:20",99244000
23700,300,52000,"sd","13:55:24",99296000
23700,300,6000,"bu","13:55:28",99302000
23700,300,2000,"sd","13:55:39",99304000
23700,300,47000,"sd","13:55:43",99351000
23600,200,5000,"sd","13:55:45",99356000
23600,200,1000,"bu","13:55:46",99357000
23700,300,20000,"sd","13:55:48",99377000
23600,200,50000,"sd","13:55:51",99427000
23700,300,50000,"sd","13:55:53",99477000
23700,300,4000,"sd","13:55:56",99481000
23700,300,42000,"sd","13:55:59",99523000
23700,300,4000,"sd","13:56:03",99527000
23700,300,3000,"bu","13:56:06",99530000
23700,300,160000,"sd","13:56:16",99690000
23700,300,10000,"bu","13:56:17",99700000
23600,200,6000,"bu","13:56:23",99706000
23700,300,8000,"bu","13:56:28",99714000
23600,200,1000,"sd","13:56:33",99715000
23600,200,10000,"sd","13:56:37",99725000
23700,300,200000,"sd","13:56:40",99925000
23700,300,8000,"bu","13:56:43",99933000
23700,300,47000,"sd","13:56:50",99980000
23700,300,1000,"bu","13:56:51",99981000
23600,200,5000,"sd","13:56:54",99986000
23600,200,12000,"sd","13:56:56",99998000
23700,300,20000,"bu","13:57:09",100018000
23600,200,45000,"bu","13:57:28",100063000
23600,200,1000,"bu","13:57:29",100064000
23700,300,1000,"sd","13:57:32",100065000
23600,200,4000,"bu","13:57:38",100069000
23600,200,10000,"sd","13:57:51",100079000
23600,200,24000,"sd","13:57:54",100103000
23700,300,5000,"bu","13:57:57",100108000
23700,300,46000,"bu","13:57:58",100154000
23700,300,27000,"bu","13:58:17",100181000
23600,200,1000,"sd","13:58:26",100182000
23600,200,20000,"sd","13:58:42",100202000
23600,200,2000,"bu","13:58:58",100204000
23600,200,1000,"sd","13:59:03",100205000
23700,300,10000,"sd","13:59:06",100215000
23700,300,21000,"sd","13:59:22",100236000
23700,300,10000,"sd","13:59:33",100246000
23700,300,50000,"bu","13:59:41",100296000
23600,200,200000,"bu","13:59:46",100496000
23600,200,5000,"sd","14:00:03",100501000
23600,200,8000,"sd","14:00:22",100509000
23700,300,1000,"sd","14:00:32",100510000
23600,200,1000,"sd","14:00:35",100511000
23700,300,3000,"bu","14:00:36",100514000
23700,300,1000,"sd","14:00:44",100515000
23600,200,23000,"sd","14:00:50",100538000
23600,200,2000,"bu","14:01:08",100540000
23600,200,30000,"bu","14:01:10",100570000
23700,300,5000,"bu","14:01:12",100575000
