"price","change","match_qtty","side","time","total_vol"
28300,100,80500,"bu","09:15:08",80500
28400,200,3000,"bu","09:15:18",83500
28400,200,2000,"bu","09:15:42",85500
28400,200,500,"sd","09:15:44",86000
28400,200,400,"bu","09:15:48",86400
28400,200,5000,"bu","09:15:51",91400
28300,100,1500,"sd","09:15:54",92900
28400,200,3100,"bu","09:16:07",96000
28300,100,1600,"sd","09:16:19",97600
28400,200,500,"bu","09:16:20",98100
28300,100,1500,"sd","09:16:24",99600
28400,200,25500,"sd","09:16:32",125100
28300,100,1500,"sd","09:16:33",126600
28350,150,500,"bu","09:16:34",127100
28300,100,1500,"bu","09:16:39",128600
28350,150,100,"bu","09:16:41",128700
28300,100,1500,"sd","09:16:45",130200
28350,150,6400,"bu","09:17:03",136600
28300,100,1500,"bu","09:17:06",138100
28300,100,8000,"sd","09:17:16",146100
28350,150,200,"bu","09:17:18",146300
28300,100,1500,"bu","09:17:22",147800
28350,150,6000,"bu","09:17:33",153800
28350,150,3900,"bu","09:17:34",157700
28300,100,20000,"bu","09:17:43",177700
28300,100,10000,"sd","09:17:49",187700
28300,100,200,"bu","09:17:55",187900
28300,100,500,"bu","09:17:58",188400
28300,100,9300,"sd","09:18:09",197700
28350,150,5000,"sd","09:18:15",202700
28350,150,700,"sd","09:18:26",203400
28300,100,1500,"bu","09:18:37",204900
28350,150,21500,"sd","09:18:43",226400
28300,100,1500,"sd","09:18:46",227900
28350,150,2000,"sd","09:18:47",229900
28300,100,1500,"bu","09:18:52",231400
28350,150,300,"bu","09:18:53",231700
28300,100,1500,"sd","09:18:57",233200
28300,100,4800,"sd","09:19:13",238000
28300,100,100,"bu","09:19:15",238100
28300,100,1500,"bu","09:19:19",239600
28300,100,4500,"bu","09:19:24",244100
28300,100,3900,"sd","09:19:34",248000
28300,100,3100,"bu","09:19:35",251100
28350,150,500,"sd","09:19:36",251600
28300,100,3100,"bu","09:19:36",254700
28300,100,4600,"bu","09:19:37",259300
28300,100,10000,"sd","09:19:37",269300
28300,100,3100,"bu","09:19:38",272400
28300,100,2000,"bu","09:19:45",274400
28350,150,200,"sd","09:19:46",274600
28300,100,4500,"bu","09:19:57",279100
28300,100,1500,"bu","09:20:03",280600
28300,100,4600,"bu","09:20:09",285200
28350,150,500,"bu","09:20:16",285700
28300,100,3100,"sd","09:20:30",288800
28350,150,1000,"bu","09:20:31",289800
28350,150,1800,"sd","09:20:33",291600
28300,100,3100,"sd","09:20:59",294700
28350,150,2000,"bu","09:21:01",296700
28350,150,800,"sd","09:21:14",297500
28350,150,1000,"bu","09:21:19",298500
28350,150,200,"bu","09:21:24",298700
28300,100,20200,"sd","09:21:29",318900
28350,150,500,"bu","09:21:31",319400
28300,100,85000,"bu","09:21:46",404400
28300,100,2000,"bu","09:21:55",406400
28300,100,1200,"bu","09:22:00",407600
28300,100,1000,"sd","09:22:13",408600
28250,50,100,"bu","09:22:41",408700
28300,100,1000,"sd","09:22:45",409700
28300,100,500,"sd","09:22:46",410200
28300,100,2000,"sd","09:22:47",412200
28300,100,1500,"bu","09:22:51",413700
28300,100,17500,"bu","09:22:52",431200
28300,100,100,"sd","09:22:53",431300
28300,100,1000,"sd","09:22:54",432300
28300,100,10000,"sd","09:22:56",442300
28300,100,2100,"bu","09:23:04",444400
28250,50,1800,"bu","09:23:37",446200
28300,100,8700,"bu","09:23:38",454900
28300,100,800,"sd","09:23:49",455700
28300,100,8200,"bu","09:23:50",463900
28300,100,3200,"sd","09:24:04",467100
28300,100,9400,"sd","09:24:16",476500
28300,100,100,"sd","09:24:48",477300
28300,100,1000,"sd","09:25:05",478300
28300,100,3000,"sd","09:25:10",481300
28300,100,2000,"sd","09:25:18",483300
28300,100,7000,"sd","09:25:21",490300
28300,100,100,"sd","09:25:28",490400
28300,100,1500,"bu","09:25:35",491900
28300,100,1200,"bu","09:25:36",493100
28300,100,300,"sd","09:25:41",493400
28300,100,300,"sd","09:25:43",493700
28300,100,5000,"bu","09:25:48",498700
28300,100,600,"sd","09:26:00",499300
28300,100,1400,"sd","09:26:34",500700
28300,100,1500,"bu","09:26:47",502200
28300,100,9300,"sd","09:27:11",511500
28300,100,2100,"bu","09:27:12",513600
28300,100,5200,"sd","09:27:15",518800
28250,50,3100,"sd","09:27:24",521900
28250,50,3100,"sd","09:27:26",525000
28250,50,3500,"bu","09:27:27",528500
28300,100,4000,"bu","09:27:31",532500
28250,50,5000,"sd","09:27:43",537500
28250,50,100,"sd","09:27:53",537600
28300,100,200,"sd","09:28:05",537800
28300,100,20000,"bu","09:28:18",557800
28300,100,3000,"sd","09:28:23",560800
28300,100,8700,"bu","09:28:44",569500
28300,100,900,"sd","09:28:48",570400
28300,100,500,"bu","09:28:51",570900
28300,100,30000,"bu","09:28:56",600900
28300,100,500,"bu","09:28:59",601400
28250,50,1500,"bu","09:29:06",602900
28250,50,1500,"sd","09:29:19",604400
28250,50,3000,"bu","09:29:31",607400
28250,50,5000,"sd","09:29:32",612400
28250,50,1500,"sd","09:29:58",613900
28250,50,7500,"sd","09:30:09",621400
28250,50,1500,"sd","09:30:18",622900
28250,50,300,"bu","09:30:19",623200
28250,50,1500,"bu","09:30:23",624700
28250,50,146900,"bu","09:30:25",771600
28250,50,200,"bu","09:30:32",771800
28250,50,2000,"bu","09:30:33",773800
28200,0,15500,"sd","09:30:36",789300
28200,0,400,"sd","09:30:45",789700
28200,0,1000,"bu","09:31:02",790700
28250,50,2000,"bu","09:31:12",792700
28200,0,6800,"bu","09:31:18",799500
28200,0,100,"sd","09:32:07",800600
28250,50,3200,"bu","09:32:09",825700
28250,50,1000,"sd","09:32:12",826700
28250,50,100,"bu","09:32:22",826800
28250,50,200,"bu","09:32:30",827000
28250,50,800,"bu","09:32:32",827800
28250,50,5000,"sd","09:32:45",832800
28250,50,700,"sd","09:32:46",833500
28250,50,5000,"sd","09:32:47",838500
28250,50,1100,"sd","09:32:51",839600
28250,50,1000,"bu","09:32:58",841300
28200,0,300,"sd","09:32:59",841600
28200,0,100,"bu","09:32:59",841700
28250,50,9500,"sd","09:33:04",851200
28250,50,900,"bu","09:33:05",852100
28250,50,20000,"bu","09:33:28",872100
28250,50,2000,"sd","09:33:29",874100
28250,50,200,"bu","09:33:30",874300
28250,50,1000,"bu","09:33:31",875300
28250,50,100,"sd","09:33:31",875400
28250,50,33000,"sd","09:33:53",908400
28250,50,300,"bu","09:33:54",908700
28250,50,1000,"sd","09:33:58",909700
28250,50,100,"bu","09:33:59",909800
28250,50,9300,"bu","09:34:04",919100
28250,50,900,"bu","09:34:05",920000
28250,50,300,"sd","09:34:07",920300
28250,50,1000,"bu","09:34:09",921300
28250,50,100,"sd","09:34:11",921400
28250,50,1400,"bu","09:34:21",922800
28250,50,500,"sd","09:34:23",923300
28200,0,6200,"sd","09:34:31",929500
28200,0,6200,"bu","09:34:32",935700
28200,0,7400,"sd","09:34:32",943100
28200,0,2700,"bu","09:34:49",945800
28200,0,200,"sd","09:34:50",946000
28200,0,30000,"sd","09:34:53",976000
28200,0,3000,"bu","09:34:54",979000
28200,0,300,"sd","09:34:56",979300
28250,50,500,"bu","09:35:07",979800
28200,0,10100,"bu","09:35:10",989900
28200,0,3000,"sd","09:35:10",982800
28200,0,17200,"bu","09:35:30",1000000
28200,0,1000,"bu","09:35:31",1001000
28200,0,100,"sd","09:35:32",1001100
28200,0,6200,"sd","09:35:42",1007300
28200,0,600,"bu","09:35:43",1007900
28200,0,226100,"bu","09:35:59",1234000
28200,0,11700,"bu","09:36:00",1245700
28200,0,100,"sd","09:36:03",1245800
28200,0,2200,"bu","09:36:08",1248000
28200,0,100,"sd","09:36:12",1248100
28200,0,200,"sd","09:36:15",1248300
28200,0,1000,"sd","09:36:16",1249300
28150,-50,3800,"bu","09:36:18",1253100
28150,-50,300,"bu","09:36:19",1253400
28200,0,1000,"bu","09:36:21",1254400
28200,0,200,"bu","09:36:24",1254600
28150,-50,3300,"sd","09:36:27",1257900
28150,-50,700,"bu","09:36:36",1264100
28150,-50,600,"bu","09:36:37",1264700
28150,-50,300,"bu","09:36:43",1265000
28150,-50,2000,"bu","09:36:44",1267000
28150,-50,200,"bu","09:36:47",1267200
28150,-50,2000,"sd","09:36:53",1269200
28150,-50,200,"sd","09:36:53",1269400
28150,-50,1000,"bu","09:36:54",1270400
28150,-50,100,"bu","09:36:55",1270500
28150,-50,30100,"bu","09:37:24",1300600
28150,-50,2900,"bu","09:37:25",1303500
28150,-50,300,"sd","09:37:25",1303800
28150,-50,3000,"bu","09:37:27",1306800
28150,-50,6500,"bu","09:37:28",1313300
28150,-50,600,"bu","09:37:29",1313900
28150,-50,5000,"bu","09:37:36",1318900
28150,-50,500,"bu","09:37:37",1319400
28150,-50,1000,"bu","09:37:39",1320400
28150,-50,100,"bu","09:37:40",1320500
28150,-50,9400,"bu","09:37:45",1329900
28150,-50,900,"sd","09:37:45",1330800
28150,-50,5700,"bu","09:37:46",1336500
28150,-50,100,"bu","09:37:48",1336600
28150,-50,2000,"bu","09:37:52",1338600
28150,-50,2000,"bu","09:37:55",1340600
28150,-50,200,"bu","09:38:13",1340800
28150,-50,1000,"bu","09:38:14",1341800
28100,-100,1000,"sd","09:38:15",1342800
28100,-100,100,"sd","09:38:16",1342900
28150,-50,300,"sd","09:38:23",1343200
28150,-50,5000,"bu","09:38:29",1348200
28150,-50,1800,"sd","09:38:35",1350000
28150,-50,200,"bu","09:38:42",1350200
28150,-50,1000,"sd","09:38:44",1351200
28150,-50,1100,"sd","09:38:57",1352300
28150,-50,400,"bu","09:38:58",1352700
28150,-50,100,"bu","09:38:59",1352800
28150,-50,200,"sd","09:39:02",1353000
28150,-50,2000,"bu","09:39:03",1355000
28150,-50,3300,"sd","09:39:07",1358300
28150,-50,300,"sd","09:39:08",1358600
28150,-50,400,"sd","09:39:21",1359000
28150,-50,3000,"sd","09:39:34",1362000
28150,-50,9300,"bu","09:39:36",1371300
28150,-50,300,"bu","09:39:36",1371600
28150,-50,900,"bu","09:39:37",1372500
28200,0,100,"bu","09:39:39",1372600
28150,-50,1000,"sd","09:39:40",1373600
28150,-50,100,"bu","09:39:44",1373700
28200,0,300,"sd","09:40:00",1374000
28150,-50,8300,"sd","09:40:01",1382300
28150,-50,300,"bu","09:40:04",1382600
28150,-50,3600,"sd","09:40:05",1386200
28100,-100,4900,"bu","09:40:06",1392500
28150,-50,600,"sd","09:40:08",1394300
28150,-50,100,"bu","09:40:09",1394400
28200,0,1000,"sd","09:40:26",1395400
28200,0,500,"sd","09:41:11",1395900
28150,-50,1000,"sd","09:41:25",1396900
28200,0,13000,"sd","09:41:26",1409900
28200,0,96800,"sd","09:41:28",1506700
28200,0,3200,"sd","09:41:28",1509900
28200,0,1000,"bu","09:41:35",1510900
28200,0,1900,"bu","09:41:48",1512800
28200,0,500,"bu","09:41:55",1513300
28200,0,600,"bu","09:42:08",1513900
28200,0,500,"sd","09:42:09",1514400
28150,-50,10300,"sd","09:42:16",1524700
28200,0,19600,"bu","09:42:25",1562700
28200,0,1500,"sd","09:42:33",1564200
28200,0,7000,"sd","09:42:35",1571200
28200,0,300,"sd","09:42:44",1571500
28200,0,100,"bu","09:42:45",1571600
28150,-50,4000,"bu","09:43:03",1575600
28150,-50,400,"bu","09:43:04",1576000
28200,0,100,"sd","09:43:05",1576100
28200,0,2000,"bu","09:43:12",1578100
28150,-50,6800,"sd","09:43:19",1584900
28200,0,200,"sd","09:43:20",1624400
28200,0,3900,"bu","09:43:21",1628300
28200,0,2600,"bu","09:43:22",1630900
28200,0,2000,"bu","09:43:36",1632900
28200,0,100,"bu","09:43:38",1633000
28200,0,1500,"bu","09:43:42",1634500
28200,0,500,"bu","09:43:44",1635000
28200,0,400,"bu","09:44:03",1635400
28200,0,200,"bu","09:44:16",1635600
28200,0,100,"bu","09:44:17",1635700
28200,0,1000,"bu","09:44:27",1636700
28200,0,100,"bu","09:44:28",1636800
28200,0,1500,"sd","09:44:31",1638300
28200,0,200,"bu","09:44:34",1638500
28200,0,9300,"bu","09:44:38",1647800
28200,0,1500,"bu","09:44:40",1649300
28200,0,100,"bu","09:44:42",1649400
28200,0,9800,"sd","09:45:01",1659200
28200,0,2000,"bu","09:45:21",1661200
28200,0,100,"sd","09:45:31",1661300
28200,0,10000,"sd","09:45:32",1671300
28200,0,200,"bu","09:45:35",1671500
28200,0,6900,"sd","09:45:45",1678400
28200,0,600,"sd","09:45:46",1679000
28200,0,6200,"bu","09:45:50",1685200
28200,0,600,"sd","09:45:51",1685800
28200,0,5700,"bu","09:45:52",1691500
28200,0,1000,"sd","09:45:55",1692500
28200,0,800,"sd","09:45:57",1693300
28200,0,14200,"sd","09:46:14",1707500
28200,0,100,"sd","09:46:16",1707600
28150,-50,5500,"bu","09:46:17",1713100
28150,-50,500,"sd","09:46:18",1713600
28200,0,100,"sd","09:46:20",1713700
28200,0,2100,"bu","09:46:36",1715800
28150,-50,10300,"sd","09:46:47",1726100
28200,0,12400,"bu","09:46:52",1738500
28150,-50,4000,"sd","09:47:47",1742500
28150,-50,6200,"bu","09:47:48",1748700
28150,-50,700,"sd","09:47:49",1749400
28150,-50,500,"sd","09:48:16",1749900
28150,-50,900,"sd","09:48:30",1750800
28150,-50,1500,"sd","09:48:39",1752300
28150,-50,100,"bu","09:48:41",1752400
28150,-50,10000,"bu","09:48:50",1762400
28150,-50,1000,"bu","09:48:52",1763400
28150,-50,200,"sd","09:48:52",1763600
28150,-50,100,"sd","09:48:53",1763700
28150,-50,10000,"sd","09:48:54",1773700
28150,-50,1100,"sd","09:48:56",1774800
28150,-50,900,"bu","09:49:02",1785100
28150,-50,1200,"sd","09:49:09",1795000
28200,0,15800,"bu","09:49:10",1810800
28150,-50,10000,"bu","09:49:18",1820800
28150,-50,1000,"bu","09:49:19",1821800
28150,-50,10100,"bu","09:49:21",1831900
28150,-50,1000,"sd","09:49:22",1832900
28150,-50,100,"sd","09:49:23",1833000
28200,0,5000,"sd","09:49:35",1838000
28150,-50,1000,"bu","09:49:41",1839000
28150,-50,100,"sd","09:49:42",1839100
28150,-50,1000,"sd","09:49:49",1840100
28150,-50,3100,"sd","09:49:50",1843200
28150,-50,400,"bu","09:49:50",1843600
28150,-50,2000,"bu","09:49:57",1845600
28150,-50,200,"bu","09:49:59",1845800
28150,-50,1000,"sd","09:50:08",1846800
28150,-50,100,"sd","09:50:09",1846900
28150,-50,1000,"sd","09:50:19",1847900
28150,-50,100,"sd","09:50:20",1848000
28200,0,1500,"bu","09:50:21",1849500
28150,-50,6200,"bu","09:50:22",1855700
28150,-50,600,"sd","09:50:24",1856300
28150,-50,20500,"sd","09:50:28",1876800
28150,-50,100,"sd","09:50:29",1876900
28150,-50,2900,"sd","09:50:41",1879800
28100,-100,9400,"bu","09:50:47",1889200
28100,-100,600,"sd","09:50:48",1889800
28100,-100,1100,"bu","09:50:50",1890900
28150,-50,1300,"bu","09:50:59",1892200
28100,-100,1200,"sd","09:51:05",1893400
28100,-100,100,"sd","09:51:06",1893500
28100,-100,1000,"sd","09:51:14",1894500
28100,-100,100,"bu","09:51:15",1894600
28100,-100,10300,"bu","09:51:18",1904900
28150,-50,2000,"sd","09:51:21",1906900
28150,-50,5000,"sd","09:51:33",1911900
28100,-100,900,"bu","09:51:45",1912800
28100,-100,100,"bu","09:52:00",1912900
28150,-50,5000,"sd","09:52:06",1917900
28100,-100,400,"sd","09:52:10",1918300
28150,-50,500,"bu","09:52:25",1918800
28150,-50,100,"bu","09:52:27",1918900
28150,-50,14800,"bu","09:52:38",1933700
28100,-100,500,"sd","09:52:39",1934200
28150,-50,5700,"bu","09:52:42",1939900
28200,0,400,"bu","09:52:46",1940300
28150,-50,5200,"sd","09:52:55",1945500
28150,-50,3500,"bu","09:53:07",1949000
28150,-50,500,"sd","09:53:08",1949500
28150,-50,100,"sd","09:53:10",1949600
28150,-50,1000,"sd","09:53:19",1950600
28150,-50,2000,"sd","09:53:22",1952600
28150,-50,100,"sd","09:53:22",1952700
28100,-100,6000,"sd","09:53:26",1958700
28100,-100,600,"bu","09:53:27",1959300
28100,-100,9400,"bu","09:53:33",1968700
28100,-100,5900,"bu","09:53:34",1974600
28100,-100,500,"sd","09:53:35",1975100
28150,-50,1000,"bu","09:53:38",1976100
28150,-50,500,"bu","09:53:43",1976600
28150,-50,4500,"bu","09:53:48",1981100
28150,-50,300,"bu","09:53:52",1981400
28150,-50,4300,"bu","09:53:56",1985700
28150,-50,400,"bu","09:53:57",1986100
28150,-50,400,"sd","09:54:07",1986500
28100,-100,3300,"bu","09:54:12",1989800
28100,-100,1300,"bu","09:54:13",1991100
28100,-100,400,"sd","09:54:14",1991500
28150,-50,3000,"bu","09:54:18",1994500
28150,-50,300,"sd","09:54:19",1994800
28150,-50,500,"bu","09:54:33",1995300
28150,-50,1200,"bu","09:54:42",1996500
28150,-50,100,"sd","09:54:43",1996600
28150,-50,2500,"bu","09:54:45",1999100
28150,-50,700,"sd","09:54:50",1999800
28150,-50,100,"sd","09:55:01",1999900
28150,-50,600,"bu","09:55:19",2000500
28150,-50,500,"bu","09:55:24",2001000
28150,-50,1900,"bu","09:55:30",2002900
28150,-50,100,"sd","09:55:30",2003000
28150,-50,400,"bu","09:55:40",2003400
28150,-50,100,"sd","09:55:45",2003500
28150,-50,17400,"bu","09:55:48",2020900
28150,-50,1500,"sd","09:55:49",2022600
28150,-50,100,"sd","09:55:50",2022700
28150,-50,7000,"bu","09:56:02",2029700
28150,-50,500,"bu","09:56:20",2030200
28150,-50,7500,"bu","09:56:35",2037700
28150,-50,200,"bu","09:56:41",2037900
28150,-50,8300,"sd","09:56:51",2046200
28150,-50,200,"bu","09:56:53",2046400
28150,-50,1000,"bu","09:57:04",2047400
28150,-50,4400,"bu","09:57:06",2051800
28150,-50,5000,"bu","09:57:09",2056800
28150,-50,100,"sd","09:57:18",2056900
28150,-50,5900,"sd","09:57:19",2062800
28200,0,71900,"bu","09:57:20",2134700
28200,0,48100,"bu","09:57:21",2182800
28200,0,1000,"sd","09:57:36",2183800
28150,-50,9400,"bu","09:58:03",2193200
28150,-50,1000,"sd","09:58:04",2194200
28150,-50,9400,"bu","09:58:05",2203600
28150,-50,3900,"bu","09:58:06",2207500
28150,-50,300,"sd","09:58:07",2207800
28150,-50,1000,"bu","09:58:27",2208800
28150,-50,100,"sd","09:58:28",2208900
28150,-50,1400,"sd","09:59:32",2210300
28150,-50,100,"sd","09:59:32",2210400
28150,-50,10800,"sd","10:00:09",2221200
28150,-50,2000,"sd","10:00:14",2223200
28150,-50,12000,"sd","10:00:16",2235200
28100,-100,9400,"bu","10:00:19",2244600
28150,-50,1000,"sd","10:00:20",2245600
28150,-50,600,"sd","10:00:28",2246200
28100,-100,1300,"sd","10:00:38",2247500
28100,-100,100,"bu","10:00:38",2247600
28150,-50,600,"bu","10:00:39",2248200
28150,-50,600,"sd","10:00:48",2248800
28150,-50,3000,"bu","10:00:54",2251800
28100,-100,2300,"bu","10:01:14",2254100
28100,-100,200,"bu","10:01:15",2254300
28100,-100,400,"sd","10:01:27",2254700
28150,-50,2000,"sd","10:01:39",2256700
28150,-50,1000,"bu","10:01:59",2257700
28100,-100,12400,"sd","10:02:15",2270100
28100,-100,1200,"bu","10:02:16",2271300
28100,-100,100,"bu","10:02:17",2271400
28150,-50,200,"sd","10:02:22",2271600
28100,-100,6200,"sd","10:02:30",2277800
28150,-50,5000,"sd","10:02:32",2282800
28100,-100,9400,"bu","10:02:34",2292200
28100,-100,900,"sd","10:02:35",2293100
28150,-50,5000,"bu","10:02:46",2298100
28150,-50,2000,"sd","10:02:52",2300100
28150,-50,100,"sd","10:02:53",2300200
28150,-50,200,"bu","10:02:57",2300400
28150,-50,2000,"sd","10:02:58",2302400
28150,-50,8400,"bu","10:03:01",2310800
28150,-50,500,"bu","10:03:02",2311300
28150,-50,200,"bu","10:03:04",2311500
28150,-50,200,"sd","10:03:13",2311700
28150,-50,3000,"bu","10:03:41",2314700
28150,-50,300,"bu","10:03:42",2315000
28200,0,100,"bu","10:03:58",2315100
28150,-50,4400,"sd","10:04:11",2319500
28150,-50,5500,"sd","10:04:36",2325000
28100,-100,10000,"bu","10:04:49",2335000
28100,-100,900,"sd","10:04:51",2335900
28150,-50,200,"bu","10:04:55",2336100
28150,-50,300,"sd","10:05:13",2336400
28150,-50,500,"bu","10:05:18",2336900
28150,-50,2000,"sd","10:05:56",2338900
28150,-50,6400,"sd","10:05:57",2345300
28150,-50,2800,"sd","10:05:59",2348100
28150,-50,200,"bu","10:06:00",2348300
28150,-50,4600,"bu","10:06:11",2352900
28150,-50,4900,"sd","10:06:14",2357800
28100,-100,1900,"sd","10:06:15",2359700
28100,-100,100,"bu","10:06:16",2359800
28150,-50,3000,"bu","10:06:25",2362800
28100,-100,300,"sd","10:06:27",2363100
28150,-50,100,"sd","10:06:28",2363200
28100,-100,10300,"bu","10:07:06",2373500
28150,-50,100,"sd","10:07:24",2373600
28100,-100,600,"bu","10:07:25",2374200
28150,-50,100,"sd","10:07:34",2374300
28150,-50,2000,"sd","10:07:37",2376300
28100,-100,2600,"bu","10:07:44",2378900
28100,-100,200,"bu","10:07:45",2379100
28100,-100,3300,"bu","10:08:05",2382400
28100,-100,1000,"sd","10:08:16",2383400
28100,-100,100,"bu","10:08:17",2383500
28150,-50,16000,"bu","10:08:30",2399500
28150,-50,4000,"sd","10:08:32",2403500
28100,-100,400,"bu","10:08:33",2403900
28150,-50,600,"sd","10:08:38",2404500
28100,-100,5900,"bu","10:08:42",2410400
28100,-100,500,"bu","10:08:44",2410900
28100,-100,200,"sd","10:08:56",2411100
28100,-100,7000,"sd","10:08:58",2418100
28100,-100,2000,"sd","10:09:08",2420100
28100,-100,200,"bu","10:09:09",2420300
28100,-100,9400,"bu","10:09:21",2429700
28150,-50,5600,"sd","10:09:22",2435300
28100,-100,400,"bu","10:09:23",2435700
28150,-50,2100,"bu","10:09:31",2437800
28100,-100,200,"sd","10:09:32",2438000
28150,-50,1600,"bu","10:10:01",2439600
28100,-100,100,"bu","10:10:02",2439700
28150,-50,1000,"bu","10:10:07",2440700
28100,-100,100,"sd","10:10:08",2440800
28150,-50,1000,"bu","10:10:10",2441800
28100,-100,100,"sd","10:10:11",2441900
28100,-100,2600,"sd","10:10:24",2444500
28100,-100,200,"bu","10:10:25",2444700
28150,-50,500,"sd","10:10:38",2445200
28150,-50,500,"bu","10:10:44",2445700
28100,-100,20000,"bu","10:10:47",2465700
28100,-100,2000,"sd","10:10:48",2467700
28100,-100,200,"sd","10:10:50",2467900
28100,-100,3500,"sd","10:10:57",2471400
28100,-100,300,"bu","10:10:58",2471700
28150,-50,500,"bu","10:11:00",2472200
28100,-100,4300,"bu","10:11:16",2476500
28100,-100,800,"sd","10:11:17",2477300
28150,-50,10000,"sd","10:11:30",2487300
28100,-100,1000,"bu","10:11:31",2488300
28100,-100,100,"sd","10:11:32",2488400
28100,-100,10300,"sd","10:11:36",2498700
28150,-50,100,"bu","10:11:38",2498800
28150,-50,5000,"sd","10:11:45",2503800
28100,-100,500,"bu","10:11:46",2504300
28100,-100,3400,"bu","10:11:59",2507700
28100,-100,300,"bu","10:12:00",2508000
28100,-100,500,"bu","10:12:10",2508500
28100,-100,5000,"sd","10:12:15",2513500
28100,-100,500,"sd","10:12:16",2514000
28150,-50,3000,"bu","10:12:18",2517000
28100,-100,300,"sd","10:12:20",2517300
28100,-100,2800,"sd","10:12:43",2520100
28150,-50,5000,"bu","10:12:44",2525100
28100,-100,700,"bu","10:12:45",2525800
28100,-100,1500,"sd","10:12:52",2527300
28100,-100,100,"bu","10:12:54",2527400
28100,-100,1600,"sd","10:13:01",2529000
28100,-100,100,"sd","10:13:02",2529100
28150,-50,400,"bu","10:13:11",2529500
28150,-50,100,"sd","10:13:12",2529600
28100,-100,1100,"sd","10:13:24",2530700
28100,-100,500,"bu","10:13:30",2535600
28100,-100,400,"bu","10:13:31",2536000
28100,-100,1000,"bu","10:13:44",2537000
28100,-100,100,"bu","10:13:45",2537100
28100,-100,3100,"sd","10:13:48",2540200
28100,-100,9400,"sd","10:13:51",2549600
28100,-100,900,"sd","10:13:52",2550500
28100,-100,3900,"bu","10:14:09",2554400
28100,-100,300,"sd","10:14:10",2554700
28100,-100,5200,"bu","10:14:39",2559900
28100,-100,500,"sd","10:14:40",2560400
28100,-100,2500,"bu","10:15:07",2562900
28100,-100,200,"sd","10:15:08",2563100
28100,-100,6000,"sd","10:15:15",2569100
28100,-100,600,"sd","10:15:16",2569700
28100,-100,3100,"bu","10:15:33",2572800
28100,-100,300,"sd","10:15:35",2573100
28100,-100,3000,"sd","10:15:50",2576100
28100,-100,300,"bu","10:15:52",2576400
28100,-100,2100,"bu","10:16:02",2578500
28100,-100,200,"sd","10:16:04",2578700
28100,-100,9400,"sd","10:16:06",2588100
28100,-100,900,"sd","10:16:07",2589000
28100,-100,2000,"sd","10:16:14",2591000
28100,-100,200,"sd","10:16:15",2591200
28100,-100,2900,"bu","10:16:31",2594100
28100,-100,3500,"sd","10:16:50",2597600
28100,-100,300,"sd","10:16:51",2597900
28100,-100,3400,"sd","10:17:10",2601300
28100,-100,300,"bu","10:17:11",2601600
28150,-50,100,"sd","10:17:12",2601700
28100,-100,5200,"sd","10:17:18",2606900
28100,-100,300,"bu","10:17:19",2607200
28100,-100,2400,"sd","10:17:22",2609600
28100,-100,200,"sd","10:17:23",2609800
28100,-100,3500,"bu","10:17:40",2613300
28100,-100,2000,"sd","10:17:52",2615300
28100,-100,200,"bu","10:17:54",2615500
28100,-100,1000,"sd","10:18:06",2616500
28100,-100,1000,"bu","10:18:07",2617500
28100,-100,9400,"bu","10:18:21",2626900
28100,-100,11300,"sd","10:18:22",2638200
28100,-100,100,"bu","10:18:23",2638300
28100,-100,500,"sd","10:18:27",2638800
28100,-100,6600,"bu","10:18:30",2645400
28100,-100,600,"sd","10:18:31",2646000
28100,-100,1100,"sd","10:18:44",2647100
28100,-100,3300,"bu","10:18:49",2650400
28100,-100,300,"bu","10:18:50",2650700
28100,-100,3100,"bu","10:18:54",2653800
28100,-100,300,"bu","10:18:55",2654100
28100,-100,2000,"sd","10:19:02",2656100
28100,-100,200,"bu","10:19:03",2656300
28100,-100,100,"bu","10:19:09",2656400
28100,-100,22000,"bu","10:19:13",2678400
28100,-100,200,"bu","10:19:14",2678600
28100,-100,5000,"bu","10:19:18",2683600
28100,-100,500,"bu","10:19:19",2684100
28100,-100,5300,"sd","10:19:20",2689400
28100,-100,500,"sd","10:19:22",2689900
28100,-100,14300,"sd","10:19:24",2704200
28100,-100,300,"sd","10:19:28",2704500
28100,-100,2000,"bu","10:19:31",2706500
28100,-100,200,"bu","10:19:33",2706700
28100,-100,2000,"bu","10:19:44",2708700
28100,-100,200,"bu","10:19:45",2708900
28150,-50,400,"bu","10:19:47",2709300
28100,-100,3900,"bu","10:19:52",2713200
28100,-100,300,"bu","10:19:53",2713500
28100,-100,6500,"bu","10:20:01",2720000
28100,-100,600,"bu","10:20:02",2720600
28100,-100,5300,"sd","10:20:03",2725900
28100,-100,500,"bu","10:20:04",2726400
28100,-100,5000,"sd","10:20:07",2731400
28100,-100,500,"bu","10:20:09",2731900
28100,-100,3000,"sd","10:20:12",2734900
28100,-100,1300,"sd","10:20:13",2736200
28100,-100,16600,"sd","10:20:15",2752800
28100,-100,100,"bu","10:20:16",2752900
28100,-100,2000,"bu","10:20:18",2754900
28100,-100,200,"bu","10:20:19",2755100
28100,-100,1000,"bu","10:20:21",2756100
28100,-100,100,"sd","10:20:22",2756200
28100,-100,5100,"sd","10:20:24",2761300
28100,-100,500,"sd","10:20:25",2761800
28100,-100,4000,"sd","10:20:26",2765800
28100,-100,400,"bu","10:20:27",2766200
28100,-100,2500,"bu","10:20:29",2768700
28050,-150,15500,"bu","10:20:32",2784200
28050,-150,1600,"bu","10:20:34",2785800
28050,-150,9400,"sd","10:20:37",2795200
28050,-150,900,"bu","10:20:39",2796100
28050,-150,3300,"bu","10:20:45",2799400
28050,-150,300,"sd","10:20:46",2799700
28100,-100,3300,"sd","10:20:58",2803000
28100,-100,3300,"sd","10:21:04",2806300
28100,-100,300,"sd","10:21:05",2806600
28100,-100,1500,"bu","10:21:11",2808100
28100,-100,100,"sd","10:21:12",2808200
28100,-100,400,"sd","10:21:19",2808600
28100,-100,300,"bu","10:21:34",2808900
28100,-100,2300,"sd","10:21:37",2811200
28050,-150,3300,"sd","10:21:38",2814500
28050,-150,500,"bu","10:21:39",2815000
28050,-150,3300,"bu","10:22:09",2818300
28050,-150,1200,"bu","10:22:11",2819500
28100,-100,300,"sd","10:22:17",2819800
28050,-150,20000,"sd","10:22:25",2839800
28050,-150,2000,"bu","10:22:26",2841800
28050,-150,200,"bu","10:22:27",2842000
28100,-100,100,"sd","10:22:30",2842100
28050,-150,9400,"sd","10:22:52",2851500
28050,-150,900,"bu","10:22:53",2852400
28050,-150,3500,"bu","10:22:57",2855900
28050,-150,300,"sd","10:22:58",2856200
28050,-150,5500,"sd","10:23:03",2861700
28050,-150,4000,"sd","10:23:13",2865700
28050,-150,400,"sd","10:23:14",2866100
28050,-150,200,"bu","10:23:19",2866300
28050,-150,3100,"sd","10:23:23",2869400
28050,-150,300,"bu","10:23:25",2869700
28100,-100,100,"sd","10:23:26",2869800
28050,-150,6500,"sd","10:23:40",2876300
28050,-150,600,"sd","10:23:41",2876900
28050,-150,1700,"bu","10:23:50",2878600
28050,-150,100,"bu","10:23:52",2878700
28050,-150,1000,"sd","10:24:10",2879700
28050,-150,3600,"bu","10:24:11",2883300
28050,-150,300,"sd","10:24:12",2883600
28050,-150,3300,"bu","10:24:30",2886900
28050,-150,300,"bu","10:24:31",2887200
28050,-150,5500,"bu","10:24:32",2892700
28050,-150,500,"sd","10:24:33",2893200
28050,-150,1000,"bu","10:24:34",2894200
28050,-150,300,"sd","10:24:35",2894500
28050,-150,100,"bu","10:24:36",2894600
28050,-150,15900,"bu","10:25:08",2910500
28100,-100,11200,"bu","10:25:09",2921700
28050,-150,10800,"bu","10:25:10",2932500
28050,-150,2200,"bu","10:25:11",2934700
28050,-150,3500,"bu","10:25:30",2938200
28050,-150,300,"sd","10:25:31",2938500
28050,-150,100,"sd","10:25:33",2938600
28050,-150,2000,"sd","10:25:48",2940600
28050,-150,200,"bu","10:25:49",2940800
28050,-150,300,"bu","10:25:51",2941100
28050,-150,3800,"sd","10:25:52",2944900
28050,-150,300,"sd","10:25:54",2945200
28050,-150,15000,"bu","10:26:01",2960200
28050,-150,1500,"sd","10:26:02",2961700
28050,-150,100,"bu","10:26:03",2961800
28050,-150,3000,"bu","10:26:09",2964800
28050,-150,300,"bu","10:26:10",2965100
28050,-150,200,"bu","10:26:12",2965300
28050,-150,2000,"sd","10:26:13",2967300
28050,-150,200,"sd","10:26:15",2967500
28050,-150,10000,"bu","10:26:16",2977500
28050,-150,4400,"sd","10:26:29",2981900
28050,-150,300,"bu","10:26:30",2982200
28050,-150,5000,"bu","10:26:35",2987200
28050,-150,1100,"sd","10:26:37",2988300
28050,-150,100,"bu","10:26:38",2988400
28050,-150,200,"sd","10:26:43",2988600
28050,-150,1000,"bu","10:26:44",2989600
28050,-150,100,"bu","10:26:45",2989700
28050,-150,3900,"bu","10:26:52",2993600
28050,-150,300,"bu","10:26:53",2993900
28050,-150,400,"sd","10:27:06",2994300
28050,-150,3000,"sd","10:27:09",2997300
28050,-150,300,"sd","10:27:10",2997600
28050,-150,9400,"bu","10:27:23",3007000
28050,-150,3600,"sd","10:27:24",3010600
28050,-150,100,"sd","10:27:25",3010700
28050,-150,50000,"bu","10:27:30",3060700
28050,-150,5500,"bu","10:27:31",3066200
28050,-150,100,"sd","10:27:33",3066300
28050,-150,1300,"sd","10:27:53",3067600
28000,-200,100,"bu","10:27:54",3067700
28000,-200,85100,"bu","10:27:55",3152800
28000,-200,8500,"sd","10:27:56",3161300
28000,-200,1100,"sd","10:27:57",3162400
28000,-200,6200,"bu","10:27:59",3168600
28000,-200,600,"bu","10:28:00",3169200
28000,-200,1100,"sd","10:28:10",3170300
28050,-150,1500,"bu","10:28:18",3171800
28050,-150,100,"bu","10:28:19",3171900
28050,-150,2700,"sd","10:28:22",3174600
28050,-150,200,"sd","10:28:23",3174800
28050,-150,500,"bu","10:28:30",3175300
28050,-150,3700,"sd","10:28:35",3179000
28050,-150,400,"bu","10:28:44",3179400
28000,-200,3300,"sd","10:28:54",3182700
28000,-200,300,"bu","10:28:55",3183000
28000,-200,2200,"bu","10:29:24",3185200
28000,-200,300,"bu","10:29:39",3194800
28000,-200,900,"sd","10:29:40",3195700
28050,-150,200,"sd","10:29:43",3195900
28000,-200,5500,"sd","10:29:46",3201400
28050,-150,700,"bu","10:29:48",3202100
28050,-150,100,"bu","10:29:51",3202200
28000,-200,3800,"sd","10:29:54",3206000
28000,-200,300,"bu","10:29:55",3206300
28000,-200,100200,"sd","10:30:03",3306500
28000,-200,10000,"sd","10:30:04",3316500
28000,-200,1000,"sd","10:30:05",3317500
28000,-200,100,"sd","10:30:06",3317600
28000,-200,2200,"sd","10:30:12",3319800
28000,-200,25000,"bu","10:30:15",3344800
28000,-200,6300,"bu","10:30:16",3351100
28000,-200,4700,"sd","10:30:17",3355800
28000,-200,6300,"bu","10:30:18",3362100
28000,-200,64000,"sd","10:30:19",3426100
27950,-250,39000,"bu","10:30:20",3465100
27950,-250,11100,"sd","10:30:46",3476200
27950,-250,30000,"bu","10:31:08",3506200
27950,-250,3000,"bu","10:31:09",3509200
27950,-250,300,"bu","10:31:11",3509500
27950,-250,500,"bu","10:31:14",3510000
27950,-250,3000,"sd","10:31:15",3513000
27950,-250,800,"sd","10:31:16",3513800
27950,-250,1000,"sd","10:31:20",3514800
27950,-250,100,"sd","10:31:21",3514900
27950,-250,10100,"sd","10:31:30",3525000
27950,-250,1000,"bu","10:31:31",3526000
27950,-250,100,"sd","10:31:32",3526100
27950,-250,1000,"bu","10:31:42",3527100
27950,-250,100,"sd","10:31:44",3527200
28000,-200,2000,"sd","10:31:48",3529200
27950,-250,200,"sd","10:31:49",3529400
27950,-250,5500,"bu","10:31:53",3534900
27950,-250,1000,"bu","10:31:54",3535900
27900,-300,800,"bu","10:31:55",3536700
27950,-250,1700,"sd","10:31:57",3538400
27900,-300,100,"sd","10:31:58",3538500
27950,-250,12100,"sd","10:32:40",3550600
27950,-250,100,"bu","10:32:41",3550700
28000,-200,200,"sd","10:32:45",3550900
27950,-250,1100,"sd","10:32:47",3552000
28000,-200,2000,"sd","10:32:54",3554100
27950,-250,200,"sd","10:32:55",3554300
28000,-200,1200,"sd","10:32:58",3555500
27950,-250,100,"bu","10:32:59",3555600
28000,-200,1000,"sd","10:33:00",3556600
27950,-250,100,"bu","10:33:01",3556700
27950,-250,300,"sd","10:33:08",3557000
27950,-250,1100,"bu","10:33:09",3558100
28000,-200,200,"sd","10:33:10",3558300
28000,-200,100,"bu","10:33:13",3558400
28000,-200,2500,"bu","10:33:18",3560900
27950,-250,200,"bu","10:33:19",3561100
28000,-200,100,"bu","10:33:20",3561200
28000,-200,1100,"bu","10:33:35",3562300
27950,-250,100,"bu","10:33:36",3562400
28000,-200,2100,"bu","10:33:44",3564500
27950,-250,100,"sd","10:33:45",3564600
27950,-250,22100,"sd","10:34:02",3586700
28000,-200,1200,"bu","10:34:03",3587900
27950,-250,100,"bu","10:34:04",3588000
27950,-250,8600,"bu","10:34:09",3596600
28000,-200,1800,"bu","10:34:10",3598400
27950,-250,100,"sd","10:34:11",3598500
27950,-250,200,"sd","10:34:22",3598700
28000,-200,100,"bu","10:35:07",3598800
27950,-250,4100,"bu","10:35:19",3602900
27950,-250,300,"sd","10:35:20",3603200
28000,-200,1000,"sd","10:35:24",3604200
27950,-250,100,"bu","10:35:25",3604300
28000,-200,600,"sd","10:36:04",3604900
28000,-200,300,"sd","10:36:13",3605200
28000,-200,1500,"bu","10:36:19",3606700
27950,-250,100,"bu","10:36:20",3606800
27950,-250,8600,"sd","10:36:25",3615400
27950,-250,800,"sd","10:36:27",3616200
28000,-200,77800,"bu","10:37:50",3694000
28000,-200,7700,"sd","10:37:51",3701700
28000,-200,700,"sd","10:37:52",3702400
28000,-200,1500,"bu","10:38:24",3703900
28000,-200,100,"sd","10:38:25",3704000
28000,-200,8600,"sd","10:38:39",3712600
28000,-200,800,"sd","10:38:41",3713400
28000,-200,3400,"bu","10:38:49",3716800
27950,-250,1400,"bu","10:38:52",3718200
28000,-200,500,"bu","10:39:05",3718800
28000,-200,500,"bu","10:39:15",3719300
28000,-200,5000,"sd","10:39:22",3724300
27950,-250,500,"sd","10:39:23",3724800
28000,-200,200,"sd","10:39:25",3725000
28000,-200,2000,"bu","10:39:28",3727000
27950,-250,200,"sd","10:39:30",3727200
28000,-200,100,"bu","10:39:35",3727300
28000,-200,5000,"sd","10:39:40",3732300
27950,-250,500,"bu","10:39:41",3732800
28000,-200,1000,"sd","10:39:42",3733800
28000,-200,200,"sd","10:39:42",3734000
28000,-200,1200,"bu","10:39:48",3735200
28000,-200,100,"sd","10:39:49",3735300
28000,-200,2600,"bu","10:40:10",3737900
28000,-200,3100,"sd","10:40:11",3741000
28000,-200,1600,"sd","10:40:12",3742600
27950,-250,100,"bu","10:40:13",3742700
28000,-200,600,"sd","10:40:30",3743300
28000,-200,1000,"sd","10:40:35",3744300
27950,-250,100,"sd","10:40:36",3744400
28000,-200,1700,"sd","10:40:53",3746100
27950,-250,8600,"bu","10:40:54",3754700
27950,-250,800,"bu","10:40:56",3755500
28000,-200,2400,"bu","10:41:29",3757900
27950,-250,200,"sd","10:41:30",3758100
28000,-200,500,"sd","10:41:39",3758600
28000,-200,10000,"sd","10:41:44",3768600
27950,-250,1000,"sd","10:41:45",3769600
27950,-250,100,"bu","10:41:46",3769700
28000,-200,15100,"bu","10:41:51",3784800
28000,-200,1500,"bu","10:41:52",3786300
28000,-200,100,"sd","10:41:53",3786400
28050,-150,200,"sd","10:42:09",3786600
28000,-200,11800,"sd","10:43:11",3798400
28000,-200,23100,"bu","10:43:59",3821500
28000,-200,2300,"sd","10:44:00",3823800
28000,-200,200,"bu","10:44:01",3824000
28000,-200,12500,"bu","10:44:56",3836500
28000,-200,100,"bu","10:44:57",3836600
27950,-250,11600,"sd","10:45:21",3848200
28000,-200,200,"sd","10:45:23",3848400
28000,-200,9600,"bu","10:45:27",3858000
28000,-200,500,"bu","10:46:10",3858500
28000,-200,10000,"sd","10:46:15",3868500
27950,-250,2100,"bu","10:46:16",3870600
27950,-250,100,"bu","10:46:18",3870700
28000,-200,31600,"bu","10:46:43",3902300
28000,-200,3900,"sd","10:46:46",3906200
27950,-250,5200,"bu","10:47:00",3911400
28000,-200,200,"sd","10:47:02",3911600
28000,-200,500,"sd","10:47:26",3912100
28000,-200,15000,"bu","10:47:29",3927100
27950,-250,1500,"sd","10:47:30",3928600
27950,-250,100,"sd","10:47:32",3928700
28000,-200,5000,"bu","10:47:40",3933700
27950,-250,8500,"bu","10:47:41",3942200
27950,-250,1300,"sd","10:47:42",3943500
28000,-200,2200,"sd","10:48:39",3945700
27950,-250,200,"bu","10:48:40",3945900
28000,-200,100,"sd","10:48:58",3946000
28000,-200,700,"sd","10:49:12",3946700
28000,-200,20700,"bu","10:49:39",3967400
27950,-250,2200,"bu","10:49:40",3969600
28000,-200,100,"bu","10:49:48",3969700
28000,-200,2400,"sd","10:49:52",3972100
27950,-250,100,"bu","10:49:53",3972200
28000,-200,5000,"bu","10:49:55",3977200
27950,-250,10100,"bu","10:49:57",3987300
28000,-200,1000,"bu","10:50:20",3988300
27950,-250,100,"bu","10:50:22",3988400
28000,-200,500,"bu","10:50:33",3988900
28000,-200,700,"bu","10:50:57",3989600
28000,-200,500,"sd","10:51:13",3990100
28000,-200,14300,"sd","10:51:35",4004400
28000,-200,1400,"bu","10:51:36",4005800
28000,-200,100,"sd","10:51:37",4005900
28000,-200,10500,"sd","10:52:12",4016400
28000,-200,5000,"sd","10:52:17",4021400
28000,-200,500,"bu","10:52:19",4021900
28000,-200,1400,"sd","10:53:08",4023300
28000,-200,100,"bu","10:53:09",4023400
28000,-200,15600,"bu","10:54:02",4039000
28000,-200,1500,"bu","10:54:03",4040500
28000,-200,100,"sd","10:54:04",4040600
28000,-200,6100,"sd","10:54:06",4046700
27950,-250,600,"bu","10:54:07",4047300
27950,-250,9300,"bu","10:54:27",4056600
28000,-200,500,"bu","10:54:35",4057100
28000,-200,3400,"sd","10:55:09",4060500
27950,-250,300,"sd","10:55:10",4060800
28000,-200,600,"sd","10:55:52",4061400
28000,-200,800,"bu","10:56:12",4062200
27950,-250,8700,"bu","10:56:42",4070900
27950,-250,800,"sd","10:56:43",4071700
27950,-250,1000,"sd","10:57:37",4072700
27950,-250,200,"sd","10:57:57",4072900
27950,-250,5500,"sd","10:58:23",4078400
27950,-250,8600,"bu","10:58:57",4087000
27950,-250,800,"sd","10:58:58",4087800
28000,-200,20000,"bu","10:59:07",4107800
28000,-200,56300,"sd","10:59:09",4164100
28000,-200,600,"sd","10:59:10",4164700
28000,-200,5500,"sd","10:59:35",4170200
28000,-200,5600,"bu","11:00:11",4175800
28000,-200,56600,"sd","11:00:13",4232400
27950,-250,5600,"sd","11:00:15",4238000
27950,-250,500,"bu","11:00:16",4238500
28000,-200,200,"bu","11:00:32",4238700
27950,-250,8700,"sd","11:01:12",4247400
27950,-250,800,"bu","11:01:13",4248200
28000,-200,1000,"bu","11:01:20",4249200
27950,-250,100,"bu","11:01:22",4249300
27950,-250,500,"bu","11:01:49",4249800
28000,-200,600,"sd","11:02:04",4250400
28000,-200,40000,"bu","11:02:06",4290400
27950,-250,4000,"sd","11:02:07",4294400
28000,-200,500,"bu","11:02:08",4294900
28000,-200,2000,"sd","11:02:10",4296900
28000,-200,500,"bu","11:02:12",4297400
27950,-250,200,"bu","11:02:14",4297600
28050,-150,800,"sd","11:02:47",4298400
28050,-150,100,"bu","11:03:03",4298500
28000,-200,5000,"bu","11:03:11",4303500
28000,-200,500,"sd","11:03:12",4304000
28000,-200,1000,"sd","11:03:18",4305000
28000,-200,100,"bu","11:03:19",4305100
27950,-250,2400,"sd","11:03:30",4307500
28000,-200,500,"bu","11:03:36",4308000
27950,-250,1100,"sd","11:03:37",4309100
28000,-200,8000,"sd","11:03:57",4317100
27950,-250,3800,"sd","11:03:58",4320900
27950,-250,300,"bu","11:04:01",4321200
28000,-200,1500,"bu","11:04:05",4322700
28000,-200,300,"bu","11:04:08",4323000
28000,-200,5500,"bu","11:04:22",4328500
28000,-200,1300,"sd","11:04:34",4329800
28000,-200,600,"sd","11:04:42",4330400
28000,-200,2000,"bu","11:04:46",4332400
27950,-250,200,"bu","11:04:47",4332600
28000,-200,100,"sd","11:05:07",4332700
27950,-250,4100,"bu","11:05:18",4336800
28000,-200,2900,"bu","11:05:19",4339700
27950,-250,200,"bu","11:05:20",4339900
27950,-250,7200,"sd","11:05:45",4347100
28000,-200,2600,"bu","11:05:46",4349700
27950,-250,200,"sd","11:05:47",4349900
28000,-200,45200,"sd","11:05:58",4395100
27950,-250,4900,"bu","11:06:01",4400000
27950,-250,5000,"bu","11:06:03",4405000
27950,-250,500,"sd","11:06:04",4405500
28000,-200,500,"sd","11:06:11",4406000
28000,-200,11400,"bu","11:06:17",4417400
28000,-200,100,"sd","11:06:18",4417500
28000,-200,200,"bu","11:06:26",4417700
28000,-200,10000,"bu","11:06:43",4427700
28000,-200,1000,"sd","11:06:44",4428700
28000,-200,100,"sd","11:06:45",4428800
28000,-200,10000,"sd","11:06:46",4438800
28000,-200,1000,"sd","11:06:47",4439800
28000,-200,100,"bu","11:06:48",4439900
28000,-200,20000,"bu","11:06:58",4459900
28000,-200,100,"sd","11:07:00",4460000
28000,-200,2000,"bu","11:07:02",4462000
28000,-200,200,"sd","11:07:04",4462200
28000,-200,3900,"bu","11:07:07",4466100
28000,-200,3300,"bu","11:07:17",4469400
28000,-200,300,"sd","11:07:18",4469700
28050,-150,2000,"sd","11:07:22",4471700
28000,-200,200,"bu","11:07:23",4471900
28000,-200,2000,"sd","11:07:28",4473900
28000,-200,200,"sd","11:07:30",4474100
28000,-200,6600,"bu","11:07:59",4480700
28000,-200,600,"sd","11:08:00",4481300
28000,-200,200,"sd","11:08:03",4481500
28000,-200,10000,"bu","11:08:22",4491500
28000,-200,1000,"bu","11:08:23",4492500
28000,-200,100,"bu","11:08:24",4492600
28000,-200,10100,"bu","11:08:26",4502700
28000,-200,1100,"sd","11:08:27",4503800
28000,-200,3300,"sd","11:10:13",4507100
28000,-200,6500,"sd","11:10:16",4513600
28000,-200,600,"sd","11:10:17",4514200
28000,-200,600,"bu","11:11:36",4514800
28050,-150,100,"bu","11:11:37",4514900
28000,-200,20000,"bu","11:11:44",4534900
28000,-200,2200,"bu","11:11:45",4537100
28050,-150,10000,"bu","11:11:50",4547100
28000,-200,1000,"sd","11:11:51",4548100
28000,-200,100,"sd","11:11:52",4548200
28050,-150,1000,"bu","11:12:09",4549200
28050,-150,400,"bu","11:12:10",4549600
28050,-150,6600,"sd","11:12:30",4556200
28050,-150,600,"bu","11:12:31",4556800
28050,-150,1500,"bu","11:13:04",4558300
28050,-150,100,"sd","11:13:05",4558400
28050,-150,6100,"sd","11:13:06",4564500
28050,-150,600,"bu","11:13:07",4565100
28050,-150,1600,"sd","11:13:08",4566700
28000,-200,5800,"sd","11:13:23",4572500
28000,-200,500,"sd","11:13:25",4573000
28050,-150,2200,"sd","11:13:28",4575200
28050,-150,1500,"sd","11:13:30",4576700
28050,-150,100,"sd","11:13:31",4576800
28050,-150,1200,"sd","11:13:37",4578000
28000,-200,1100,"sd","11:13:38",4579100
28000,-200,10300,"sd","11:14:08",4589400
28000,-200,9300,"bu","11:14:14",4598700
28000,-200,900,"bu","11:14:16",4599600
28050,-150,1000,"bu","11:14:24",4600600
28000,-200,100,"bu","11:14:26",4600700
28000,-200,1000,"bu","11:14:30",4601700
28000,-200,100,"bu","11:14:32",4601800
28000,-200,6600,"sd","11:14:45",4608400
28000,-200,600,"bu","11:14:46",4609000
28050,-150,1000,"sd","11:14:56",4610000
28000,-200,100,"bu","11:14:57",4610100
28050,-150,1100,"sd","11:15:26",4611200
28000,-200,100,"bu","11:15:27",4611300
28050,-150,1000,"bu","11:15:57",4612300
28000,-200,100,"bu","11:15:58",4612400
28000,-200,4500,"sd","11:16:15",4616900
28000,-200,400,"sd","11:16:16",4617300
28050,-150,1000,"sd","11:16:29",4618300
28000,-200,100,"bu","11:16:30",4618400
28050,-150,1000,"bu","11:17:00",4619400
28000,-200,6600,"bu","11:17:01",4626000
28000,-200,600,"sd","11:17:02",4626600
28050,-150,500,"bu","11:17:27",4627100
28050,-150,1000,"bu","11:17:31",4628100
28000,-200,100,"bu","11:17:32",4628200
28050,-150,1100,"bu","11:18:02",4629300
28000,-200,100,"sd","11:18:03",4629400
28050,-150,400,"bu","11:18:30",4629800
28000,-200,22000,"bu","11:18:31",4651800
28050,-150,1200,"sd","11:18:32",4653000
28000,-200,100,"sd","11:18:33",4653100
28050,-150,1100,"bu","11:19:04",4654200
28000,-200,100,"bu","11:19:05",4654300
28000,-200,7200,"sd","11:19:17",4661500
28050,-150,6500,"bu","11:19:36",4668000
28000,-200,100,"bu","11:19:37",4668100
28000,-200,7000,"bu","11:20:05",4675100
28050,-150,1800,"bu","11:20:06",4676900
28000,-200,100,"bu","11:20:07",4677000
28050,-150,1000,"sd","11:20:15",4678000
28000,-200,100,"bu","11:20:17",4678100
28050,-150,200,"bu","11:20:18",4678300
28050,-150,1100,"bu","11:20:38",4679400
28000,-200,100,"sd","11:20:39",4679500
28000,-200,2000,"bu","11:21:02",4681500
28000,-200,200,"sd","11:21:03",4681700
28050,-150,1100,"bu","11:21:08",4682800
28000,-200,100,"sd","11:21:12",4682900
28050,-150,5000,"sd","11:21:25",4687900
28000,-200,500,"bu","11:21:26",4688400
28000,-200,6500,"bu","11:21:30",4694900
28000,-200,600,"bu","11:21:31",4695500
28000,-200,2000,"bu","11:21:39",4697500
28000,-200,1300,"sd","11:21:41",4698800
28000,-200,100,"sd","11:21:42",4698900
28050,-150,1100,"bu","11:22:12",4700000
28000,-200,100,"sd","11:22:13",4700100
28000,-200,400,"sd","11:22:39",4700500
28050,-150,1100,"sd","11:22:42",4701600
28000,-200,100,"sd","11:22:43",4701700
28000,-200,900,"bu","11:22:47",4702600
28000,-200,5500,"bu","11:23:06",4708100
28000,-200,1200,"sd","11:23:14",4709300
28050,-150,1200,"sd","11:23:44",4710500
28000,-200,100,"bu","11:23:45",4710600
28000,-200,7100,"bu","11:23:47",4717700
28000,-200,1200,"sd","11:24:15",4718900
28000,-200,500,"sd","11:24:29",4719400
28000,-200,2000,"bu","11:24:31",4721400
28000,-200,200,"bu","11:24:32",4721600
28000,-200,3000,"bu","11:24:36",4724600
28000,-200,300,"sd","11:24:37",4724900
28050,-150,1100,"bu","11:24:45",4726000
28000,-200,100,"sd","11:24:47",4726100
28050,-150,2300,"bu","11:25:47",4728400
28000,-200,100,"sd","11:25:49",4728500
28000,-200,7300,"bu","11:26:02",4735800
28000,-200,1000,"bu","11:26:11",4736800
28000,-200,5100,"sd","11:26:12",4741900
28000,-200,500,"sd","11:26:13",4742400
28050,-150,1100,"sd","11:26:19",4743500
28000,-200,100,"sd","11:26:20",4743600
28050,-150,1100,"bu","11:26:50",4744700
28000,-200,100,"sd","11:26:51",4744800
28050,-150,1100,"sd","11:27:21",4745900
28000,-200,100,"bu","11:27:22",4746000
28000,-200,3500,"bu","11:27:29",4749500
28000,-200,300,"sd","11:27:31",4749800
28050,-150,1100,"sd","11:27:53",4750900
28000,-200,100,"sd","11:27:54",4751000
28000,-200,1900,"bu","11:28:18",4752900
28000,-200,100,"sd","11:28:20",4753000
28050,-150,1200,"bu","11:28:24",4754200
28000,-200,100,"bu","11:28:25",4754300
28000,-200,4200,"bu","11:28:29",4758500
28000,-200,400,"bu","11:28:30",4758900
28050,-150,1000,"bu","11:29:18",4759900
28000,-200,100,"sd","11:29:19",4760000
28000,-200,1000,"sd","11:29:27",4761000
28000,-200,100,"bu","11:29:29",4761100
28050,-150,2200,"sd","11:29:54",4763300
28000,-200,200,"sd","11:29:55",4763500
28050,-150,400,"sd","13:00:01",4763900
28000,-200,4000,"bu","13:00:14",4767900
28000,-200,300,"bu","13:00:17",4768200
28050,-150,100,"sd","13:00:22",4768300
28000,-200,500,"bu","13:00:25",4768800
28000,-200,400,"sd","13:00:26",4769200
28050,-150,100,"bu","13:00:29",4769300
28000,-200,24900,"bu","13:00:31",4794200
28000,-200,66800,"bu","13:00:32",4861000
27950,-250,4900,"sd","13:00:33",4874700
28000,-200,3000,"sd","13:00:34",4877700
27950,-250,15100,"sd","13:00:36",4892800
27950,-250,6300,"sd","13:00:41",4933500
27950,-250,4400,"sd","13:00:42",4937900
28000,-200,100,"sd","13:00:47",4938000
27950,-250,10200,"sd","13:00:49",4948200
27950,-250,50100,"sd","13:00:51",4998300
27950,-250,5600,"sd","13:00:51",5003900
27950,-250,500,"sd","13:00:52",5004400
28000,-200,5600,"sd","13:01:03",5010000
27950,-250,3000,"bu","13:01:17",5013000
27950,-250,300,"bu","13:01:18",5013300
27950,-250,1000,"sd","13:01:22",5014300
27950,-250,100,"bu","13:01:23",5014400
27950,-250,500,"bu","13:01:24",5014900
27950,-250,12100,"bu","13:01:30",5027000
27950,-250,5000,"sd","13:01:31",5032000
27950,-250,500,"bu","13:01:32",5032500
27950,-250,3000,"bu","13:01:39",5035500
27950,-250,11300,"bu","13:01:40",5046800
27950,-250,100,"bu","13:01:41",5046900
27950,-250,5500,"sd","13:01:53",5052400
27950,-250,36800,"sd","13:01:57",5089200
27950,-250,10000,"bu","13:02:00",5099200
27950,-250,4500,"bu","13:02:01",5103700
27950,-250,1600,"bu","13:02:03",5105300
27950,-250,3700,"sd","13:02:05",5109000
27950,-250,15300,"sd","13:02:06",5124300
27950,-250,1500,"sd","13:02:07",5125800
27950,-250,100,"sd","13:02:09",5125900
27950,-250,2800,"sd","13:02:21",5128700
27950,-250,100,"bu","13:02:23",5128800
27950,-250,15700,"sd","13:02:28",5144500
27950,-250,1600,"bu","13:02:30",5146100
27950,-250,30500,"sd","13:02:59",5176600
27950,-250,21400,"bu","13:03:01",5198000
27900,-300,4000,"bu","13:03:02",5202000
27900,-300,400,"sd","13:03:03",5202400
27950,-250,6800,"bu","13:03:11",5209200
27950,-250,200,"sd","13:03:12",5209400
27950,-250,400,"bu","13:03:14",5209800
27950,-250,11000,"bu","13:03:21",5220800
27950,-250,3200,"bu","13:03:22",5224000
27950,-250,300,"bu","13:03:23",5224300
27950,-250,9000,"bu","13:03:45",5233300
27950,-250,900,"sd","13:03:46",5234200
27950,-250,500,"sd","13:03:54",5234700
27950,-250,1000,"bu","13:03:54",5235700
27950,-250,100,"sd","13:03:56",5235800
27950,-250,5000,"bu","13:04:00",5240800
27950,-250,500,"bu","13:04:01",5241300
27950,-250,1000,"bu","13:04:03",5242300
27950,-250,100,"bu","13:04:04",5242400
27950,-250,500,"sd","13:04:06",5242900
27950,-250,1700,"sd","13:04:07",5244600
27950,-250,100,"bu","13:04:08",5244700
27950,-250,27100,"bu","13:04:19",5271800
27950,-250,2700,"sd","13:04:21",5274500
27950,-250,200,"bu","13:04:22",5274700
27950,-250,1000,"sd","13:04:30",5275700
27950,-250,100,"sd","13:04:31",5275800
27950,-250,2300,"sd","13:05:09",5278100
27950,-250,3200,"sd","13:05:24",5281300
27950,-250,13500,"sd","13:05:25",5294800
27950,-250,1300,"bu","13:05:27",5296100
27950,-250,100,"sd","13:05:28",5296200
27950,-250,300,"sd","13:05:40",5296500
27950,-250,100,"sd","13:05:42",5296600
27950,-250,15900,"sd","13:05:47",5312500
27950,-250,100,"bu","13:05:48",5312600
27950,-250,5100,"sd","13:05:57",5317700
27950,-250,500,"sd","13:05:58",5318200
27950,-250,100,"sd","13:06:01",5318300
27950,-250,500,"bu","13:06:03",5318800
27950,-250,5700,"sd","13:06:09",5324500
27950,-250,1500,"sd","13:06:16",5326000
27950,-250,100,"sd","13:06:17",5326100
27950,-250,1000,"bu","13:06:21",5327100
27950,-250,100,"bu","13:06:22",5327200
27950,-250,5000,"bu","13:06:35",5332200
27950,-250,5300,"bu","13:06:36",5337500
27950,-250,500,"bu","13:06:37",5338000
27950,-250,17200,"sd","13:06:40",5355200
27950,-250,1700,"sd","13:06:41",5356900
27950,-250,300,"sd","13:07:02",5357200
27950,-250,112000,"sd","13:07:03",5469200
27950,-250,1200,"sd","13:07:05",5470400
27950,-250,100,"sd","13:07:06",5470500
27950,-250,10300,"sd","13:07:12",5480800
27950,-250,300,"bu","13:07:13",5481100
27950,-250,20000,"bu","13:07:16",5501100
27950,-250,2000,"sd","13:07:17",5503100
27950,-250,11200,"bu","13:07:19",5514300
27950,-250,100,"sd","13:07:20",5514400
27950,-250,600,"sd","13:07:24",5515000
27950,-250,1000,"bu","13:07:25",5516000
27950,-250,100,"bu","13:07:27",5516100
28000,-200,30000,"bu","13:07:30",5546100
27950,-250,3300,"sd","13:07:32",5549400
27950,-250,1100,"bu","13:07:36",5550500
27950,-250,5000,"sd","13:08:18",5555500
27950,-250,600,"bu","13:08:19",5556100
27950,-250,200,"bu","13:08:22",5556300
27950,-250,2000,"bu","13:08:24",5558300
27950,-250,200,"bu","13:08:26",5558500
27950,-250,100,"bu","13:08:31",5558600
27950,-250,6500,"bu","13:08:34",5565100
27950,-250,600,"sd","13:08:35",5565700
27950,-250,1900,"bu","13:08:46",5567600
27950,-250,100,"sd","13:08:47",5567700
27950,-250,9000,"sd","13:08:56",5576700
27950,-250,1100,"sd","13:08:57",5577800
27950,-250,60800,"bu","13:09:03",5638600
27900,-300,6000,"bu","13:09:06",5644600
27900,-300,1700,"bu","13:09:09",5646300
27950,-250,10000,"sd","13:09:17",5656300
27900,-300,1000,"bu","13:09:19",5657300
27900,-300,100,"sd","13:09:20",5657400
27900,-300,9500,"sd","13:09:28",5666900
27900,-300,900,"sd","13:09:30",5667800
27950,-250,100,"bu","13:09:31",5667900
27950,-250,5000,"bu","13:09:37",5672900
27900,-300,2700,"bu","13:09:38",5675600
27950,-250,5000,"sd","13:09:39",5680600
27900,-300,500,"bu","13:09:40",5681100
27900,-300,2200,"sd","13:09:52",5683300
27900,-300,1000,"sd","13:10:00",5684300
27950,-250,300,"bu","13:10:01",5684600
27900,-300,500,"bu","13:10:04",5685100
27900,-300,17200,"bu","13:10:07",5702300
27900,-300,1800,"bu","13:10:08",5704100
27900,-300,4000,"bu","13:10:21",5708100
27900,-300,400,"sd","13:10:23",5708500
27950,-250,8500,"sd","13:10:24",5717000
27900,-300,300,"sd","13:10:25",5717300
27950,-250,2000,"sd","13:10:27",5719300
27900,-300,200,"bu","13:10:28",5719500
27900,-300,1100,"sd","13:10:36",5720600
27900,-300,100,"sd","13:10:37",5720700
27900,-300,300,"sd","13:10:40",5721000
27900,-300,9900,"sd","13:10:43",5730900
27900,-300,200,"bu","13:10:46",5731100
27900,-300,100,"sd","13:10:49",5731200
27900,-300,20000,"sd","13:10:53",5751200
27900,-300,2000,"bu","13:10:54",5753200
27900,-300,6200,"sd","13:10:56",5759400
27950,-250,300,"bu","13:11:15",5759700
27950,-250,500,"bu","13:11:35",5760200
27950,-250,30000,"sd","13:11:38",5790200
27900,-300,1000,"sd","13:11:39",5791200
27900,-300,2300,"sd","13:11:41",5793500
27950,-250,700,"bu","13:11:42",5794200
27950,-250,500,"sd","13:11:44",5794700
27900,-300,61800,"bu","13:11:57",5856500
27900,-300,500,"sd","13:11:58",5857000
27950,-250,4800,"bu","13:12:05",5861800
27900,-300,200,"bu","13:12:07",5862000
27900,-300,5500,"bu","13:12:08",5867500
27950,-250,1000,"sd","13:12:10",5868500
27900,-300,66100,"bu","13:12:11",5934600
27900,-300,700,"bu","13:12:12",5935300
27900,-300,1100,"bu","13:12:14",5936400
27950,-250,1400,"bu","13:12:25",5937800
27900,-300,9300,"sd","13:12:27",5947100
27900,-300,22000,"sd","13:12:29",5969100
27900,-300,190200,"bu","13:12:30",6159300
27950,-250,27500,"sd","13:12:31",6186800
27900,-300,2900,"bu","13:12:33",6189700
27900,-300,2500,"bu","13:12:36",6192200
27900,-300,200,"bu","13:12:37",6192400
27950,-250,20000,"sd","13:12:39",6212400
27900,-300,2200,"sd","13:12:41",6214600
27950,-250,12800,"bu","13:12:43",6227400
27900,-300,1700,"sd","13:12:45",6229100
27900,-300,4600,"sd","13:12:49",6233700
27900,-300,30000,"sd","13:12:51",6263700
27900,-300,5200,"sd","13:12:52",6268900
27900,-300,300,"sd","13:12:53",6269200
27900,-300,5000,"sd","13:12:58",6274200
27900,-300,400,"sd","13:12:59",6274600
27950,-250,500,"bu","13:13:03",6275100
27950,-250,800,"sd","13:13:04",6275900
27900,-300,30000,"bu","13:13:08",6305900
27900,-300,3300,"sd","13:13:09",6309200
27900,-300,3000,"sd","13:13:27",6312200
27950,-250,9900,"sd","13:13:28",6322100
27900,-300,900,"sd","13:13:30",6323000
27900,-300,3300,"bu","13:13:32",6326300
27900,-300,219700,"bu","13:13:35",6546000
27900,-300,2300,"bu","13:13:37",6548300
27950,-250,500,"sd","13:13:45",6548800
28000,-200,200,"bu","13:13:54",6549000
27950,-250,1100,"sd","13:14:04",6550100
28000,-200,1500,"bu","13:14:06",6551600
27950,-250,100,"sd","13:14:07",6551700
27950,-250,9300,"bu","13:14:13",6561000
27950,-250,200,"bu","13:14:26",6561200
27950,-250,1500,"bu","13:14:29",6562700
28000,-200,400,"bu","13:14:30",6563100
27950,-250,11000,"sd","13:14:39",6574100
27950,-250,100,"sd","13:14:40",6574200
27950,-250,1200,"bu","13:14:50",6575400
27950,-250,100,"bu","13:14:51",6575500
27950,-250,89300,"sd","13:14:53",6664800
27900,-300,8900,"sd","13:14:56",6673700
27900,-300,800,"sd","13:14:57",6674500
27900,-300,22000,"bu","13:15:04",6696500
27900,-300,200,"sd","13:15:05",6696700
27900,-300,6700,"sd","13:15:10",6703400
27900,-300,1200,"bu","13:15:16",6704600
27950,-250,200,"bu","13:15:17",6704800
27950,-250,100,"bu","13:15:26",6704900
27950,-250,2000,"bu","13:15:27",6706900
27950,-250,10200,"sd","13:15:29",6717100
27950,-250,800,"sd","13:15:30",6717900
27950,-250,7800,"bu","13:15:37",6725700
27950,-250,700,"bu","13:15:39",6726400
27950,-250,100,"sd","13:15:42",6726500
27950,-250,500,"bu","13:15:47",6727000
27950,-250,3000,"sd","13:15:48",6730000
27950,-250,300,"bu","13:15:50",6730300
28000,-200,200,"bu","13:15:55",6730500
27950,-250,8500,"bu","13:15:57",6739000
27950,-250,800,"bu","13:15:58",6739800
27950,-250,200,"sd","13:16:00",6740000
27950,-250,700,"sd","13:16:15",6740700
27950,-250,1100,"bu","13:16:23",6741800
27900,-300,58100,"bu","13:16:35",6799900
27900,-300,68800,"bu","13:16:36",6868700
27900,-300,600,"sd","13:16:38",6869300
27900,-300,500,"sd","13:16:42",6869800
27900,-300,52200,"bu","13:16:44",6922000
27900,-300,5000,"sd","13:16:45",6927000
27900,-300,500,"bu","13:16:47",6927500
27950,-250,1300,"sd","13:16:49",6928800
27950,-250,100,"bu","13:16:51",6928900
27950,-250,500,"sd","13:16:52",6929400
27950,-250,500,"sd","13:16:55",6929900
27950,-250,5500,"bu","13:17:00",6935400
27950,-250,500,"bu","13:17:09",6935900
27950,-250,3100,"sd","13:17:47",6939000
27950,-250,300,"bu","13:17:49",6939300
27950,-250,22000,"bu","13:17:55",6961300
27950,-250,6900,"sd","13:18:07",6968200
28000,-200,200,"bu","13:18:09",6968400
28000,-200,500,"sd","13:18:10",6968900
28000,-200,50000,"bu","13:18:17",7018900
27950,-250,5500,"bu","13:18:19",7024400
27950,-250,8300,"sd","13:18:23",7032700
28000,-200,19300,"sd","13:18:35",7052000
28000,-200,1900,"sd","13:18:36",7053900
28000,-200,100,"bu","13:18:38",7054000
28000,-200,2000,"sd","13:19:15",7056000
28000,-200,200,"sd","13:19:16",7056200
28000,-200,100,"sd","13:19:19",7056300
28000,-200,22000,"bu","13:19:23",7078300
28000,-200,200,"bu","13:19:25",7078500
28000,-200,5000,"bu","13:19:26",7083500
28000,-200,500,"sd","13:19:28",7084000
28000,-200,500,"sd","13:19:48",7084500
27950,-250,7500,"bu","13:19:50",7092000
27950,-250,500,"sd","13:19:52",7092500
28000,-200,4500,"bu","13:19:55",7097000
27950,-250,400,"bu","13:19:56",7097400
28000,-200,2000,"sd","13:20:05",7099400
27950,-250,200,"bu","13:20:07",7099600
27950,-250,2000,"bu","13:20:14",7101600
27950,-250,200,"bu","13:20:16",7101800
27950,-250,35200,"bu","13:20:32",7137000
27950,-250,300,"bu","13:20:34",7137300
28000,-200,500,"sd","13:21:29",7137800
28000,-200,1000,"sd","13:21:31",7138800
27950,-250,100,"sd","13:21:32",7138900
28000,-200,2000,"sd","13:21:52",7140900
27950,-250,200,"bu","13:21:53",7141100
27950,-250,2000,"sd","13:22:26",7143100
27950,-250,200,"bu","13:22:28",7143300
28000,-200,53700,"bu","13:22:32",7197000
27950,-250,5300,"bu","13:22:34",7202300
27950,-250,500,"bu","13:22:35",7202800
28000,-200,2400,"sd","13:22:37",7205200
27950,-250,5200,"sd","13:22:38",7210400
27950,-250,500,"sd","13:22:39",7210900
27950,-250,1100,"bu","13:22:49",7212000
27950,-250,2100,"sd","13:23:10",7214100
27950,-250,200,"sd","13:23:12",7214300
27950,-250,3800,"bu","13:23:22",7218100
27950,-250,6100,"bu","13:23:33",7224200
27950,-250,3300,"sd","13:23:36",7227500
27950,-250,7000,"sd","13:23:51",7234500
27950,-250,700,"bu","13:23:53",7235200
27950,-250,10800,"sd","13:23:56",7246000
27950,-250,43700,"bu","13:24:08",7289700
27950,-250,4300,"bu","13:24:09",7294000
27950,-250,400,"bu","13:24:11",7294400
27950,-250,10200,"sd","13:24:16",7304600
27950,-250,1100,"sd","13:24:17",7305700
27950,-250,200,"bu","13:24:22",7305900
27950,-250,40000,"sd","13:24:25",7345900
27950,-250,10700,"sd","13:24:26",7356600
27950,-250,6600,"bu","13:24:28",7363200
27950,-250,800,"sd","13:24:35",7364000
27900,-300,1100,"bu","13:24:36",7365100
27900,-300,1200,"bu","13:24:38",7366300
27950,-250,2000,"sd","13:24:49",7368300
27900,-300,400,"sd","13:24:50",7368700
27950,-250,1000,"sd","13:24:59",7369700
27900,-300,1200,"sd","13:25:02",7370900
27900,-300,9300,"sd","13:25:04",7380200
27950,-250,2000,"sd","13:25:10",7382200
27950,-250,700,"bu","13:25:19",7382900
27900,-300,55000,"sd","13:25:20",7437900
27900,-300,1100,"bu","13:25:22",7439000
27900,-300,1100,"sd","13:25:26",7440100
27950,-250,10000,"sd","13:25:28",7450100
27950,-250,900,"bu","13:25:29",7451000
27950,-250,1500,"bu","13:25:38",7452500
27950,-250,100,"bu","13:25:39",7452600
27950,-250,16500,"bu","13:25:59",7469100
27950,-250,100,"sd","13:26:01",7469200
28000,-200,1500,"sd","13:26:33",7470700
27950,-250,100,"bu","13:26:35",7470800
27950,-250,9300,"bu","13:26:38",7480100
27950,-250,11000,"bu","13:26:54",7491100
27950,-250,100,"bu","13:26:56",7491200
27950,-250,1000,"sd","13:27:00",7492200
27950,-250,5100,"bu","13:27:02",7497300
27950,-250,500,"bu","13:27:03",7497800
27950,-250,700,"sd","13:27:32",7498500
27950,-250,1100,"sd","13:27:34",7499600
27950,-250,100,"sd","13:27:35",7499700
28000,-200,300,"bu","13:27:37",7500000
27950,-250,1400,"sd","13:27:45",7501400
27950,-250,10100,"bu","13:28:03",7511500
27950,-250,1400,"sd","13:28:04",7512900
27950,-250,26000,"bu","13:28:06",7538900
27950,-250,200,"bu","13:28:08",7539100
27950,-250,100,"bu","13:28:09",7539200
27950,-250,9300,"sd","13:28:12",7548500
27950,-250,5500,"sd","13:28:14",7554000
27950,-250,1200,"bu","13:28:22",7555200
27950,-250,500,"sd","13:28:43",7555700
27950,-250,500,"sd","13:28:49",7556200
27950,-250,800,"sd","13:28:55",7557000
27950,-250,1300,"sd","13:29:04",7558300
27950,-250,100,"bu","13:29:06",7558400
27950,-250,2500,"bu","13:29:09",7560900
27950,-250,200,"sd","13:29:10",7561100
27950,-250,1300,"sd","13:29:15",7562400
27950,-250,100,"bu","13:29:16",7562500
27950,-250,2200,"bu","13:29:21",7564700
27950,-250,200,"sd","13:29:24",7564900
27950,-250,3600,"sd","13:29:43",7568500
27900,-300,8500,"bu","13:29:46",7577000
27900,-300,800,"sd","13:29:47",7577800
27950,-250,100,"bu","13:29:50",7577900
27950,-250,200,"bu","13:30:04",7578100
27900,-300,6500,"bu","13:30:11",7584600
27900,-300,600,"sd","13:30:13",7585200
27950,-250,50000,"sd","13:30:16",7635200
27900,-300,5500,"sd","13:30:17",7640700
27900,-300,11000,"sd","13:30:29",7651700
27900,-300,100,"bu","13:30:30",7651800
27900,-300,4600,"sd","13:30:32",7656400
27950,-250,100,"bu","13:30:35",7656500
27950,-250,800,"bu","13:30:44",7657300
27950,-250,2200,"sd","13:30:47",7659500
27900,-300,200,"bu","13:30:48",7659700
27900,-300,800,"bu","13:30:50",7660500
27900,-300,1100,"sd","13:30:51",7661600
27900,-300,2400,"bu","13:31:10",7664000
27900,-300,49500,"bu","13:31:11",7713500
27900,-300,8900,"sd","13:31:18",7722400
27900,-300,800,"bu","13:31:19",7723200
27900,-300,20000,"bu","13:31:23",7743200
27950,-250,4200,"sd","13:31:24",7747400
27900,-300,200,"sd","13:31:26",7747600
27900,-300,300,"bu","13:31:37",7747900
27900,-300,18300,"bu","13:31:42",7766200
27900,-300,2500,"sd","13:31:44",7768700
27900,-300,300,"sd","13:31:46",7769000
27950,-250,500,"bu","13:32:02",7769500
27900,-300,4000,"sd","13:32:04",7773500
27950,-250,100,"bu","13:32:09",7773600
27950,-250,20000,"sd","13:32:23",7793600
27900,-300,2200,"bu","13:32:25",7795800
27900,-300,4300,"bu","13:32:27",7800100
27900,-300,400,"bu","13:32:28",7800500
27950,-250,100,"bu","13:32:47",7800600
27900,-300,8400,"bu","13:32:52",7809000
27900,-300,800,"sd","13:32:53",7809800
27900,-300,5300,"bu","13:32:56",7815100
27900,-300,500,"sd","13:32:58",7815600
27900,-300,2500,"sd","13:33:10",7818100
27900,-300,200,"bu","13:33:11",7818300
27950,-250,300,"bu","13:33:17",7818600
27900,-300,12300,"bu","13:33:34",7830900
27900,-300,1000,"sd","13:33:35",7831900
27900,-300,100,"sd","13:33:37",7832000
27900,-300,3100,"bu","13:33:39",7835100
27950,-250,100,"sd","13:33:42",7835200
27900,-300,3100,"bu","13:33:53",7838300
27900,-300,300,"bu","13:33:55",7838600
27900,-300,8000,"sd","13:34:06",7846600
27900,-300,800,"sd","13:34:07",7847400
27900,-300,3000,"sd","13:34:12",7850400
27900,-300,300,"sd","13:34:14",7850700
27900,-300,9500,"sd","13:34:26",7860200
27900,-300,4200,"sd","13:34:28",7864400
27900,-300,100,"bu","13:34:29",7864500
27900,-300,2500,"sd","13:34:40",7867000
27900,-300,2500,"sd","13:34:43",7869500
27900,-300,200,"bu","13:34:44",7869700
27900,-300,3800,"sd","13:35:00",7873500
27900,-300,300,"bu","13:35:02",7873800
27900,-300,500,"bu","13:35:06",7874300
27950,-250,3300,"bu","13:35:16",7877600
27900,-300,300,"bu","13:35:17",7877900
27900,-300,6100,"bu","13:35:33",7884000
27900,-300,2000,"sd","13:35:41",7886000
27900,-300,200,"sd","13:35:43",7886200
27900,-300,2500,"bu","13:35:46",7888700
27900,-300,900,"sd","13:35:47",7889600
27900,-300,2000,"sd","13:35:56",7891600
27900,-300,2800,"sd","13:36:00",7894400
27900,-300,13300,"sd","13:36:01",7907700
27900,-300,29200,"bu","13:36:02",7936900
27900,-300,300,"bu","13:36:04",7937200
27900,-300,100,"sd","13:36:08",7937300
27900,-300,2100,"bu","13:36:11",7939400
27900,-300,16200,"sd","13:36:13",7955600
27900,-300,5400,"sd","13:36:14",7961000
27900,-300,300,"sd","13:36:16",7961300
27900,-300,2300,"sd","13:36:24",7963600
27900,-300,500,"sd","13:36:25",7964100
27900,-300,1000,"sd","13:36:30",7965100
27900,-300,100,"bu","13:36:32",7965200
27900,-300,2200,"sd","13:36:37",7967400
27900,-300,200,"bu","13:36:38",7967600
27900,-300,1600,"sd","13:36:46",7969200
27900,-300,3400,"sd","13:36:54",7972600
27900,-300,300,"bu","13:36:56",7972900
27900,-300,4400,"sd","13:37:01",7977300
27900,-300,900,"sd","13:37:03",7978200
27900,-300,100,"bu","13:37:07",7978300
27900,-300,2700,"sd","13:37:09",7981000
27900,-300,200,"sd","13:37:10",7981200
27900,-300,3300,"bu","13:37:25",7984500
27900,-300,1000,"sd","13:37:28",7985500
27900,-300,21400,"sd","13:37:30",8006900
27900,-300,700,"bu","13:37:31",8007600
27900,-300,8900,"bu","13:37:34",8016500
27900,-300,800,"sd","13:37:36",8017300
27900,-300,4100,"bu","13:37:38",8021400
27900,-300,200,"bu","13:37:39",8021600
27900,-300,1100,"sd","13:37:44",8022700
27900,-300,800,"bu","13:37:49",8023500
27900,-300,2300,"sd","13:37:50",8025800
27900,-300,6600,"sd","13:38:04",8032400
27900,-300,3100,"bu","13:38:08",8035500
27900,-300,300,"sd","13:38:09",8035800
27900,-300,3000,"bu","13:38:24",8038800
27900,-300,2200,"sd","13:38:35",8041000
27900,-300,200,"sd","13:38:37",8041200
27900,-300,2500,"bu","13:38:47",8043700
27900,-300,3300,"sd","13:39:04",8047000
27900,-300,300,"sd","13:39:06",8047300
27900,-300,8500,"bu","13:39:07",8055800
27900,-300,800,"bu","13:39:09",8056600
27900,-300,6100,"sd","13:39:15",8062700
27900,-300,1400,"bu","13:39:17",8064100
27900,-300,100,"sd","13:39:18",8064200
27900,-300,23800,"bu","13:39:20",8088000
27900,-300,2000,"sd","13:39:21",8090000
27900,-300,200,"bu","13:39:23",8090200
27900,-300,69300,"sd","13:39:25",8159500
27900,-300,19000,"bu","13:39:26",8178500
27900,-300,300,"bu","13:39:28",8178800
27900,-300,6500,"sd","13:39:29",8185300
27900,-300,100,"bu","13:39:31",8185400
27850,-350,17500,"bu","13:39:34",8202900
27850,-350,4400,"bu","13:39:35",8207300
27850,-350,400,"bu","13:39:37",8207700
27900,-300,5000,"bu","13:39:42",8212700
27850,-350,500,"sd","13:39:43",8213200
27850,-350,1100,"bu","13:39:45",8214300
27900,-300,10200,"sd","13:39:58",8224500
27850,-350,1000,"bu","13:39:59",8225500
27850,-350,100,"bu","13:40:01",8225600
27900,-300,400,"bu","13:40:04",8226000
27850,-350,5500,"bu","13:40:06",8231500
27850,-350,39800,"bu","13:40:10",8271300
27850,-350,300,"sd","13:40:12",8271600
27900,-300,100,"bu","13:40:16",8271700
27850,-350,2000,"sd","13:40:20",8273700
27850,-350,200,"sd","13:40:21",8273900
27900,-300,5000,"sd","13:40:24",8278900
27900,-300,600,"sd","13:40:26",8279500
27850,-350,2100,"bu","13:40:31",8281600
27850,-350,8700,"sd","13:40:41",8290300
27850,-350,800,"bu","13:40:43",8291100
27900,-300,100,"sd","13:40:44",8291200
27850,-350,3200,"sd","13:40:50",8294400
27850,-350,3600,"sd","13:41:07",8298000
27850,-350,300,"bu","13:41:08",8298300
27900,-300,100,"sd","13:41:10",8298400
27900,-300,7000,"sd","13:41:17",8305400
27850,-350,700,"sd","13:41:19",8306100
27850,-350,3100,"bu","13:41:23",8309200
27850,-350,33800,"sd","13:41:25",8343000
27850,-350,300,"bu","13:41:26",8343300
27900,-300,500,"bu","13:41:28",8343800
27900,-300,300,"sd","13:41:32",8344100
27900,-300,100,"bu","13:41:33",8344200
27850,-350,5700,"bu","13:41:36",8349900
27850,-350,2000,"sd","13:41:44",8351900
27850,-350,1800,"sd","13:41:48",8353700
27850,-350,100,"bu","13:41:50",8353800
27850,-350,3200,"bu","13:41:54",8357000
27900,-300,400,"bu","13:41:57",8357400
27850,-350,1900,"bu","13:42:02",8359300
27850,-350,2500,"bu","13:42:14",8361800
27850,-350,8400,"sd","13:42:16",8370200
27850,-350,800,"sd","13:42:19",8371000
27850,-350,7100,"sd","13:42:25",8378100
27850,-350,600,"bu","13:42:27",8378700
27850,-350,2300,"sd","13:42:29",8381000
27850,-350,14700,"bu","13:42:30",8395700
27850,-350,3200,"bu","13:42:32",8398900
27850,-350,200,"bu","13:42:34",8399100
27850,-350,4200,"bu","13:42:41",8403300
27850,-350,400,"sd","13:42:43",8403700
27850,-350,2600,"sd","13:42:44",8406300
27850,-350,200,"sd","13:42:48",8406500
27850,-350,2000,"bu","13:42:55",8408500
27850,-350,2900,"bu","13:42:56",8411400
27850,-350,3700,"sd","13:42:58",8415100
27850,-350,1100,"bu","13:43:03",8416200
27850,-350,5000,"sd","13:43:13",8421200
27850,-350,500,"sd","13:43:15",8421700
27900,-300,5000,"bu","13:43:17",8426700
27850,-350,800,"sd","13:43:19",8427500
27850,-350,3300,"bu","13:43:27",8430800
27850,-350,200,"sd","13:43:29",8431000
27850,-350,1800,"sd","13:43:37",8432800
27850,-350,100,"bu","13:43:39",8432900
27850,-350,1800,"bu","13:43:48",8434700
27850,-350,9600,"bu","13:43:49",8444300
27850,-350,900,"bu","13:43:51",8445200
27850,-350,300,"sd","13:43:53",8445500
27850,-350,2800,"bu","13:44:03",8448300
27850,-350,700,"bu","13:44:04",8449000
27850,-350,6800,"sd","13:44:11",8455800
27850,-350,15800,"bu","13:44:13",8471600
27850,-350,200,"bu","13:44:15",8471800
27850,-350,110200,"bu","13:44:20",8582000
27900,-300,1300,"sd","13:44:24",8583300
27850,-350,6800,"sd","13:44:25",8590100
27900,-300,100,"bu","13:44:27",8590200
27900,-300,20000,"bu","13:44:34",8610200
27900,-300,12200,"bu","13:44:35",8622400
27900,-300,2700,"sd","13:44:37",8625100
27950,-250,1000,"bu","13:44:49",8626100
27900,-300,100,"sd","13:44:51",8626200
27900,-300,500,"bu","13:44:58",8626700
27900,-300,1000,"sd","13:44:59",8627700
27900,-300,100,"sd","13:45:01",8627800
27900,-300,3000,"sd","13:45:09",8630800
27900,-300,300,"bu","13:45:11",8631100
27900,-300,8500,"bu","13:45:23",8639600
27900,-300,800,"sd","13:45:25",8640400
27900,-300,2000,"sd","13:45:45",8642400
27900,-300,200,"bu","13:45:47",8642600
27900,-300,6900,"bu","13:45:52",8649500
27900,-300,600,"sd","13:45:53",8650100
27900,-300,55000,"sd","13:46:05",8705100
27900,-300,500,"bu","13:46:07",8705600
27900,-300,17600,"sd","13:46:17",8723200
27900,-300,100,"bu","13:46:19",8723300
27900,-300,500,"bu","13:46:34",8723800
27900,-300,9900,"bu","13:46:43",8733700
27900,-300,10400,"bu","13:46:57",8744100
27900,-300,1100,"bu","13:46:59",8745200
27900,-300,3900,"sd","13:47:04",8749100
27900,-300,300,"sd","13:47:06",8749400
27900,-300,4400,"sd","13:47:13",8753800
27900,-300,2000,"sd","13:47:14",8755800
27900,-300,200,"bu","13:47:16",8756000
27900,-300,1100,"sd","13:47:20",8757100
27900,-300,900,"bu","13:47:21",8758000
27900,-300,5000,"bu","13:47:23",8763000
27900,-300,500,"sd","13:47:25",8763500
27950,-250,3000,"sd","13:47:37",8766500
27900,-300,300,"sd","13:47:38",8766800
27900,-300,6500,"bu","13:47:40",8773300
27900,-300,600,"sd","13:47:42",8773900
27900,-300,3400,"sd","13:48:02",8777300
27900,-300,2200,"bu","13:48:06",8779500
27950,-250,3100,"bu","13:48:10",8782600
27900,-300,22300,"bu","13:48:12",8804900
27900,-300,200,"bu","13:48:13",8805100
27900,-300,7000,"sd","13:48:15",8812100
27900,-300,1000,"sd","13:48:17",8813100
27900,-300,5500,"sd","13:48:19",8818600
27900,-300,100,"bu","13:48:20",8818700
27900,-300,8400,"bu","13:48:32",8827100
27900,-300,200,"bu","13:48:36",8827300
27900,-300,3300,"bu","13:48:51",8830600
27900,-300,7400,"bu","13:48:53",8838000
27900,-300,3400,"sd","13:48:56",8841400
27900,-300,10000,"sd","13:49:00",8851400
27900,-300,1600,"sd","13:49:01",8853000
27900,-300,2400,"sd","13:49:06",8855400
27950,-250,4100,"bu","13:49:08",8859500
27950,-250,500,"bu","13:49:09",8860000
27850,-350,90000,"sd","13:49:15",8950000
27850,-350,9900,"bu","13:49:17",8959900
27850,-350,3400,"bu","13:49:18",8963300
27950,-250,6500,"sd","13:49:31",8969800
27900,-300,300,"sd","13:49:32",8970100
27950,-250,3100,"bu","13:49:35",8973200
27900,-300,300,"sd","13:49:37",8973500
27950,-250,16500,"bu","13:49:40",8990000
27900,-300,1700,"sd","13:49:42",8991700
27950,-250,200,"sd","13:49:49",8991900
27900,-300,55000,"sd","13:49:52",9046900
27900,-300,500,"sd","13:49:56",9047400
27950,-250,57700,"sd","13:49:59",9105100
27950,-250,5500,"sd","13:50:03",9110600
28000,-200,100,"sd","13:50:04",9110700
27950,-250,9000,"sd","13:50:06",9119700
27950,-250,600,"sd","13:50:18",9120300
28000,-200,100,"sd","13:50:24",9120400
28000,-200,700,"bu","13:50:38",9121100
27950,-250,1100,"bu","13:50:41",9122200
27950,-250,4400,"bu","13:50:46",9126600
28000,-200,700,"bu","13:50:48",9127300
28000,-200,1000,"sd","13:51:00",9128300
27950,-250,5600,"bu","13:51:02",9133900
27950,-250,6400,"bu","13:51:04",9140300
27950,-250,600,"sd","13:51:05",9140900
27950,-250,110000,"bu","13:51:10",9250900
27950,-250,1100,"bu","13:51:12",9252000
28000,-200,6100,"bu","13:51:15",9258100
27950,-250,2100,"bu","13:51:17",9260200
28000,-200,10100,"sd","13:51:27",9270300
27950,-250,1100,"bu","13:51:29",9271400
27950,-250,3300,"bu","13:51:30",9274700
27950,-250,1100,"bu","13:51:34",9275800
27950,-250,8500,"sd","13:51:40",9284300
28000,-200,5000,"bu","13:51:47",9289300
27950,-250,500,"sd","13:51:49",9289800
28000,-200,3500,"bu","13:51:51",9293300
27950,-250,2900,"sd","13:52:03",9296200
27950,-250,900,"bu","13:52:05",9297100
28000,-200,5600,"bu","13:52:07",9302700
27950,-250,800,"sd","13:52:09",9303500
27950,-250,3500,"sd","13:52:16",9307000
28000,-200,11400,"bu","13:52:21",9318400
27950,-250,1000,"sd","13:52:22",9319400
27950,-250,100,"bu","13:52:24",9319500
27950,-250,5500,"sd","13:52:30",9325000
27950,-250,2200,"bu","13:52:36",9327200
27950,-250,1600,"sd","13:52:38",9328800
28000,-200,15700,"bu","13:52:40",9344500
28000,-200,1000,"sd","13:52:42",9345500
28000,-200,100,"bu","13:52:44",9345600
28000,-200,3900,"bu","13:53:01",9349500
28000,-200,1600,"bu","13:53:04",9351100
28000,-200,8300,"bu","13:53:13",9359400
28000,-200,8100,"bu","13:53:44",9367500
28000,-200,800,"bu","13:53:46",9368300
28000,-200,3600,"bu","13:54:04",9371900
28000,-200,300,"bu","13:54:06",9372200
28050,-150,100,"bu","13:54:08",9372300
28050,-150,1600,"sd","13:54:27",9373900
28000,-200,7400,"bu","13:54:42",9381300
28000,-200,7700,"bu","13:54:46",9389000
28000,-200,700,"bu","13:54:48",9389700
28000,-200,2000,"bu","13:54:58",9391700
28000,-200,200,"sd","13:54:59",9391900
28000,-200,5200,"bu","13:55:08",9397100
28000,-200,10000,"sd","13:55:14",9407100
27950,-250,150600,"sd","13:55:17",9557700
28000,-200,3000,"sd","13:55:26",9560700
28000,-200,1300,"sd","13:55:28",9562000
27950,-250,100,"sd","13:55:30",9562100
28000,-200,1000,"bu","13:55:37",9563100
27950,-250,6000,"bu","13:55:39",9569100
27950,-250,500,"bu","13:55:41",9569600
27950,-250,1100,"bu","13:56:02",9570700
28000,-200,300,"bu","13:56:04",9571000
28000,-200,300,"bu","13:56:06",9571300
27950,-250,6300,"sd","13:56:11",9577600
27950,-250,13900,"bu","13:56:21",9591500
27950,-250,500,"sd","13:56:23",9592000
27950,-250,600,"sd","13:56:25",9592600
27950,-250,3900,"sd","13:56:32",9596500
28000,-200,300,"bu","13:56:43",9596800
27950,-250,1600,"sd","13:56:47",9598400
27950,-250,10000,"bu","13:56:51",9608400
27950,-250,1200,"sd","13:56:53",9609600
27950,-250,29700,"bu","13:56:56",9639300
27950,-250,3100,"sd","13:56:58",9642400
27950,-250,11200,"bu","13:57:00",9653600
27950,-250,67600,"sd","13:57:02",9721200
27900,-300,274600,"sd","13:57:05",9995800
27900,-300,1200,"bu","13:57:06",9997000
27900,-300,3600,"bu","13:57:19",10000600
27900,-300,300,"sd","13:57:21",10000900
27900,-300,4400,"sd","13:57:33",10005300
27950,-250,31700,"sd","13:57:35",10037000
27950,-250,3100,"bu","13:57:37",10040100
27950,-250,3900,"bu","13:57:38",10044000
27900,-300,1700,"bu","13:57:55",10045700
27900,-300,3600,"sd","13:57:57",10049300
27950,-250,1100,"bu","13:58:01",10050400
27900,-300,200,"bu","13:58:03",10050600
27900,-300,3400,"bu","13:58:14",10054000
27900,-300,300,"bu","13:58:16",10054300
27950,-250,200,"sd","13:58:23",10054500
27900,-300,2800,"bu","13:58:30",10057300
27900,-300,200,"sd","13:58:32",10057500
27900,-300,11000,"bu","13:58:38",10068500
27900,-300,100,"sd","13:58:40",10068600
27950,-250,9900,"sd","13:59:12",10078500
27950,-250,800,"sd","13:59:14",10079300
27950,-250,3300,"sd","13:59:26",10082600
27950,-250,300,"bu","13:59:27",10082900
27950,-250,8400,"bu","13:59:29",10091300
27950,-250,2000,"bu","13:59:37",10093300
27950,-250,3700,"bu","13:59:41",10097000
27950,-250,200,"bu","13:59:42",10097200
27950,-250,5700,"sd","13:59:46",10102900
27950,-250,5500,"sd","14:00:12",10108400
27950,-250,1600,"bu","14:00:13",10110000
27950,-250,2200,"bu","14:00:17",10112200
27950,-250,7200,"bu","14:00:36",10119400
27950,-250,10900,"sd","14:00:39",10130300
27950,-250,600,"bu","14:00:41",10130900
27950,-250,3000,"sd","14:00:47",10133900
27950,-250,300,"bu","14:00:49",10134200
27950,-250,8500,"sd","14:00:58",10142700
27950,-250,800,"sd","14:01:00",10143500
27950,-250,7700,"bu","14:01:02",10151200
27950,-250,3700,"bu","14:01:04",10154900
27950,-250,13000,"sd","14:01:05",10167900
27950,-250,1800,"bu","14:01:07",10169700
27950,-250,2500,"bu","14:01:09",10172200
27950,-250,2500,"sd","14:01:11",10174700
27950,-250,3200,"sd","14:01:13",10177900
27950,-250,300,"sd","14:01:15",10178200
27950,-250,500,"sd","14:01:17",10178700
27950,-250,1100,"sd","14:01:19",10179800
27950,-250,1400,"bu","14:01:20",10181200
27950,-250,100,"sd","14:01:22",10181300
27950,-250,73700,"sd","14:01:24",10255000
28000,-200,100,"sd","14:01:26",10255100
28000,-200,9900,"sd","14:01:28",10265000
27950,-250,1100,"bu","14:01:30",10266100
27950,-250,9300,"bu","14:01:42",10275400
27950,-250,100,"sd","14:01:44",10275500
27950,-250,2300,"bu","14:01:53",10277800
28050,-150,2400,"bu","14:02:10",10280200
28000,-200,19300,"bu","14:02:36",10299500
28000,-200,100,"sd","14:02:38",10299600
28000,-200,5400,"sd","14:02:44",10305000
28000,-200,4700,"bu","14:02:55",10309700
28000,-200,500,"bu","14:02:56",10310200
28000,-200,200,"bu","14:03:03",10310400
28000,-200,100,"bu","14:03:05",10310500
28000,-200,1300,"sd","14:03:11",10311800
27950,-250,100,"sd","14:03:12",10311900
28000,-200,1000,"sd","14:03:14",10312900
28000,-200,400,"bu","14:03:16",10313300
28000,-200,200,"sd","14:03:18",10313500
27950,-250,4500,"sd","14:03:29",10318000
28000,-200,2000,"bu","14:04:07",10320000
27950,-250,5700,"sd","14:04:08",10325700
27950,-250,8400,"bu","14:04:10",10334100
28000,-200,10000,"bu","14:04:14",10344100
27950,-250,1500,"sd","14:04:16",10345600
27950,-250,100,"sd","14:04:18",10345700
28000,-200,29100,"sd","14:04:28",10374800
28000,-200,3100,"sd","14:04:32",10377900
28000,-200,6600,"sd","14:04:34",10384500
27950,-250,50600,"sd","14:04:36",10435100
27950,-250,5500,"bu","14:04:37",10440600
28000,-200,8700,"sd","14:04:52",10449300
27950,-250,800,"bu","14:04:53",10450100
28000,-200,100,"sd","14:05:01",10450200
28000,-200,2200,"sd","14:05:09",10452400
28000,-200,5000,"bu","14:05:18",10457400
27950,-250,500,"sd","14:05:20",10457900
28000,-200,3400,"sd","14:05:35",10461300
27950,-250,300,"sd","14:05:37",10461600
27950,-250,14300,"bu","14:05:43",10475900
27950,-250,700,"sd","14:05:45",10476600
27950,-250,6000,"bu","14:05:55",10482600
27950,-250,600,"sd","14:05:56",10483200
28000,-200,500,"bu","14:06:00",10483700
27950,-250,11000,"bu","14:06:02",10494700
27950,-250,100,"bu","14:06:04",10494800
27950,-250,800,"sd","14:06:06",10495600
28000,-200,1000,"sd","14:06:13",10496600
27950,-250,3100,"sd","14:06:15",10499700
28000,-200,20300,"sd","14:06:17",10520000
27950,-250,2000,"bu","14:06:19",10522000
27950,-250,200,"sd","14:06:21",10522200
27950,-250,13300,"sd","14:06:44",10535500
27950,-250,500,"sd","14:06:51",10536000
27950,-250,2200,"sd","14:06:55",10538200
27950,-250,2000,"bu","14:06:59",10540200
27950,-250,200,"sd","14:07:01",10540400
28000,-200,300,"sd","14:07:03",10540700
27950,-250,8100,"bu","14:07:09",10548800
27950,-250,800,"sd","14:07:11",10549600
27950,-250,8300,"bu","14:07:19",10557900
27950,-250,50000,"sd","14:07:21",10607900
27900,-300,5500,"sd","14:07:23",10613400
27950,-250,11000,"bu","14:07:31",10624400
27950,-250,600,"bu","14:07:33",10625000
27950,-250,1100,"sd","14:07:37",10626100
27950,-250,9100,"bu","14:07:58",10635200
27950,-250,900,"sd","14:08:00",10636100
27950,-250,500,"bu","14:08:10",10636600
28000,-200,300,"bu","14:08:14",10636900
28000,-200,200,"sd","14:08:19",10637100
27950,-250,500,"sd","14:08:21",10637600
27950,-250,5100,"bu","14:08:25",10642700
27950,-250,2000,"sd","14:08:43",10644700
27950,-250,1300,"bu","14:08:45",10646000
27950,-250,4000,"bu","14:08:46",10650000
27950,-250,400,"bu","14:08:48",10650400
27950,-250,7700,"sd","14:08:51",10658100
27950,-250,700,"sd","14:08:53",10658800
28000,-200,30000,"bu","14:08:55",10688800
27950,-250,3300,"bu","14:08:57",10692100
28000,-200,1000,"bu","14:09:06",10693100
27950,-250,100,"sd","14:09:08",10693200
28000,-200,2000,"sd","14:09:10",10695200
27950,-250,200,"bu","14:09:12",10695400
28000,-200,1000,"sd","14:09:18",10696400
27950,-250,100,"sd","14:09:19",10696500
27950,-250,200,"bu","14:09:28",10696700
28000,-200,10000,"bu","14:09:30",10706700
28000,-200,2800,"bu","14:09:32",10709500
27950,-250,100,"bu","14:09:34",10709600
27950,-250,10400,"bu","14:09:40",10720000
27950,-250,300,"bu","14:09:41",10720300
27950,-250,2200,"bu","14:09:49",10722500
27950,-250,300,"sd","14:09:51",10722800
27950,-250,3100,"sd","14:09:56",10725900
27950,-250,300,"bu","14:09:58",10726200
28000,-200,500,"bu","14:09:59",10726700
28000,-200,20500,"bu","14:10:08",10747200
27950,-250,2000,"bu","14:10:10",10749200
28000,-200,4500,"sd","14:10:12",10753700
28000,-200,200,"bu","14:10:13",10753900
27950,-250,15300,"bu","14:10:17",10769200
27950,-250,100,"sd","14:10:19",10769300
28000,-200,6200,"sd","14:10:22",10775500
27950,-250,600,"bu","14:10:24",10776100
28000,-200,14800,"bu","14:10:26",10790900
27950,-250,1100,"bu","14:10:28",10792000
28000,-200,43600,"bu","14:10:30",10835600
27950,-250,23100,"bu","14:10:32",10858700
27950,-250,39800,"bu","14:10:34",10898500
27900,-300,40500,"bu","14:10:36",10939000
27950,-250,1500,"sd","14:10:39",10940500
27950,-250,13400,"bu","14:10:40",10953900
27950,-250,5600,"sd","14:10:43",10959500
28000,-200,200,"sd","14:10:54",10959700
27950,-250,2000,"bu","14:10:58",10961700
27950,-250,3200,"bu","14:11:00",10964900
27950,-250,300,"bu","14:11:02",10965200
27950,-250,15000,"sd","14:11:14",10980200
27950,-250,600,"sd","14:11:16",10980800
27950,-250,53600,"bu","14:11:20",11034400
27950,-250,14800,"sd","14:11:22",11049200
27950,-250,100,"bu","14:11:23",11049300
27950,-250,20100,"bu","14:11:30",11069400
27950,-250,2200,"bu","14:11:32",11071600
27950,-250,2700,"sd","14:11:41",11074300
28000,-200,5000,"bu","14:11:45",11079300
28000,-200,1500,"sd","14:11:48",11080800
27950,-250,39300,"bu","14:11:50",11120100
28000,-200,1000,"bu","14:11:52",11121100
28000,-200,5500,"sd","14:11:54",11126600
27950,-250,500,"sd","14:11:57",11127100
27950,-250,7700,"bu","14:11:59",11134800
27950,-250,700,"sd","14:12:02",11135500
28000,-200,200,"sd","14:12:08",11135700
28000,-200,2400,"sd","14:12:13",11138100
28000,-200,700,"sd","14:12:15",11138800
28000,-200,2000,"sd","14:12:22",11140800
27950,-250,200,"bu","14:12:25",11141000
27950,-250,5800,"sd","14:12:37",11146800
28000,-200,29600,"sd","14:12:47",11176400
27950,-250,3100,"bu","14:12:48",11179500
27950,-250,1100,"bu","14:12:54",11180600
28000,-200,5000,"bu","14:13:01",11185600
27950,-250,400,"bu","14:13:03",11186000
28000,-200,18500,"sd","14:13:14",11204500
27950,-250,2100,"bu","14:13:15",11206600
28000,-200,1000,"bu","14:13:18",11207600
27950,-250,100,"bu","14:13:20",11207700
28000,-200,200,"bu","14:13:22",11207900
27950,-250,9100,"sd","14:13:24",11217000
28000,-200,3500,"bu","14:13:26",11220500
27950,-250,300,"bu","14:13:28",11220800
27950,-250,500,"sd","14:13:29",11221300
27950,-250,8300,"bu","14:13:33",11229600
27950,-250,7900,"bu","14:13:35",11237500
27950,-250,500,"bu","14:13:37",11238000
27950,-250,22000,"sd","14:13:46",11260000
27950,-250,200,"bu","14:13:48",11260200
27950,-250,30200,"bu","14:13:54",11290400
27950,-250,3300,"bu","14:13:56",11293700
27950,-250,11300,"bu","14:14:01",11305000
27950,-250,700,"bu","14:14:03",11305700
28000,-200,2000,"sd","14:14:06",11307700
27950,-250,200,"sd","14:14:08",11307900
27950,-250,9800,"bu","14:14:16",11317700
27950,-250,1200,"sd","14:14:18",11318900
27900,-300,58900,"sd","14:14:22",11377800
27950,-250,900,"sd","14:14:24",11378700
27950,-250,2200,"sd","14:14:30",11380900
27950,-250,10300,"bu","14:14:39",11391200
27950,-250,7600,"bu","14:14:41",11398800
27950,-250,5700,"bu","14:14:43",11404500
27950,-250,500,"bu","14:14:45",11405000
27950,-250,2000,"sd","14:14:52",11407000
27950,-250,200,"sd","14:14:55",11407200
27950,-250,11000,"bu","14:14:56",11418200
27950,-250,1200,"sd","14:14:58",11419400
27950,-250,4000,"sd","14:15:11",11423400
27950,-250,4100,"sd","14:15:14",11427500
27950,-250,4500,"bu","14:15:16",11432000
27950,-250,1700,"sd","14:15:18",11433700
27900,-300,100,"bu","14:15:20",11433800
27900,-300,3200,"bu","14:15:23",11437000
27900,-300,400,"sd","14:15:25",11437400
27900,-300,6200,"bu","14:15:31",11443600
27950,-250,24700,"bu","14:15:38",11468300
27950,-250,400,"bu","14:15:40",11468700
27950,-250,18700,"sd","14:15:42",11487400
27950,-250,200,"bu","14:15:45",11487600
27950,-250,1100,"bu","14:15:57",11488700
27950,-250,100,"sd","14:15:59",11488800
27950,-250,2200,"sd","14:16:01",11491000
27950,-250,5500,"bu","14:16:12",11496500
28000,-200,200,"bu","14:16:14",11496700
28000,-200,5400,"sd","14:16:24",11502100
27950,-250,500,"bu","14:16:26",11502600
27950,-250,10300,"bu","14:16:28",11512900
27950,-250,3300,"bu","14:16:37",11516200
27950,-250,4800,"bu","14:16:41",11521000
27950,-250,6900,"bu","14:16:46",11527900
27900,-300,600,"sd","14:16:48",11528500
27950,-250,9300,"bu","14:16:54",11537800
27950,-250,110300,"bu","14:16:56",11648100
27950,-250,1600,"bu","14:16:58",11649700
27900,-300,100,"sd","14:17:00",11649800
27900,-300,11000,"sd","14:17:12",11660800
27950,-250,300,"sd","14:17:14",11661100
27900,-300,9900,"sd","14:17:16",11671000
27900,-300,1100,"bu","14:17:21",11672100
27950,-250,1300,"bu","14:17:42",11673400
27900,-300,8100,"sd","14:18:07",11681500
27900,-300,5000,"sd","14:18:11",11686500
27900,-300,500,"bu","14:18:13",11687000
27900,-300,3900,"sd","14:18:14",11690900
27900,-300,300,"sd","14:18:17",11691200
27900,-300,9100,"sd","14:18:20",11700300
27900,-300,2200,"sd","14:18:26",11702500
27900,-300,79700,"sd","14:18:31",11782200
27900,-300,24100,"bu","14:18:33",11806300
27900,-300,11900,"sd","14:18:35",11818200
27900,-300,100,"bu","14:18:37",11818300
27900,-300,5500,"bu","14:18:46",11823800
27900,-300,1100,"bu","14:18:55",11824900
27900,-300,900,"sd","14:18:57",11825800
27900,-300,6600,"bu","14:19:05",11832400
27900,-300,500,"bu","14:19:07",11832900
27900,-300,16100,"sd","14:19:16",11849000
27900,-300,900,"bu","14:19:18",11849900
27950,-250,100,"bu","14:19:20",11850000
27900,-300,4600,"sd","14:19:22",11854600
27900,-300,1100,"bu","14:19:26",11855700
27900,-300,2200,"sd","14:19:29",11857900
27950,-250,100,"bu","14:19:30",11858000
27900,-300,3900,"sd","14:19:49",11861900
27900,-300,300,"sd","14:19:52",11862200
27900,-300,10000,"bu","14:19:59",11872200
27900,-300,1100,"bu","14:20:01",11873300
27900,-300,166500,"bu","14:20:13",12039800
27900,-300,18200,"sd","14:20:15",12058000
27900,-300,100,"sd","14:20:17",12058100
27900,-300,9400,"bu","14:20:20",12067500
27900,-300,200,"sd","14:20:23",12067700
27900,-300,8400,"bu","14:20:25",12076100
27900,-300,6200,"sd","14:20:27",12082300
27900,-300,11000,"bu","14:20:29",12093300
27900,-300,200,"sd","14:20:30",12093500
27850,-350,51600,"sd","14:20:33",12145100
27850,-350,2300,"bu","14:20:35",12147400
27900,-300,600,"sd","14:20:41",12148000
27850,-350,1100,"bu","14:20:50",12149100
27900,-300,10000,"bu","14:20:52",12159100
27850,-350,7400,"sd","14:20:54",12166500
27850,-350,400,"bu","14:20:56",12166900
27900,-300,11600,"sd","14:21:06",12178500
27850,-350,100,"sd","14:21:08",12178600
27850,-350,5600,"sd","14:21:10",12184200
27900,-300,2000,"bu","14:21:11",12186200
27850,-350,8200,"bu","14:21:22",12194400
27850,-350,6400,"bu","14:21:26",12200800
27900,-300,5500,"sd","14:21:28",12206300
27850,-350,500,"sd","14:21:30",12206800
27900,-300,3500,"sd","14:21:32",12210300
27900,-300,500,"sd","14:21:36",12210800
27900,-300,7100,"bu","14:21:38",12217900
27900,-300,600,"sd","14:21:39",12218500
27900,-300,17200,"bu","14:21:41",12235700
27900,-300,2500,"sd","14:21:44",12238200
27900,-300,100,"bu","14:21:45",12238300
27900,-300,5500,"sd","14:21:47",12243800
27900,-300,3300,"bu","14:22:05",12247100
27900,-300,5600,"bu","14:22:09",12252700
27900,-300,1100,"bu","14:22:13",12253800
27900,-300,5000,"bu","14:22:15",12258800
27900,-300,400,"sd","14:22:17",12259200
27900,-300,3300,"sd","14:22:29",12262500
27850,-350,4800,"bu","14:22:38",12267300
27900,-300,100,"bu","14:22:40",12267400
27850,-350,7000,"sd","14:22:42",12274400
27850,-350,100,"sd","14:22:45",12274500
27900,-300,9200,"bu","14:22:46",12283700
27850,-350,4000,"bu","14:22:50",12287700
27900,-300,2000,"sd","14:22:56",12289700
27900,-300,500,"sd","14:22:58",12290200
27900,-300,900,"sd","14:23:02",12291100
27900,-300,1600,"sd","14:23:04",12292700
27900,-300,100,"bu","14:23:06",12292800
27900,-300,200,"sd","14:23:13",12293000
27900,-300,8400,"sd","14:23:17",12301400
27900,-300,600,"bu","14:23:19",12302000
27900,-300,3800,"bu","14:23:21",12305800
27900,-300,500,"sd","14:23:31",12306300
27900,-300,400,"bu","14:23:33",12306700
27900,-300,1400,"bu","14:23:35",12308100
27850,-350,29600,"sd","14:23:37",12337700
27850,-350,100,"bu","14:23:39",12337800
27900,-300,600,"bu","14:23:41",12338400
27900,-300,2000,"bu","14:23:43",12340400
27900,-300,3300,"sd","14:23:45",12343700
27850,-350,1000,"sd","14:23:47",12344700
27850,-350,3400,"sd","14:23:59",12348100
27850,-350,50300,"sd","14:24:05",12398400
27850,-350,5000,"bu","14:24:07",12403400
27850,-350,500,"sd","14:24:09",12403900
27850,-350,4400,"sd","14:24:14",12408300
27850,-350,60000,"bu","14:24:20",12468300
27850,-350,6600,"bu","14:24:23",12474900
27900,-300,500,"sd","14:24:25",12475400
27900,-300,900,"sd","14:24:27",12476300
27850,-350,3900,"sd","14:24:30",12480200
27850,-350,800,"sd","14:24:32",12481000
27900,-300,100,"bu","14:24:34",12481100
27900,-300,500,"sd","14:24:54",12481600
27900,-300,100,"sd","14:25:03",12481700
27850,-350,17700,"sd","14:25:05",12499400
27850,-350,5500,"sd","14:25:07",12504900
27900,-300,300,"bu","14:25:10",12505200
27900,-300,1100,"bu","14:25:12",12506300
27900,-300,34100,"sd","14:25:14",12540400
27850,-350,3700,"sd","14:25:16",12544100
27850,-350,9900,"sd","14:25:18",12554000
27950,-250,27500,"sd","14:25:25",12581500
27900,-300,6300,"bu","14:25:27",12587800
27900,-300,500,"sd","14:25:29",12588300
27900,-300,1500,"bu","14:25:31",12589800
27900,-300,100,"sd","14:25:33",12589900
27900,-300,200,"sd","14:25:35",12590100
27900,-300,55500,"bu","14:25:39",12645600
27950,-250,6600,"bu","14:26:00",12652200
27900,-300,2600,"bu","14:26:02",12654800
27900,-300,4100,"sd","14:26:04",12658900
27900,-300,300,"sd","14:26:09",12659200
27900,-300,2200,"sd","14:26:19",12661400
27900,-300,50000,"sd","14:26:21",12711400
27850,-350,11400,"sd","14:26:24",12722800
27850,-350,100,"bu","14:26:25",12722900
27900,-300,1000,"sd","14:26:33",12723900
27900,-300,300,"sd","14:26:35",12724200
27900,-300,1600,"sd","14:26:39",12725800
27850,-350,100,"sd","14:26:41",12725900
27900,-300,10000,"sd","14:26:50",12735900
27850,-350,12600,"sd","14:26:52",12748500
27850,-350,600,"sd","14:26:54",12749100
27900,-300,6000,"bu","14:26:55",12755100
27850,-350,100,"bu","14:26:57",12755200
27900,-300,6000,"sd","14:26:59",12761200
27900,-300,5500,"sd","14:27:03",12766700
27850,-350,10100,"bu","14:27:05",12776800
27850,-350,1000,"bu","14:27:07",12777800
27900,-300,1700,"bu","14:27:09",12779500
27850,-350,1600,"bu","14:27:11",12781100
27850,-350,300,"sd","14:27:13",12781400
27850,-350,4900,"bu","14:27:15",12786300
27850,-350,5600,"sd","14:27:17",12791900
27900,-300,100,"sd","14:27:22",12792000
27900,-300,2100,"sd","14:27:25",12794100
27900,-300,800,"bu","14:27:27",12794900
27900,-300,600,"sd","14:27:29",12795500
27850,-350,33000,"sd","14:27:31",12828500
27900,-300,1500,"sd","14:27:33",12830000
27900,-300,6300,"sd","14:27:35",12836300
27900,-300,1900,"bu","14:27:38",12838200
27900,-300,3300,"sd","14:27:42",12841500
27850,-350,800,"sd","14:27:44",12842300
27900,-300,12600,"bu","14:27:46",12854900
27900,-300,900,"bu","14:27:49",12855800
27900,-300,1600,"bu","14:27:51",12857400
27900,-300,8000,"bu","14:27:55",12865400
27900,-300,1200,"sd","14:27:57",12866600
27900,-300,24700,"sd","14:28:01",12891300
27900,-300,2600,"bu","14:28:04",12893900
27900,-300,110000,"bu","14:28:08",13003900
27900,-300,6100,"bu","14:28:11",13010000
27900,-300,500,"sd","14:28:13",13010500
27900,-300,200,"bu","14:28:15",13010700
27900,-300,12100,"sd","14:28:17",13022800
28000,-200,20200,"sd","14:28:37",13043000
27900,-300,1600,"bu","14:28:39",13044600
27900,-300,11000,"bu","14:28:42",13055600
27900,-300,100,"sd","14:28:44",13055700
27900,-300,5000,"sd","14:28:46",13060700
27900,-300,500,"sd","14:28:49",13061200
27950,-250,5500,"bu","14:29:00",13066700
27900,-300,500,"bu","14:29:02",13067200
27950,-250,3100,"sd","14:29:04",13070300
27900,-300,700,"bu","14:29:06",13071000
27900,-300,1100,"bu","14:29:11",13072100
27950,-250,41300,"bu","14:29:18",13113400
27950,-250,8300,"sd","14:29:21",13121700
27950,-250,500,"sd","14:29:24",13122200
27900,-300,1700,"sd","14:29:26",13123900
27900,-300,1500,"bu","14:29:30",13125400
27950,-250,6700,"bu","14:29:35",13132100
27950,-250,12500,"sd","14:29:47",13144600
27950,-250,5000,"bu","14:29:52",13149600
27950,-250,27900,"bu","14:29:57",13177500
27950,-250,1000,"sd","14:30:00",13178500
27950,-250,8200,"sd","14:30:02",13186700
27850,-350,1158300,"sd","14:45:16",14345000
