"price","change","match_qtty","side","time","total_vol"
7500,150,12600,"sd","09:15:05",12600
7480,130,4000,"sd","09:19:30",16600
7480,130,500,"sd","09:19:45",17100
7480,130,3100,"sd","09:19:48",20200
7440,90,800,"sd","09:21:55",21000
7440,90,100,"sd","09:22:30",21100
7370,20,10000,"bu","09:25:09",31100
7370,20,2600,"sd","09:25:28",33700
7370,20,1800,"sd","09:26:30",35500
7370,20,300,"sd","09:26:34",35800
7370,20,500,"bu","09:26:37",36300
7360,10,5000,"sd","09:26:44",41300
7350,0,10000,"bu","09:27:02",51300
7400,50,100,"bu","09:27:57",51400
7360,10,3400,"bu","09:30:10",54800
7360,10,100,"bu","09:30:53",54900
7360,10,3200,"bu","09:31:14",58100
7360,10,10000,"sd","09:32:24",68100
7360,10,100,"sd","09:33:03",68200
7390,40,20000,"sd","09:35:00",88200
7400,50,1000,"bu","09:35:31",89200
7420,70,25000,"sd","09:35:34",114200
7400,50,20000,"bu","09:37:15",134200
7400,50,200,"sd","09:39:40",134400
7380,30,1200,"sd","09:39:59",135600
7370,20,10000,"bu","09:40:53",145600
7370,20,500,"sd","09:42:00",146100
7360,10,10000,"sd","09:44:03",156100
7350,0,5000,"sd","09:44:42",161100
7350,0,5000,"sd","09:44:45",166100
7350,0,18200,"sd","09:45:13",184300
7330,-20,100,"sd","09:46:03",184400
7320,-30,2200,"sd","09:46:27",186600
7320,-30,2000,"sd","09:47:05",188600
7320,-30,800,"bu","09:47:18",189400
7330,-20,400,"sd","09:47:38",189800
7330,-20,5000,"sd","09:48:16",194800
7320,-30,25400,"bu","09:48:41",220200
7330,-20,500,"sd","09:50:08",220700
7330,-20,600,"bu","09:50:34",221300
7320,-30,4500,"bu","09:50:53",225800
7330,-20,500,"sd","09:50:54",226300
7330,-20,8400,"bu","09:51:13",234700
7350,0,1300,"sd","09:51:34",236000
7330,-20,400,"sd","09:51:58",236400
7350,0,5000,"bu","09:53:48",241400
7350,0,1500,"bu","09:54:29",242900
7350,0,500,"sd","09:54:43",243400
7350,0,1000,"sd","09:54:50",244400
7350,0,3100,"bu","09:58:44",247500
7350,0,7000,"bu","09:59:19",254500
7350,0,10000,"sd","10:00:56",264500
7350,0,100,"bu","10:01:12",264600
7350,0,600,"bu","10:01:33",265200
7350,0,900,"bu","10:04:45",266100
7350,0,1600,"bu","10:05:20",267700
7350,0,2000,"bu","10:06:33",269700
7350,0,9000,"bu","10:07:34",278700
7350,0,500,"bu","10:07:48",279200
7350,0,200,"sd","10:08:32",279400
7340,-10,2200,"bu","10:08:51",281600
7330,-20,5000,"sd","10:10:19",286600
7340,-10,200,"bu","10:11:24",286800
7330,-20,300,"bu","10:12:46",287100
7340,-10,800,"bu","10:12:50",287900
7340,-10,300,"bu","10:13:29",288200
7340,-10,500,"bu","10:14:12",288700
7340,-10,200,"sd","10:14:22",288900
7340,-10,2000,"sd","10:15:48",290900
7340,-10,600,"bu","10:17:54",291500
7340,-10,300,"bu","10:19:40",291800
7330,-20,10100,"sd","10:21:41",301900
7330,-20,5300,"sd","10:21:53",307200
7330,-20,500,"bu","10:23:30",307700
7330,-20,500,"sd","10:23:41",308200
7330,-20,300,"bu","10:24:52",308500
7330,-20,700,"bu","10:24:57",309200
7320,-30,29000,"sd","10:26:33",338200
7320,-30,400,"sd","10:26:39",338600
7330,-20,2000,"bu","10:27:02",340600
7310,-40,3000,"bu","10:28:15",343600
7310,-40,4000,"bu","10:29:20",347600
7310,-40,48700,"bu","10:29:24",396300
7310,-40,600,"bu","10:29:48",396900
7310,-40,100,"bu","10:30:34",397000
7300,-50,1900,"bu","10:30:46",398900
7310,-40,500,"sd","10:31:36",399400
7300,-50,2000,"bu","10:32:33",401400
7310,-40,100,"sd","10:34:34",401500
7300,-50,6000,"bu","10:35:07",407500
7310,-40,1000,"sd","10:35:29",408500
7310,-40,200,"sd","10:35:31",408700
7300,-50,5000,"bu","10:35:38",413700
7300,-50,20800,"bu","10:36:31",434500
7300,-50,3700,"sd","10:36:49",438200
7300,-50,3800,"sd","10:38:04",442000
7310,-40,5200,"sd","10:38:32",447200
7310,-40,10000,"bu","10:39:14",457200
7310,-40,700,"sd","10:39:19",457900
7320,-30,600,"sd","10:40:44",458500
7320,-30,1000,"bu","10:41:02",459500
7320,-30,500,"bu","10:41:39",460000
7320,-30,100,"bu","10:41:40",460100
7310,-40,9000,"bu","10:43:45",469100
7310,-40,1400,"sd","10:44:02",470500
7310,-40,1000,"sd","10:46:53",471500
7300,-50,20000,"sd","10:47:10",491500
7300,-50,11500,"sd","10:47:55",503000
7300,-50,29100,"bu","10:50:18",532100
7300,-50,6500,"sd","10:50:22",538600
7300,-50,2000,"sd","10:51:46",540600
7280,-70,5000,"sd","10:52:36",545600
7290,-60,1600,"bu","10:54:38",547200
7290,-60,500,"sd","10:56:32",547700
7300,-50,13400,"sd","10:56:36",561100
7300,-50,600,"sd","10:57:06",561700
7300,-50,100,"sd","10:57:36",561800
7300,-50,600,"bu","10:59:01",562400
7300,-50,3000,"sd","10:59:22",565400
7300,-50,4800,"sd","11:01:49",570200
7300,-50,1300,"bu","11:01:57",571500
7310,-40,1000,"sd","11:05:52",572500
7310,-40,200,"sd","11:06:38",572700
7330,-20,10000,"bu","11:06:57",582700
7320,-30,1000,"bu","11:11:10",583700
7310,-40,20000,"sd","11:12:18",603700
7310,-40,3000,"bu","11:14:02",606700
7310,-40,500,"bu","11:15:10",607200
7300,-50,4100,"sd","11:23:15",611300
7300,-50,2200,"sd","11:25:11",613500
7300,-50,100,"sd","13:00:30",613600
7300,-50,1100,"sd","13:00:49",614700
7300,-50,20500,"sd","13:02:12",635200
7280,-70,37000,"sd","13:02:19",672200
7280,-70,2300,"bu","13:03:30",674500
7280,-70,1000,"sd","13:05:01",675500
7310,-40,600,"sd","13:05:31",676100
7310,-40,800,"sd","13:05:53",676900
7310,-40,1000,"sd","13:06:01",677900
7310,-40,1200,"bu","13:07:33",679100
7310,-40,5000,"sd","13:10:49",684100
7310,-40,100,"bu","13:11:00",684200
7310,-40,300,"sd","13:12:11",684500
7300,-50,100,"bu","13:12:30",684600
7310,-40,400,"sd","13:13:12",685000
7330,-20,3000,"sd","13:15:17",688000
7350,0,1400,"bu","13:16:41",689400
7350,0,3600,"bu","13:17:13",693000
7350,0,2500,"sd","13:18:06",695500
7350,0,2500,"bu","13:18:46",698000
7350,0,100,"bu","13:19:19",698100
7350,0,600,"sd","13:21:01",698700
7350,0,1500,"sd","13:21:12",700200
7350,0,5900,"sd","13:21:22",706100
7340,-10,200,"sd","13:22:30",706300
7300,-50,100,"sd","13:24:39",706400
7300,-50,1000,"sd","13:25:48",707400
7340,-10,100,"sd","13:28:44",707500
7340,-10,1000,"sd","13:29:14",708500
7340,-10,600,"sd","13:29:15",709100
7340,-10,3400,"sd","13:29:20",712500
7310,-40,500,"bu","13:30:33",713000
7310,-40,200,"sd","13:31:40",713200
7300,-50,3700,"sd","13:33:30",716900
7300,-50,2000,"bu","13:34:00",718900
7300,-50,100,"bu","13:35:29",719000
7310,-40,3100,"bu","13:37:14",722100
7300,-50,2600,"sd","13:37:42",724700
7300,-50,4000,"bu","13:38:34",728700
7300,-50,7000,"bu","13:40:02",735700
7290,-60,5000,"sd","13:40:55",740700
7290,-60,800,"bu","13:41:11",741500
7290,-60,2200,"bu","13:41:13",743700
7290,-60,3500,"sd","13:41:25",747200
7290,-60,500,"bu","13:41:39",747700
7280,-70,5000,"bu","13:42:03",752700
7290,-60,1000,"sd","13:42:10",753700
7290,-60,100,"sd","13:42:25",753800
7290,-60,3300,"sd","13:43:24",757100
7290,-60,4000,"sd","13:44:16",761100
7290,-60,1000,"sd","13:44:18",762100
7280,-70,4000,"sd","13:44:32",766100
7290,-60,1000,"sd","13:44:59",767100
7290,-60,5000,"bu","13:45:35",772100
7290,-60,200,"bu","13:46:14",772300
7290,-60,6000,"bu","13:47:55",778300
7300,-50,100,"bu","13:49:18",778400
7300,-50,2000,"bu","13:49:59",780400
7300,-50,5000,"bu","13:50:03",785400
7300,-50,3000,"bu","13:50:23",788400
7300,-50,600,"bu","13:50:43",789000
7300,-50,2000,"bu","13:50:51",791000
7300,-50,10000,"sd","13:50:55",801000
7300,-50,100,"bu","13:51:02",801100
7300,-50,700,"bu","13:51:04",801800
7330,-20,2500,"bu","13:51:23",804300
7340,-10,1000,"bu","13:51:32",805300
7340,-10,1900,"bu","13:51:53",807200
7340,-10,800,"bu","13:52:47",808000
7340,-10,2000,"sd","13:53:01",810000
7340,-10,1700,"bu","13:53:13",811700
7350,0,5000,"sd","13:53:41",816700
7350,0,1000,"sd","13:53:53",817700
7350,0,200,"bu","13:54:00",817900
7340,-10,300,"bu","13:54:19",818200
7340,-10,200,"bu","13:54:29",818400
7340,-10,5000,"bu","13:54:48",823400
7350,0,2000,"sd","13:57:06",825400
7350,0,3000,"sd","13:57:29",828400
7300,-50,100,"bu","13:57:49",828500
7350,0,300,"sd","13:57:57",828800
7350,0,5000,"sd","13:58:59",833800
7300,-50,32600,"sd","14:00:58",866400
7300,-50,3000,"sd","14:01:28",869400
7300,-50,1400,"bu","14:01:34",870800
7300,-50,700,"bu","14:01:36",871500
7300,-50,20000,"sd","14:03:45",891500
7310,-40,500,"sd","14:04:59",892000
7330,-20,800,"bu","14:06:02",892800
7330,-20,700,"bu","14:06:44",893500
7330,-20,2300,"sd","14:06:48",895800
7340,-10,100,"sd","14:07:15",895900
7340,-10,8900,"bu","14:09:08",904800
7340,-10,4100,"sd","14:09:21",908900
7350,0,17800,"bu","14:09:28",926700
7360,10,5000,"bu","14:10:12",931700
7360,10,3800,"sd","14:10:32",935500
7360,10,500,"bu","14:11:08",936000
7360,10,5000,"bu","14:13:35",941000
7360,10,900,"sd","14:13:46",941900
7360,10,1000,"sd","14:13:57",942900
7360,10,300,"sd","14:14:12",943200
7380,30,10000,"bu","14:14:16",953200
7380,30,300,"sd","14:14:28",953500
7360,10,1700,"bu","14:14:39",955200
7350,0,9500,"sd","14:16:08",964700
7350,0,2500,"bu","14:16:11",967200
7350,0,3100,"sd","14:16:20",970300
7350,0,3000,"sd","14:17:08",973300
7350,0,2000,"sd","14:17:16",975300
7350,0,6000,"bu","14:17:23",981300
7340,-10,14300,"bu","14:18:33",995600
7330,-20,100,"bu","14:19:09",995700
7330,-20,7600,"sd","14:20:09",1003300
7320,-30,1100,"bu","14:21:47",1004400
7320,-30,300,"bu","14:22:45",1004700
7320,-30,5000,"bu","14:23:06",1009700
7330,-20,1400,"bu","14:23:13",1011100
7330,-20,1000,"bu","14:24:11",1012100
7330,-20,200,"sd","14:24:52",1012300
7320,-30,14000,"bu","14:25:03",1026300
7330,-20,400,"sd","14:25:07",1026700
7330,-20,1000,"bu","14:25:37",1027700
7330,-20,300,"bu","14:25:58",1028000
7300,-50,25000,"bu","14:26:31",1053000
7330,-20,100,"sd","14:27:05",1053100
7330,-20,8000,"bu","14:27:09",1061100
7330,-20,2100,"sd","14:29:13",1063200
7300,-50,25100,"bu","14:29:30",1088300
7300,-50,7500,"bu","14:29:40",1095800
7300,-50,1000,"bu","14:29:55",1096800
7300,-50,30100,"bu","14:45:18",1126900
