"price","change","match_qtty","side","time","total_vol"
75900,1000,4600,"sd","09:15:06",4600
75900,1000,1600,"bu","09:15:14",6200
75900,1000,1000,"sd","09:15:37",7500
75900,1000,500,"sd","09:15:42",8000
75900,1000,100,"sd","09:15:51",8100
75800,900,900,"bu","09:16:00",9000
75900,1000,200,"sd","09:16:05",9200
75900,1000,300,"sd","09:16:25",9500
75900,1000,200,"bu","09:16:29",9700
75800,900,700,"sd","09:16:30",10400
75900,1000,200,"bu","09:16:45",10600
75900,1000,300,"sd","09:17:00",10900
75800,900,700,"sd","09:17:01",11600
75800,900,100,"sd","09:17:17",11700
75800,900,3700,"bu","09:17:24",15400
75800,900,100,"sd","09:17:25",15500
75800,900,1100,"bu","09:17:27",16600
75500,600,700,"sd","09:17:31",17300
75800,900,600,"sd","09:17:35",17900
75800,900,500,"sd","09:17:47",18400
75500,600,800,"sd","09:18:01",19200
75500,600,700,"bu","09:18:05",19900
75500,600,300,"sd","09:18:07",20200
75500,600,700,"bu","09:18:18",20900
75500,600,1000,"bu","09:18:21",21900
75500,600,500,"sd","09:18:23",22400
75500,600,100,"bu","09:18:27",22500
75100,200,700,"bu","09:18:31",23200
75500,600,600,"sd","09:18:53",23800
74900,0,9600,"bu","09:18:58",33400
74900,0,400,"sd","09:19:02",33800
74900,0,3200,"sd","09:19:26",37000
75000,100,2500,"sd","09:20:24",39500
75000,100,200,"bu","09:20:30",39700
75000,100,2900,"bu","09:21:47",42600
75100,200,200,"bu","09:22:01",42800
75400,500,1000,"bu","09:23:07",43800
75400,500,300,"sd","09:23:33",44100
75400,500,300,"sd","09:24:31",44400
75400,500,500,"bu","09:25:01",44900
75400,500,500,"bu","09:25:03",45400
75400,500,200,"bu","09:25:04",45600
75400,500,1200,"bu","09:25:12",46800
75400,500,900,"sd","09:25:14",47700
75400,500,200,"sd","09:25:36",47900
75400,500,600,"bu","09:25:57",48500
75500,600,6300,"sd","09:26:07",54800
75500,600,300,"bu","09:26:35",55600
75500,600,200,"sd","09:26:37",55800
75500,600,1900,"bu","09:27:25",57700
75500,600,100,"bu","09:27:27",58100
75600,700,200,"sd","09:27:50",58300
75600,700,300,"bu","09:27:55",58600
75700,800,200,"bu","09:28:04",58800
75700,800,500,"sd","09:28:17",59300
75700,800,100,"bu","09:28:19",59400
75600,700,500,"bu","09:28:41",59900
75800,900,900,"bu","09:28:48",60800
75800,900,100,"sd","09:28:52",60900
75800,900,400,"sd","09:28:54",61300
75500,600,300,"bu","09:28:55",61600
75500,600,200,"sd","09:29:02",61800
75500,600,300,"bu","09:29:11",62100
75600,700,500,"bu","09:29:27",62600
75500,600,300,"sd","09:29:41",62900
75800,900,2600,"sd","09:29:54",65500
75800,900,300,"sd","09:29:56",65800
75800,900,400,"bu","09:30:19",66200
75800,900,2000,"sd","09:30:26",68200
75800,900,400,"bu","09:30:30",68600
75800,900,300,"sd","09:30:42",68900
75900,1000,1000,"bu","09:30:47",69900
75900,1000,300,"sd","09:30:52",70200
75800,900,300,"bu","09:30:57",70500
75900,1000,3000,"bu","09:30:58",73500
75900,1000,900,"bu","09:31:02",74400
75900,1000,700,"sd","09:31:08",75100
75800,900,300,"sd","09:31:11",75400
75900,1000,3000,"bu","09:31:18",78400
76000,1100,500,"bu","09:31:26",78900
76000,1100,400,"bu","09:31:28",79300
76000,1100,300,"sd","09:31:44",80000
76000,1100,400,"sd","09:31:48",80400
76000,1100,1300,"bu","09:31:53",81700
76000,1100,400,"sd","09:32:11",82100
75900,1000,300,"sd","09:32:12",82400
76000,1100,100,"sd","09:32:15",82500
76000,1100,4500,"bu","09:32:22",87000
76000,1100,200,"bu","09:32:24",87900
76000,1100,300,"sd","09:32:28",88200
76100,1200,1000,"bu","09:32:41",89200
76100,1200,300,"bu","09:32:42",89500
76200,1300,200,"sd","09:32:52",89700
76200,1300,1500,"bu","09:32:59",91200
76200,1300,500,"bu","09:33:03",91700
76200,1300,300,"bu","09:33:12",92000
76300,1400,700,"bu","09:33:26",92700
76300,1400,200,"sd","09:33:27",92900
76200,1300,300,"bu","09:33:29",93200
76300,1400,15800,"sd","09:33:36",109000
76300,1400,400,"bu","09:33:36",109400
76300,1400,6400,"sd","09:33:37",115800
76300,1400,2000,"sd","09:33:41",117800
76200,1300,300,"bu","09:33:42",118100
76300,1400,800,"bu","09:33:45",118900
76400,1500,700,"sd","09:33:51",119600
76400,1500,100,"bu","09:33:52",119700
76400,1500,2000,"bu","09:33:53",121700
76400,1500,500,"bu","09:33:54",122200
76400,1500,300,"bu","09:33:59",122500
76400,1500,300,"sd","09:34:06",122800
76400,1500,500,"sd","09:34:07",123300
76500,1600,1200,"sd","09:34:09",124500
76400,1500,600,"bu","09:34:26",125100
76500,1600,10000,"sd","09:34:27",135100
76400,1500,3200,"sd","09:34:28",138300
76400,1500,800,"sd","09:34:30",139100
76500,1600,1000,"bu","09:34:31",140100
76600,1700,400,"sd","09:34:50",140500
76600,1700,800,"sd","09:34:51",141300
76700,1800,300,"sd","09:34:59",141600
76700,1800,500,"bu","09:35:07",142100
76700,1800,300,"bu","09:35:12",142400
76800,1900,300,"bu","09:35:18",142700
76700,1800,300,"bu","09:35:30",143000
76800,1900,700,"sd","09:35:32",143700
76700,1800,1000,"bu","09:35:33",144700
76800,1900,2000,"bu","09:35:37",146700
76800,1900,100,"sd","09:35:38",146800
76700,1800,700,"bu","09:35:41",147500
76700,1800,300,"bu","09:35:42",147800
76700,1800,1500,"sd","09:36:01",149300
76700,1800,1000,"bu","09:36:02",150300
76700,1800,1200,"bu","09:36:08",151500
76700,1800,500,"bu","09:36:12",152000
76700,1800,500,"bu","09:36:16",152500
76700,1800,200,"bu","09:36:22",152700
76600,1700,300,"sd","09:36:31",153000
76600,1700,1000,"bu","09:36:33",154000
76700,1800,300,"bu","09:36:37",154300
76700,1800,5200,"bu","09:36:47",159500
76700,1800,400,"bu","09:36:48",159900
76700,1800,1500,"sd","09:36:52",161400
76700,1800,400,"bu","09:36:58",161800
76600,1700,4000,"sd","09:36:59",165800
76600,1700,300,"bu","09:37:01",166100
76700,1800,2600,"bu","09:37:22",168700
76700,1800,300,"bu","09:37:23",169000
76700,1800,300,"sd","09:37:25",169300
76700,1800,100,"sd","09:37:28",169400
76600,1700,300,"sd","09:37:32",169700
76600,1700,3800,"bu","09:37:45",173500
76600,1700,900,"bu","09:37:46",174400
76600,1700,500,"sd","09:37:48",174900
76600,1700,100,"sd","09:37:53",175000
76600,1700,1000,"bu","09:37:54",176000
76600,1700,300,"sd","09:37:58",176300
76600,1700,1100,"bu","09:38:13",177400
76500,1600,2000,"bu","09:38:15",179400
76600,1700,200,"sd","09:38:16",179600
76600,1700,900,"sd","09:38:17",180500
76500,1600,100,"sd","09:38:20",180600
76500,1600,500,"bu","09:38:21",181100
76500,1600,2000,"sd","09:38:27",183100
76500,1600,100,"bu","09:38:29",183200
76500,1600,1200,"bu","09:38:31",184400
76500,1600,300,"bu","09:38:33",184700
76500,1600,2000,"sd","09:38:37",186700
76400,1500,1100,"sd","09:38:43",187800
76400,1500,2000,"sd","09:38:47",189800
76400,1500,3900,"bu","09:38:55",193700
76400,1500,1200,"sd","09:38:58",194900
76300,1400,600,"bu","09:39:03",195500
76400,1500,100,"bu","09:39:04",195600
76400,1500,1700,"bu","09:39:06",197300
76300,1400,1100,"bu","09:39:08",198400
76200,1300,500,"sd","09:39:13",198900
76200,1300,100,"bu","09:39:33",199000
76200,1300,1300,"bu","09:39:37",200300
76200,1300,1400,"bu","09:39:40",201700
76100,1200,1000,"sd","09:39:43",202700
76200,1300,100,"bu","09:39:54",202800
76100,1200,300,"sd","09:40:04",203100
76100,1200,800,"bu","09:40:24",203900
76100,1200,300,"bu","09:40:34",204200
76200,1300,1600,"sd","09:40:52",205800
76200,1300,100,"bu","09:40:53",205900
76000,1100,9200,"sd","09:41:10",215100
76000,1100,17100,"sd","09:41:11",232200
76000,1100,2000,"bu","09:41:12",234200
76000,1100,2400,"sd","09:41:13",236600
75900,1000,300,"bu","09:41:13",236900
76000,1100,1600,"bu","09:41:30",238500
75900,1000,100,"sd","09:41:32",238600
76000,1100,400,"sd","09:41:33",239000
75900,1000,300,"sd","09:41:35",239300
75900,1000,300,"sd","09:41:43",239600
75900,1000,3000,"bu","09:41:55",242600
75900,1000,500,"bu","09:42:00",243100
75900,1000,300,"bu","09:42:05",243400
76000,1100,500,"bu","09:42:12",243900
75900,1000,400,"bu","09:42:13",244300
75900,1000,300,"bu","09:42:36",244600
75900,1000,400,"sd","09:42:43",245000
75900,1000,300,"sd","09:43:06",245300
75900,1000,400,"bu","09:43:14",245700
75900,1000,300,"sd","09:43:37",246000
75900,1000,400,"bu","09:43:43",246400
76000,1100,100,"sd","09:44:03",246500
76000,1100,3300,"bu","09:44:11",249800
76000,1100,900,"sd","09:44:12",250700
75900,1000,400,"sd","09:44:13",251100
75900,1000,300,"bu","09:44:38",251400
75900,1000,400,"sd","09:44:43",251800
76000,1100,4200,"sd","09:44:58",256000
76000,1100,1200,"sd","09:45:03",257200
75900,1000,600,"bu","09:45:11",257800
75900,1000,400,"bu","09:45:14",258200
75900,1000,300,"sd","09:45:38",258500
75900,1000,400,"bu","09:45:45",258900
75900,1000,700,"sd","09:46:14",259600
75900,1000,500,"sd","09:46:30",260100
75900,1000,300,"sd","09:46:40",260400
75900,1000,400,"sd","09:46:44",260800
75900,1000,300,"bu","09:47:10",261100
75900,1000,400,"sd","09:47:14",261500
76000,1100,1000,"bu","09:47:18",262500
76000,1100,300,"bu","09:47:22",262800
76000,1100,100,"sd","09:47:30",262900
75900,1000,5300,"bu","09:47:43",268200
75900,1000,400,"sd","09:47:44",268600
75900,1000,200,"bu","09:48:01",268800
75900,1000,1000,"bu","09:48:08",269800
75900,1000,700,"bu","09:48:16",270500
76000,1100,300,"bu","09:48:27",270800
75900,1000,700,"sd","09:48:44",271500
75900,1000,1100,"bu","09:48:50",272600
75900,1000,5000,"sd","09:49:06",277600
75900,1000,1300,"bu","09:49:12",278900
75900,1000,400,"sd","09:49:14",279300
75900,1000,300,"sd","09:49:42",279600
75900,1000,400,"sd","09:49:45",280000
75900,1000,100,"bu","09:49:50",280100
75900,1000,400,"bu","09:50:12",280500
75900,1000,400,"bu","09:50:15",280900
75900,1000,300,"sd","09:50:43",281200
75900,1000,400,"sd","09:50:45",281600
75900,1000,300,"sd","09:51:13",281900
75900,1000,400,"sd","09:51:15",282300
75900,1000,700,"sd","09:51:24",283000
75800,900,2000,"sd","09:51:26",285000
75800,900,1000,"sd","09:51:37",286000
75800,900,300,"bu","09:51:44",286300
75800,900,400,"sd","09:51:45",286700
75900,1000,700,"sd","09:51:54",287400
75800,900,100,"bu","09:51:56",287500
75800,900,1000,"sd","09:52:05",288500
75800,900,300,"bu","09:52:14",288800
75800,900,400,"bu","09:52:15",289200
75900,1000,100,"bu","09:52:16",289300
75900,1000,200,"sd","09:52:21",289500
75900,1000,1400,"sd","09:52:32",290900
75900,1000,400,"bu","09:52:33",291300
75900,1000,100,"bu","09:52:38",291400
75800,900,700,"sd","09:52:45",292100
75800,900,900,"bu","09:52:50",301800
75700,800,17100,"bu","09:53:03",318900
75700,800,300,"sd","09:53:04",319200
75700,800,2600,"sd","09:53:08",321800
75700,800,300,"sd","09:53:15",322100
75700,800,400,"sd","09:53:16",322500
75900,1000,400,"bu","09:53:21",322900
75900,1000,100,"bu","09:53:23",323000
75800,900,200,"sd","09:53:34",323200
75800,900,100,"bu","09:53:38",323300
75800,900,200,"bu","09:53:44",323500
75800,900,500,"bu","09:53:46",324000
75800,900,500,"sd","09:54:02",324500
75700,800,400,"bu","09:54:16",324900
75700,800,300,"bu","09:54:16",325200
75800,900,100,"bu","09:54:25",325300
75800,900,900,"sd","09:54:46",326200
75800,900,200,"bu","09:54:58",326400
75800,900,700,"sd","09:55:17",327100
75800,900,4000,"bu","09:55:45",331100
75700,800,400,"sd","09:55:46",331500
75700,800,300,"sd","09:55:47",331800
75800,900,100,"sd","09:55:57",331900
75700,800,500,"bu","09:56:16",332400
75700,800,300,"sd","09:56:18",332700
75700,800,800,"bu","09:56:45",333500
75700,800,300,"bu","09:56:48",333800
75800,900,200,"sd","09:56:56",334000
75900,1000,100,"bu","09:57:14",334100
75800,900,400,"sd","09:57:16",334500
75800,900,300,"bu","09:57:18",334800
75900,1000,3000,"bu","09:57:28",337800
75900,1000,400,"bu","09:57:33",338200
75900,1000,700,"sd","09:57:48",338900
76000,1100,700,"bu","09:57:56",339600
76000,1100,200,"bu","09:57:59",339800
76000,1100,100,"sd","09:58:00",339900
75900,1000,500,"sd","09:58:17",340400
75900,1000,300,"bu","09:58:19",340700
76000,1100,500,"sd","09:58:22",341200
76000,1100,500,"bu","09:58:46",341700
76000,1100,800,"bu","09:59:02",342500
76000,1100,500,"sd","09:59:16",343000
76000,1100,300,"sd","09:59:20",343300
76000,1100,500,"sd","09:59:46",343800
76000,1100,300,"bu","09:59:50",344100
76000,1100,400,"sd","10:00:01",344500
76000,1100,1000,"bu","10:00:02",345500
76000,1100,400,"sd","10:00:03",345900
76000,1100,100,"sd","10:00:08",346000
75900,1000,400,"sd","10:00:17",346400
75900,1000,300,"sd","10:00:21",346700
76000,1100,200,"sd","10:00:24",346900
75900,1000,500,"sd","10:00:33",347400
76000,1100,100,"bu","10:00:41",347500
76000,1100,400,"sd","10:00:47",347900
76000,1100,700,"bu","10:01:17",348600
76000,1100,200,"sd","10:01:22",348800
76000,1100,500,"sd","10:01:47",349300
76000,1100,300,"bu","10:01:52",349600
76000,1100,500,"sd","10:02:05",350100
76100,1200,300,"sd","10:02:10",350400
76000,1100,700,"sd","10:02:23",351100
76000,1100,400,"bu","10:02:47",351500
76000,1100,300,"sd","10:02:53",351800
76000,1100,400,"sd","10:03:17",352200
76000,1100,300,"sd","10:03:24",352500
76000,1100,400,"bu","10:03:47",352900
76000,1100,300,"bu","10:03:53",353200
76000,1100,1600,"bu","10:04:47",354800
76000,1100,300,"bu","10:04:54",355100
76000,1100,400,"sd","10:05:18",355500
76000,1100,300,"bu","10:05:25",355800
76000,1100,400,"sd","10:05:47",356200
75900,1000,1300,"bu","10:06:48",357500
75900,1000,300,"sd","10:06:56",357800
76000,1100,600,"sd","10:07:16",358400
75900,1000,400,"sd","10:07:18",358800
75900,1000,300,"bu","10:07:27",359100
76000,1100,100,"sd","10:07:43",359200
75900,1000,400,"bu","10:07:48",359600
75900,1000,300,"bu","10:07:57",359900
75900,1000,400,"sd","10:08:18",360300
75900,1000,300,"bu","10:08:28",360600
76000,1100,10000,"bu","10:08:46",370600
76000,1100,800,"bu","10:08:48",371400
76000,1100,300,"bu","10:08:58",371700
76000,1100,400,"bu","10:09:18",372100
76000,1100,300,"bu","10:09:29",372400
76000,1100,400,"sd","10:09:33",372800
76000,1100,700,"sd","10:09:59",373500
76000,1100,100,"bu","10:10:16",373600
76000,1100,400,"bu","10:10:18",374000
76000,1100,300,"bu","10:10:30",374300
76000,1100,400,"sd","10:10:49",374700
76000,1100,300,"sd","10:11:00",375000
76000,1100,400,"sd","10:11:19",375400
76000,1100,300,"sd","10:11:30",375700
76000,1100,400,"bu","10:11:49",376100
76000,1100,300,"sd","10:12:01",376400
75900,1000,400,"sd","10:12:19",376800
75900,1000,300,"bu","10:12:31",377100
75900,1000,400,"bu","10:12:49",377500
75900,1000,300,"sd","10:13:02",377800
75900,1000,400,"bu","10:13:19",378200
75900,1000,300,"sd","10:13:32",378500
75900,1000,400,"sd","10:13:49",378900
75900,1000,300,"sd","10:14:03",379200
76000,1100,100,"sd","10:14:07",379300
75900,1000,9100,"bu","10:14:10",388400
75900,1000,1000,"sd","10:14:13",389400
75900,1000,400,"bu","10:14:20",389800
75900,1000,300,"sd","10:14:33",390100
75900,1000,400,"bu","10:14:49",390500
75900,1000,300,"sd","10:15:04",390800
75900,1000,400,"sd","10:15:19",391200
75800,900,700,"sd","10:15:49",391900
75800,900,300,"sd","10:16:05",392200
75800,900,400,"sd","10:16:20",392600
75800,900,300,"bu","10:16:35",392900
75800,900,100,"bu","10:16:41",393000
75800,900,1500,"bu","10:16:59",394500
75800,900,300,"bu","10:17:05",394800
75800,900,400,"bu","10:17:20",395200
75800,900,300,"bu","10:17:39",395500
75800,900,400,"sd","10:17:50",395900
75800,900,300,"bu","10:18:09",396200
75800,900,400,"bu","10:18:20",396600
75900,1000,200,"bu","10:18:29",396800
75900,1000,300,"sd","10:18:40",397100
75900,1000,400,"bu","10:18:52",397500
75900,1000,300,"bu","10:19:11",397800
75900,1000,400,"sd","10:19:22",398200
75900,1000,300,"sd","10:19:41",398500
75900,1000,400,"sd","10:19:52",398900
75900,1000,300,"bu","10:20:11",399200
75900,1000,400,"bu","10:20:23",399600
75900,1000,100,"sd","10:20:27",399700
75900,1000,1000,"bu","10:20:33",400700
75900,1000,300,"bu","10:20:42",401000
75900,1000,400,"bu","10:20:53",401400
75900,1000,300,"bu","10:21:12",401700
75900,1000,400,"bu","10:21:23",402100
75900,1000,300,"sd","10:21:42",402400
75900,1000,1000,"sd","10:21:45",403400
75900,1000,400,"bu","10:21:53",403800
75900,1000,300,"bu","10:22:14",404100
75900,1000,400,"bu","10:22:23",404500
75900,1000,4000,"sd","10:22:25",408500
75900,1000,300,"sd","10:22:44",408800
75900,1000,400,"bu","10:22:53",409200
75900,1000,300,"sd","10:23:13",409500
75900,1000,500,"sd","10:23:22",410000
75900,1000,400,"bu","10:23:23",410400
75900,1000,300,"bu","10:23:45",410700
75900,1000,400,"sd","10:23:53",411100
75900,1000,300,"sd","10:24:15",411400
75900,1000,1000,"sd","10:24:22",412400
75900,1000,400,"sd","10:24:23",412800
75900,1000,300,"bu","10:24:46",413100
75900,1000,400,"bu","10:24:53",413500
75900,1000,300,"sd","10:25:16",413800
75900,1000,400,"sd","10:25:24",414200
75900,1000,300,"sd","10:25:47",414500
75900,1000,400,"sd","10:25:54",414900
75900,1000,300,"sd","10:26:17",415200
75900,1000,400,"bu","10:26:24",415600
75900,1000,300,"sd","10:26:47",415900
75900,1000,400,"sd","10:26:55",416300
75900,1000,300,"bu","10:27:18",416600
75900,1000,400,"sd","10:27:24",417000
75900,1000,100,"bu","10:27:46",417100
75900,1000,300,"bu","10:27:48",417400
75900,1000,400,"bu","10:27:54",417800
75900,1000,300,"sd","10:28:18",418100
75900,1000,400,"sd","10:28:25",418500
75900,1000,300,"bu","10:28:49",418800
75900,1000,400,"sd","10:28:54",419200
75900,1000,2000,"bu","10:29:05",421200
75900,1000,300,"sd","10:29:20",421500
75900,1000,400,"bu","10:29:24",421900
75900,1000,1500,"sd","10:29:43",423400
75900,1000,300,"sd","10:29:50",423700
75900,1000,400,"bu","10:29:55",424100
75900,1000,300,"bu","10:30:21",424400
75900,1000,400,"sd","10:30:24",424800
75900,1000,800,"bu","10:30:54",425600
75900,1000,300,"sd","10:31:22",425900
75900,1000,400,"bu","10:31:25",426300
75900,1000,300,"sd","10:31:52",426600
75900,1000,400,"sd","10:31:55",427000
75900,1000,300,"sd","10:32:23",427300
75900,1000,400,"bu","10:32:25",427700
75900,1000,900,"sd","10:33:09",428600
75800,900,1600,"bu","10:33:55",430200
75800,900,400,"bu","10:34:25",430600
75900,1000,600,"bu","10:34:32",431200
75800,900,100,"bu","10:34:42",431300
75800,900,2800,"bu","10:34:55",434100
75900,1000,200,"bu","10:34:59",434300
75800,900,800,"bu","10:35:26",435100
75800,900,1300,"sd","10:35:58",436400
75800,900,800,"sd","10:36:26",437200
75800,900,400,"sd","10:36:56",437600
75800,900,800,"sd","10:37:26",438400
75800,900,800,"bu","10:37:57",439200
75900,1000,600,"sd","10:38:06",439800
75900,1000,500,"sd","10:38:11",440300
75900,1000,500,"bu","10:38:26",440800
75900,1000,400,"sd","10:38:28",441200
75900,1000,1200,"sd","10:39:27",442400
75900,1000,2400,"bu","10:39:29",444800
75900,1000,400,"sd","10:39:56",445200
75900,1000,2400,"bu","10:41:27",447600
75900,1000,400,"sd","10:41:31",448000
75900,1000,400,"bu","10:41:57",448400
75900,1000,400,"bu","10:42:01",448800
75900,1000,3600,"sd","10:43:10",452400
75900,1000,400,"sd","10:43:27",452800
75900,1000,300,"bu","10:43:33",453100
75800,900,500,"sd","10:43:57",453600
75900,1000,900,"bu","10:44:18",454500
75800,900,400,"bu","10:44:27",454900
75800,900,800,"sd","10:44:57",455700
75800,900,800,"sd","10:45:27",456500
75800,900,400,"sd","10:45:35",456900
75800,900,6200,"sd","10:46:27",463100
75800,900,400,"bu","10:46:36",463500
75800,900,400,"sd","10:46:58",463900
75800,900,600,"sd","10:47:07",464500
75800,900,1200,"sd","10:47:58",465700
75900,1000,1000,"sd","10:48:01",466700
75900,1000,400,"bu","10:48:03",467100
75900,1000,1700,"sd","10:48:39",468800
75800,900,500,"bu","10:48:58",469300
75900,1000,200,"bu","10:48:59",469500
75900,1000,100,"bu","10:49:10",469600
75800,900,400,"bu","10:49:29",470000
75900,1000,3000,"bu","10:51:17",473000
75800,900,400,"bu","10:51:29",473400
75800,900,800,"sd","10:52:01",474200
75800,900,400,"bu","10:52:12",474600
75800,900,400,"bu","10:52:29",475000
75800,900,1200,"sd","10:53:12",476200
75800,900,400,"bu","10:53:29",476600
75900,1000,100,"sd","10:53:31",476700
75800,900,1300,"sd","10:54:14",478000
75800,900,100,"bu","10:54:25",478100
75800,900,400,"bu","10:54:30",478500
75800,900,1000,"sd","10:54:48",479500
75800,900,400,"bu","10:55:00",479900
75800,900,2400,"sd","10:55:21",482300
75800,900,400,"sd","10:55:30",482700
75800,900,800,"bu","10:56:00",483500
75800,900,400,"sd","10:56:16",483900
75800,900,1000,"sd","10:56:28",484900
75800,900,400,"bu","10:56:30",485300
75800,900,800,"bu","10:57:00",486100
75800,900,500,"bu","10:57:16",486600
75800,900,400,"bu","10:57:31",487000
75800,900,400,"sd","10:57:47",487400
75800,900,400,"bu","10:58:00",487800
75900,1000,600,"bu","10:58:27",488400
75800,900,400,"bu","10:58:30",488800
75900,1000,1400,"sd","10:59:19",490200
75800,900,400,"sd","10:59:31",490600
75800,900,400,"bu","10:59:48",491000
75800,900,2000,"sd","11:01:01",493000
75800,900,3200,"sd","11:03:02",496200
75900,1000,1200,"sd","11:03:26",497400
75900,1000,200,"sd","11:03:29",497600
75800,900,400,"bu","11:03:31",498000
75800,900,800,"sd","11:04:02",498800
75800,900,2000,"sd","11:04:21",500800
75800,900,400,"bu","11:04:24",501200
75800,900,800,"bu","11:04:55",502000
75800,900,400,"sd","11:05:03",502400
75800,900,2000,"bu","11:05:10",504400
75800,900,400,"bu","11:05:25",504800
75800,900,400,"sd","11:05:33",505200
75800,900,400,"sd","11:05:56",505600
75800,900,1500,"bu","11:06:32",507100
75800,900,400,"sd","11:06:57",507500
75800,900,400,"bu","11:07:02",507900
75800,900,900,"bu","11:07:31",508800
75800,900,400,"sd","11:07:32",509200
75800,900,500,"bu","11:07:44",509700
75800,900,400,"bu","11:08:00",510100
75800,900,400,"sd","11:08:03",510500
75900,1000,7000,"sd","11:08:22",517500
75900,1000,300,"bu","11:08:24",517800
75900,1000,400,"bu","11:08:30",518200
76000,1100,500,"sd","11:08:40",518700
75900,1000,400,"bu","11:09:01",519100
75900,1000,800,"bu","11:09:31",519900
75800,900,400,"bu","11:09:36",520300
75800,900,400,"bu","11:10:02",520700
75900,1000,700,"sd","11:10:06",521400
75900,1000,200,"sd","11:10:08",521600
76000,1100,1400,"sd","11:10:11",523000
76000,1100,400,"sd","11:10:14",523400
76000,1100,100,"sd","11:10:19",523500
75800,900,400,"bu","11:10:32",523900
75800,900,400,"sd","11:10:36",524300
75900,1000,300,"sd","11:10:42",524600
75800,900,800,"bu","11:11:06",525400
75900,1000,300,"sd","11:11:13",525700
75900,1000,400,"sd","11:11:35",526100
75900,1000,500,"sd","11:11:36",526600
75900,1000,400,"sd","11:12:05",527000
75800,900,400,"bu","11:12:06",527400
75900,1000,1100,"sd","11:12:39",528500
75800,900,800,"sd","11:13:06",529300
75900,1000,300,"sd","11:13:08",529600
75900,1000,500,"sd","11:13:37",530100
75800,900,400,"bu","11:14:07",530600
75800,900,500,"bu","11:14:08",531100
75800,900,400,"bu","11:14:37",531500
75800,900,500,"sd","11:14:40",532000
75800,900,400,"bu","11:15:07",532400
75800,900,500,"sd","11:15:10",532900
75800,900,400,"bu","11:15:37",533300
75800,900,500,"sd","11:15:41",533800
75800,900,400,"bu","11:16:07",534200
75800,900,500,"bu","11:16:11",534700
75800,900,400,"bu","11:16:37",535100
75800,900,500,"sd","11:16:42",535600
75800,900,400,"bu","11:17:08",536000
75800,900,500,"bu","11:17:11",536500
75800,900,500,"sd","11:17:17",537000
75800,900,400,"sd","11:17:38",537400
75800,900,1400,"sd","11:18:13",538800
75800,900,400,"bu","11:18:38",539200
75800,900,2600,"sd","11:18:43",541800
75800,900,400,"sd","11:19:08",542200
75800,900,500,"sd","11:19:13",542700
75800,900,400,"sd","11:19:37",543100
75800,900,500,"sd","11:19:44",543600
75900,1000,100,"sd","11:20:06",543700
75800,900,900,"sd","11:20:14",544600
75800,900,400,"bu","11:20:38",545000
75800,900,500,"bu","11:20:45",545500
75900,1000,600,"sd","11:21:04",546100
75800,900,2000,"sd","11:21:47",548100
75900,1000,100,"sd","11:22:01",548200
75800,900,400,"sd","11:22:09",548600
75800,900,1000,"sd","11:22:39",549600
75900,1000,4900,"bu","11:22:44",554500
75900,1000,600,"sd","11:22:47",555100
76000,1100,500,"sd","11:23:09",555600
75900,1000,700,"bu","11:23:18",556300
75900,1000,200,"bu","11:23:35",556500
75900,1000,400,"sd","11:23:39",556900
75900,1000,700,"bu","11:23:48",557600
75800,900,400,"bu","11:24:09",558000
75900,1000,1300,"bu","11:24:39",559300
75900,1000,100,"bu","11:24:44",559400
75800,900,1800,"sd","11:25:20",561200
75800,900,200,"bu","11:25:23",561400
75800,900,400,"sd","11:25:39",561800
75800,900,700,"bu","11:25:50",562500
75800,900,400,"sd","11:26:10",562900
75900,1000,1100,"bu","11:26:32",564000
75800,900,400,"sd","11:26:39",564400
75800,900,800,"sd","11:26:52",565200
75900,1000,2500,"bu","11:27:00",567700
75800,900,100,"sd","11:27:02",567800
75800,900,500,"bu","11:27:10",568300
76000,1100,3100,"sd","11:27:16",571400
76000,1100,900,"bu","11:27:18",572300
75800,900,800,"bu","11:27:22",573100
75900,1000,500,"bu","11:27:38",573600
75800,900,1300,"bu","11:27:53",574900
75900,1000,600,"bu","11:28:10",575500
75800,900,1200,"bu","11:28:23",576700
75800,900,500,"bu","11:28:41",577200
75800,900,500,"bu","11:28:51",577700
75800,900,400,"sd","11:28:53",578100
75800,900,200,"sd","11:28:58",578300
75800,900,500,"bu","11:29:04",578800
75900,1000,3500,"bu","11:29:19",582300
75900,1000,500,"sd","11:29:24",582800
75900,1000,100,"bu","13:00:13",582900
75800,900,1600,"bu","13:00:52",584500
75800,900,100,"sd","13:01:02",584600
75800,900,1000,"bu","13:01:39",585600
75800,900,900,"bu","13:01:47",586500
75800,900,500,"sd","13:02:06",587000
75900,1000,1000,"sd","13:02:24",588000
75900,1000,300,"bu","13:02:30",588300
75900,1000,600,"bu","13:02:31",588900
75900,1000,200,"sd","13:02:37",589100
75900,1000,300,"bu","13:02:50",589400
75800,900,500,"sd","13:03:07",589900
75900,1000,1000,"bu","13:03:36",590900
75800,900,500,"sd","13:03:37",591400
75900,1000,100,"sd","13:03:45",591500
75900,1000,1200,"sd","13:03:46",592700
75900,1000,200,"bu","13:03:54",592900
75900,1000,500,"bu","13:04:08",593400
76000,1100,1500,"bu","13:04:41",594900
75900,1000,100,"bu","13:04:43",595000
76000,1100,1000,"sd","13:04:54",596000
76100,1200,800,"sd","13:05:05",596800
76000,1100,500,"sd","13:05:10",597300
76000,1100,400,"sd","13:05:39",597700
76000,1100,400,"bu","13:05:53",598100
76000,1100,1000,"sd","13:05:57",599100
76000,1100,300,"bu","13:05:58",599400
75900,1000,500,"sd","13:06:10",599900
76000,1100,2000,"bu","13:06:19",601900
76000,1100,600,"sd","13:06:20",602500
76000,1100,100,"sd","13:06:23",602600
75900,1000,3000,"sd","13:06:30",605600
75900,1000,500,"bu","13:06:41",606100
75900,1000,500,"sd","13:07:12",606600
76000,1100,800,"bu","13:07:20",607400
76000,1100,600,"sd","13:07:30",608000
76000,1100,400,"bu","13:07:33",608400
76000,1100,300,"sd","13:07:35",608700
75900,1000,800,"bu","13:07:41",609500
76000,1100,300,"bu","13:07:47",609800
75900,1000,500,"sd","13:08:12",610300
76000,1100,1700,"bu","13:08:57",612000
76000,1100,300,"sd","13:08:59",612300
75900,1000,500,"sd","13:09:12",612800
76200,1300,2000,"sd","13:09:17",614800
76200,1300,600,"sd","13:09:19",615400
76200,1300,100,"bu","13:09:24",615500
76000,1100,500,"bu","13:09:43",616000
76200,1300,2400,"bu","13:09:45",618400
76200,1300,400,"bu","13:09:49",618800
76300,1400,2600,"sd","13:10:04",621400
76300,1400,700,"sd","13:10:13",622100
76300,1400,400,"bu","13:10:31",622500
76200,1300,500,"bu","13:10:44",623000
76200,1300,100,"bu","13:10:49",623100
76200,1300,800,"sd","13:11:14",623900
76200,1300,300,"sd","13:11:30",624200
76200,1300,700,"bu","13:11:42",624900
76200,1300,500,"bu","13:11:45",625400
76200,1300,800,"sd","13:11:48",626200
76200,1300,300,"sd","13:11:50",626500
76200,1300,200,"bu","13:12:00",626700
76000,1100,700,"bu","13:12:15",627400
76100,1200,300,"bu","13:12:21",627700
76100,1200,100,"bu","13:12:37",627800
76100,1200,500,"bu","13:12:48",628300
76100,1200,3000,"sd","13:13:50",631300
76100,1200,500,"sd","13:14:16",631800
76100,1200,400,"sd","13:14:24",632200
76200,1300,200,"sd","13:14:29",632400
76200,1300,3700,"bu","13:14:45",636100
76200,1300,500,"sd","13:14:47",636600
76200,1300,2000,"bu","13:15:07",638600
76200,1300,600,"sd","13:15:10",639200
76200,1300,100,"bu","13:15:14",639300
76200,1300,300,"bu","13:15:16",639600
76100,1200,500,"bu","13:15:17",640100
76200,1300,700,"sd","13:15:26",640800
76200,1300,200,"bu","13:15:29",641000
76100,1200,500,"sd","13:15:48",641500
76200,1300,600,"bu","13:15:54",642100
76200,1300,900,"sd","13:15:57",643000
76200,1300,800,"sd","13:16:16",643800
76200,1300,500,"bu","13:16:19",644300
76100,1200,500,"bu","13:16:48",644800
76200,1300,700,"bu","13:16:57",645500
76200,1300,200,"sd","13:17:00",645700
76200,1300,800,"sd","13:17:20",646500
76200,1300,200,"bu","13:17:24",646700
76200,1300,400,"bu","13:17:45",647100
76200,1300,500,"sd","13:17:46",647600
76200,1300,300,"sd","13:17:49",647900
76200,1300,100,"bu","13:18:16",648000
76100,1200,2900,"sd","13:19:19",650900
76100,1200,500,"bu","13:19:20",651400
76200,1300,800,"bu","13:19:25",652200
76200,1300,500,"sd","13:19:38",652700
76200,1300,200,"bu","13:19:48",652900
76200,1300,500,"sd","13:19:52",653400
76200,1300,2000,"sd","13:20:20",655400
76200,1300,500,"bu","13:20:21",655900
76200,1300,1100,"sd","13:21:06",657000
76200,1300,500,"sd","13:21:22",657500
76200,1300,300,"bu","13:21:40",657800
76200,1300,1800,"sd","13:21:45",659600
76200,1300,500,"bu","13:21:53",660100
76200,1300,2000,"bu","13:22:00",662100
76200,1300,500,"sd","13:22:03",662600
76100,1200,3000,"sd","13:22:07",665600
76200,1300,1000,"sd","13:22:14",666600
76200,1300,700,"bu","13:22:23",667300
76100,1200,900,"sd","13:22:53",668200
76100,1200,500,"bu","13:23:24",668700
76200,1300,800,"bu","13:23:42",669500
76200,1300,200,"bu","13:23:45",669700
76100,1200,500,"sd","13:23:56",670200
76100,1200,400,"sd","13:24:16",670600
76100,1200,300,"sd","13:24:20",670900
76100,1200,500,"bu","13:24:25",671400
76100,1200,600,"sd","13:24:55",672000
76100,1200,500,"sd","13:25:26",672500
76000,1100,1100,"sd","13:26:27",673600
76000,1100,1000,"sd","13:26:53",674600
76000,1100,500,"bu","13:26:57",675100
76000,1100,600,"bu","13:27:52",675700
76000,1100,500,"sd","13:27:58",676200
76100,1200,1600,"sd","13:28:08",677800
76100,1200,400,"bu","13:28:09",678200
76100,1200,100,"sd","13:28:14",678300
76000,1100,500,"bu","13:28:29",678800
76100,1200,1300,"bu","13:28:49",680100
76000,1100,500,"sd","13:28:58",680600
76100,1200,900,"sd","13:29:33",681500
76100,1200,800,"sd","13:29:41",682300
76100,1200,300,"sd","13:29:47",682600
76000,1100,600,"sd","13:29:59",683200
76000,1100,100,"sd","13:30:24",683300
76000,1100,500,"bu","13:30:30",683800
76000,1100,1200,"bu","13:31:31",685000
76000,1100,200,"bu","13:31:56",685200
76000,1100,500,"sd","13:32:01",685700
76000,1100,500,"bu","13:32:09",686200
76000,1100,1000,"sd","13:32:19",687200
76000,1100,3600,"sd","13:32:25",690800
76000,1100,1000,"sd","13:32:30",691800
75900,1000,500,"sd","13:32:31",692300
76000,1100,1800,"bu","13:34:07",694100
75900,1000,500,"bu","13:34:34",694600
75900,1000,600,"sd","13:35:04",695200
75900,1000,100,"bu","13:35:06",695300
75900,1000,1600,"bu","13:35:35",696900
76000,1100,1200,"sd","13:35:43",698100
76000,1100,300,"sd","13:35:44",698400
76000,1100,5600,"sd","13:36:09",704000
76000,1100,1400,"sd","13:36:14",705400
76000,1100,800,"bu","13:36:24",706200
75900,1000,800,"sd","13:36:35",707000
75900,1000,600,"bu","13:37:07",707600
75900,1000,600,"bu","13:37:36",708200
75900,1000,3400,"bu","13:37:39",711600
76000,1100,1500,"bu","13:38:00",713100
75900,1000,600,"sd","13:38:06",713700
76000,1100,400,"sd","13:38:34",714100
75900,1000,3100,"sd","13:38:35",717200
75900,1000,600,"sd","13:38:37",717800
75900,1000,3700,"sd","13:38:59",721500
75900,1000,600,"sd","13:39:07",722100
75900,1000,1100,"bu","13:39:38",723200
75900,1000,5800,"bu","13:39:55",729000
75900,1000,600,"sd","13:40:08",729600
75900,1000,1100,"bu","13:40:10",730700
75900,1000,1000,"sd","13:40:13",731700
75900,1000,200,"sd","13:40:15",731900
75900,1000,1200,"sd","13:41:10",733100
75900,1000,800,"bu","13:41:28",733900
75900,1000,200,"sd","13:41:30",734100
75800,900,600,"sd","13:41:39",734700
76000,1100,1300,"bu","13:41:54",736000
75800,900,600,"sd","13:42:10",736600
75900,1000,1900,"sd","13:42:58",738500
75900,1000,600,"bu","13:43:11",739100
75800,900,1000,"bu","13:43:37",740100
75800,900,600,"sd","13:43:41",740700
75800,900,600,"bu","13:44:13",741300
75800,900,600,"bu","13:44:42",741900
75900,1000,1000,"sd","13:44:51",742900
75900,1000,1100,"sd","13:44:54",744000
75900,1000,1400,"sd","13:45:16",745400
75900,1000,600,"sd","13:45:35",746000
75800,900,1100,"bu","13:46:05",747100
75800,900,600,"bu","13:46:15",747700
75900,1000,400,"bu","13:46:19",748100
75800,900,600,"bu","13:46:36",748700
75800,900,600,"sd","13:46:44",749300
75900,1000,400,"sd","13:46:57",749700
75800,900,600,"bu","13:47:06",750300
75800,900,600,"bu","13:47:14",750900
75900,1000,400,"bu","13:47:31",751300
75800,900,600,"bu","13:47:37",751900
75800,900,600,"sd","13:47:43",752500
75800,900,600,"sd","13:48:06",753100
75800,900,1100,"bu","13:48:15",754200
75900,1000,300,"bu","13:48:19",754500
75900,1000,100,"bu","13:48:20",754600
75800,900,1800,"bu","13:49:06",756400
75900,1000,1000,"sd","13:49:23",757400
75900,1000,200,"bu","13:49:27",757600
75900,1000,500,"bu","13:49:31",758100
75900,1000,200,"bu","13:49:34",758300
75900,1000,2100,"sd","13:49:40",760400
75900,1000,600,"sd","13:49:45",761000
75800,900,1200,"sd","13:50:16",762200
75900,1000,700,"bu","13:50:19",762900
75900,1000,700,"bu","13:50:26",763600
76000,1100,100,"sd","13:50:30",763700
75900,1000,600,"sd","13:50:37",764300
75900,1000,600,"bu","13:50:46",764900
75900,1000,200,"sd","13:50:51",765100
76000,1100,100,"sd","13:50:57",765200
75900,1000,600,"sd","13:51:05",765800
75900,1000,2000,"bu","13:51:27",767800
76000,1100,4600,"bu","13:51:51",772400
75900,1000,5200,"sd","13:51:53",777600
75900,1000,600,"bu","13:52:07",778200
76000,1100,500,"bu","13:52:18",778700
76000,1100,2600,"sd","13:52:21",781300
76100,1200,3000,"sd","13:52:36",784300
76000,1100,11300,"sd","13:52:38",795600
76000,1100,600,"bu","13:53:06",796200
76300,1400,200,"sd","13:53:31",796400
76100,1200,600,"sd","13:53:36",797000
76300,1400,900,"bu","13:54:14",797900
76100,1200,600,"bu","13:54:37",798500
76100,1200,1000,"sd","13:55:06",799500
76100,1200,600,"sd","13:55:37",800100
76100,1200,3800,"bu","13:56:21",803900
76200,1300,200,"bu","13:56:27",804100
76100,1200,10000,"sd","13:56:28",814100
76000,1100,10400,"bu","13:56:36",824500
76000,1100,1200,"bu","13:57:37",825700
76000,1100,1100,"sd","13:58:08",826800
76000,1100,7000,"sd","13:58:30",833800
76000,1100,2100,"bu","13:58:34",835900
76000,1100,900,"sd","13:58:38",836800
75900,1000,1800,"bu","13:58:40",838600
75900,1000,600,"sd","13:59:07",839200
75900,1000,1400,"sd","14:00:21",840600
75900,1000,3200,"sd","14:00:37",843800
75900,1000,600,"sd","14:01:07",844400
75900,1000,600,"bu","14:01:37",845000
76000,1100,4700,"sd","14:01:48",849700
76000,1100,200,"bu","14:02:03",849900
76000,1100,600,"sd","14:02:09",850500
76100,1200,300,"bu","14:02:30",850800
76000,1100,1000,"sd","14:02:32",851800
76000,1100,600,"sd","14:02:38",852400
76100,1200,2800,"sd","14:03:31",855200
76100,1200,600,"bu","14:03:39",855800
76100,1200,100,"bu","14:03:54",855900
76100,1200,600,"sd","14:04:08",856500
76100,1200,600,"bu","14:04:37",857100
76100,1200,1500,"sd","14:04:52",858600
76000,1100,600,"sd","14:05:08",859200
76000,1100,600,"sd","14:05:39",859800
76000,1100,4300,"bu","14:06:22",864100
76000,1100,3100,"sd","14:06:25",867200
76000,1100,600,"sd","14:06:30",867800
76000,1100,300,"sd","14:06:32",868100
75900,1000,600,"sd","14:06:38",868700
76000,1100,100,"bu","14:06:48",868800
76000,1100,500,"bu","14:07:01",869300
76000,1100,1200,"bu","14:07:09",870500
76000,1100,800,"sd","14:07:49",871300
76000,1100,600,"sd","14:08:08",871900
76100,1200,1000,"bu","14:08:39",872900
76100,1200,3200,"bu","14:08:43",876100
76100,1200,1000,"sd","14:08:50",877100
76100,1200,600,"bu","14:09:10",877700
76100,1200,1400,"bu","14:09:12",879100
76200,1300,3000,"bu","14:09:32",882100
76200,1300,900,"bu","14:09:34",883000
76100,1200,600,"bu","14:09:38",883600
76100,1200,1300,"bu","14:09:41",884900
76100,1200,3500,"sd","14:09:52",888400
76100,1200,1000,"sd","14:09:54",889400
76100,1200,400,"sd","14:09:58",889800
76000,1100,600,"sd","14:10:10",890400
76100,1200,1300,"bu","14:10:12",891700
76100,1200,3000,"bu","14:10:26",894700
76100,1200,1300,"sd","14:10:39",896000
76100,1200,2300,"sd","14:10:54",898300
76100,1200,600,"bu","14:11:10",898900
76100,1200,2300,"bu","14:11:39",901200
76000,1100,600,"bu","14:11:41",901800
76000,1100,1400,"bu","14:11:43",903200
76100,1200,2000,"bu","14:12:02",905200
76100,1200,600,"sd","14:12:10",905800
76000,1100,1400,"sd","14:12:11",907200
76000,1100,1600,"bu","14:12:38",908800
76000,1100,1400,"bu","14:12:41",910200
76200,1300,100,"bu","14:12:45",910300
76100,1200,600,"sd","14:13:08",910900
76000,1100,1400,"sd","14:13:12",912300
76000,1100,600,"bu","14:13:39",912900
76000,1100,1400,"bu","14:13:42",914300
76000,1100,600,"sd","14:14:10",914900
76200,1300,3400,"sd","14:14:14",918300
76200,1300,1200,"sd","14:14:16",919500
76200,1300,300,"sd","14:14:20",919800
76000,1100,600,"bu","14:14:41",920400
76000,1100,1400,"sd","14:14:43",921800
75900,1000,16600,"bu","14:15:14",938400
76000,1100,200,"bu","14:15:31",938600
75900,1000,600,"sd","14:15:40",939200
75900,1000,1400,"bu","14:15:42",940600
76000,1100,3700,"bu","14:15:45",944300
75900,1000,32200,"bu","14:16:03",976500
75900,1000,1100,"bu","14:16:04",977600
75900,1000,600,"sd","14:16:11",978200
75900,1000,1400,"bu","14:16:12",979600
75900,1000,600,"sd","14:16:39",980200
75900,1000,1400,"sd","14:16:44",981600
75900,1000,600,"bu","14:17:10",982200
75900,1000,1400,"sd","14:17:12",983600
75900,1000,600,"sd","14:17:42",984200
75900,1000,1400,"bu","14:17:44",985600
76000,1100,100,"sd","14:17:46",985700
75900,1000,2000,"sd","14:18:13",987700
75900,1000,600,"sd","14:18:41",988300
75900,1000,1400,"bu","14:18:43",989700
76000,1100,1200,"bu","14:18:46",990900
76000,1100,200,"sd","14:18:53",991100
75900,1000,600,"bu","14:19:11",991700
75900,1000,1400,"sd","14:19:14",993100
75900,1000,4000,"sd","14:19:18",997100
75900,1000,300,"sd","14:19:22",997400
75900,1000,1000,"sd","14:19:24",998400
75900,1000,1000,"sd","14:19:29",999400
75900,1000,400,"bu","14:19:32",999800
75800,900,1200,"sd","14:19:41",1001000
75800,900,1400,"bu","14:19:44",1002400
75900,1000,1000,"sd","14:19:49",1003400
75900,1000,300,"bu","14:19:52",1003700
75900,1000,600,"bu","14:20:09",1004300
75800,900,600,"sd","14:20:11",1004900
75800,900,1500,"sd","14:20:13",1006400
75800,900,2000,"bu","14:20:25",1008400
75800,900,10700,"sd","14:20:41",1019100
75800,900,1400,"sd","14:20:44",1020500
75900,1000,200,"bu","14:20:48",1020700
75900,1000,300,"bu","14:21:00",1021000
75800,900,600,"sd","14:21:11",1021600
75800,900,2000,"sd","14:21:41",1023600
75800,900,1400,"sd","14:21:44",1025000
75800,900,2000,"bu","14:21:45",1027000
75800,900,1500,"sd","14:21:54",1028500
75800,900,1900,"bu","14:21:58",1030400
76000,1100,100,"bu","14:22:09",1030500
75900,1000,600,"sd","14:22:11",1031100
75800,900,1400,"bu","14:22:13",1032500
75800,900,600,"bu","14:22:42",1033100
75800,900,1400,"sd","14:22:45",1034500
75800,900,600,"sd","14:23:13",1035100
75800,900,1400,"bu","14:23:15",1036500
75800,900,600,"sd","14:23:41",1037100
75800,900,1400,"sd","14:23:43",1038500
75800,900,300,"sd","14:23:47",1038800
75800,900,1000,"bu","14:23:53",1039800
75800,900,2200,"sd","14:24:30",1042000
75800,900,600,"sd","14:24:43",1042600
75800,900,1400,"sd","14:24:45",1044000
75900,1000,2400,"bu","14:24:56",1046400
75900,1000,1900,"bu","14:25:01",1048300
75900,1000,2700,"bu","14:25:05",1051000
75900,1000,600,"bu","14:25:12",1051600
75900,1000,1400,"sd","14:25:14",1053000
75900,1000,5000,"bu","14:25:37",1058000
75900,1000,700,"bu","14:25:41",1058700
75900,1000,1300,"sd","14:25:43",1060000
75900,1000,100,"sd","14:25:45",1060100
75900,1000,700,"bu","14:26:16",1060800
75900,1000,1400,"sd","14:26:18",1062200
75900,1000,3900,"bu","14:26:33",1066100
75900,1000,700,"sd","14:26:41",1066800
75900,1000,1400,"bu","14:26:46",1068200
75800,900,27800,"sd","14:26:52",1096000
75800,900,2600,"sd","14:26:55",1098600
75800,900,400,"bu","14:28:11",1099000
75900,1000,100,"bu","14:28:33",1099100
75800,900,5000,"bu","14:28:51",1104100
75800,900,1000,"bu","14:28:55",1105100
75900,1000,500,"bu","14:29:15",1105600
75900,1000,2500,"bu","14:29:57",1108100
75800,900,62100,"sd","14:45:16",1170200
