"price","change","match_qtty","side","time","total_vol"
12.2,0.35,29600,"","14:45:00",2294900
12.15,0.3,1300,"bu","14:29:55",2265300
12.15,0.3,1500,"bu","14:29:33",2264000
12.15,0.3,4000,"bu","14:29:09",2262500
12.15,0.3,100,"bu","14:27:21",2258500
12.1,0.25,100,"sd","14:26:54",2258400
12.15,0.3,6200,"sd","14:26:09",2258300
12.15,0.3,6000,"sd","14:24:18",2252100
12.2,0.35,1500,"bu","14:24:12",2246100
12.15,0.3,100,"sd","14:23:46",2244600
12.2,0.35,20000,"bu","14:20:49",2244500
12.2,0.35,20000,"bu","14:20:27",2224500
12.2,0.35,200,"bu","14:19:34",2204500
12.2,0.35,14000,"sd","14:17:25",2204300
12.2,0.35,300,"sd","14:17:22",2190300
12.2,0.35,100,"sd","14:17:06",2190000
12.2,0.35,6800,"bu","14:17:04",2189900
12.2,0.35,300,"bu","14:17:03",2183100
12.2,0.35,7200,"bu","14:16:58",2182800
12.2,0.35,2800,"bu","14:16:58",2175600
12.2,0.35,10000,"bu","14:16:53",2172800
12.2,0.35,8000,"bu","14:16:43",2162800
12.2,0.35,2300,"bu","14:16:38",2154800
12.2,0.35,9700,"bu","14:16:37",2152500
12.2,0.35,2700,"bu","14:14:56",2142800
12.15,0.3,200,"sd","14:14:43",2140100
12.15,0.3,500,"bu","14:14:42",2139900
12.1,0.25,300,"sd","14:14:16",2139400
12.15,0.3,500,"bu","14:14:12",2139100
12.1,0.25,2200,"sd","14:14:11",2138600
12.1,0.25,15900,"sd","14:13:34",2136400
12.15,0.3,12400,"sd","14:13:34",2120500
12.15,0.3,3000,"sd","14:12:34",2108100
12.15,0.3,200,"sd","14:12:32",2105100
12.15,0.3,1000,"sd","14:12:25",2104900
12.2,0.35,400,"bu","14:12:07",2103900
12.15,0.3,500,"sd","14:12:06",2103500
12.2,0.35,100,"bu","14:09:56",2103000
12.2,0.35,100,"bu","14:09:40",2102900
12.2,0.35,5000,"bu","14:09:27",2102800
12.2,0.35,4000,"bu","14:09:21",2097800
12.2,0.35,800,"bu","14:09:09",2093800
12.2,0.35,24500,"bu","14:08:55",2093000
12.15,0.3,200,"sd","14:08:48",2068500
12.2,0.35,25000,"bu","14:08:30",2068300
12.15,0.3,200,"sd","14:07:12",2043300
12.15,0.3,5000,"sd","14:06:47",2043100
12.15,0.3,300,"sd","14:06:34",2038100
12.2,0.35,600,"bu","14:05:06",2037800
12.2,0.35,300,"bu","14:02:53",2037200
12.2,0.35,3100,"bu","13:59:53",2036900
12.2,0.35,2000,"sd","13:58:10",2033800
12.2,0.35,6600,"sd","13:58:09",2031800
12.25,0.4,1100,"bu","13:56:07",2025200
12.2,0.35,1000,"sd","13:56:00",2024100
12.25,0.4,200,"bu","13:55:30",2023100
12.2,0.35,100,"sd","13:55:14",2022900
12.2,0.35,1000,"sd","13:54:33",2022800
12.2,0.35,2000,"bu","13:54:12",2021800
12.25,0.4,800,"bu","13:53:47",2019800
12.2,0.35,27300,"bu","13:53:47",2019000
12.2,0.35,21900,"bu","13:53:46",1991700
12.2,0.35,100,"bu","13:53:37",1969800
12.2,0.35,29900,"bu","13:53:37",1969700
12.2,0.35,20000,"bu","13:53:31",1939800
12.15,0.3,900,"sd","13:53:18",1919800
12.15,0.3,3200,"sd","13:52:45",1918900
12.15,0.3,300,"sd","13:52:42",1915700
12.15,0.3,10000,"sd","13:52:41",1915400
12.15,0.3,200,"sd","13:52:26",1905400
12.15,0.3,100,"sd","13:50:23",1905200
12.15,0.3,300,"sd","13:49:57",1905100
12.15,0.3,3700,"bu","13:49:33",1904800
12.15,0.3,200,"bu","13:49:24",1901100
12.15,0.3,10100,"bu","13:49:10",1900900
12.15,0.3,12000,"sd","13:48:26",1890800
12.15,0.3,500,"sd","13:48:09",1878800
12.15,0.3,1000,"sd","13:47:05",1878300
12.2,0.35,600,"bu","13:47:04",1877300
12.2,0.35,900,"bu","13:46:39",1876700
12.2,0.35,300,"bu","13:45:29",1875800
12.2,0.35,100,"bu","13:41:06",1875500
12.2,0.35,10000,"bu","13:40:57",1875400
12.15,0.3,100,"sd","13:40:53",1865400
12.1,0.25,6900,"sd","13:39:58",1865300
12.15,0.3,3100,"sd","13:39:58",1858400
12.15,0.3,700,"sd","13:38:39",1855300
12.15,0.3,7000,"sd","13:37:46",1854600
12.15,0.3,2000,"sd","13:37:08",1847600
12.15,0.3,100,"sd","13:36:44",1845600
12.15,0.3,4000,"sd","13:35:31",1845500
12.15,0.3,4000,"sd","13:33:27",1841500
12.2,0.35,1300,"bu","13:32:20",1837500
12.2,0.35,20000,"bu","13:30:39",1836200
12.15,0.3,1700,"sd","13:28:27",1816200
12.15,0.3,3000,"sd","13:28:24",1814500
12.15,0.3,5000,"sd","13:28:19",1811500
12.15,0.3,100,"sd","13:27:22",1806500
12.15,0.3,100,"sd","13:26:39",1806400
12.15,0.3,2000,"sd","13:26:05",1806300
12.15,0.3,600,"sd","13:25:15",1804300
12.15,0.3,200,"sd","13:24:31",1803700
12.15,0.3,2000,"sd","13:24:28",1803500
12.15,0.3,2600,"sd","13:23:52",1801500
12.2,0.35,1000,"bu","13:22:10",1798900
12.2,0.35,5000,"bu","13:21:20",1797900
12.15,0.3,1000,"sd","13:21:09",1792900
12.15,0.3,3000,"sd","13:20:57",1791900
12.2,0.35,100,"bu","13:20:50",1788900
12.2,0.35,500,"bu","13:16:59",1788800
12.2,0.35,500,"bu","13:15:18",1788300
12.2,0.35,600,"sd","13:15:16",1787800
12.2,0.35,100,"sd","13:15:01",1787200
12.2,0.35,500,"sd","13:14:58",1787100
12.2,0.35,400,"sd","13:14:52",1786600
12.2,0.35,9100,"bu","13:14:35",1786200
12.2,0.35,1000,"bu","13:13:18",1777100
12.15,0.3,100,"sd","13:13:17",1776100
12.2,0.35,800,"sd","13:11:35",1776000
12.2,0.35,300,"sd","13:11:34",1775200
12.2,0.35,1000,"sd","13:11:24",1774900
12.2,0.35,100,"sd","13:11:01",1773900
12.2,0.35,600,"sd","13:10:43",1773800
12.2,0.35,29400,"bu","13:10:18",1773200
12.2,0.35,9000,"bu","13:09:46",1743800
12.2,0.35,1000,"bu","13:09:12",1734800
12.2,0.35,500,"bu","13:08:59",1733800
12.2,0.35,700,"bu","13:08:31",1733300
12.15,0.3,1600,"sd","13:08:08",1732600
12.2,0.35,30000,"bu","13:08:07",1731000
12.2,0.35,8000,"bu","13:07:44",1701000
12.15,0.3,7300,"sd","13:07:33",1693000
12.15,0.3,2200,"sd","13:07:28",1685700
12.2,0.35,8000,"bu","13:07:25",1683500
12.15,0.3,300,"bu","13:06:55",1675500
12.15,0.3,2000,"bu","13:06:44",1675200
12.15,0.3,2700,"sd","13:06:36",1673200
12.15,0.3,2000,"sd","13:06:31",1670500
12.2,0.35,800,"bu","13:06:27",1668500
12.2,0.35,100,"bu","13:06:05",1667700
12.2,0.35,1000,"bu","13:05:44",1667600
12.2,0.35,10000,"bu","13:04:54",1666600
12.2,0.35,600,"bu","13:03:17",1656600
12.15,0.3,3000,"sd","13:02:50",1656000
12.15,0.3,2200,"bu","13:01:46",1653000
12.1,0.25,100,"sd","13:01:28",1650800
12.1,0.25,1100,"sd","13:00:21",1650700
12.1,0.25,500,"sd","13:00:05",1649600
12.1,0.25,2600,"sd","13:00:00",1649100
12.1,0.25,3000,"sd","11:29:38",1646500
12.15,0.3,500,"bu","11:25:56",1643500
12.15,0.3,300,"sd","11:25:23",1643000
12.15,0.3,300,"sd","11:25:06",1642700
12.15,0.3,100,"sd","11:23:35",1642400
12.15,0.3,500,"sd","11:22:44",1642300
12.2,0.35,100,"bu","11:21:32",1641800
12.2,0.35,100,"bu","11:19:32",1641700
12.2,0.35,13000,"bu","11:19:18",1641600
12.2,0.35,900,"bu","11:19:07",1628600
12.15,0.3,200,"sd","11:19:05",1627700
12.15,0.3,5000,"sd","11:18:51",1627500
12.15,0.3,100,"sd","11:18:34",1622500
12.15,0.3,1000,"sd","11:17:13",1622400
12.15,0.3,10000,"sd","11:16:59",1621400
12.2,0.35,40000,"bu","11:12:29",1611400
12.2,0.35,5000,"bu","11:12:19",1571400
12.2,0.35,2600,"bu","11:12:05",1566400
12.15,0.3,400,"sd","11:11:00",1563800
12.2,0.35,800,"bu","11:10:39",1563400
12.15,0.3,100,"sd","11:10:20",1562600
12.15,0.3,100,"sd","11:09:57",1562500
12.2,0.35,100,"bu","11:09:33",1562400
12.2,0.35,100,"bu","11:08:51",1562300
12.2,0.35,400,"sd","11:07:32",1562200
12.2,0.35,500,"sd","11:07:31",1561800
12.2,0.35,1000,"sd","11:07:15",1561300
12.2,0.35,1000,"sd","11:07:09",1560300
12.2,0.35,4400,"bu","11:06:31",1559300
12.2,0.35,500,"bu","11:05:52",1554900
12.2,0.35,5000,"bu","11:05:39",1554400
12.15,0.3,500,"sd","11:05:35",1549400
12.2,0.35,4900,"bu","11:05:26",1548900
12.15,0.3,100,"sd","11:04:12",1544000
12.2,0.35,100,"bu","11:03:20",1543900
12.2,0.35,5400,"sd","11:01:46",1543800
12.2,0.35,1000,"sd","11:01:40",1538400
12.2,0.35,100,"sd","11:01:33",1537400
12.2,0.35,5700,"bu","11:00:55",1537300
12.2,0.35,10000,"bu","11:00:41",1531600
12.2,0.35,1400,"bu","10:58:57",1521600
12.2,0.35,10000,"bu","10:58:51",1520200
12.2,0.35,700,"bu","10:58:40",1510200
12.2,0.35,9800,"bu","10:58:14",1509500
12.15,0.3,9200,"bu","10:58:14",1499700
12.15,0.3,10600,"sd","10:58:09",1490500
12.2,0.35,900,"bu","10:58:05",1479900
12.15,0.3,100,"sd","10:57:58",1479000
12.2,0.35,2000,"bu","10:55:36",1478900
12.2,0.35,8000,"bu","10:55:33",1476900
12.2,0.35,200,"bu","10:55:32",1468900
12.2,0.35,5000,"bu","10:55:23",1468700
12.2,0.35,4000,"bu","10:55:14",1463700
12.2,0.35,400,"bu","10:55:07",1459700
12.15,0.3,2000,"sd","10:54:56",1459300
12.2,0.35,2300,"sd","10:53:21",1457300
12.2,0.35,3000,"sd","10:53:10",1455000
12.2,0.35,2000,"sd","10:52:44",1452000
12.2,0.35,3900,"bu","10:52:33",1450000
12.15,0.3,100,"sd","10:52:26",1446100
12.15,0.3,2000,"sd","10:51:11",1446000
12.2,0.35,1000,"bu","10:49:33",1444000
12.2,0.35,10000,"bu","10:49:26",1443000
12.2,0.35,10000,"bu","10:49:21",1433000
12.15,0.3,19000,"bu","10:48:32",1423000
12.15,0.3,1000,"sd","10:48:29",1404000
12.15,0.3,800,"sd","10:48:13",1403000
12.15,0.3,100,"sd","10:47:57",1402200
12.15,0.3,5000,"sd","10:47:50",1402100
12.15,0.3,2000,"sd","10:46:55",1397100
12.15,0.3,1000,"sd","10:46:28",1395100
12.2,0.35,6000,"bu","10:46:15",1394100
12.2,0.35,7000,"bu","10:45:10",1388100
12.15,0.3,10100,"bu","10:44:48",1381100
12.15,0.3,9900,"sd","10:44:31",1371000
12.15,0.3,3100,"bu","10:44:25",1361100
12.15,0.3,16900,"sd","10:44:04",1358000
12.15,0.3,3100,"bu","10:43:59",1341100
12.15,0.3,16900,"sd","10:43:04",1338000
12.15,0.3,3100,"bu","10:43:02",1321100
12.15,0.3,400,"sd","10:42:29",1318000
12.15,0.3,1000,"sd","10:41:48",1317600
12.15,0.3,1000,"sd","10:41:04",1316600
12.15,0.3,3300,"sd","10:39:49",1315600
12.15,0.3,8700,"sd","10:39:27",1312300
12.15,0.3,200,"sd","10:39:12",1303600
12.15,0.3,500,"sd","10:38:59",1303400
12.15,0.3,100,"sd","10:38:52",1302900
12.2,0.35,1000,"bu","10:37:57",1302800
12.15,0.3,700,"sd","10:37:53",1301800
12.2,0.35,20000,"bu","10:37:14",1301100
12.2,0.35,10000,"bu","10:37:00",1281100
12.2,0.35,6000,"bu","10:36:35",1271100
12.1,0.25,3100,"sd","10:36:17",1265100
12.1,0.25,1600,"sd","10:36:14",1262000
12.1,0.25,4400,"sd","10:36:13",1260400
12.1,0.25,8500,"sd","10:35:42",1242000
12.15,0.3,11500,"sd","10:35:42",1233500
12.15,0.3,500,"bu","10:35:31",1222000
12.1,0.25,10700,"sd","10:35:12",1221500
12.15,0.3,9300,"sd","10:35:12",1210800
12.2,0.35,300,"bu","10:35:07",1201500
12.15,0.3,20000,"sd","10:34:50",1201200
12.15,0.3,700,"bu","10:34:47",1181200
12.15,0.3,600,"bu","10:34:43",1180500
12.1,0.25,5800,"bu","10:34:22",1179900
12.1,0.25,5600,"bu","10:34:21",1174100
12.1,0.25,15000,"bu","10:33:21",1168500
12.1,0.25,10000,"bu","10:33:15",1153500
12.1,0.25,7000,"bu","10:32:46",1143500
12.1,0.25,13400,"sd","10:32:43",1136500
12.15,0.3,4300,"sd","10:32:43",1123100
12.15,0.3,500,"sd","10:32:28",1118800
12.15,0.3,1500,"sd","10:32:23",1118300
12.15,0.3,100,"sd","10:31:53",1116800
12.15,0.3,8800,"bu","10:31:35",1116700
12.15,0.3,10000,"bu","10:31:27",1107900
12.15,0.3,10200,"sd","10:31:17",1097900
12.15,0.3,100,"sd","10:31:14",1087700
12.15,0.3,400,"sd","10:31:10",1087600
12.15,0.3,200,"sd","10:30:55",1087200
12.15,0.3,500,"sd","10:29:58",1087000
12.15,0.3,500,"sd","10:29:42",1086500
12.15,0.3,500,"sd","10:29:29",1086000
12.15,0.3,2600,"bu","10:29:28",1085500
12.15,0.3,7000,"bu","10:29:11",1082900
12.15,0.3,2000,"bu","10:29:09",1075900
12.15,0.3,400,"bu","10:27:53",1073900
12.15,0.3,6400,"sd","10:27:41",1073500
12.15,0.3,1000,"sd","10:27:39",1067100
12.15,0.3,1400,"sd","10:27:20",1066100
12.2,0.35,1000,"bu","10:27:15",1064700
12.2,0.35,600,"bu","10:27:04",1063700
12.15,0.3,10000,"sd","10:26:43",1063100
12.2,0.35,18000,"bu","10:26:42",1053100
12.2,0.35,12000,"bu","10:26:37",1035100
12.2,0.35,6000,"bu","10:23:54",1023100
12.2,0.35,500,"bu","10:23:43",1017100
12.15,0.3,1600,"bu","10:23:36",1016600
12.15,0.3,10000,"bu","10:23:15",1015000
12.15,0.3,2600,"sd","10:22:40",1005000
12.15,0.3,700,"sd","10:22:03",1002400
12.15,0.3,5000,"sd","10:21:54",1001700
12.15,0.3,1500,"sd","10:21:45",996700
12.15,0.3,100,"sd","10:21:35",995200
12.15,0.3,2800,"sd","10:21:19",995100
12.15,0.3,300,"sd","10:20:59",992300
12.15,0.3,100,"sd","10:20:47",992000
12.15,0.3,1000,"sd","10:20:28",991900
12.2,0.35,200,"bu","10:19:06",990900
12.2,0.35,2000,"bu","10:19:01",990700
12.2,0.35,200,"bu","10:17:44",988700
12.2,0.35,5000,"bu","10:16:23",988500
12.2,0.35,4000,"bu","10:16:14",983500
12.2,0.35,900,"bu","10:16:02",979500
12.15,0.3,100,"bu","10:15:51",978600
12.2,0.35,1600,"bu","10:15:39",978500
12.15,0.3,1700,"bu","10:15:39",976900
12.15,0.3,4600,"sd","10:14:33",975200
12.15,0.3,1000,"sd","10:13:56",970600
12.15,0.3,100,"sd","10:13:53",969600
12.15,0.3,1000,"sd","10:13:44",969500
12.2,0.35,6000,"bu","10:13:40",968500
12.2,0.35,7000,"bu","10:13:36",962500
12.2,0.35,700,"bu","10:13:29",955500
12.15,0.3,1000,"sd","10:13:24",954800
12.2,0.35,10000,"bu","10:13:23",953800
12.15,0.3,2000,"sd","10:13:19",943800
12.15,0.3,500,"sd","10:10:02",941800
12.15,0.3,2000,"sd","10:09:39",941300
12.15,0.3,500,"sd","10:09:38",939300
12.2,0.35,1000,"bu","10:09:38",938800
12.2,0.35,100,"bu","10:09:15",937800
12.2,0.35,10000,"bu","10:09:13",937700
12.2,0.35,100,"bu","10:09:11",927700
12.2,0.35,400,"sd","10:08:28",927600
12.2,0.35,4600,"bu","10:08:13",927200
12.2,0.35,600,"bu","10:08:09",922600
12.2,0.35,5000,"bu","10:08:07",922000
12.2,0.35,400,"sd","10:07:46",917000
12.2,0.35,3000,"sd","10:07:28",916600
12.2,0.35,200,"sd","10:07:10",913600
12.2,0.35,200,"sd","10:06:55",913400
12.2,0.35,100,"sd","10:06:38",913200
12.2,0.35,5000,"sd","10:06:18",913100
12.2,0.35,500,"sd","10:06:13",908100
12.2,0.35,600,"bu","10:06:09",907600
12.2,0.35,100,"bu","10:05:58",907000
12.2,0.35,9300,"sd","10:05:49",906900
12.2,0.35,1000,"sd","10:05:46",897600
12.2,0.35,100,"sd","10:05:45",896600
12.2,0.35,11500,"bu","10:05:01",896500
12.15,0.3,1000,"sd","10:04:52",885000
12.15,0.3,2300,"bu","10:04:20",884000
12.15,0.3,2700,"sd","10:04:11",881700
12.2,0.35,30000,"bu","10:04:09",879000
12.15,0.3,2400,"bu","10:03:57",849000
12.15,0.3,5000,"sd","10:02:52",846600
12.15,0.3,300,"sd","10:02:51",841600
12.15,0.3,700,"sd","10:02:49",841300
12.15,0.3,5000,"sd","10:02:31",840600
12.15,0.3,100,"bu","10:01:39",835600
12.1,0.25,2000,"sd","10:01:29",835500
12.1,0.25,1000,"sd","10:01:01",833500
12.1,0.25,100,"sd","10:00:05",832500
12.1,0.25,1800,"bu","10:00:02",832400
12.1,0.25,3200,"sd","09:59:50",830600
12.1,0.25,4900,"sd","09:59:35",827400
12.15,0.3,100,"sd","09:59:35",822500
12.2,0.35,1000,"bu","09:59:09",822400
12.2,0.35,400,"bu","09:59:04",821400
12.25,0.4,5500,"bu","09:58:51",821000
12.2,0.35,9500,"bu","09:58:51",815500
12.2,0.35,200,"bu","09:58:49",806000
12.2,0.35,6500,"bu","09:58:48",805800
12.2,0.35,13000,"bu","09:58:37",799300
12.2,0.35,25000,"bu","09:58:31",786300
12.2,0.35,49500,"bu","09:58:24",761300
12.15,0.3,500,"bu","09:58:24",711800
12.2,0.35,30000,"bu","09:58:17",711300
12.2,0.35,900,"bu","09:58:10",681300
12.15,0.3,1700,"bu","09:58:10",680400
12.15,0.3,10500,"bu","09:58:10",678700
12.1,0.25,1900,"bu","09:58:10",668200
12.1,0.25,200,"bu","09:57:53",666300
12.1,0.25,22600,"bu","09:57:34",666100
12.05,0.2,1100,"bu","09:57:34",643500
12,0.15,1300,"bu","09:57:34",642400
12,0.15,4200,"sd","09:56:33",641100
12,0.15,5800,"bu","09:56:33",636900
12,0.15,4500,"bu","09:56:27",631100
12,0.15,10500,"bu","09:56:26",626600
12,0.15,17000,"bu","09:56:20",616100
12,0.15,12000,"bu","09:56:14",599100
11.9,0.05,2400,"sd","09:56:07",587100
11.95,0.1,9100,"sd","09:56:07",584700
12,0.15,30000,"bu","09:56:06",575600
11.95,0.1,10900,"bu","09:56:01",545600
11.9,0.05,4600,"bu","09:55:50",534700
11.9,0.05,10000,"bu","09:55:40",530100
11.9,0.05,8000,"bu","09:55:35",520100
11.9,0.05,16000,"bu","09:55:29",512100
11.85,0,1000,"sd","09:54:53",496100
11.85,0,3000,"sd","09:54:52",495100
11.85,0,5000,"sd","09:54:41",492100
11.85,0,9300,"bu","09:54:20",487100
11.85,0,10700,"sd","09:54:18",477800
11.85,0,19300,"bu","09:53:49",467100
11.85,0,700,"sd","09:53:45",447800
11.85,0,100,"sd","09:53:31",447100
11.85,0,20000,"sd","09:53:21",447000
11.85,0,200,"sd","09:53:11",427000
11.85,0,20000,"sd","09:52:41",426800
11.85,0,100,"sd","09:52:18",406800
11.85,0,20000,"sd","09:52:14",406700
11.85,0,200,"sd","09:52:11",386700
11.85,0,11000,"sd","09:51:34",386500
11.85,0,300,"sd","09:50:22",375500
11.85,0,5000,"sd","09:49:39",375200
11.9,0.05,1600,"bu","09:46:17",370200
11.9,0.05,200,"bu","09:45:24",368600
11.85,0,1000,"sd","09:44:47",368400
11.85,0,300,"sd","09:43:28",367400
11.85,0,100,"sd","09:42:55",367100
11.9,0.05,20000,"bu","09:42:02",367000
11.9,0.05,20000,"bu","09:41:29",347000
11.9,0.05,1300,"bu","09:40:50",327000
11.9,0.05,2000,"bu","09:40:33",325700
11.9,0.05,400,"bu","09:39:46",323700
11.9,0.05,20000,"bu","09:39:40",323300
11.9,0.05,19800,"sd","09:39:15",303300
11.9,0.05,200,"bu","09:39:01",283500
11.9,0.05,19800,"sd","09:38:35",283300
11.9,0.05,800,"bu","09:38:19",263500
11.9,0.05,10000,"bu","09:37:44",262700
11.85,0,100,"sd","09:36:21",252700
11.85,0,100,"sd","09:35:41",252600
11.85,0,2000,"sd","09:35:33",252500
11.85,0,1000,"sd","09:35:29",250500
11.85,0,11500,"bu","09:35:22",249500
11.85,0,1000,"bu","09:34:57",238000
11.85,0,8000,"sd","09:34:50",237000
11.85,0,100,"sd","09:34:38",229000
11.85,0,5000,"sd","09:34:10",228900
11.85,0,2000,"sd","09:33:37",223900
11.85,0,100,"sd","09:32:31",221900
11.85,0,5000,"sd","09:28:46",221800
11.85,0,900,"bu","09:28:16",216800
11.85,0,19100,"sd","09:27:44",215900
11.85,0,900,"bu","09:27:42",196800
11.85,0,6300,"sd","09:27:19",195900
11.85,0,200,"sd","09:27:17",189600
11.85,0,200,"sd","09:25:22",189400
11.9,0.05,100,"bu","09:24:47",189200
11.9,0.05,100,"bu","09:24:38",189100
11.9,0.05,500,"bu","09:23:56",189000
11.85,0,2000,"sd","09:23:37",188500
11.85,0,5000,"sd","09:22:56",186500
11.85,0,2000,"sd","09:22:45",181500
11.85,0,3000,"sd","09:21:01",179500
11.85,0,600,"sd","09:20:16",176500
11.9,0.05,20000,"bu","09:19:06",175900
11.9,0.05,200,"bu","09:18:27",155900
11.9,0.05,800,"bu","09:18:02",155700
11.9,0.05,100,"bu","09:17:42",154900
11.9,0.05,18300,"sd","09:17:17",154800
11.9,0.05,600,"bu","09:17:16",136500
11.85,0,1100,"bu","09:17:16",135900
11.85,0,19400,"sd","09:16:29",134800
11.85,0,100,"sd","09:16:21",115400
11.85,0,500,"bu","09:16:20",115300
11.8,-0.05,1000,"sd","09:16:16",114800
11.85,0,100,"bu","09:15:53",113800
11.85,0,1100,"bu","09:15:49",113700
11.8,-0.05,112600,"","09:15:00",112600
