"price","change","match_qtty","side","time","total_vol"
28.7,-0.55,294000,"","14:45:04",2845300
28.65,-0.6,1400,"bu","14:29:46",2551300
28.45,-0.8,15100,"sd","14:29:45",2549900
28.5,-0.75,1900,"sd","14:29:45",2534800
28.5,-0.75,10000,"sd","14:29:44",2532900
28.5,-0.75,400,"sd","14:29:42",2522900
28.5,-0.75,200,"bu","14:29:38",2522500
28.5,-0.75,500,"bu","14:29:35",2522300
28.5,-0.75,1000,"bu","14:29:31",2521800
28.5,-0.75,5000,"bu","14:29:26",2520800
28.5,-0.75,4000,"bu","14:29:23",2511400
28.5,-0.75,600,"bu","14:28:58",2507400
28.5,-0.75,200,"bu","14:28:57",2506800
28.5,-0.75,200,"bu","14:28:55",2506600
28.5,-0.75,200,"bu","14:28:51",2506400
28.5,-0.75,900,"sd","14:28:47",2506200
28.5,-0.75,24800,"sd","14:28:46",2505300
28.55,-0.7,4000,"sd","14:28:46",2480500
28.6,-0.65,300,"sd","14:28:46",2476500
28.65,-0.6,10100,"sd","14:28:46",2476200
28.65,-0.6,2900,"bu","14:28:46",2466100
28.65,-0.6,1800,"bu","14:28:35",2463200
28.65,-0.6,100,"bu","14:28:20",2461400
28.5,-0.75,20100,"sd","14:28:15",2461300
28.55,-0.7,7200,"sd","14:28:15",2441200
28.6,-0.65,2700,"sd","14:28:15",2434000
28.65,-0.6,900,"sd","14:28:07",2431300
28.65,-0.6,100,"sd","14:28:06",2430400
28.7,-0.55,1800,"bu","14:28:00",2430300
28.65,-0.6,1000,"sd","14:27:57",2428500
28.65,-0.6,2000,"sd","14:27:49",2427500
28.7,-0.55,3800,"bu","14:27:26",2425500
28.7,-0.55,1800,"bu","14:26:52",2421700
28.7,-0.55,1700,"bu","14:26:18",2419900
28.7,-0.55,500,"bu","14:26:08",2418200
28.7,-0.55,1700,"bu","14:25:44",2417700
28.6,-0.65,100,"sd","14:25:40",2416000
28.65,-0.6,500,"sd","14:25:40",2415900
28.7,-0.55,1700,"bu","14:25:10",2415400
28.7,-0.55,1700,"bu","14:24:36",2413700
28.7,-0.55,300,"sd","14:24:32",2412000
28.7,-0.55,5000,"sd","14:24:25",2411700
28.75,-0.5,1500,"bu","14:24:02",2406700
28.7,-0.55,10000,"sd","14:23:43",2405200
28.75,-0.5,1000,"bu","14:23:41",2395200
28.75,-0.5,500,"bu","14:23:37",2394200
28.75,-0.5,1500,"bu","14:23:34",2393700
28.8,-0.45,400,"bu","14:23:28",2392200
28.75,-0.5,500,"bu","14:23:10",2390700
28.75,-0.5,20000,"bu","14:23:10",2390200
28.7,-0.55,100,"sd","14:23:08",2370200
28.75,-0.5,1500,"bu","14:22:54",2370100
28.75,-0.5,100,"bu","14:22:37",2368600
28.75,-0.5,500,"bu","14:22:26",2368500
28.75,-0.5,1500,"bu","14:22:19",2368000
28.75,-0.5,100,"bu","14:22:08",2366500
28.7,-0.55,100,"bu","14:22:02",2366300
28.7,-0.55,1500,"bu","14:21:45",2366200
28.7,-0.55,1500,"bu","14:21:10",2364700
28.7,-0.55,2000,"bu","14:20:57",2363200
28.7,-0.55,1000,"bu","14:20:37",2361200
28.7,-0.55,1500,"bu","14:20:36",2360200
28.7,-0.55,10000,"bu","14:20:26",2358700
28.7,-0.55,1400,"bu","14:20:02",2348700
28.7,-0.55,1400,"bu","14:19:28",2347300
28.7,-0.55,1400,"bu","14:18:54",2345900
28.7,-0.55,200,"bu","14:18:29",2344500
28.7,-0.55,1400,"bu","14:18:20",2344300
28.7,-0.55,1400,"bu","14:17:44",2342900
28.5,-0.75,500,"bu","14:17:36",2341500
28.5,-0.75,100,"bu","14:17:32",2341000
28.5,-0.75,4700,"bu","14:17:32",2340900
28.5,-0.75,1900,"bu","14:17:26",2336200
28.5,-0.75,500,"bu","14:17:25",2334300
28.5,-0.75,500,"bu","14:17:21",2333800
28.5,-0.75,37000,"sd","14:17:20",2333300
28.7,-0.55,1300,"bu","14:17:12",2296300
28.65,-0.6,100,"bu","14:17:12",2295000
28.65,-0.6,100,"bu","14:16:58",2294900
28.7,-0.55,300,"bu","14:16:40",2294800
28.5,-0.75,21700,"sd","14:16:40",2294500
28.65,-0.6,3300,"sd","14:16:40",2272800
28.7,-0.55,1400,"bu","14:16:40",2269500
28.65,-0.6,16900,"bu","14:16:32",2268100
28.65,-0.6,400,"bu","14:16:08",2251200
28.6,-0.65,1000,"bu","14:16:08",2250800
28.5,-0.75,100,"bu","14:15:59",2249800
28.5,-0.75,9900,"sd","14:15:55",2249700
28.65,-0.6,500,"bu","14:15:36",2239800
28.6,-0.65,900,"bu","14:15:36",2239300
28.6,-0.65,100,"bu","14:15:22",2238400
28.5,-0.75,100,"bu","14:15:05",2238300
28.5,-0.75,1500,"bu","14:15:04",2238200
28.5,-0.75,18100,"sd","14:15:03",2236700
28.55,-0.7,300,"sd","14:15:03",2218600
28.65,-0.6,1400,"bu","14:14:32",2218300
28.5,-0.75,500,"sd","14:14:14",2216900
28.5,-0.75,2400,"bu","14:14:13",2216400
28.5,-0.75,100,"bu","14:14:10",2214000
28.5,-0.75,1000,"bu","14:14:06",2213900
28.5,-0.75,100,"bu","14:14:04",2212900
28.5,-0.75,1300,"bu","14:14:00",2212800
28.5,-0.75,100,"bu","14:13:52",2211500
28.5,-0.75,20000,"bu","14:13:50",2211400
28.5,-0.75,2000,"bu","14:13:45",2191400
28.5,-0.75,1000,"bu","14:13:42",2189400
28.5,-0.75,1300,"bu","14:13:28",2188400
28.5,-0.75,100,"bu","14:13:27",2187100
28.5,-0.75,3900,"bu","14:13:21",2187000
28.5,-0.75,13500,"sd","14:13:10",2183100
28.6,-0.65,3200,"sd","14:13:10",2169600
28.65,-0.6,500,"sd","14:13:07",2166400
28.7,-0.55,400,"bu","14:12:58",2165900
28.7,-0.55,1300,"bu","14:12:56",2165500
28.65,-0.6,3000,"sd","14:12:52",2164200
28.65,-0.6,100,"sd","14:12:47",2161200
28.65,-0.6,1400,"bu","14:12:35",2161100
28.65,-0.6,100,"bu","14:12:34",2159700
28.65,-0.6,1300,"bu","14:12:24",2159600
28.6,-0.65,1400,"bu","14:12:15",2158300
28.6,-0.65,1800,"bu","14:12:14",2156900
28.55,-0.7,3600,"bu","14:12:14",2155100
28.55,-0.7,1300,"bu","14:11:53",2151500
28.55,-0.7,1000,"bu","14:11:34",2150200
28.55,-0.7,4100,"sd","14:11:33",2149200
28.6,-0.65,1300,"bu","14:11:21",2145100
28.55,-0.7,6300,"bu","14:10:58",2143800
28.55,-0.7,1300,"bu","14:10:49",2137500
28.5,-0.75,200,"sd","14:10:18",2136200
28.55,-0.7,1300,"bu","14:10:16",2136000
28.5,-0.75,100,"sd","14:10:16",2134700
28.5,-0.75,2000,"sd","14:09:59",2134600
28.5,-0.75,1100,"bu","14:09:54",2132600
28.5,-0.75,1600,"bu","14:09:44",2131500
28.5,-0.75,200,"bu","14:09:15",2129900
28.5,-0.75,1300,"bu","14:09:12",2129700
28.5,-0.75,7000,"bu","14:09:10",2128400
28.5,-0.75,100,"bu","14:09:04",2121400
28.5,-0.75,200,"bu","14:08:55",2121300
28.5,-0.75,1300,"bu","14:08:40",2121100
28.5,-0.75,200,"bu","14:08:22",2119800
28.5,-0.75,1300,"bu","14:08:08",2119600
28.5,-0.75,500,"bu","14:08:03",2118300
28.5,-0.75,1300,"bu","14:07:36",2117800
28.5,-0.75,700,"bu","14:07:21",2116500
28.5,-0.75,400,"sd","14:07:19",2115800
28.5,-0.75,2500,"sd","14:07:06",2115400
28.55,-0.7,1300,"bu","14:07:04",2112900
28.55,-0.7,500,"bu","14:06:54",2111600
28.55,-0.7,1300,"bu","14:06:31",2111100
28.55,-0.7,1700,"sd","14:06:28",2109800
28.6,-0.65,1300,"bu","14:05:58",2108100
28.55,-0.7,500,"bu","14:05:58",2106800
28.55,-0.7,200,"bu","14:05:44",2106300
28.55,-0.7,5000,"bu","14:05:39",2106100
28.55,-0.7,1300,"sd","14:05:28",2101100
28.6,-0.65,800,"bu","14:05:26",2099800
28.55,-0.7,500,"bu","14:05:26",2099000
28.55,-0.7,200,"bu","14:05:05",2098500
28.55,-0.7,1300,"bu","14:04:54",2098300
28.5,-0.75,1000,"sd","14:04:45",2097000
28.5,-0.75,1000,"sd","14:04:34",2096000
28.55,-0.7,1300,"bu","14:04:21",2095000
28.55,-0.7,1300,"bu","14:03:49",2093700
28.55,-0.7,500,"bu","14:03:34",2092400
28.45,-0.8,200,"sd","14:03:32",2091900
28.45,-0.8,16400,"sd","14:03:31",2091700
28.5,-0.75,3400,"sd","14:03:31",2075300
28.55,-0.7,500,"bu","14:03:27",2071900
28.55,-0.7,1300,"bu","14:03:16",2071400
28.55,-0.7,200,"bu","14:03:11",2070100
28.5,-0.75,5000,"bu","14:02:56",2069900
28.55,-0.7,700,"bu","14:02:44",2064900
28.5,-0.75,600,"bu","14:02:44",2064200
28.5,-0.75,200,"bu","14:02:43",2063600
28.5,-0.75,500,"bu","14:02:41",2063400
28.5,-0.75,300,"bu","14:02:39",2062900
28.5,-0.75,2000,"bu","14:02:33",2062600
28.5,-0.75,11400,"bu","14:02:19",2060600
28.5,-0.75,1300,"bu","14:02:11",2049200
28.5,-0.75,200,"bu","14:01:55",2047900
28.45,-0.8,17900,"sd","14:01:39",2047700
28.5,-0.75,1300,"bu","14:01:39",2029800
28.5,-0.75,100,"bu","14:01:37",2028500
28.5,-0.75,500,"bu","14:01:33",2028400
28.5,-0.75,500,"bu","14:01:12",2027900
28.5,-0.75,1300,"bu","14:01:07",2027400
28.5,-0.75,100,"bu","14:00:56",2026100
28.45,-0.8,1000,"sd","14:00:36",2026000
28.5,-0.75,1300,"bu","14:00:35",2025000
28.45,-0.8,300,"sd","14:00:05",2023700
28.5,-0.75,1300,"bu","14:00:02",2023400
28.45,-0.8,500,"sd","13:59:47",2022100
28.45,-0.8,200,"sd","13:59:15",2021600
28.45,-0.8,1500,"sd","13:59:08",2021400
28.45,-0.8,3000,"sd","13:59:07",2019900
28.45,-0.8,300,"sd","13:59:03",2016900
28.5,-0.75,200,"bu","13:59:01",2016600
28.5,-0.75,100,"bu","13:58:53",2016400
28.5,-0.75,200,"bu","13:58:49",2016300
28.5,-0.75,500,"bu","13:58:45",2016100
28.5,-0.75,1000,"bu","13:58:25",2015600
28.5,-0.75,100,"bu","13:58:24",2014600
28.5,-0.75,200,"bu","13:58:23",2014500
28.5,-0.75,1000,"bu","13:58:02",2014300
28.5,-0.75,200,"bu","13:57:36",2013300
28.5,-0.75,1000,"bu","13:57:27",2013100
28.5,-0.75,800,"bu","13:57:19",2012100
28.45,-0.8,400,"sd","13:57:19",2011300
28.45,-0.8,1000,"sd","13:57:11",2010900
28.45,-0.8,400,"sd","13:57:03",2009900
28.45,-0.8,100,"bu","13:56:14",2009500
28.45,-0.8,100,"bu","13:56:12",2009400
28.45,-0.8,800,"bu","13:55:56",2009300
28.45,-0.8,1000,"bu","13:55:49",2008500
28.4,-0.85,200,"sd","13:55:41",2007500
28.45,-0.8,500,"sd","13:55:36",2007300
28.4,-0.85,4200,"sd","13:55:14",2006800
28.4,-0.85,9500,"sd","13:55:13",2002600
28.45,-0.8,16300,"sd","13:55:13",1993100
28.5,-0.75,600,"bu","13:54:54",1976800
28.5,-0.75,1000,"bu","13:54:48",1976200
28.5,-0.75,400,"bu","13:54:44",1975200
28.5,-0.75,2000,"bu","13:54:41",1974800
28.5,-0.75,900,"sd","13:54:27",1972800
28.5,-0.75,2000,"sd","13:54:25",1971900
28.5,-0.75,3700,"sd","13:54:07",1969900
28.5,-0.75,1000,"sd","13:54:03",1966200
28.5,-0.75,400,"sd","13:53:58",1965200
28.5,-0.75,600,"bu","13:53:51",1964800
28.5,-0.75,1000,"bu","13:53:50",1964200
28.5,-0.75,1000,"bu","13:53:48",1963200
28.5,-0.75,1000,"sd","13:53:37",1962200
28.5,-0.75,4000,"bu","13:53:35",1961200
28.5,-0.75,1000,"sd","13:53:34",1957200
28.5,-0.75,9000,"bu","13:53:31",1956200
28.5,-0.75,100,"bu","13:53:08",1947200
28.5,-0.75,1000,"bu","13:52:51",1947100
28.5,-0.75,1000,"bu","13:52:34",1946100
28.5,-0.75,100,"bu","13:52:29",1945100
28.5,-0.75,1000,"bu","13:52:05",1945000
28.5,-0.75,100,"bu","13:52:04",1944000
28.5,-0.75,1300,"sd","13:51:57",1943900
28.5,-0.75,1000,"sd","13:51:54",1942600
28.5,-0.75,300,"sd","13:51:40",1941600
28.45,-0.8,26800,"sd","13:50:49",1941300
28.5,-0.75,3200,"sd","13:50:49",1914500
28.55,-0.7,200,"bu","13:50:40",1911300
28.5,-0.75,2800,"sd","13:50:36",1911100
28.5,-0.75,100,"sd","13:50:26",1908300
28.5,-0.75,4300,"bu","13:50:24",1908200
28.5,-0.75,200,"bu","13:50:15",1903900
28.5,-0.75,3100,"bu","13:49:47",1903600
28.5,-0.75,100,"bu","13:49:45",1900500
28.5,-0.75,100,"bu","13:49:41",1900400
28.5,-0.75,500,"bu","13:49:40",1900300
28.5,-0.75,100,"bu","13:49:39",1899800
28.5,-0.75,100,"bu","13:49:37",1899700
28.5,-0.75,1000,"sd","13:49:36",1899600
28.5,-0.75,2000,"bu","13:49:23",1898600
28.5,-0.75,100,"bu","13:49:18",1896600
28.5,-0.75,100,"bu","13:49:15",1896500
28.5,-0.75,900,"sd","13:49:06",1896400
28.5,-0.75,200,"bu","13:48:56",1895500
28.5,-0.75,1000,"bu","13:48:55",1895300
28.5,-0.75,100,"bu","13:48:47",1894300
28.5,-0.75,1700,"bu","13:48:46",1894200
28.5,-0.75,200,"bu","13:48:43",1892500
28.5,-0.75,1400,"bu","13:48:37",1892300
28.5,-0.75,500,"bu","13:48:35",1890900
28.5,-0.75,500,"bu","13:48:28",1890400
28.5,-0.75,100,"bu","13:48:23",1889900
28.5,-0.75,100,"bu","13:48:09",1889800
28.5,-0.75,500,"bu","13:48:01",1889700
28.45,-0.8,100,"sd","13:47:52",1889200
28.5,-0.75,1000,"bu","13:47:23",1889100
28.5,-0.75,500,"bu","13:47:11",1888100
28.5,-0.75,1000,"sd","13:46:47",1887600
28.5,-0.75,100,"sd","13:46:36",1886600
28.5,-0.75,2600,"sd","13:46:34",1886500
28.5,-0.75,2600,"sd","13:46:04",1883900
28.5,-0.75,6700,"bu","13:46:00",1881300
28.5,-0.75,600,"bu","13:46:00",1874600
28.5,-0.75,600,"bu","13:45:47",1874000
28.5,-0.75,45500,"sd","13:45:29",1873400
28.5,-0.75,2000,"sd","13:45:15",1827900
28.55,-0.7,100,"bu","13:45:14",1825900
28.5,-0.75,2600,"sd","13:45:04",1825800
28.55,-0.7,100,"bu","13:44:56",1823200
28.55,-0.7,100,"sd","13:44:49",1823100
28.5,-0.75,900,"sd","13:44:33",1823000
28.55,-0.7,1600,"sd","13:44:33",1822100
28.5,-0.75,700,"sd","13:44:04",1820500
28.55,-0.7,2000,"sd","13:44:03",1819800
28.5,-0.75,100,"sd","13:44:01",1817800
28.55,-0.7,2000,"bu","13:44:01",1817700
28.45,-0.8,2600,"sd","13:43:45",1815700
28.5,-0.75,400,"sd","13:43:45",1813100
28.5,-0.75,4900,"bu","13:43:35",1812700
28.45,-0.8,2000,"sd","13:43:30",1807800
28.45,-0.8,3000,"sd","13:42:54",1805800
28.5,-0.75,1000,"bu","13:42:54",1802800
28.5,-0.75,400,"bu","13:42:51",1801800
28.5,-0.75,300,"bu","13:42:47",1801400
28.5,-0.75,4300,"bu","13:42:40",1801100
28.5,-0.75,100,"bu","13:42:18",1796800
28.5,-0.75,1000,"bu","13:42:16",1796700
28.5,-0.75,1100,"sd","13:42:03",1795700
28.5,-0.75,18800,"sd","13:42:03",1794600
28.5,-0.75,500,"sd","13:42:02",1775800
28.5,-0.75,2500,"sd","13:41:33",1775300
28.55,-0.7,800,"bu","13:41:28",1772800
28.5,-0.75,2400,"sd","13:41:03",1772000
28.5,-0.75,200,"sd","13:40:59",1769600
28.55,-0.7,1000,"sd","13:40:45",1769400
28.5,-0.75,2400,"sd","13:40:33",1768400
28.5,-0.75,100,"sd","13:40:30",1766000
28.5,-0.75,2400,"sd","13:40:03",1765900
28.5,-0.75,100,"sd","13:39:52",1763500
28.5,-0.75,2000,"sd","13:39:46",1763400
28.5,-0.75,2400,"sd","13:39:32",1761400
28.5,-0.75,9400,"sd","13:39:31",1759000
28.55,-0.7,2500,"sd","13:39:31",1749600
28.5,-0.75,2400,"sd","13:39:02",1747100
28.5,-0.75,97600,"sd","13:39:02",1744700
28.55,-0.7,700,"sd","13:39:02",1647100
28.55,-0.7,1700,"sd","13:39:01",1646400
28.55,-0.7,1000,"sd","13:38:42",1644700
28.55,-0.7,2400,"sd","13:38:32",1643700
28.55,-0.7,100,"sd","13:38:18",1641300
28.55,-0.7,2400,"sd","13:38:03",1641200
28.55,-0.7,1100,"sd","13:37:32",1638800
28.55,-0.7,1300,"sd","13:37:32",1637700
28.55,-0.7,2400,"sd","13:37:02",1636400
28.55,-0.7,100,"sd","13:36:53",1634000
28.55,-0.7,800,"sd","13:36:31",1633900
28.6,-0.65,1600,"sd","13:36:31",1633100
28.65,-0.6,500,"bu","13:36:25",1631500
28.6,-0.65,100,"sd","13:36:09",1631000
28.6,-0.65,700,"sd","13:36:07",1630900
28.55,-0.7,1600,"sd","13:36:01",1630200
28.6,-0.65,800,"sd","13:36:01",1628600
28.6,-0.65,2400,"sd","13:35:31",1627800
28.65,-0.6,100,"bu","13:35:21",1625400
28.55,-0.7,2100,"sd","13:35:02",1625300
28.55,-0.7,2400,"sd","13:34:30",1622900
28.55,-0.7,2200,"sd","13:34:29",1620500
28.6,-0.65,300,"sd","13:34:29",1618300
28.6,-0.65,800,"sd","13:34:15",1618000
28.55,-0.7,500,"sd","13:34:11",1617200
28.55,-0.7,2400,"sd","13:34:00",1616700
28.55,-0.7,2400,"sd","13:33:30",1614300
28.55,-0.7,400,"sd","13:33:01",1611900
28.55,-0.7,2000,"sd","13:33:00",1611500
28.55,-0.7,100,"sd","13:32:50",1609500
28.55,-0.7,57300,"sd","13:32:48",1609400
28.6,-0.65,7700,"sd","13:32:48",1552100
28.6,-0.65,2400,"sd","13:32:30",1544400
28.6,-0.65,2400,"sd","13:32:00",1542000
28.65,-0.6,100,"bu","13:31:56",1539600
28.65,-0.6,100,"bu","13:31:47",1539500
28.6,-0.65,2400,"sd","13:31:30",1539400
28.65,-0.6,10000,"bu","13:31:24",1537000
28.6,-0.65,2400,"sd","13:31:00",1527000
28.6,-0.65,1000,"sd","13:30:55",1524600
28.6,-0.65,2400,"sd","13:30:30",1523600
28.65,-0.6,200,"bu","13:30:19",1521200
28.6,-0.65,2400,"sd","13:30:00",1521000
28.6,-0.65,2400,"sd","13:29:30",1518600
28.6,-0.65,200,"sd","13:29:12",1516200
28.6,-0.65,2400,"sd","13:29:00",1516000
28.6,-0.65,900,"sd","13:28:30",1513600
28.65,-0.6,1000,"sd","13:28:30",1512700
28.7,-0.55,100,"sd","13:28:06",1511200
28.7,-0.55,2400,"sd","13:28:00",1511100
28.7,-0.55,900,"sd","13:27:52",1508700
28.7,-0.55,100,"bu","13:27:38",1507800
28.6,-0.65,2300,"sd","13:27:30",1507700
28.65,-0.6,100,"sd","13:27:30",1505400
28.6,-0.65,2400,"sd","13:27:00",1505300
28.6,-0.65,200,"sd","13:26:58",1502900
28.75,-0.5,8200,"bu","13:26:32",1502700
28.7,-0.55,13400,"bu","13:26:32",1494500
28.65,-0.6,13400,"bu","13:26:32",1481100
28.6,-0.65,7000,"sd","13:26:32",1467700
28.6,-0.65,2400,"sd","13:26:30",1460700
28.65,-0.6,1000,"bu","13:26:19",1458300
28.6,-0.65,2400,"sd","13:25:59",1457300
28.65,-0.6,600,"sd","13:25:43",1454900
28.6,-0.65,2400,"sd","13:25:29",1454300
28.65,-0.6,100,"bu","13:25:04",1451900
28.6,-0.65,2400,"sd","13:24:59",1451800
28.6,-0.65,2400,"sd","13:24:29",1449400
28.6,-0.65,2400,"sd","13:23:59",1447000
28.7,-0.55,5000,"bu","13:23:58",1444600
28.65,-0.6,10000,"bu","13:23:58",1439600
28.65,-0.6,5000,"bu","13:23:52",1429600
28.65,-0.6,200,"bu","13:23:38",1424600
28.6,-0.65,2700,"sd","13:23:29",1424400
28.65,-0.6,100,"bu","13:23:24",1421700
28.65,-0.6,200,"bu","13:23:06",1421600
28.6,-0.65,2500,"sd","13:22:59",1421400
28.65,-0.6,700,"bu","13:22:19",1418900
28.6,-0.65,500,"bu","13:21:57",1418200
28.55,-0.7,1700,"sd","13:21:32",1417700
28.6,-0.65,1300,"sd","13:21:32",1416000
28.55,-0.7,500,"sd","13:21:05",1414700
28.6,-0.65,500,"sd","13:21:05",1414200
28.55,-0.7,1000,"sd","13:20:28",1413700
28.55,-0.7,80700,"sd","13:20:03",1412700
28.6,-0.65,15400,"sd","13:20:03",1332000
28.65,-0.6,3900,"sd","13:20:03",1316600
28.65,-0.6,1600,"bu","13:19:56",1312700
28.65,-0.6,100,"bu","13:19:52",1311100
28.65,-0.6,100,"bu","13:19:51",1311000
28.6,-0.65,1600,"sd","13:19:50",1310900
28.65,-0.6,200,"bu","13:19:48",1309300
28.65,-0.6,400,"bu","13:19:34",1309100
28.65,-0.6,500,"bu","13:19:33",1308700
28.65,-0.6,100,"sd","13:19:32",1308200
28.6,-0.65,2100,"bu","13:18:34",1308100
28.6,-0.65,500,"bu","13:18:29",1306000
28.6,-0.65,500,"bu","13:18:26",1305500
28.6,-0.65,800,"bu","13:18:24",1305000
28.6,-0.65,31900,"sd","13:18:20",1304200
28.65,-0.6,13500,"sd","13:18:20",1272300
28.7,-0.55,700,"sd","13:18:20",1258800
28.7,-0.55,17100,"bu","13:18:11",1258100
28.7,-0.55,500,"bu","13:18:01",1241000
28.7,-0.55,100,"bu","13:17:31",1240500
28.7,-0.55,100,"bu","13:16:52",1240400
28.7,-0.55,300,"bu","13:16:45",1240300
28.7,-0.55,100,"bu","13:16:35",1240000
28.7,-0.55,200,"bu","13:16:33",1239900
28.7,-0.55,100,"bu","13:15:52",1239700
28.7,-0.55,500,"bu","13:15:44",1239600
28.7,-0.55,1000,"bu","13:14:55",1239100
28.7,-0.55,100,"bu","13:13:34",1238100
28.6,-0.65,2900,"bu","13:12:59",1238000
28.6,-0.65,2000,"bu","13:12:55",1232100
28.6,-0.65,3800,"bu","13:12:53",1230100
28.6,-0.65,100,"bu","13:12:51",1226300
28.6,-0.65,300,"bu","13:12:51",1226200
28.6,-0.65,10000,"bu","13:12:50",1225900
28.6,-0.65,200,"bu","13:12:46",1215900
28.6,-0.65,100,"bu","13:12:39",1215700
28.6,-0.65,1000,"bu","13:12:37",1215600
28.6,-0.65,1400,"bu","13:12:36",1214600
28.6,-0.65,1000,"bu","13:12:35",1213200
28.6,-0.65,9000,"bu","13:12:30",1212200
28.6,-0.65,1000,"bu","13:11:57",1203200
28.55,-0.7,200,"bu","13:11:33",1202200
28.55,-0.7,5000,"bu","13:11:30",1202000
28.55,-0.7,100,"bu","13:11:29",1197000
28.55,-0.7,1000,"bu","13:11:28",1196900
28.55,-0.7,1000,"bu","13:11:27",1195900
28.55,-0.7,100,"bu","13:11:19",1194900
28.55,-0.7,2600,"sd","13:11:17",1194800
28.55,-0.7,3400,"bu","13:11:04",1192200
28.5,-0.75,1000,"sd","13:10:59",1188800
28.55,-0.7,5000,"bu","13:10:58",1187800
28.55,-0.7,100,"bu","13:10:55",1182800
28.5,-0.75,3000,"sd","13:10:54",1182700
28.55,-0.7,1500,"sd","13:10:49",1179700
28.5,-0.75,200,"sd","13:10:40",1178200
28.55,-0.7,12800,"sd","13:10:40",1178000
28.55,-0.7,3100,"sd","13:10:34",1165200
28.6,-0.65,100,"bu","13:10:28",1162100
28.6,-0.65,200,"bu","13:10:25",1162000
28.55,-0.7,22000,"sd","13:10:25",1161800
28.55,-0.7,10000,"sd","13:10:20",1139800
28.55,-0.7,10800,"sd","13:10:08",1129800
28.6,-0.65,500,"bu","13:09:51",1119000
28.6,-0.65,100,"bu","13:09:37",1118500
28.6,-0.65,13200,"sd","13:09:36",1118400
28.65,-0.6,200,"sd","13:09:36",1105200
28.6,-0.65,1900,"sd","13:08:07",1105000
28.65,-0.6,100,"sd","13:08:07",1103100
28.65,-0.6,100,"sd","13:07:55",1103000
28.65,-0.6,100,"bu","13:07:49",1102900
28.6,-0.65,3000,"sd","13:07:43",1102800
28.6,-0.65,500,"bu","13:07:38",1099800
28.6,-0.65,100,"bu","13:07:36",1099300
28.6,-0.65,5000,"bu","13:07:32",1099200
28.6,-0.65,40200,"sd","13:07:31",1094200
28.65,-0.6,4200,"sd","13:07:31",1054000
28.65,-0.6,1200,"bu","13:07:22",1049800
28.6,-0.65,10500,"sd","13:07:21",1048600
28.65,-0.6,2000,"sd","13:06:57",1038100
28.6,-0.65,40300,"sd","13:06:47",1036100
28.65,-0.6,9800,"sd","13:06:47",995800
28.7,-0.55,500,"sd","13:06:45",986000
28.65,-0.6,600,"bu","13:06:11",985500
28.65,-0.6,40500,"sd","13:06:03",984900
28.7,-0.55,8900,"sd","13:06:03",944400
28.7,-0.55,1600,"sd","13:05:59",935500
28.7,-0.55,100,"sd","13:05:36",933900
28.7,-0.55,1600,"sd","13:05:29",933800
28.7,-0.55,100,"sd","13:05:20",932200
28.7,-0.55,1000,"sd","13:05:12",932100
28.7,-0.55,4000,"bu","13:05:06",931100
28.7,-0.55,1000,"bu","13:05:02",927100
28.7,-0.55,1600,"sd","13:04:42",926100
28.7,-0.55,1600,"sd","13:04:29",924500
28.7,-0.55,1600,"sd","13:03:59",922900
28.7,-0.55,1600,"sd","13:03:29",921300
28.7,-0.55,3400,"sd","13:03:12",919700
28.7,-0.55,1600,"sd","13:02:59",916300
28.7,-0.55,100,"sd","13:02:54",914700
28.7,-0.55,200,"sd","13:02:52",914600
28.7,-0.55,1600,"sd","13:02:29",914400
28.7,-0.55,100,"sd","13:02:17",912800
28.7,-0.55,1300,"sd","13:02:08",912700
28.7,-0.55,1600,"sd","13:01:59",911400
28.7,-0.55,500,"sd","13:01:37",909800
28.7,-0.55,1600,"sd","13:01:29",909300
28.7,-0.55,1700,"sd","13:00:59",907700
28.7,-0.55,10100,"sd","13:00:15",906000
28.7,-0.55,50000,"sd","13:00:05",895900
28.75,-0.5,3500,"sd","13:00:00",845900
28.75,-0.5,8300,"sd","11:28:13",842400
28.75,-0.5,1700,"bu","11:28:04",834100
28.75,-0.5,10000,"bu","11:27:55",832400
28.75,-0.5,1000,"bu","11:27:39",822400
28.75,-0.5,100,"bu","11:26:19",821400
28.75,-0.5,100,"bu","11:25:45",821300
28.75,-0.5,100,"bu","11:25:38",821200
28.75,-0.5,100,"bu","11:25:25",821100
28.75,-0.5,400,"bu","11:24:46",821000
28.75,-0.5,200,"sd","11:24:41",820600
28.75,-0.5,2100,"bu","11:24:31",820400
28.75,-0.5,2100,"bu","11:24:26",818300
28.75,-0.5,4000,"sd","11:23:40",816200
28.75,-0.5,4000,"sd","11:23:10",812200
28.75,-0.5,200,"bu","11:22:45",808200
28.75,-0.5,100,"bu","11:22:04",808000
28.75,-0.5,3000,"bu","11:21:58",807900
28.75,-0.5,100,"bu","11:21:45",804900
28.75,-0.5,1000,"bu","11:21:13",804800
28.75,-0.5,200,"bu","11:19:52",803800
28.75,-0.5,100,"sd","11:19:39",803600
28.75,-0.5,500,"bu","11:19:18",803500
28.75,-0.5,1000,"bu","11:19:15",803000
28.75,-0.5,1100,"sd","11:19:08",802000
28.8,-0.45,12100,"bu","11:18:43",800900
28.75,-0.5,200,"sd","11:18:31",785900
28.7,-0.55,200,"sd","11:17:46",785700
28.7,-0.55,2000,"sd","11:16:46",785500
28.75,-0.5,300,"bu","11:16:40",783500
28.75,-0.5,2100,"sd","11:16:08",783200
28.75,-0.5,200,"sd","11:16:05",781100
28.7,-0.55,200,"sd","11:15:01",780900
28.75,-0.5,700,"bu","11:15:00",780700
28.75,-0.5,1500,"sd","11:14:38",780000
28.75,-0.5,200,"sd","11:14:12",778500
28.75,-0.5,2200,"sd","11:14:08",778300
28.75,-0.5,1000,"sd","11:13:45",776100
28.75,-0.5,2200,"sd","11:13:37",775100
28.75,-0.5,2200,"sd","11:13:07",772900
28.75,-0.5,2200,"sd","11:12:37",770700
28.75,-0.5,2200,"sd","11:12:07",768500
28.75,-0.5,300,"sd","11:11:40",766300
28.75,-0.5,2200,"sd","11:11:37",766000
28.75,-0.5,2200,"sd","11:11:07",763800
28.75,-0.5,2200,"sd","11:10:37",761600
28.75,-0.5,2200,"sd","11:10:07",759400
28.75,-0.5,2200,"sd","11:09:37",757200
28.75,-0.5,200,"sd","11:09:23",755000
28.75,-0.5,2200,"sd","11:09:07",754800
28.75,-0.5,200,"sd","11:08:37",752600
28.75,-0.5,2200,"sd","11:08:37",752400
28.8,-0.45,1500,"sd","11:08:35",750200
28.8,-0.45,2100,"sd","11:08:07",748700
28.8,-0.45,200,"sd","11:07:58",746600
28.75,-0.5,2100,"sd","11:07:37",746400
28.75,-0.5,2100,"sd","11:07:06",744300
28.75,-0.5,200,"sd","11:06:52",742200
28.75,-0.5,2100,"sd","11:06:36",742000
28.75,-0.5,600,"sd","11:06:06",739900
28.75,-0.5,1500,"sd","11:06:06",739300
28.75,-0.5,200,"sd","11:05:44",737800
28.75,-0.5,2100,"sd","11:05:36",737600
28.75,-0.5,2100,"sd","11:05:06",735500
28.75,-0.5,5000,"sd","11:04:51",733400
28.75,-0.5,2100,"sd","11:04:36",728400
28.75,-0.5,1900,"sd","11:04:06",726300
28.8,-0.45,200,"sd","11:04:06",724400
28.8,-0.45,2100,"sd","11:03:36",724200
28.8,-0.45,200,"sd","11:03:32",722100
28.8,-0.45,2100,"sd","11:03:06",721900
28.8,-0.45,200,"sd","11:02:48",719800
28.8,-0.45,2100,"sd","11:02:36",719600
28.8,-0.45,2100,"sd","11:02:05",717500
28.8,-0.45,200,"sd","11:01:57",715400
28.8,-0.45,900,"bu","11:01:53",715200
28.75,-0.5,2100,"sd","11:01:35",714300
28.8,-0.45,100,"sd","11:01:18",712200
28.8,-0.45,2100,"sd","11:01:05",712100
28.8,-0.45,2100,"sd","11:00:35",710000
28.8,-0.45,2100,"sd","11:00:05",707900
28.8,-0.45,200,"sd","10:59:53",705800
28.8,-0.45,200,"sd","10:59:50",705600
28.8,-0.45,2100,"sd","10:59:35",705400
28.8,-0.45,2100,"sd","10:59:05",703300
28.75,-0.5,2100,"sd","10:58:35",701200
28.75,-0.5,2100,"sd","10:58:05",699100
28.75,-0.5,400,"sd","10:57:44",697000
28.75,-0.5,900,"sd","10:57:38",696600
28.75,-0.5,2100,"sd","10:57:35",695700
28.75,-0.5,2100,"sd","10:57:05",693600
28.75,-0.5,2100,"sd","10:56:34",691500
28.75,-0.5,700,"sd","10:56:05",689400
28.75,-0.5,1400,"sd","10:56:04",688700
28.75,-0.5,2100,"sd","10:55:34",687300
28.75,-0.5,2100,"sd","10:55:04",685200
28.75,-0.5,2100,"sd","10:54:34",683100
28.75,-0.5,100,"sd","10:54:10",681000
28.75,-0.5,2100,"sd","10:54:04",680900
28.75,-0.5,2100,"sd","10:53:34",678800
28.8,-0.45,500,"bu","10:53:27",676700
28.8,-0.45,1000,"bu","10:53:16",676200
28.75,-0.5,2100,"sd","10:53:04",675200
28.8,-0.45,500,"bu","10:52:46",673100
28.75,-0.5,2100,"sd","10:52:34",672600
28.75,-0.5,2100,"sd","10:52:04",670500
28.75,-0.5,900,"sd","10:51:35",668400
28.75,-0.5,2100,"sd","10:51:34",667500
28.75,-0.5,2100,"sd","10:51:04",665400
28.75,-0.5,100,"sd","10:50:34",663300
28.8,-0.45,2000,"sd","10:50:34",663200
28.75,-0.5,2100,"sd","10:50:04",661200
28.75,-0.5,2100,"sd","10:49:33",659100
28.75,-0.5,1300,"sd","10:49:03",657000
28.8,-0.45,800,"sd","10:49:03",655700
28.8,-0.45,200,"bu","10:48:59",654900
28.8,-0.45,1000,"bu","10:48:54",654700
28.8,-0.45,1000,"bu","10:48:45",653700
28.75,-0.5,2100,"sd","10:48:34",652700
28.8,-0.45,100,"bu","10:48:28",650600
28.75,-0.5,2100,"sd","10:48:03",650500
28.75,-0.5,2100,"sd","10:47:33",648400
28.75,-0.5,2100,"sd","10:47:03",646300
28.75,-0.5,2100,"sd","10:46:33",644200
28.75,-0.5,2100,"sd","10:46:03",642100
28.75,-0.5,2100,"sd","10:45:33",640000
28.75,-0.5,500,"sd","10:45:15",637900
28.75,-0.5,2100,"sd","10:45:03",637400
28.8,-0.45,100,"bu","10:44:49",635300
28.8,-0.45,100,"bu","10:44:35",635200
28.75,-0.5,2100,"sd","10:44:32",635100
28.8,-0.45,500,"bu","10:44:30",633000
28.8,-0.45,500,"bu","10:44:24",632500
28.75,-0.5,2100,"sd","10:44:02",632000
28.75,-0.5,200,"sd","10:43:40",629900
28.8,-0.45,500,"bu","10:43:39",629700
28.75,-0.5,2100,"sd","10:43:33",629200
28.75,-0.5,2100,"sd","10:43:02",627100
28.8,-0.45,1000,"bu","10:42:46",625000
28.75,-0.5,2100,"sd","10:42:32",624000
28.8,-0.45,200,"bu","10:42:27",621900
28.8,-0.45,500,"bu","10:42:16",621700
28.75,-0.5,2100,"sd","10:42:02",621200
28.75,-0.5,2100,"sd","10:41:32",619100
28.75,-0.5,2100,"sd","10:41:01",617000
28.75,-0.5,400,"sd","10:40:34",614900
28.75,-0.5,2100,"sd","10:40:31",614500
28.75,-0.5,11000,"sd","10:40:18",612400
28.75,-0.5,2100,"sd","10:40:02",601400
28.75,-0.5,2100,"sd","10:39:31",599300
28.75,-0.5,1900,"sd","10:39:24",597200
28.8,-0.45,100,"sd","10:39:24",595300
28.75,-0.5,1600,"sd","10:39:01",595200
28.8,-0.45,500,"sd","10:39:01",593600
28.75,-0.5,1000,"sd","10:38:31",593100
28.8,-0.45,1100,"sd","10:38:31",592100
28.8,-0.45,1100,"sd","10:38:01",591000
28.85,-0.4,1000,"sd","10:38:01",589900
28.8,-0.45,500,"sd","10:37:37",588900
28.8,-0.45,2100,"sd","10:37:31",588400
28.8,-0.45,2000,"sd","10:37:09",586300
28.8,-0.45,2100,"sd","10:37:01",584300
28.8,-0.45,2100,"sd","10:36:30",582200
28.8,-0.45,2100,"sd","10:36:00",580100
28.8,-0.45,2100,"sd","10:35:30",578000
28.8,-0.45,2100,"sd","10:35:00",575900
28.8,-0.45,200,"sd","10:34:37",573800
28.8,-0.45,2100,"sd","10:34:30",573600
28.8,-0.45,2100,"sd","10:34:00",571500
28.8,-0.45,4000,"sd","10:33:50",569400
28.8,-0.45,2100,"sd","10:33:30",565400
28.8,-0.45,2100,"sd","10:33:00",563300
28.8,-0.45,1000,"sd","10:32:48",561200
28.8,-0.45,2100,"sd","10:32:30",560200
28.8,-0.45,1700,"sd","10:32:00",558100
28.8,-0.45,400,"sd","10:32:00",556400
28.8,-0.45,2100,"sd","10:31:30",556000
28.8,-0.45,2100,"sd","10:31:00",553900
28.8,-0.45,200,"sd","10:30:45",551800
28.8,-0.45,2100,"sd","10:30:30",551600
28.8,-0.45,2100,"sd","10:30:00",549500
28.8,-0.45,900,"sd","10:29:30",547400
28.85,-0.4,1200,"sd","10:29:30",546500
28.85,-0.4,1000,"sd","10:29:09",545300
28.85,-0.4,2100,"sd","10:28:59",544300
28.85,-0.4,2100,"sd","10:28:29",542200
28.85,-0.4,3000,"sd","10:28:22",540100
28.9,-0.35,100,"bu","10:28:01",537100
28.85,-0.4,2100,"sd","10:27:59",537000
28.85,-0.4,2100,"sd","10:27:29",534900
28.85,-0.4,2100,"sd","10:26:59",532800
28.85,-0.4,2100,"sd","10:26:29",530700
28.85,-0.4,2000,"sd","10:26:06",528600
28.85,-0.4,2100,"sd","10:25:59",526600
28.85,-0.4,100,"sd","10:23:58",524500
28.9,-0.35,1900,"sd","10:20:38",524400
28.9,-0.35,2000,"sd","10:20:17",522500
28.9,-0.35,500,"sd","10:20:00",520500
28.9,-0.35,400,"sd","10:19:32",520000
28.9,-0.35,2500,"sd","10:19:18",519600
28.9,-0.35,2800,"sd","10:19:04",517100
28.9,-0.35,100,"sd","10:18:14",514300
28.9,-0.35,1000,"sd","10:17:53",514200
28.9,-0.35,600,"sd","10:17:25",513200
28.9,-0.35,500,"sd","10:16:30",512600
28.9,-0.35,2000,"sd","10:15:38",512100
28.95,-0.3,500,"bu","10:15:21",510100
28.95,-0.3,1000,"bu","10:13:01",509600
28.95,-0.3,200,"bu","10:11:29",508600
28.95,-0.3,500,"bu","10:10:27",508400
28.9,-0.35,300,"sd","10:10:00",507900
28.9,-0.35,500,"sd","10:09:03",507600
28.9,-0.35,3000,"bu","10:07:30",507100
28.9,-0.35,2000,"sd","10:06:04",504100
28.95,-0.3,200,"bu","10:05:13",502100
28.95,-0.3,100,"bu","10:04:13",501900
28.95,-0.3,2000,"bu","10:03:51",501800
28.95,-0.3,100,"bu","10:02:09",499800
28.9,-0.35,400,"bu","10:00:29",499700
28.9,-0.35,500,"bu","10:00:14",499300
28.9,-0.35,3000,"bu","09:59:41",498800
28.85,-0.4,100,"sd","09:58:52",495800
28.85,-0.4,1000,"sd","09:58:14",495700
28.85,-0.4,100,"sd","09:58:14",494700
28.85,-0.4,900,"sd","09:56:39",494600
28.9,-0.35,500,"bu","09:56:31",493700
28.9,-0.35,700,"bu","09:56:19",493200
28.85,-0.4,500,"bu","09:55:32",492500
28.85,-0.4,2000,"bu","09:55:30",492000
28.85,-0.4,5000,"bu","09:55:23",490000
28.85,-0.4,1500,"sd","09:55:05",485000
28.9,-0.35,100,"bu","09:54:04",483500
28.8,-0.45,1500,"sd","09:53:53",483400
28.8,-0.45,1000,"sd","09:53:49",481900
28.8,-0.45,7000,"bu","09:52:57",480900
28.8,-0.45,2900,"sd","09:52:52",473900
28.8,-0.45,1000,"bu","09:52:24",471000
28.8,-0.45,500,"bu","09:52:22",470000
28.8,-0.45,500,"bu","09:52:18",469500
28.8,-0.45,100,"bu","09:52:13",469000
28.8,-0.45,15000,"bu","09:52:09",468900
28.75,-0.5,3500,"sd","09:52:05",453900
28.8,-0.45,100,"bu","09:51:41",450400
28.8,-0.45,32100,"sd","09:51:36",450300
28.9,-0.35,2300,"sd","09:51:36",418200
28.9,-0.35,2200,"sd","09:51:18",415900
28.9,-0.35,6000,"sd","09:51:01",413700
28.95,-0.3,100,"bu","09:50:26",407700
28.95,-0.3,100,"bu","09:50:17",407600
28.95,-0.3,2000,"bu","09:50:14",407500
28.95,-0.3,2000,"bu","09:49:45",405500
28.95,-0.3,100,"bu","09:49:15",403500
28.9,-0.35,2800,"sd","09:47:58",403400
28.9,-0.35,200,"bu","09:46:49",400600
28.8,-0.45,1000,"sd","09:45:56",400400
28.8,-0.45,1800,"sd","09:45:37",399400
28.85,-0.4,2600,"sd","09:45:37",397600
28.9,-0.35,1200,"sd","09:45:37",395000
28.9,-0.35,5000,"bu","09:44:07",393800
28.85,-0.4,400,"bu","09:43:48",388800
28.85,-0.4,100,"bu","09:43:41",388400
28.8,-0.45,7000,"bu","09:43:33",388300
28.8,-0.45,500,"bu","09:43:33",381300
28.8,-0.45,5500,"bu","09:43:32",380800
28.8,-0.45,5000,"bu","09:43:31",375300
28.8,-0.45,500,"bu","09:43:30",370300
28.8,-0.45,3900,"bu","09:43:29",369800
28.8,-0.45,22000,"bu","09:43:28",365900
28.8,-0.45,500,"bu","09:43:27",343900
28.8,-0.45,200,"bu","09:43:27",343400
28.8,-0.45,19500,"bu","09:43:26",343200
28.8,-0.45,12300,"bu","09:43:23",323700
28.8,-0.45,1400,"bu","09:43:22",311400
28.8,-0.45,600,"bu","09:43:21",310000
28.8,-0.45,12000,"bu","09:43:19",309400
28.8,-0.45,800,"bu","09:43:18",297400
28.8,-0.45,5000,"bu","09:43:17",296600
28.8,-0.45,3000,"bu","09:43:15",291600
28.8,-0.45,5000,"bu","09:43:15",288600
28.8,-0.45,200,"bu","09:43:14",283600
28.8,-0.45,300,"bu","09:43:12",282900
28.8,-0.45,500,"bu","09:43:09",282600
28.8,-0.45,2000,"bu","09:43:08",282100
28.8,-0.45,5000,"bu","09:43:06",280100
28.8,-0.45,30000,"bu","09:43:02",275100
28.8,-0.45,300,"bu","09:42:54",245100
28.8,-0.45,500,"bu","09:42:45",244800
28.8,-0.45,5000,"bu","09:42:38",244300
28.8,-0.45,500,"bu","09:42:29",239300
28.8,-0.45,1000,"bu","09:42:16",238800
28.8,-0.45,5000,"bu","09:42:13",237800
28.8,-0.45,1000,"bu","09:41:53",232800
28.8,-0.45,2800,"bu","09:41:20",231800
28.8,-0.45,5000,"bu","09:39:49",229000
28.8,-0.45,100,"bu","09:39:26",224000
28.8,-0.45,300,"bu","09:39:12",223900
28.75,-0.5,1000,"sd","09:39:10",223600
28.75,-0.5,1000,"sd","09:39:08",222600
28.75,-0.5,1000,"sd","09:38:49",221600
28.75,-0.5,1000,"sd","09:38:42",220600
28.8,-0.45,200,"bu","09:38:21",219600
28.8,-0.45,5000,"bu","09:37:47",219400
28.8,-0.45,2000,"bu","09:37:25",214400
28.8,-0.45,100,"bu","09:37:19",212400
28.8,-0.45,100,"bu","09:37:14",212300
28.8,-0.45,100,"bu","09:37:04",212200
28.8,-0.45,100,"bu","09:36:43",212100
28.8,-0.45,200,"bu","09:36:30",212000
28.8,-0.45,200,"bu","09:35:54",211800
28.8,-0.45,100,"bu","09:35:25",211600
28.8,-0.45,2000,"bu","09:35:10",211500
28.8,-0.45,100,"bu","09:35:02",209500
28.8,-0.45,16800,"bu","09:34:15",209400
28.75,-0.5,100,"sd","09:34:10",192600
28.75,-0.5,100,"sd","09:33:45",192500
28.8,-0.45,400,"bu","09:33:44",192400
28.75,-0.5,2000,"sd","09:33:32",192000
28.75,-0.5,10000,"sd","09:33:06",190000
28.8,-0.45,100,"bu","09:32:37",180000
28.75,-0.5,2500,"sd","09:32:29",179900
28.75,-0.5,7500,"sd","09:32:28",177400
28.8,-0.45,2000,"bu","09:31:57",169900
28.8,-0.45,1000,"bu","09:31:42",167900
28.8,-0.45,1000,"bu","09:31:36",166900
28.75,-0.5,500,"sd","09:31:27",165900
28.8,-0.45,600,"bu","09:31:22",165400
28.8,-0.45,200,"bu","09:31:21",164800
28.8,-0.45,200,"bu","09:31:19",164600
28.8,-0.45,100,"bu","09:30:56",164400
28.75,-0.5,1000,"sd","09:30:51",164300
28.75,-0.5,3900,"sd","09:30:49",163300
28.75,-0.5,200,"sd","09:30:29",159400
28.75,-0.5,100,"sd","09:30:20",159200
28.75,-0.5,100,"sd","09:30:14",159100
28.75,-0.5,500,"sd","09:30:10",159000
28.8,-0.45,200,"bu","09:30:08",158500
28.8,-0.45,100,"bu","09:29:36",158300
28.75,-0.5,3000,"sd","09:29:29",158200
28.8,-0.45,5000,"bu","09:29:12",155200
28.8,-0.45,1500,"bu","09:29:11",150200
28.8,-0.45,100,"bu","09:29:04",148700
28.8,-0.45,200,"bu","09:29:01",148600
28.8,-0.45,1000,"bu","09:28:55",148400
28.8,-0.45,1000,"bu","09:28:50",147400
28.8,-0.45,13100,"sd","09:28:46",146400
28.8,-0.45,6600,"sd","09:28:39",133300
28.8,-0.45,17600,"sd","09:28:38",126700
28.9,-0.35,900,"sd","09:28:38",91600
28.9,-0.35,3000,"bu","09:28:27",90700
28.9,-0.35,5000,"bu","09:28:22",87700
28.9,-0.35,2000,"bu","09:27:45",82700
28.9,-0.35,25200,"sd","09:27:15",80700
28.95,-0.3,100,"sd","09:27:15",55500
28.95,-0.3,1800,"sd","09:27:05",55400
28.95,-0.3,500,"sd","09:26:59",53600
28.95,-0.3,1600,"bu","09:26:41",53100
28.95,-0.3,100,"bu","09:26:37",51500
28.95,-0.3,100,"sd","09:26:34",51400
28.95,-0.3,1800,"sd","09:26:04",51300
28.95,-0.3,1800,"sd","09:25:34",49500
28.95,-0.3,1800,"sd","09:25:04",47700
28.95,-0.3,1800,"bu","09:24:41",45900
28.95,-0.3,2000,"bu","09:24:33",44100
28.95,-0.3,1400,"sd","09:23:47",42100
28.95,-0.3,600,"bu","09:23:43",40700
28.95,-0.3,1200,"sd","09:23:34",40100
28.95,-0.3,1800,"sd","09:23:04",38900
28.95,-0.3,1800,"sd","09:22:34",37100
28.95,-0.3,100,"sd","09:22:18",35300
28.95,-0.3,1800,"sd","09:22:06",35200
28.95,-0.3,1800,"sd","09:21:30",33400
28.95,-0.3,1800,"sd","09:21:00",31600
28.95,-0.3,1800,"sd","09:20:29",29800
28.95,-0.3,1800,"sd","09:19:59",28000
29,-0.25,100,"bu","09:19:57",26200
29,-0.25,300,"bu","09:19:50",26100
28.95,-0.3,1800,"sd","09:19:29",25800
29,-0.25,500,"bu","09:19:28",24000
28.95,-0.3,100,"sd","09:19:27",23500
29,-0.25,3500,"sd","09:19:04",23400
29,-0.25,1800,"sd","09:18:59",19900
29,-0.25,500,"sd","09:18:50",18100
29,-0.25,1800,"sd","09:18:29",17600
29.05,-0.2,900,"bu","09:18:24",15800
29.05,-0.2,500,"bu","09:18:22",14900
29.05,-0.2,1800,"sd","09:18:20",14400
29.05,-0.2,1800,"sd","09:17:59",12600
29.05,-0.2,500,"sd","09:17:53",10800
29.05,-0.2,1800,"sd","09:17:29",10300
29.05,-0.2,100,"sd","09:17:12",8500
29,-0.25,1800,"sd","09:16:59",8400
29,-0.25,800,"sd","09:16:29",6600
29.05,-0.2,1000,"sd","09:16:29",5800
29.15,-0.1,1900,"sd","09:16:23",4800
29.15,-0.1,1900,"sd","09:16:04",2900
29.2,-0.05,1000,"","09:15:00",1000
