"price","change","match_qtty","side","time","total_vol"
18.2,-0.3,30000,"bu","15:00:00",3251300
18.1,-0.4,3000,"sd","14:59:59",3221300
18.2,-0.3,100,"bu","14:59:30",3218300
18.1,-0.4,300,"sd","14:59:28",3218200
18.2,-0.3,500,"bu","14:59:25",3217900
18.2,-0.3,15200,"sd","14:59:12",3217400
18.2,-0.3,200,"sd","14:58:58",3202200
18.2,-0.3,2000,"sd","14:58:45",3202000
18.2,-0.3,1000,"sd","14:58:34",3200000
18.3,-0.2,100,"bu","14:58:33",3199000
18.2,-0.3,5000,"sd","14:58:25",3198900
18.2,-0.3,4000,"sd","14:58:08",3193900
18.2,-0.3,500,"sd","14:58:02",3189900
18.2,-0.3,500,"bu","14:57:59",3189400
18.2,-0.3,2500,"bu","14:57:56",3188900
18.2,-0.3,1000,"bu","14:57:51",3186400
18.2,-0.3,2000,"bu","14:57:41",3185400
18.2,-0.3,500,"bu","14:57:37",3183400
18.2,-0.3,1000,"bu","14:57:29",3182900
18.2,-0.3,3000,"bu","14:57:26",3181900
18.2,-0.3,100,"bu","14:57:23",3178900
18.2,-0.3,1200,"bu","14:57:20",3178800
18.2,-0.3,1000,"bu","14:57:16",3177600
18.2,-0.3,2200,"bu","14:57:03",3176600
18.2,-0.3,1000,"bu","14:56:56",3174300
18.2,-0.3,197500,"sd","14:56:48",3173300
18.3,-0.2,1200,"bu","14:56:44",2975800
18.3,-0.2,100,"bu","14:56:25",2974600
18.3,-0.2,1800,"bu","14:56:06",2974500
18.2,-0.3,300,"sd","14:55:49",2972700
18.3,-0.2,500,"bu","14:55:33",2972400
18.3,-0.2,1000,"bu","14:54:19",2971900
18.3,-0.2,1000,"bu","14:54:08",2970900
18.3,-0.2,1000,"bu","14:53:54",2969900
18.2,-0.3,200,"sd","14:53:50",2968900
18.3,-0.2,1000,"bu","14:52:40",2968700
18.2,-0.3,2500,"sd","14:51:11",2967700
18.2,-0.3,10000,"sd","14:51:01",2965200
18.2,-0.3,600,"sd","14:50:45",2955200
18.2,-0.3,15600,"sd","14:50:43",2954600
18.2,-0.3,500,"sd","14:49:55",2939000
18.2,-0.3,7000,"sd","14:49:47",2938500
18.2,-0.3,500,"sd","14:49:45",2931500
18.2,-0.3,20000,"sd","14:49:23",2931000
18.2,-0.3,100,"sd","14:49:15",2911000
18.2,-0.3,200,"sd","14:49:10",2910900
18.2,-0.3,1000,"sd","14:48:54",2910700
18.2,-0.3,1000,"sd","14:48:39",2909700
18.2,-0.3,12100,"bu","14:48:12",2908700
18.2,-0.3,10000,"bu","14:48:10",2896600
18.2,-0.3,500,"bu","14:48:07",2886600
18.2,-0.3,500,"bu","14:48:06",2886100
18.2,-0.3,2000,"bu","14:47:57",2885600
18.2,-0.3,2000,"bu","14:47:56",2883600
18.2,-0.3,300,"bu","14:47:49",2881600
18.2,-0.3,500,"bu","14:47:48",2881300
18.2,-0.3,6000,"bu","14:47:45",2880800
18.2,-0.3,400,"bu","14:47:36",2874800
18.2,-0.3,600,"sd","14:47:22",2868000
18.2,-0.3,20000,"sd","14:47:21",2867400
18.2,-0.3,200,"sd","14:47:04",2847400
18.2,-0.3,5000,"sd","14:47:00",2847200
18.2,-0.3,100,"sd","14:46:59",2842200
18.2,-0.3,700,"sd","14:46:57",2842100
18.2,-0.3,11900,"sd","14:46:50",2841400
18.2,-0.3,1000,"bu","14:46:48",2829500
18.2,-0.3,1000,"bu","14:46:47",2828500
18.2,-0.3,2000,"bu","14:46:44",2827500
18.2,-0.3,8800,"bu","14:46:43",2825500
18.2,-0.3,1000,"bu","14:46:42",2816700
18.2,-0.3,500,"bu","14:46:39",2815700
18.2,-0.3,1000,"bu","14:46:38",2815200
18.2,-0.3,26000,"bu","14:46:35",2814200
18.2,-0.3,200,"bu","14:46:22",2788200
18.2,-0.3,4500,"bu","14:46:18",2788000
18.2,-0.3,700,"bu","14:46:16",2783500
18.2,-0.3,1000,"bu","14:46:13",2782800
18.2,-0.3,900,"bu","14:46:00",2781800
18.2,-0.3,1000,"bu","14:45:58",2780900
18.2,-0.3,200,"bu","14:45:51",2779900
18.2,-0.3,100,"bu","14:45:44",2779700
18.1,-0.4,1300,"sd","14:45:40",2779600
18.2,-0.3,3400,"bu","14:45:38",2778300
18.2,-0.3,200,"bu","14:45:36",2774900
18.2,-0.3,1000,"bu","14:45:35",2774700
18.2,-0.3,200,"bu","14:45:26",2773700
18.2,-0.3,2000,"bu","14:45:02",2773500
18.2,-0.3,1000,"bu","14:45:01",2771500
18.2,-0.3,1000,"bu","14:44:56",2770500
18.2,-0.3,1000,"bu","14:44:54",2769500
18.2,-0.3,600,"bu","14:44:45",2768500
18.2,-0.3,5200,"bu","14:44:40",2767900
18.2,-0.3,600,"bu","14:44:37",2762700
18.2,-0.3,100,"bu","14:44:30",2762100
18.1,-0.4,15000,"sd","14:44:29",2762000
18.2,-0.3,5000,"bu","14:44:20",2747000
18.2,-0.3,600,"bu","14:44:09",2742000
18.1,-0.4,200,"sd","14:44:05",2741400
18.1,-0.4,1000,"sd","14:43:54",2741200
18.2,-0.3,3000,"bu","14:43:50",2740200
18.2,-0.3,1000,"bu","14:43:36",2737200
18.2,-0.3,3000,"bu","14:43:26",2736200
18.1,-0.4,1000,"sd","14:43:20",2733200
18.1,-0.4,100,"sd","14:43:15",2732200
18.2,-0.3,200,"bu","14:43:12",2732100
18.2,-0.3,100,"bu","14:43:04",2731900
18.2,-0.3,100,"bu","14:43:01",2731800
18.2,-0.3,1100,"bu","14:43:00",2731700
18.2,-0.3,2400,"bu","14:42:55",2730600
18.1,-0.4,1000,"sd","14:42:50",2728200
18.2,-0.3,800,"bu","14:42:45",2727200
18.2,-0.3,500,"bu","14:42:43",2726400
18.2,-0.3,1000,"bu","14:42:40",2725900
18.2,-0.3,200,"bu","14:42:39",2724900
18.2,-0.3,500,"bu","14:42:26",2724700
18.2,-0.3,500,"bu","14:42:06",2724200
18.1,-0.4,400,"sd","14:42:00",2723700
18.2,-0.3,100,"bu","14:41:58",2723300
18.2,-0.3,1000,"bu","14:41:54",2723200
18.2,-0.3,100,"bu","14:41:47",2722200
18.2,-0.3,2000,"bu","14:41:42",2722100
18.2,-0.3,200,"bu","14:41:41",2720100
18.1,-0.4,100,"sd","14:41:35",2719900
18.2,-0.3,3000,"bu","14:40:46",2719800
18.2,-0.3,1000,"bu","14:40:43",2716800
18.1,-0.4,2700,"sd","14:40:40",2715800
18.1,-0.4,3500,"sd","14:40:39",2713100
18.1,-0.4,27000,"sd","14:40:38",2709600
18.2,-0.3,400,"bu","14:40:27",2682600
18.2,-0.3,200,"bu","14:40:23",2682200
18.2,-0.3,100,"bu","14:40:21",2682000
18.2,-0.3,1200,"bu","14:40:18",2681900
18.2,-0.3,200,"bu","14:40:13",2680700
18.2,-0.3,3000,"bu","14:40:12",2680500
18.2,-0.3,100,"bu","14:40:10",2677500
18.2,-0.3,1000,"bu","14:40:06",2677400
18.2,-0.3,100,"bu","14:40:03",2676400
18.2,-0.3,400,"bu","14:39:54",2676300
18.2,-0.3,1000,"bu","14:39:48",2675900
18.2,-0.3,1000,"bu","14:39:47",2674900
18.2,-0.3,100,"bu","14:39:45",2673900
18.2,-0.3,290700,"sd","14:39:34",2673800
18.2,-0.3,100,"sd","14:39:32",2383100
18.2,-0.3,7400,"sd","14:39:30",2383000
18.2,-0.3,15600,"sd","14:39:29",2375600
18.2,-0.3,100,"sd","14:39:23",2360000
18.3,-0.2,100,"bu","14:39:19",2359900
18.3,-0.2,100,"bu","14:39:05",2359800
18.2,-0.3,5000,"sd","14:38:36",2359700
18.3,-0.2,500,"bu","14:38:27",2354700
18.3,-0.2,100,"bu","14:38:16",2354200
18.3,-0.2,300,"bu","14:37:44",2354100
18.3,-0.2,100,"bu","14:37:24",2353800
18.2,-0.3,100,"sd","14:37:23",2353700
18.3,-0.2,5000,"bu","14:37:13",2353600
18.3,-0.2,1000,"bu","14:37:10",2348600
18.3,-0.2,3000,"bu","14:37:08",2347600
18.2,-0.3,1000,"sd","14:36:05",2344600
18.2,-0.3,5500,"sd","14:35:36",2343600
18.2,-0.3,4000,"sd","14:35:10",2338100
18.2,-0.3,100,"sd","14:35:00",2334100
18.2,-0.3,500,"sd","14:34:18",2334000
18.3,-0.2,1000,"bu","14:33:44",2333500
18.3,-0.2,500,"bu","14:33:38",2332500
18.3,-0.2,500,"bu","14:33:15",2332000
18.2,-0.3,500,"sd","14:32:40",2331500
18.2,-0.3,20300,"sd","14:32:17",2331000
18.3,-0.2,100,"bu","14:32:13",2310700
18.2,-0.3,3000,"sd","14:32:12",2310600
18.2,-0.3,100,"sd","14:31:54",2307600
18.3,-0.2,50000,"bu","14:31:44",2307500
18.2,-0.3,100,"sd","14:31:41",2257500
18.2,-0.3,200,"sd","14:31:40",2257400
18.3,-0.2,100,"bu","14:31:11",2257200
18.3,-0.2,1100,"bu","14:30:46",2257100
18.2,-0.3,600,"sd","14:30:38",2256000
18.2,-0.3,2000,"sd","14:30:32",2255400
18.2,-0.3,100,"sd","14:30:09",2253400
18.2,-0.3,700,"sd","14:29:56",2253300
18.3,-0.2,900,"bu","14:29:55",2252600
18.2,-0.3,400,"sd","14:29:37",2251700
18.2,-0.3,100,"sd","14:29:36",2251300
18.3,-0.2,2000,"bu","14:29:35",2251200
18.3,-0.2,5000,"bu","14:29:30",2249200
18.2,-0.3,1000,"sd","14:29:05",2244200
18.3,-0.2,200,"bu","14:29:02",2243200
18.3,-0.2,5000,"bu","14:28:47",2243000
18.2,-0.3,1100,"sd","14:28:46",2238000
18.3,-0.2,1000,"bu","14:28:44",2236900
18.3,-0.2,97600,"sd","14:28:26",2235900
18.3,-0.2,2600,"sd","14:28:25",2138300
18.3,-0.2,14000,"sd","14:28:21",2135700
18.3,-0.2,300,"sd","14:28:19",2121700
18.3,-0.2,5000,"sd","14:28:09",2121400
18.3,-0.2,5000,"sd","14:28:06",2116400
18.3,-0.2,1000,"sd","14:27:46",2111400
18.3,-0.2,100,"sd","14:27:44",2110400
18.3,-0.2,300,"sd","14:27:39",2110300
18.3,-0.2,200,"sd","14:27:34",2110000
18.3,-0.2,4000,"sd","14:27:31",2109800
18.3,-0.2,10000,"sd","14:27:25",2105800
18.3,-0.2,900,"sd","14:27:24",2095800
18.3,-0.2,500,"sd","14:27:19",2094900
18.3,-0.2,1000,"sd","14:27:13",2094400
18.3,-0.2,400,"sd","14:27:04",2093400
18.3,-0.2,10000,"sd","14:26:59",2093000
18.3,-0.2,600,"sd","14:26:55",2083000
18.3,-0.2,8800,"sd","14:26:52",2082400
18.3,-0.2,100,"sd","14:26:38",2073600
18.3,-0.2,3500,"sd","14:26:20",2073500
18.3,-0.2,4300,"sd","14:26:16",2070000
18.3,-0.2,300,"sd","14:26:00",2065700
18.3,-0.2,200,"sd","14:25:20",2065400
18.3,-0.2,3400,"sd","14:25:18",2065200
18.3,-0.2,2500,"sd","14:24:49",2061800
18.3,-0.2,8000,"sd","14:24:40",2059300
18.4,-0.1,100,"bu","14:23:33",2051300
18.4,-0.1,500,"bu","14:22:51",2051200
18.3,-0.2,1000,"sd","14:22:28",2050700
18.3,-0.2,7200,"sd","14:22:27",2049700
18.3,-0.2,100,"sd","14:22:24",2042500
18.4,-0.1,300,"bu","14:22:09",2042400
18.4,-0.1,5000,"bu","14:21:54",2042100
18.4,-0.1,10000,"bu","14:21:39",2037100
18.4,-0.1,1700,"bu","14:21:24",2027100
18.4,-0.1,1000,"bu","14:21:12",2025400
18.4,-0.1,5000,"bu","14:21:07",2024400
18.4,-0.1,100,"bu","14:20:56",2019400
18.3,-0.2,700,"sd","14:20:31",2019300
18.3,-0.2,1900,"sd","14:20:30",2018600
18.3,-0.2,2000,"sd","14:20:23",2016700
18.3,-0.2,100,"sd","14:20:20",2014700
18.3,-0.2,300,"sd","14:20:16",2014600
18.3,-0.2,2900,"sd","14:19:49",2014300
18.3,-0.2,1000,"sd","14:19:45",2011400
18.3,-0.2,1000,"sd","14:19:34",2010400
18.3,-0.2,400,"sd","14:19:29",2009400
18.3,-0.2,2000,"sd","14:19:17",2009000
18.3,-0.2,1500,"sd","14:18:51",2007000
18.3,-0.2,1000,"sd","14:18:31",2005500
18.3,-0.2,2500,"sd","14:18:11",2004500
18.3,-0.2,7000,"sd","14:17:30",2002000
18.3,-0.2,6000,"sd","14:16:51",1995000
18.3,-0.2,300,"sd","14:16:29",1989000
18.3,-0.2,800,"sd","14:16:20",1988700
18.4,-0.1,100,"bu","14:16:04",1987900
18.4,-0.1,100,"bu","14:14:58",1987800
18.3,-0.2,500,"sd","14:14:57",1987700
18.4,-0.1,100,"bu","14:14:41",1987200
18.4,-0.1,100,"bu","14:14:40",1987100
18.4,-0.1,100,"bu","14:14:15",1987000
18.3,-0.2,1500,"sd","14:13:27",1986900
18.4,-0.1,1800,"bu","14:13:11",1985400
18.3,-0.2,100,"sd","14:11:19",1983600
18.3,-0.2,2500,"sd","14:10:01",1983500
18.3,-0.2,9800,"sd","14:09:56",1981000
18.3,-0.2,5000,"sd","14:09:48",1971200
18.3,-0.2,1000,"sd","14:09:34",1966200
18.3,-0.2,20000,"sd","14:09:21",1965200
18.3,-0.2,10000,"sd","14:09:13",1945200
18.4,-0.1,100,"bu","14:09:09",1935200
18.4,-0.1,600,"bu","14:07:49",1935100
18.4,-0.1,100,"bu","14:06:52",1934500
18.3,-0.2,3000,"sd","14:06:43",1934400
18.3,-0.2,800,"sd","14:06:34",1931400
18.3,-0.2,1000,"sd","14:06:13",1930600
18.3,-0.2,200,"sd","14:05:19",1929600
18.3,-0.2,2000,"sd","14:05:16",1929400
18.3,-0.2,100,"sd","14:03:42",1927400
18.3,-0.2,500,"sd","14:03:21",1927300
18.3,-0.2,100,"sd","14:02:44",1926800
18.3,-0.2,100,"sd","14:02:04",1926700
18.4,-0.1,500,"bu","14:01:38",1926600
18.4,-0.1,1000,"bu","14:01:31",1926100
18.3,-0.2,200,"sd","14:01:21",1925100
18.4,-0.1,1000,"bu","14:01:16",1924900
18.3,-0.2,2000,"sd","14:01:02",1923900
18.3,-0.2,3000,"sd","14:00:11",1921900
18.3,-0.2,1000,"sd","14:00:10",1918900
18.3,-0.2,1000,"sd","13:58:37",1917900
18.3,-0.2,400,"sd","13:57:22",1916900
18.3,-0.2,300,"sd","13:56:36",1916500
18.4,-0.1,500,"bu","13:56:31",1916200
18.4,-0.1,1000,"bu","13:56:07",1915700
18.3,-0.2,300,"sd","13:55:53",1914700
18.4,-0.1,300,"bu","13:54:55",1914400
18.4,-0.1,100,"bu","13:54:41",1914100
18.3,-0.2,8000,"sd","13:54:22",1914000
18.3,-0.2,100,"sd","13:53:56",1906000
18.3,-0.2,3000,"sd","13:53:39",1905900
18.3,-0.2,400,"sd","13:53:37",1902900
18.3,-0.2,200,"sd","13:53:24",1902500
18.3,-0.2,1000,"sd","13:53:22",1902300
18.3,-0.2,600,"sd","13:52:53",1901300
18.3,-0.2,900,"sd","13:52:49",1900700
18.3,-0.2,2800,"sd","13:52:38",1899800
18.3,-0.2,300,"sd","13:52:34",1897000
18.3,-0.2,400,"sd","13:52:14",1896700
18.3,-0.2,100,"sd","13:50:37",1896300
18.3,-0.2,3600,"sd","13:50:36",1896200
18.3,-0.2,5000,"sd","13:49:22",1892600
18.4,-0.1,4000,"bu","13:49:12",1887600
18.4,-0.1,500,"bu","13:48:45",1883600
18.4,-0.1,2000,"bu","13:47:48",1883100
18.4,-0.1,2000,"bu","13:47:10",1881100
18.3,-0.2,1000,"sd","13:47:04",1879100
18.4,-0.1,300,"bu","13:46:55",1878100
18.4,-0.1,200,"bu","13:46:42",1877800
18.4,-0.1,10000,"bu","13:46:35",1877600
18.4,-0.1,300,"bu","13:46:25",1867600
18.4,-0.1,100,"bu","13:46:16",1867300
18.4,-0.1,200,"bu","13:46:14",1867200
18.4,-0.1,200,"bu","13:46:11",1867000
18.4,-0.1,200,"bu","13:45:51",1866800
18.4,-0.1,500,"bu","13:45:30",1866600
18.4,-0.1,1500,"bu","13:45:19",1866100
18.4,-0.1,300,"bu","13:44:57",1864600
18.3,-0.2,10000,"sd","13:44:37",1864300
18.3,-0.2,5000,"sd","13:43:06",1854300
18.3,-0.2,7000,"sd","13:42:58",1849300
18.3,-0.2,4000,"sd","13:42:27",1842300
18.3,-0.2,1400,"sd","13:42:20",1838300
18.3,-0.2,500,"sd","13:42:07",1836900
18.3,-0.2,200,"sd","13:41:59",1836400
18.3,-0.2,1000,"bu","13:41:53",1836200
18.3,-0.2,2800,"bu","13:41:49",1835200
18.3,-0.2,1000,"sd","13:41:34",1832400
18.3,-0.2,7000,"sd","13:41:32",1831400
18.3,-0.2,1000,"sd","13:41:21",1824400
18.3,-0.2,900,"sd","13:40:23",1823400
18.3,-0.2,4100,"sd","13:39:22",1822500
18.3,-0.2,1000,"sd","13:39:20",1818400
18.3,-0.2,100,"sd","13:39:16",1817400
18.3,-0.2,300,"sd","13:39:15",1817300
18.3,-0.2,200,"sd","13:39:06",1817000
18.3,-0.2,200,"sd","13:38:23",1816800
18.3,-0.2,500,"sd","13:38:01",1816600
18.3,-0.2,100,"sd","13:37:47",1816100
18.3,-0.2,1500,"sd","13:37:25",1816000
18.3,-0.2,200,"sd","13:36:59",1814500
18.3,-0.2,3800,"sd","13:36:45",1814300
18.3,-0.2,500,"sd","13:36:43",1810500
18.3,-0.2,700,"bu","13:35:58",1810000
18.3,-0.2,5000,"bu","13:35:57",1809300
18.3,-0.2,300,"bu","13:35:47",1804300
18.3,-0.2,100,"bu","13:34:39",1804000
18.3,-0.2,1100,"bu","13:34:32",1803900
18.3,-0.2,1100,"bu","13:34:25",1802800
18.3,-0.2,100,"bu","13:34:24",1801700
18.3,-0.2,500,"bu","13:34:20",1801600
18.3,-0.2,8500,"bu","13:34:19",1801100
18.3,-0.2,100,"sd","13:34:12",1792600
18.3,-0.2,1500,"sd","13:33:32",1792500
18.3,-0.2,4000,"sd","13:33:13",1791000
18.3,-0.2,6900,"sd","13:33:10",1787000
18.3,-0.2,2000,"sd","13:33:01",1780100
18.3,-0.2,500,"sd","13:32:46",1778100
18.3,-0.2,3500,"sd","13:32:05",1777600
18.3,-0.2,200,"sd","13:31:28",1774100
18.3,-0.2,16200,"sd","13:30:59",1773900
18.3,-0.2,500,"sd","13:30:43",1757700
18.3,-0.2,6200,"sd","13:30:26",1757200
18.3,-0.2,100,"sd","13:30:24",1751000
18.3,-0.2,1000,"sd","13:30:22",1750900
18.3,-0.2,1000,"sd","13:30:21",1749900
18.3,-0.2,100,"sd","13:30:10",1748900
18.3,-0.2,1000,"sd","13:30:04",1748800
18.3,-0.2,200,"sd","13:30:00",1747800
18.3,-0.2,100,"sd","13:29:13",1747600
18.3,-0.2,1200,"sd","13:29:00",1747500
18.3,-0.2,300,"sd","13:28:12",1746300
18.3,-0.2,2000,"sd","13:28:08",1746000
18.3,-0.2,1000,"sd","13:27:47",1744000
18.3,-0.2,500,"sd","13:27:42",1743000
18.3,-0.2,400,"sd","13:27:36",1742500
18.3,-0.2,600,"sd","13:27:34",1742100
18.3,-0.2,500,"sd","13:27:12",1741500
18.4,-0.1,100,"bu","13:26:24",1741000
18.3,-0.2,3200,"sd","13:26:16",1740900
18.3,-0.2,1000,"bu","13:26:08",1737700
18.3,-0.2,1000,"bu","13:26:03",1736700
18.3,-0.2,600,"bu","13:26:02",1735700
18.3,-0.2,900,"bu","13:25:58",1735100
18.3,-0.2,2000,"bu","13:25:55",1734200
18.3,-0.2,2000,"bu","13:25:51",1732200
18.3,-0.2,6300,"bu","13:25:50",1730200
18.3,-0.2,10000,"bu","13:25:46",1723900
18.3,-0.2,3300,"bu","13:25:38",1713900
18.3,-0.2,100,"bu","13:25:37",1710600
18.3,-0.2,200,"bu","13:25:36",1710500
18.3,-0.2,100,"bu","13:25:33",1710300
18.3,-0.2,100,"bu","13:25:32",1710200
18.3,-0.2,300,"bu","13:25:31",1710100
18.3,-0.2,500,"bu","13:25:28",1709800
18.3,-0.2,200,"bu","13:25:26",1709300
18.3,-0.2,500,"bu","13:25:24",1709100
18.3,-0.2,2000,"bu","13:25:19",1708600
18.3,-0.2,50000,"bu","13:25:18",1706600
18.3,-0.2,100,"bu","13:25:11",1656600
18.3,-0.2,1600,"bu","13:25:07",1656500
18.3,-0.2,5000,"bu","13:25:05",1654900
18.3,-0.2,1000,"bu","13:25:03",1649900
18.3,-0.2,3000,"bu","13:24:56",1648900
18.3,-0.2,100,"bu","13:24:39",1645900
18.3,-0.2,100,"bu","13:24:13",1645800
18.3,-0.2,1700,"bu","13:23:29",1645700
18.2,-0.3,1100,"sd","13:23:10",1644000
18.2,-0.3,14100,"sd","13:23:09",1642900
18.2,-0.3,500,"sd","13:23:08",1628800
18.3,-0.2,500,"bu","13:23:06",1628300
18.3,-0.2,500,"bu","13:22:57",1627800
18.3,-0.2,500,"bu","13:22:55",1627300
18.3,-0.2,9400,"bu","13:22:52",1626800
18.3,-0.2,300,"bu","13:22:50",1617400
18.3,-0.2,200,"bu","13:22:46",1617100
18.3,-0.2,500,"bu","13:22:37",1616900
18.3,-0.2,2000,"bu","13:22:36",1616400
18.3,-0.2,300,"bu","13:22:33",1614400
18.3,-0.2,15000,"bu","13:22:31",1614100
18.3,-0.2,500,"bu","13:22:10",1599100
18.3,-0.2,100,"bu","13:22:09",1598600
18.3,-0.2,6000,"bu","13:22:06",1598500
18.3,-0.2,5000,"bu","13:22:03",1592500
18.3,-0.2,800,"bu","13:21:55",1587500
18.3,-0.2,2000,"bu","13:21:45",1586700
18.3,-0.2,100,"bu","13:21:41",1584700
18.3,-0.2,100,"bu","13:21:34",1584600
18.3,-0.2,2000,"bu","13:21:32",1584500
18.3,-0.2,800,"bu","13:21:30",1582500
18.3,-0.2,10000,"bu","13:21:08",1581700
18.3,-0.2,3600,"bu","13:21:06",1571700
18.3,-0.2,100,"bu","13:21:02",1568100
18.3,-0.2,100,"bu","13:20:55",1568000
18.3,-0.2,500,"bu","13:20:51",1567900
18.3,-0.2,4800,"bu","13:20:35",1567400
18.3,-0.2,200,"bu","13:20:33",1562600
18.3,-0.2,2200,"bu","13:20:31",1562400
18.3,-0.2,4000,"sd","13:20:30",1560200
18.3,-0.2,1000,"sd","13:20:24",1556200
18.3,-0.2,3000,"sd","13:20:20",1555200
18.3,-0.2,400,"sd","13:20:19",1552200
18.3,-0.2,20000,"sd","13:20:11",1551800
18.3,-0.2,400,"sd","13:20:09",1531800
18.3,-0.2,1000,"sd","13:20:06",1531400
18.3,-0.2,400,"sd","13:20:03",1530400
18.3,-0.2,1500,"sd","13:20:02",1530000
18.3,-0.2,23700,"sd","13:19:59",1528500
18.3,-0.2,300,"sd","13:19:55",1504800
18.3,-0.2,18600,"sd","13:19:51",1504500
18.3,-0.2,1000,"sd","13:19:37",1485900
18.3,-0.2,4800,"sd","13:19:33",1484900
18.3,-0.2,1800,"sd","13:19:29",1480100
18.3,-0.2,3000,"sd","13:19:27",1478300
18.3,-0.2,1500,"sd","13:19:19",1475300
18.3,-0.2,2000,"sd","13:19:11",1473800
18.3,-0.2,6000,"sd","13:19:08",1471800
18.3,-0.2,1000,"sd","13:19:02",1465800
18.3,-0.2,5000,"sd","13:18:50",1464800
18.3,-0.2,100,"sd","13:18:38",1459800
18.3,-0.2,34000,"sd","13:18:28",1459700
18.3,-0.2,10000,"sd","13:18:23",1425700
18.3,-0.2,900,"sd","13:18:21",1415700
18.3,-0.2,5000,"sd","13:18:12",1414800
18.4,-0.1,500,"bu","13:17:40",1409800
18.4,-0.1,1800,"bu","13:17:33",1409300
18.4,-0.1,2400,"bu","13:17:21",1407500
18.3,-0.2,8800,"sd","13:17:03",1405100
18.3,-0.2,10000,"sd","13:16:43",1396300
18.3,-0.2,3000,"sd","13:15:52",1386300
18.4,-0.1,1000,"bu","13:15:40",1383300
18.4,-0.1,800,"bu","13:14:52",1382300
18.4,-0.1,1000,"bu","13:14:21",1381500
18.4,-0.1,100,"bu","13:13:52",1380500
18.3,-0.2,1500,"sd","13:13:47",1380400
18.3,-0.2,100,"sd","13:12:40",1378900
18.4,-0.1,100,"bu","13:12:28",1378800
18.4,-0.1,100,"bu","13:12:12",1378700
18.3,-0.2,300,"sd","13:12:09",1378600
18.4,-0.1,2000,"bu","13:11:26",1378300
18.3,-0.2,3000,"sd","13:10:47",1376300
18.3,-0.2,2000,"sd","13:10:03",1373300
18.3,-0.2,1000,"sd","13:10:02",1371300
18.3,-0.2,20000,"sd","13:09:58",1370300
18.3,-0.2,1000,"sd","13:09:40",1350300
18.3,-0.2,41000,"sd","13:09:10",1349300
18.4,-0.1,5500,"bu","13:08:04",1308300
18.4,-0.1,500,"bu","13:07:10",1302800
18.4,-0.1,16200,"bu","13:06:50",1302300
18.4,-0.1,100,"bu","13:06:34",1286100
18.4,-0.1,100,"bu","13:06:33",1286000
18.4,-0.1,800,"bu","13:06:22",1285900
18.4,-0.1,500,"bu","13:06:12",1285100
18.4,-0.1,1000,"bu","13:05:34",1284600
18.4,-0.1,200,"bu","13:05:06",1283600
18.4,-0.1,100,"bu","13:04:57",1283400
18.4,-0.1,100,"bu","13:04:36",1283300
18.3,-0.2,1000,"sd","13:04:31",1283200
18.3,-0.2,2000,"sd","13:03:56",1282200
18.3,-0.2,100,"sd","13:03:21",1280200
18.3,-0.2,1700,"sd","13:03:06",1280100
18.3,-0.2,3100,"sd","13:03:00",1278400
18.3,-0.2,2000,"sd","13:02:44",1275300
18.3,-0.2,52000,"sd","13:02:17",1273300
18.3,-0.2,300,"sd","13:01:57",1221300
18.3,-0.2,200,"sd","13:01:26",1221000
18.3,-0.2,100,"sd","13:01:24",1220800
18.3,-0.2,1000,"sd","13:01:11",1220700
18.3,-0.2,800,"sd","13:00:45",1219700
18.3,-0.2,60000,"sd","13:00:31",1218900
18.4,-0.1,400,"bu","13:00:06",1158900
18.3,-0.2,4800,"sd","13:00:04",1158500
18.3,-0.2,21400,"sd","13:00:03",1153700
18.4,-0.1,5000,"bu","13:00:02",1132300
18.4,-0.1,1000,"bu","11:29:39",1127300
18.3,-0.2,3000,"sd","11:29:18",1126300
18.4,-0.1,2000,"bu","11:28:47",1123300
18.3,-0.2,1200,"sd","11:27:42",1121300
18.4,-0.1,5000,"bu","11:27:12",1120100
18.3,-0.2,3100,"sd","11:27:10",1115100
18.4,-0.1,100,"bu","11:24:54",1112000
18.3,-0.2,600,"sd","11:24:40",1111900
18.3,-0.2,8000,"sd","11:24:26",1111300
18.3,-0.2,1000,"sd","11:23:24",1103300
18.3,-0.2,40000,"sd","11:23:04",1102300
18.3,-0.2,500,"sd","11:21:25",1062300
18.3,-0.2,1200,"sd","11:20:59",1061800
18.3,-0.2,1000,"sd","11:20:22",1060600
18.4,-0.1,2000,"bu","11:19:01",1059600
18.4,-0.1,200,"bu","11:17:07",1057600
18.3,-0.2,300,"sd","11:17:00",1057400
18.4,-0.1,100,"bu","11:16:08",1057100
18.4,-0.1,100,"bu","11:15:58",1057000
18.3,-0.2,10700,"sd","11:15:48",1056900
18.4,-0.1,100,"bu","11:15:33",1046200
18.4,-0.1,1000,"bu","11:14:11",1046100
18.4,-0.1,1200,"bu","11:14:04",1045100
18.4,-0.1,4100,"bu","11:13:28",1043900
18.4,-0.1,300,"bu","11:13:21",1039800
18.4,-0.1,5000,"bu","11:13:03",1039500
18.4,-0.1,1600,"bu","11:12:19",1034500
18.4,-0.1,1000,"bu","11:10:38",1032900
18.4,-0.1,100,"bu","11:10:00",1031900
18.4,-0.1,300,"bu","11:09:50",1031800
18.4,-0.1,500,"bu","11:09:38",1031500
18.4,-0.1,200,"bu","11:09:21",1031000
18.3,-0.2,800,"sd","11:09:08",1030800
18.3,-0.2,2000,"sd","11:08:13",1030000
18.3,-0.2,100,"sd","11:07:34",1028000
18.3,-0.2,1500,"sd","11:07:15",1027900
18.3,-0.2,100,"sd","11:07:13",1026400
18.3,-0.2,7000,"sd","11:07:07",1026300
18.3,-0.2,5300,"sd","11:07:03",1019300
18.3,-0.2,300,"sd","11:07:00",1014000
18.3,-0.2,4000,"sd","11:06:47",1013700
18.3,-0.2,1600,"sd","11:06:23",1009700
18.3,-0.2,1000,"sd","11:06:21",1008100
18.3,-0.2,1000,"sd","11:06:20",1007100
18.3,-0.2,2200,"sd","11:06:12",1006100
18.3,-0.2,200,"sd","11:05:59",1003900
18.4,-0.1,100,"bu","11:05:25",1003700
18.4,-0.1,1000,"bu","11:05:20",1003600
18.4,-0.1,20000,"bu","11:03:20",1002600
18.4,-0.1,800,"bu","11:02:03",982600
18.4,-0.1,500,"bu","11:01:54",981800
18.4,-0.1,100,"bu","11:01:40",981300
18.3,-0.2,300,"sd","11:00:52",981200
18.4,-0.1,1800,"bu","11:00:30",980900
18.4,-0.1,400,"bu","11:00:06",979100
18.4,-0.1,3000,"bu","10:59:56",978700
18.4,-0.1,500,"bu","10:59:52",975700
18.4,-0.1,100,"bu","10:59:44",975200
18.4,-0.1,100,"bu","10:59:43",975100
18.3,-0.2,1000,"sd","10:59:11",975000
18.4,-0.1,3200,"bu","10:59:00",974000
18.3,-0.2,400,"sd","10:58:19",970800
18.3,-0.2,5500,"sd","10:58:11",970400
18.4,-0.1,100,"bu","10:57:48",964900
18.4,-0.1,100,"bu","10:57:36",964800
18.4,-0.1,22800,"sd","10:57:35",964700
18.4,-0.1,2000,"sd","10:57:29",941900
18.4,-0.1,2000,"sd","10:56:51",939900
18.4,-0.1,4000,"sd","10:56:44",937900
18.4,-0.1,500,"sd","10:56:37",933900
18.4,-0.1,40000,"sd","10:56:29",933400
18.4,-0.1,2500,"sd","10:56:28",893400
18.4,-0.1,3000,"sd","10:55:56",890900
18.4,-0.1,1000,"sd","10:55:12",887900
18.4,-0.1,500,"sd","10:55:10",886900
18.4,-0.1,500,"sd","10:55:08",886400
18.4,-0.1,4500,"sd","10:54:56",885900
18.4,-0.1,1000,"sd","10:54:45",881400
18.4,-0.1,100,"sd","10:54:26",880400
18.4,-0.1,600,"sd","10:53:15",880300
18.4,-0.1,2500,"sd","10:53:14",879700
18.4,-0.1,2000,"sd","10:53:11",877200
18.4,-0.1,200,"sd","10:51:48",875200
18.5,0,1000,"bu","10:51:21",875000
18.4,-0.1,4400,"sd","10:51:14",874000
18.4,-0.1,5000,"sd","10:51:02",869600
18.5,0,300,"bu","10:50:59",864600
18.4,-0.1,500,"sd","10:50:11",864300
18.4,-0.1,1300,"sd","10:47:59",863800
18.4,-0.1,100,"sd","10:45:21",862500
18.4,-0.1,18000,"sd","10:43:54",862400
18.5,0,500,"bu","10:43:44",844400
18.5,0,600,"bu","10:41:42",843900
18.4,-0.1,13000,"sd","10:41:38",843300
18.5,0,3000,"bu","10:41:18",830300
18.5,0,1000,"bu","10:40:48",827300
18.5,0,3000,"bu","10:40:04",826300
18.4,-0.1,500,"sd","10:39:28",823300
18.4,-0.1,2000,"sd","10:39:01",822800
18.4,-0.1,500,"sd","10:38:53",820800
18.4,-0.1,2000,"sd","10:38:50",820300
18.4,-0.1,200,"sd","10:38:34",818300
18.4,-0.1,800,"sd","10:38:32",818100
18.4,-0.1,600,"sd","10:38:31",817300
18.4,-0.1,1000,"sd","10:37:55",816700
18.4,-0.1,500,"sd","10:37:29",815700
18.4,-0.1,100,"sd","10:35:19",815200
18.4,-0.1,800,"sd","10:35:13",815100
18.4,-0.1,2500,"sd","10:34:30",814300
18.4,-0.1,2200,"sd","10:34:22",811800
18.4,-0.1,200,"sd","10:33:32",809600
18.4,-0.1,2100,"sd","10:32:24",809400
18.4,-0.1,300,"sd","10:31:56",807300
18.4,-0.1,500,"sd","10:30:56",807000
18.4,-0.1,10000,"sd","10:30:27",806500
18.4,-0.1,1000,"sd","10:28:12",796500
18.4,-0.1,3000,"sd","10:26:28",795500
18.4,-0.1,900,"sd","10:25:38",792500
18.4,-0.1,2100,"sd","10:25:29",791600
18.4,-0.1,1000,"sd","10:24:40",789500
18.5,0,300,"bu","10:20:51",788500
18.5,0,3000,"bu","10:20:25",788200
18.5,0,1000,"bu","10:18:39",785200
18.5,0,500,"bu","10:17:47",784200
18.4,-0.1,100,"sd","10:17:34",783700
18.5,0,500,"bu","10:17:27",783600
18.4,-0.1,600,"sd","10:17:18",783100
18.4,-0.1,400,"sd","10:16:46",782500
18.5,0,100,"bu","10:16:45",782100
18.5,0,200,"bu","10:16:33",782000
18.5,0,6000,"bu","10:14:21",781800
18.5,0,100,"bu","10:12:56",775800
18.5,0,200,"bu","10:11:37",775700
18.5,0,1000,"bu","10:10:06",775500
18.5,0,1000,"bu","10:09:49",774500
18.4,-0.1,10000,"sd","10:09:32",773500
18.5,0,10000,"bu","10:09:22",763500
18.5,0,100,"bu","10:08:48",753500
18.5,0,1000,"bu","10:08:21",753400
18.5,0,1000,"bu","10:07:55",752400
18.5,0,1000,"bu","10:07:41",751400
18.5,0,500,"bu","10:07:32",750400
18.5,0,200,"bu","10:07:13",749900
18.5,0,500,"bu","10:06:37",749700
18.4,-0.1,2400,"sd","10:06:28",749200
18.5,0,100,"bu","10:06:18",746800
18.5,0,1000,"bu","10:06:05",746700
18.5,0,2500,"sd","10:05:47",745700
18.5,0,1000,"sd","10:05:45",743200
18.5,0,20000,"sd","10:05:43",742200
18.5,0,100,"sd","10:05:34",722200
18.5,0,400,"sd","10:04:58",722100
18.5,0,5000,"sd","10:04:56",721700
18.5,0,300,"sd","10:04:27",716700
18.5,0,13000,"sd","10:04:18",716400
18.5,0,5500,"sd","10:04:06",703400
18.5,0,5000,"sd","10:03:26",697900
18.5,0,20000,"sd","10:02:54",692900
18.5,0,2000,"sd","10:01:52",672900
18.6,0.1,1000,"bu","10:01:27",670900
18.6,0.1,8800,"bu","10:00:42",669900
18.6,0.1,100,"bu","09:59:56",661100
18.6,0.1,200,"bu","09:58:37",661000
18.6,0.1,300,"bu","09:58:14",660800
18.6,0.1,100,"bu","09:55:58",660500
18.5,0,1200,"bu","09:54:30",660400
18.5,0,1100,"bu","09:54:27",659200
18.5,0,7700,"sd","09:54:25",658100
18.5,0,3000,"sd","09:54:23",650400
18.5,0,189600,"bu","09:53:57",647400
18.5,0,500,"bu","09:53:49",457800
18.5,0,1300,"bu","09:53:38",457300
18.5,0,100,"bu","09:53:32",456000
18.5,0,100,"bu","09:53:04",455900
18.5,0,100,"bu","09:51:50",455800
18.5,0,300,"bu","09:51:33",455700
18.4,-0.1,200,"sd","09:51:14",455400
18.4,-0.1,300,"sd","09:51:11",455200
18.4,-0.1,100,"sd","09:51:08",454900
18.4,-0.1,100,"sd","09:50:37",454800
18.4,-0.1,600,"sd","09:50:24",454700
18.4,-0.1,1500,"sd","09:50:00",454100
18.4,-0.1,1000,"sd","09:49:17",452600
18.4,-0.1,900,"sd","09:48:43",451600
18.5,0,1000,"bu","09:48:31",450700
18.4,-0.1,2500,"sd","09:48:28",449700
18.4,-0.1,100,"sd","09:48:12",447200
18.4,-0.1,1000,"sd","09:47:58",447100
18.4,-0.1,20000,"sd","09:47:52",446100
18.4,-0.1,500,"sd","09:47:28",426100
18.4,-0.1,18000,"sd","09:47:01",425600
18.4,-0.1,2000,"sd","09:46:27",407600
18.4,-0.1,2000,"sd","09:46:15",405600
18.4,-0.1,2000,"sd","09:45:50",403600
18.5,0,1000,"bu","09:45:48",401600
18.5,0,600,"bu","09:45:19",400600
18.5,0,1000,"bu","09:45:07",400000
18.5,0,3000,"bu","09:45:02",399000
18.5,0,300,"bu","09:45:00",396000
18.5,0,200,"bu","09:44:50",395700
18.5,0,3700,"bu","09:44:16",395500
18.5,0,100,"bu","09:43:32",391800
18.4,-0.1,10000,"sd","09:43:23",391700
18.4,-0.1,1400,"sd","09:42:47",381700
18.4,-0.1,1500,"sd","09:42:10",380300
18.4,-0.1,100,"sd","09:41:18",378800
18.4,-0.1,1500,"sd","09:41:11",378700
18.4,-0.1,1000,"sd","09:41:06",377200
18.4,-0.1,500,"sd","09:40:34",376200
18.4,-0.1,1000,"sd","09:40:30",375700
18.4,-0.1,2900,"sd","09:39:02",374700
18.5,0,1800,"bu","09:38:33",371800
18.5,0,1000,"bu","09:38:02",370000
18.5,0,300,"bu","09:37:57",369000
18.4,-0.1,6500,"sd","09:37:56",368700
18.4,-0.1,300,"sd","09:37:50",362200
18.4,-0.1,800,"sd","09:37:43",361900
18.4,-0.1,800,"sd","09:37:36",361100
18.5,0,1800,"bu","09:37:25",360300
18.4,-0.1,10000,"sd","09:37:02",358500
18.4,-0.1,100,"sd","09:35:55",348500
18.4,-0.1,2000,"sd","09:35:41",348400
18.4,-0.1,500,"sd","09:35:18",346400
18.4,-0.1,3000,"sd","09:34:53",345900
18.4,-0.1,500,"sd","09:34:42",342900
18.4,-0.1,300,"sd","09:34:36",342400
18.4,-0.1,300,"sd","09:34:35",342100
18.4,-0.1,1000,"sd","09:34:26",341800
18.4,-0.1,4000,"sd","09:34:18",340800
18.4,-0.1,7000,"sd","09:34:01",336800
18.4,-0.1,900,"sd","09:33:53",329800
18.4,-0.1,300,"sd","09:33:43",328900
18.4,-0.1,200,"sd","09:33:40",328600
18.4,-0.1,2000,"sd","09:33:31",328400
18.4,-0.1,500,"sd","09:33:18",326400
18.5,0,100,"bu","09:33:07",325900
18.5,0,100,"bu","09:32:42",325800
18.5,0,2000,"bu","09:28:31",325700
18.4,-0.1,1500,"sd","09:27:42",323700
18.4,-0.1,200,"sd","09:27:37",322200
18.4,-0.1,3000,"sd","09:26:36",322000
18.4,-0.1,15000,"sd","09:26:15",319000
18.4,-0.1,10000,"sd","09:25:41",304000
18.4,-0.1,10000,"sd","09:25:40",294000
18.4,-0.1,2000,"sd","09:25:25",284000
18.4,-0.1,500,"sd","09:25:16",282000
18.4,-0.1,500,"sd","09:25:00",281500
18.4,-0.1,100,"sd","09:24:52",281000
18.4,-0.1,1000,"sd","09:24:45",280900
18.4,-0.1,2000,"sd","09:24:44",279900
18.4,-0.1,2000,"sd","09:24:10",277900
18.4,-0.1,400,"sd","09:24:04",275900
18.4,-0.1,100,"sd","09:23:48",275500
18.4,-0.1,100,"sd","09:23:23",275400
18.4,-0.1,49900,"sd","09:23:21",275300
18.4,-0.1,10000,"sd","09:22:58",225400
18.4,-0.1,2000,"sd","09:22:24",215400
18.4,-0.1,5000,"sd","09:22:06",213400
18.4,-0.1,2800,"sd","09:21:31",208400
18.4,-0.1,2500,"sd","09:21:29",205600
18.4,-0.1,2000,"sd","09:20:26",203100
18.4,-0.1,2500,"sd","09:20:11",201100
18.4,-0.1,1000,"sd","09:19:50",198600
18.4,-0.1,300,"sd","09:19:32",197600
18.4,-0.1,2000,"sd","09:19:01",197300
18.4,-0.1,1000,"sd","09:17:57",195300
18.4,-0.1,5000,"sd","09:16:57",194300
18.4,-0.1,3000,"sd","09:16:30",189300
18.4,-0.1,200,"sd","09:16:12",186300
18.4,-0.1,600,"sd","09:15:16",186100
18.4,-0.1,1000,"bu","09:15:15",185500
18.4,-0.1,1100,"bu","09:15:14",184500
18.4,-0.1,300,"bu","09:15:11",183400
18.4,-0.1,1000,"bu","09:15:05",183100
18.4,-0.1,100,"bu","09:14:59",182100
18.4,-0.1,1100,"bu","09:14:58",182000
18.4,-0.1,100,"bu","09:14:57",180900
18.4,-0.1,5800,"bu","09:14:54",180800
18.4,-0.1,100,"bu","09:14:52",175000
18.4,-0.1,1000,"bu","09:14:49",174900
18.4,-0.1,200,"bu","09:14:47",173900
18.4,-0.1,100,"bu","09:14:46",173700
18.4,-0.1,1000,"bu","09:14:45",173600
18.4,-0.1,100,"bu","09:14:43",172600
18.4,-0.1,300,"bu","09:14:42",172500
18.4,-0.1,300,"bu","09:14:35",172200
18.4,-0.1,1000,"bu","09:14:19",171900
18.4,-0.1,500,"bu","09:14:18",170900
18.4,-0.1,800,"bu","09:14:15",170400
18.4,-0.1,4500,"bu","09:14:11",169600
18.3,-0.2,2000,"sd","09:14:07",165100
18.3,-0.2,300,"sd","09:14:06",163100
18.4,-0.1,1000,"bu","09:13:53",162800
18.4,-0.1,200,"bu","09:13:52",161800
18.4,-0.1,500,"bu","09:13:46",161600
18.4,-0.1,500,"bu","09:13:33",161100
18.4,-0.1,500,"bu","09:13:11",160600
18.4,-0.1,60300,"sd","09:13:08",160100
18.4,-0.1,23500,"sd","09:12:42",99800
18.5,0,100,"bu","09:12:24",76300
18.5,0,100,"bu","09:12:16",76200
18.5,0,100,"bu","09:12:13",76100
18.4,-0.1,500,"sd","09:11:49",76000
18.4,-0.1,300,"sd","09:11:33",75500
18.4,-0.1,100,"sd","09:09:28",75200
18.5,0,1000,"bu","09:08:53",75100
18.5,0,5000,"bu","09:08:35",74100
18.4,-0.1,1800,"sd","09:08:30",69100
18.4,-0.1,1900,"sd","09:08:16",67300
18.5,0,500,"bu","09:08:03",65400
18.4,-0.1,200,"sd","09:05:44",64900
18.4,-0.1,4000,"sd","09:05:38",64700
18.5,0,100,"bu","09:04:52",60700
18.4,-0.1,40000,"sd","09:04:45",60600
18.4,-0.1,6200,"sd","09:04:39",20600
18.5,0,200,"bu","09:04:34",14400
18.5,0,1500,"bu","09:04:06",14200
18.5,0,1600,"bu","09:03:50",12700
18.5,0,2000,"sd","09:03:41",11100
18.6,0.1,100,"bu","09:03:37",9100
18.5,0,1100,"sd","09:03:32",9000
18.5,0,1000,"sd","09:03:31",7900
18.6,0.1,700,"bu","09:03:02",6900
18.6,0.1,1000,"bu","09:00:31",6200
18.5,0,3000,"","09:00:17",5200
18.5,0,1000,"sd","09:00:13",2200
18.5,0,1200,"sd","09:00:11",1200
