"price","change","match_qtty","side","time","total_vol"
93.8,0.5,61100,"","14:45:00",1622600
94.1,0.8,6500,"bu","14:29:43",1561500
94,0.7,7500,"bu","14:29:43",1555000
93.8,0.5,5600,"sd","14:29:43",1547500
93.9,0.6,200,"sd","14:29:43",1541900
93.9,0.6,100,"sd","14:29:39",1541700
93.9,0.6,100,"bu","14:29:35",1541600
93.9,0.6,400,"sd","14:29:28",1541500
93.8,0.5,200,"bu","14:29:27",1541100
93.8,0.5,800,"sd","14:29:26",1540900
93.8,0.5,100,"sd","14:29:22",1540100
94,0.7,13600,"bu","14:29:18",1540000
93.9,0.6,1300,"bu","14:29:18",1526400
93.8,0.5,200,"sd","14:29:17",1525100
93.9,0.6,300,"bu","14:29:16",1524900
93.9,0.6,300,"bu","14:29:06",1524600
93.9,0.6,1000,"bu","14:28:59",1524300
93.8,0.5,1000,"sd","14:28:53",1523300
93.8,0.5,1000,"sd","14:28:50",1522300
93.9,0.6,1800,"bu","14:28:43",1521300
93.8,0.5,100,"sd","14:28:43",1519500
93.7,0.4,1500,"sd","14:28:34",1519400
93.7,0.4,1000,"sd","14:28:31",1517900
93.7,0.4,1000,"sd","14:28:25",1516900
93.7,0.4,1000,"sd","14:28:23",1515900
93.7,0.4,100,"sd","14:28:21",1514900
93.8,0.5,900,"sd","14:28:21",1514800
93.8,0.5,1500,"sd","14:28:20",1513900
93.8,0.5,600,"sd","14:28:19",1512400
93.7,0.4,200,"sd","14:28:07",1511800
93.7,0.4,500,"bu","14:28:04",1511600
93.7,0.4,1400,"bu","14:27:57",1511100
93.6,0.3,1600,"bu","14:27:57",1509700
93.5,0.2,100,"sd","14:27:53",1508100
93.6,0.3,1100,"bu","14:27:46",1508000
93.6,0.3,500,"bu","14:27:39",1506900
93.6,0.3,300,"sd","14:27:37",1506400
93.6,0.3,100,"sd","14:27:31",1506100
93.6,0.3,500,"sd","14:27:29",1506000
93.6,0.3,1800,"sd","14:27:20",1505500
93.7,0.4,3200,"sd","14:27:20",1503700
93.9,0.6,4000,"bu","14:27:18",1500500
93.8,0.5,800,"sd","14:27:16",1496500
93.8,0.5,8000,"sd","14:27:13",1495700
93.8,0.5,1000,"sd","14:27:12",1487700
93.9,0.6,100,"bu","14:27:11",1486700
93.9,0.6,200,"bu","14:27:01",1486600
93.9,0.6,100,"bu","14:26:48",1486400
93.9,0.6,3000,"bu","14:26:45",1486300
93.9,0.6,3600,"sd","14:26:42",1483300
93.9,0.6,9000,"sd","14:26:41",1479700
93.9,0.6,700,"sd","14:26:39",1470700
94,0.7,300,"sd","14:26:39",1470000
93.9,0.6,1500,"sd","14:26:35",1469700
94,0.7,500,"sd","14:26:33",1468200
94,0.7,100,"sd","14:26:32",1467700
94,0.7,5000,"sd","14:26:32",1467600
94,0.7,4400,"bu","14:26:30",1462600
93.9,0.6,100,"sd","14:26:28",1458200
93.9,0.6,2800,"sd","14:26:26",1458100
93.9,0.6,100,"sd","14:26:23",1455300
94,0.7,100,"bu","14:26:20",1455200
93.9,0.6,1000,"sd","14:26:13",1455100
93.9,0.6,200,"sd","14:26:09",1454100
93.9,0.6,1000,"sd","14:26:03",1453900
94,0.7,300,"bu","14:25:51",1452900
93.9,0.6,200,"sd","14:25:51",1452600
94,0.7,100,"sd","14:25:41",1452400
94,0.7,3300,"sd","14:25:39",1452300
94.1,0.8,100,"bu","14:25:38",1449000
94,0.7,500,"sd","14:25:35",1448900
94.1,0.8,1000,"sd","14:25:32",1448400
94.2,0.9,100,"bu","14:25:31",1447400
94.1,0.8,1000,"sd","14:25:30",1447300
94.1,0.8,1000,"sd","14:25:29",1446300
94.2,0.9,22800,"sd","14:25:19",1445300
94.3,1,9200,"sd","14:25:19",1422500
94.3,1,1000,"sd","14:25:15",1413300
94.4,1.1,1000,"bu","14:25:11",1412300
94.4,1.1,100,"bu","14:25:02",1411300
94.3,1,1000,"sd","14:25:00",1411200
94.3,1,200,"sd","14:24:58",1410200
94.4,1.1,3400,"sd","14:24:38",1410000
94.4,1.1,1000,"sd","14:24:36",1406600
94.5,1.2,1000,"bu","14:24:35",1405600
94.4,1.1,300,"sd","14:24:32",1404600
94.4,1.1,300,"sd","14:24:30",1404300
94.5,1.2,100,"bu","14:24:24",1404000
94.5,1.2,2100,"sd","14:24:19",1403900
94.5,1.2,1000,"sd","14:24:18",1401800
94.5,1.2,4300,"sd","14:24:17",1400800
94.5,1.2,1000,"sd","14:24:16",1396500
94.5,1.2,9000,"sd","14:24:15",1395500
94.6,1.3,100,"bu","14:24:14",1386500
94.5,1.2,100,"sd","14:24:13",1386400
94.6,1.3,500,"bu","14:24:10",1386300
94.5,1.2,2100,"sd","14:24:07",1385800
94.5,1.2,200,"sd","14:24:02",1383700
94.5,1.2,800,"sd","14:23:57",1383500
94.5,1.2,500,"sd","14:23:49",1382700
94.5,1.2,1000,"sd","14:23:43",1382200
94.5,1.2,2000,"sd","14:23:42",1381200
94.5,1.2,1000,"sd","14:23:41",1379200
94.5,1.2,500,"sd","14:23:40",1378200
94.6,1.3,500,"bu","14:23:33",1377700
94.6,1.3,100,"bu","14:23:28",1377200
94.5,1.2,1500,"sd","14:23:16",1377100
94.5,1.2,100,"sd","14:22:41",1375600
94.5,1.2,500,"sd","14:22:06",1375500
94.5,1.2,700,"sd","14:22:04",1375000
94.5,1.2,500,"sd","14:22:03",1374300
94.5,1.2,1100,"sd","14:21:57",1373800
94.5,1.2,200,"sd","14:21:54",1372700
94.5,1.2,1000,"sd","14:21:51",1372500
94.5,1.2,1000,"sd","14:21:43",1371500
94.5,1.2,1000,"sd","14:21:32",1370500
94.5,1.2,300,"sd","14:21:11",1369500
94.5,1.2,1000,"sd","14:21:02",1369200
94.5,1.2,100,"sd","14:21:00",1368200
94.5,1.2,500,"sd","14:20:48",1368100
94.4,1.1,200,"sd","14:20:36",1367600
94.5,1.2,1100,"sd","14:20:36",1367400
94.5,1.2,600,"bu","14:20:35",1366300
94.5,1.2,100,"sd","14:20:28",1365700
94.5,1.2,100,"sd","14:20:26",1365600
94.5,1.2,100,"sd","14:20:23",1365500
94.5,1.2,1000,"sd","14:20:22",1365400
94.5,1.2,1800,"bu","14:20:18",1364400
94.3,1,100,"sd","14:20:11",1362600
94.5,1.2,300,"bu","14:20:06",1362500
94.5,1.2,100,"sd","14:20:04",1362200
94.5,1.2,100,"sd","14:20:02",1362100
94.5,1.2,2000,"sd","14:20:00",1362000
94.5,1.2,1000,"sd","14:19:52",1360000
94.6,1.3,100,"bu","14:19:48",1359000
94.6,1.3,400,"sd","14:19:45",1358900
94.7,1.4,300,"sd","14:19:39",1358500
94.9,1.6,7700,"bu","14:19:38",1358200
94.8,1.5,2300,"bu","14:19:38",1350500
94.8,1.5,3000,"bu","14:19:26",1348200
94.8,1.5,1400,"bu","14:19:20",1345200
94.7,1.4,600,"bu","14:19:20",1343800
94.7,1.4,1600,"bu","14:19:17",1343200
94.7,1.4,500,"sd","14:19:10",1341600
94.8,1.5,1700,"sd","14:19:10",1341100
94.8,1.5,200,"sd","14:19:09",1339400
94.8,1.5,100,"sd","14:19:06",1339200
94.8,1.5,100,"sd","14:18:47",1339100
94.8,1.5,800,"sd","14:18:45",1339000
94.8,1.5,5000,"sd","14:18:43",1338200
94.9,1.6,7000,"bu","14:18:43",1333200
94.8,1.5,500,"sd","14:18:39",1325800
94.8,1.5,300,"bu","14:18:34",1325300
94.8,1.5,2800,"bu","14:18:34",1325000
94.8,1.5,900,"bu","14:18:30",1322200
94.7,1.4,700,"bu","14:18:30",1321300
94.7,1.4,300,"sd","14:18:30",1320600
94.7,1.4,700,"bu","14:18:28",1320300
94.7,1.4,300,"sd","14:18:23",1319600
94.7,1.4,1000,"sd","14:18:18",1319300
94.7,1.4,400,"bu","14:18:17",1318300
94.6,1.3,100,"sd","14:18:17",1317900
94.5,1.2,8600,"sd","14:18:09",1317800
94.6,1.3,100,"sd","14:18:09",1309200
94.6,1.3,1300,"sd","14:18:08",1309100
94.6,1.3,400,"bu","14:18:07",1307800
94.5,1.2,23700,"bu","14:18:00",1307400
94.3,1,600,"sd","14:17:52",1283700
94.4,1.1,400,"sd","14:17:52",1283100
94.4,1.1,100,"sd","14:17:51",1282700
94.4,1.1,500,"bu","14:17:44",1282600
94.3,1,2200,"bu","14:17:40",1282100
94.2,0.9,100,"sd","14:17:36",1279900
94.2,0.9,2100,"bu","14:17:34",1279800
94.2,0.9,100,"bu","14:17:22",1277700
94.1,0.8,1000,"sd","14:17:21",1277600
94.1,0.8,100,"sd","14:17:20",1276600
94,0.7,100,"sd","14:17:12",1276500
94,0.7,300,"bu","14:17:02",1276400
94,0.7,4800,"bu","14:17:02",1276100
94,0.7,24000,"bu","14:17:01",1271300
94,0.7,500,"bu","14:16:59",1247300
94,0.7,500,"bu","14:16:58",1246800
94,0.7,1500,"bu","14:16:57",1246300
94,0.7,1000,"bu","14:16:55",1244800
94,0.7,500,"bu","14:16:53",1243800
94,0.7,500,"bu","14:16:51",1243300
94,0.7,200,"bu","14:16:49",1242800
94,0.7,1000,"bu","14:16:47",1242600
94,0.7,1000,"bu","14:16:45",1241600
94,0.7,500,"bu","14:16:36",1240600
94,0.7,3900,"bu","14:16:35",1240100
94,0.7,14400,"bu","14:16:33",1236200
93.9,0.6,100,"sd","14:16:26",1221800
93.9,0.6,200,"sd","14:16:25",1221700
94,0.7,1000,"bu","14:16:12",1221500
93.9,0.6,100,"sd","14:16:07",1220500
93.9,0.6,4400,"bu","14:16:02",1220400
93.8,0.5,200,"sd","14:15:54",1216000
93.8,0.5,900,"bu","14:15:51",1215800
93.8,0.5,100,"bu","14:15:49",1214900
93.8,0.5,500,"bu","14:15:48",1214800
93.8,0.5,400,"bu","14:15:44",1214300
93.8,0.5,200,"bu","14:15:43",1213900
93.8,0.5,1000,"bu","14:15:42",1213700
93.8,0.5,300,"bu","14:15:27",1212700
93.7,0.4,100,"sd","14:15:18",1212400
93.7,0.4,200,"sd","14:15:07",1212300
93.7,0.4,2300,"bu","14:14:59",1212100
93.7,0.4,300,"bu","14:14:55",1209800
93.7,0.4,100,"bu","14:14:49",1209500
93.7,0.4,900,"bu","14:14:45",1209400
93.6,0.3,600,"sd","14:14:42",1208500
93.7,0.4,500,"bu","14:14:38",1207900
93.6,0.3,500,"sd","14:14:32",1207400
93.7,0.4,7900,"bu","14:14:31",1206900
93.7,0.4,500,"bu","14:14:29",1199000
93.7,0.4,2200,"bu","14:14:24",1198500
93.6,0.3,1100,"sd","14:14:17",1196300
93.7,0.4,200,"bu","14:14:16",1195200
93.6,0.3,600,"sd","14:14:12",1195000
93.7,0.4,500,"bu","14:14:11",1194400
93.7,0.4,500,"bu","14:14:02",1193900
93.6,0.3,1000,"sd","14:13:47",1193400
93.6,0.3,600,"sd","14:13:42",1192400
93.6,0.3,600,"sd","14:13:11",1191800
93.6,0.3,100,"sd","14:13:04",1191200
93.6,0.3,100,"sd","14:13:00",1191100
93.6,0.3,600,"sd","14:12:41",1191000
93.6,0.3,100,"sd","14:12:34",1190400
93.7,0.4,500,"bu","14:12:29",1190300
93.6,0.3,1000,"sd","14:12:27",1189800
93.6,0.3,4400,"bu","14:12:25",1188800
93.6,0.3,500,"bu","14:12:14",1184400
93.5,0.2,600,"sd","14:12:11",1183900
93.5,0.2,600,"sd","14:11:41",1183300
93.6,0.3,2200,"bu","14:11:34",1182700
93.5,0.2,100,"sd","14:11:33",1180500
93.5,0.2,100,"sd","14:11:18",1180400
93.6,0.3,1600,"bu","14:11:13",1180300
93.5,0.2,600,"sd","14:11:11",1178700
93.6,0.3,200,"bu","14:10:53",1178100
93.6,0.3,700,"bu","14:10:49",1177900
93.5,0.2,1000,"sd","14:10:47",1177200
93.5,0.2,600,"sd","14:10:41",1176200
93.5,0.2,500,"sd","14:10:19",1175600
93.6,0.3,1600,"bu","14:10:13",1175100
93.5,0.2,600,"sd","14:10:11",1173500
93.5,0.2,100,"sd","14:09:58",1172900
93.5,0.2,500,"sd","14:09:43",1172800
93.5,0.2,600,"sd","14:09:41",1172300
93.5,0.2,100,"sd","14:09:32",1171700
93.5,0.2,100,"sd","14:09:27",1171600
93.6,0.3,300,"bu","14:09:13",1171500
93.5,0.2,600,"sd","14:09:11",1171200
93.5,0.2,100,"sd","14:09:08",1170600
93.6,0.3,4100,"bu","14:08:49",1170500
93.5,0.2,5900,"bu","14:08:49",1166400
93.5,0.2,800,"bu","14:08:46",1160500
93.4,0.1,600,"sd","14:08:41",1159700
93.5,0.2,500,"bu","14:08:39",1159100
93.5,0.2,2800,"sd","14:08:38",1158600
93.6,0.3,100,"bu","14:08:34",1155800
93.6,0.3,500,"bu","14:08:25",1155700
93.5,0.2,100,"sd","14:08:22",1155200
93.5,0.2,200,"sd","14:08:17",1155100
93.5,0.2,600,"sd","14:08:11",1154900
93.5,0.2,300,"sd","14:08:09",1154300
93.5,0.2,1000,"sd","14:08:08",1154000
93.5,0.2,5000,"sd","14:08:00",1152500
93.5,0.2,2000,"sd","14:07:44",1147500
93.5,0.2,600,"sd","14:07:40",1145500
93.5,0.2,200,"sd","14:07:32",1144900
93.5,0.2,300,"sd","14:07:29",1144700
93.5,0.2,300,"sd","14:07:19",1144400
93.6,0.3,300,"bu","14:07:13",1144100
93.5,0.2,600,"sd","14:07:11",1143800
93.5,0.2,1000,"sd","14:07:07",1143200
93.5,0.2,500,"bu","14:07:01",1142200
93.5,0.2,1500,"sd","14:06:57",1141700
93.6,0.3,1000,"bu","14:06:48",1140200
93.5,0.2,4300,"sd","14:06:46",1139200
93.6,0.3,100,"bu","14:06:45",1134900
93.6,0.3,200,"bu","14:06:41",1134800
93.5,0.2,600,"sd","14:06:40",1134600
93.6,0.3,100,"sd","14:06:35",1134000
93.6,0.3,1000,"sd","14:06:31",1133900
93.6,0.3,1000,"bu","14:06:15",1132900
93.5,0.2,100,"sd","14:06:14",1131900
93.5,0.2,600,"sd","14:06:11",1131800
93.5,0.2,1000,"sd","14:06:09",1131200
93.6,0.3,1000,"bu","14:06:02",1130200
93.5,0.2,500,"sd","14:06:01",1129200
93.5,0.2,100,"sd","14:05:57",1128700
93.5,0.2,100,"sd","14:05:56",1128600
93.5,0.2,1000,"sd","14:05:54",1128500
93.5,0.2,1000,"sd","14:05:49",1127500
93.5,0.2,600,"sd","14:05:40",1126500
93.5,0.2,100,"sd","14:05:32",1125900
93.5,0.2,500,"sd","14:05:24",1125800
93.5,0.2,200,"sd","14:05:20",1125300
93.5,0.2,100,"sd","14:05:16",1125100
93.5,0.2,600,"sd","14:05:10",1125000
93.5,0.2,100,"sd","14:05:04",1124400
93.6,0.3,300,"bu","14:05:01",1124300
93.5,0.2,3200,"sd","14:04:45",1124000
93.5,0.2,600,"sd","14:04:40",1120800
93.5,0.2,100,"sd","14:04:24",1120200
93.5,0.2,500,"sd","14:04:18",1120100
93.6,0.3,1700,"bu","14:04:11",1119600
93.5,0.2,600,"sd","14:04:10",1117900
93.5,0.2,100,"sd","14:03:43",1117300
93.5,0.2,600,"sd","14:03:40",1117200
93.5,0.2,500,"sd","14:03:39",1116600
93.5,0.2,100,"sd","14:03:28",1116100
93.5,0.2,600,"sd","14:03:10",1116000
93.5,0.2,200,"sd","14:03:09",1115400
93.6,0.3,1000,"bu","14:03:04",1115200
93.5,0.2,4200,"bu","14:02:55",1114200
93.5,0.2,600,"bu","14:02:52",1110000
93.5,0.2,100,"bu","14:02:49",1109400
93.5,0.2,5000,"bu","14:02:48",1109300
93.5,0.2,1000,"bu","14:02:42",1104300
93.5,0.2,5000,"bu","14:02:41",1103300
93.4,0.1,600,"sd","14:02:40",1098300
93.5,0.2,4200,"bu","14:02:40",1097700
93.5,0.2,5000,"bu","14:02:35",1093500
93.5,0.2,2000,"bu","14:02:21",1088500
93.4,0.1,600,"sd","14:02:10",1086500
93.5,0.2,5000,"bu","14:02:03",1085900
93.4,0.1,600,"sd","14:01:39",1080900
93.4,0.1,1000,"sd","14:01:19",1080300
93.5,0.2,1000,"bu","14:01:12",1079300
93.4,0.1,600,"sd","14:01:09",1078300
93.5,0.2,1000,"bu","14:01:08",1077700
93.5,0.2,2700,"bu","14:01:06",1076700
93.5,0.2,1000,"bu","14:01:04",1074000
93.5,0.2,1000,"bu","14:00:55",1073000
93.4,0.1,100,"sd","14:00:54",1072000
93.4,0.1,600,"sd","14:00:39",1071900
93.5,0.2,7000,"bu","14:00:25",1071300
93.4,0.1,100,"sd","14:00:12",1064300
93.4,0.1,600,"sd","14:00:09",1064200
93.4,0.1,500,"sd","14:00:02",1063600
93.5,0.2,1000,"bu","13:59:58",1063100
93.4,0.1,200,"sd","13:59:57",1062100
93.4,0.1,100,"sd","13:59:40",1061900
93.4,0.1,600,"sd","13:59:39",1061800
93.4,0.1,200,"sd","13:59:36",1061200
93.4,0.1,600,"sd","13:59:12",1061000
93.4,0.1,600,"sd","13:59:09",1060400
93.4,0.1,1000,"sd","13:59:07",1059800
93.4,0.1,100,"sd","13:58:53",1058800
93.4,0.1,200,"sd","13:58:51",1058700
93.4,0.1,100,"sd","13:58:43",1058500
93.4,0.1,600,"sd","13:58:39",1058400
93.4,0.1,12000,"sd","13:58:33",1057800
93.5,0.2,2000,"bu","13:58:32",1045800
93.5,0.2,500,"bu","13:58:26",1043800
93.5,0.2,500,"bu","13:58:20",1043300
93.5,0.2,500,"bu","13:58:16",1042800
93.4,0.1,600,"sd","13:58:09",1042300
93.5,0.2,1100,"bu","13:58:06",1041700
93.4,0.1,100,"sd","13:58:05",1040600
93.5,0.2,1000,"bu","13:57:44",1040500
93.5,0.2,2000,"bu","13:57:39",1039500
93.4,0.1,600,"sd","13:57:39",1037500
93.4,0.1,100,"sd","13:57:36",1036900
93.4,0.1,100,"sd","13:57:29",1036800
93.4,0.1,100,"sd","13:57:15",1036700
93.4,0.1,600,"sd","13:57:09",1036600
93.4,0.1,100,"sd","13:56:49",1036000
93.5,0.2,300,"bu","13:56:43",1035900
93.4,0.1,600,"sd","13:56:39",1035600
93.4,0.1,100,"sd","13:56:31",1035000
93.5,0.2,5000,"bu","13:56:22",1034900
93.5,0.2,100,"bu","13:56:16",1029900
93.5,0.2,1000,"bu","13:56:10",1029800
93.4,0.1,100,"sd","13:56:09",1028800
93.4,0.1,600,"sd","13:56:08",1028700
93.4,0.1,500,"sd","13:55:59",1028100
93.4,0.1,2500,"bu","13:55:54",1027600
93.4,0.1,5000,"bu","13:55:45",1025100
93.4,0.1,100,"bu","13:55:42",1020100
93.3,0,600,"sd","13:55:39",1020000
93.4,0.1,1000,"bu","13:55:38",1019400
93.4,0.1,300,"bu","13:55:19",1018400
93.4,0.1,200,"bu","13:55:18",1018100
93.3,0,600,"sd","13:55:09",1017900
93.4,0.1,500,"bu","13:55:08",1017300
93.3,0,600,"sd","13:54:38",1016800
93.4,0.1,200,"bu","13:54:34",1016200
93.4,0.1,1600,"bu","13:54:31",1016000
93.4,0.1,100,"bu","13:54:27",1014400
93.4,0.1,200,"bu","13:54:24",1014300
93.4,0.1,100,"bu","13:54:14",1014100
93.3,0,900,"sd","13:54:08",1014000
93.3,0,600,"sd","13:53:38",1013100
93.3,0,500,"sd","13:53:27",1012500
93.3,0,1000,"sd","13:53:26",1012000
93.3,0,1000,"bu","13:53:11",1011000
93.2,-0.1,600,"sd","13:53:09",1010000
93.2,-0.1,3000,"sd","13:52:54",1009400
93.3,0,12000,"sd","13:52:54",1006400
93.3,0,300,"sd","13:52:49",994400
93.3,0,5000,"sd","13:52:42",994100
93.3,0,600,"sd","13:52:38",989100
93.4,0.1,500,"bu","13:52:19",988500
93.3,0,600,"sd","13:52:08",988000
93.4,0.1,300,"bu","13:51:52",987400
93.4,0.1,1000,"bu","13:51:47",987100
93.3,0,600,"sd","13:51:38",986100
93.3,0,1000,"sd","13:51:24",985500
93.3,0,200,"sd","13:51:09",984500
93.3,0,100,"sd","13:51:08",984300
93.3,0,600,"sd","13:51:08",984200
93.3,0,200,"sd","13:51:07",983600
93.3,0,300,"sd","13:51:02",983400
93.3,0,200,"sd","13:50:56",983100
93.3,0,400,"sd","13:50:42",982900
93.3,0,600,"sd","13:50:38",982500
93.3,0,300,"sd","13:50:32",981900
93.3,0,100,"sd","13:50:30",981600
93.3,0,300,"sd","13:50:20",981500
93.3,0,500,"sd","13:50:11",981200
93.3,0,600,"sd","13:50:07",980700
93.3,0,500,"sd","13:50:00",980100
93.3,0,100,"sd","13:49:57",979600
93.3,0,100,"sd","13:49:54",979500
93.3,0,100,"sd","13:49:52",979400
93.3,0,100,"sd","13:49:50",979300
93.3,0,200,"sd","13:49:50",979200
93.3,0,200,"sd","13:49:47",979000
93.3,0,600,"sd","13:49:40",978800
93.3,0,2000,"sd","13:49:38",978200
93.3,0,200,"sd","13:49:34",976200
93.3,0,100,"sd","13:49:31",976000
93.3,0,1000,"sd","13:49:23",975900
93.3,0,400,"sd","13:49:21",974900
93.3,0,2500,"sd","13:49:20",974500
93.3,0,600,"sd","13:49:07",972000
93.3,0,200,"sd","13:48:52",971400
93.3,0,1000,"sd","13:48:43",971200
93.3,0,600,"sd","13:48:37",970200
93.3,0,100,"sd","13:48:32",969600
93.3,0,6000,"bu","13:48:32",969500
93.3,0,400,"bu","13:48:21",963500
93.2,-0.1,100,"sd","13:48:20",963100
93.3,0,4500,"bu","13:48:15",963000
93.2,-0.1,700,"sd","13:48:07",958500
93.2,-0.1,1000,"sd","13:48:02",957800
93.2,-0.1,3500,"bu","13:47:59",956800
93,-0.3,1500,"bu","13:47:59",953300
93,-0.3,1500,"sd","13:47:59",951800
93.2,-0.1,8600,"bu","13:47:54",950300
93.2,-0.1,1400,"bu","13:47:53",941700
93,-0.3,3000,"sd","13:47:50",940300
93,-0.3,100,"sd","13:47:45",937300
93,-0.3,1000,"sd","13:47:44",937200
93,-0.3,7600,"sd","13:47:37",936200
93,-0.3,100,"sd","13:47:36",928600
93,-0.3,1000,"sd","13:47:35",928500
93.2,-0.1,200,"bu","13:47:27",927500
93,-0.3,2800,"sd","13:47:24",927300
93.1,-0.2,100,"sd","13:47:24",924500
93.1,-0.2,100,"bu","13:47:22",924400
93,-0.3,300,"sd","13:47:07",924300
93.1,-0.2,300,"sd","13:47:07",924000
93.2,-0.1,100,"bu","13:46:47",923700
93.2,-0.1,100,"bu","13:46:45",923600
93,-0.3,600,"sd","13:46:37",923500
93.2,-0.1,100,"bu","13:46:28",922900
93.2,-0.1,100,"bu","13:46:17",922800
93.2,-0.1,300,"bu","13:46:16",922700
93.2,-0.1,500,"bu","13:46:13",922400
93.1,-0.2,100,"bu","13:46:13",921900
93.2,-0.1,100,"bu","13:46:09",921800
93,-0.3,300,"sd","13:46:07",921700
93.1,-0.2,300,"sd","13:46:07",921400
93.2,-0.1,1000,"bu","13:46:03",921100
93.1,-0.2,200,"bu","13:46:00",920100
93.1,-0.2,500,"bu","13:45:56",919900
93,-0.3,5800,"bu","13:45:43",919400
93,-0.3,10100,"bu","13:45:41",913600
92.9,-0.4,600,"sd","13:45:37",903500
93,-0.3,5000,"bu","13:45:37",902900
93,-0.3,100,"bu","13:45:32",897900
93,-0.3,5000,"bu","13:45:31",897800
93,-0.3,2000,"bu","13:45:29",892800
93,-0.3,500,"bu","13:45:28",890800
93,-0.3,500,"bu","13:45:27",890300
93,-0.3,1500,"bu","13:45:26",889800
93,-0.3,300,"bu","13:45:15",888300
93,-0.3,100,"bu","13:45:14",888000
92.9,-0.4,600,"sd","13:45:07",887900
93,-0.3,5000,"bu","13:45:05",887300
93,-0.3,200,"bu","13:45:01",882300
93,-0.3,6000,"bu","13:44:58",882100
93,-0.3,100,"bu","13:44:54",876100
93,-0.3,100,"bu","13:44:48",876000
93,-0.3,1000,"bu","13:44:46",875900
93,-0.3,500,"bu","13:44:40",874900
92.8,-0.5,500,"sd","13:44:37",874400
93,-0.3,5000,"bu","13:44:29",873900
92.8,-0.5,500,"sd","13:44:09",868900
92.8,-0.5,500,"bu","13:43:43",868400
92.8,-0.5,500,"bu","13:43:41",867900
92.7,-0.6,500,"sd","13:43:36",867400
92.8,-0.5,100,"bu","13:43:35",866900
92.8,-0.5,900,"sd","13:43:22",866800
92.8,-0.5,500,"sd","13:43:06",865900
92.8,-0.5,1200,"bu","13:42:51",865400
92.8,-0.5,100,"bu","13:42:48",864200
92.8,-0.5,500,"bu","13:42:46",864100
92.8,-0.5,1000,"bu","13:42:42",863600
92.8,-0.5,1000,"bu","13:42:41",862600
92.8,-0.5,500,"bu","13:42:40",861600
92.8,-0.5,200,"bu","13:42:39",861100
92.7,-0.6,500,"sd","13:42:36",860900
92.8,-0.5,1000,"bu","13:42:14",860400
92.7,-0.6,500,"sd","13:42:06",859400
92.7,-0.6,2000,"sd","13:41:47",858900
92.7,-0.6,500,"sd","13:41:36",856900
92.7,-0.6,1000,"sd","13:41:27",856400
92.8,-0.5,500,"bu","13:41:23",855400
92.8,-0.5,500,"bu","13:41:21",854900
92.7,-0.6,500,"sd","13:41:06",854400
92.7,-0.6,1000,"sd","13:41:05",853900
92.7,-0.6,2500,"sd","13:40:58",852900
92.7,-0.6,1900,"bu","13:40:48",850400
92.5,-0.8,100,"sd","13:40:36",848500
92.6,-0.7,400,"sd","13:40:36",848400
92.7,-0.6,5000,"bu","13:40:27",848000
92.7,-0.6,5000,"bu","13:40:22",843000
92.6,-0.7,100,"sd","13:40:21",838000
92.7,-0.6,100,"bu","13:40:06",837900
92.5,-0.8,300,"sd","13:40:06",837800
92.6,-0.7,1200,"sd","13:40:06",837500
92.6,-0.7,800,"bu","13:39:48",836300
92.6,-0.7,200,"sd","13:39:40",835500
92.5,-0.8,400,"sd","13:39:36",835300
92.6,-0.7,100,"sd","13:39:36",834900
92.6,-0.7,100,"sd","13:39:26",834800
92.5,-0.8,400,"sd","13:39:06",834700
92.6,-0.7,100,"sd","13:39:06",834300
92.6,-0.7,100,"bu","13:38:55",834200
92.5,-0.8,500,"sd","13:38:36",834100
92.6,-0.7,2000,"bu","13:38:32",833600
92.6,-0.7,1000,"bu","13:38:31",831600
92.6,-0.7,200,"bu","13:38:29",830600
92.6,-0.7,2000,"bu","13:38:26",830400
92.6,-0.7,200,"bu","13:38:26",828400
92.6,-0.7,5000,"bu","13:38:15",828200
92.6,-0.7,5000,"bu","13:38:07",823200
92.5,-0.8,500,"sd","13:38:06",818200
92.5,-0.8,100,"sd","13:37:38",817700
92.5,-0.8,500,"sd","13:37:36",817600
92.5,-0.8,500,"sd","13:37:05",817100
92.5,-0.8,1000,"sd","13:36:43",816600
92.6,-0.7,100,"bu","13:36:37",815600
92.5,-0.8,500,"sd","13:36:35",815500
92.5,-0.8,500,"sd","13:36:05",815000
92.6,-0.7,700,"bu","13:36:01",814500
92.5,-0.8,3100,"sd","13:35:51",813800
92.5,-0.8,500,"sd","13:35:35",810700
92.5,-0.8,100,"sd","13:35:14",810200
92.5,-0.8,500,"sd","13:35:05",810100
92.5,-0.8,500,"sd","13:34:48",809600
92.5,-0.8,500,"sd","13:34:35",809100
92.5,-0.8,500,"sd","13:34:15",808600
92.5,-0.8,200,"sd","13:34:08",808100
92.5,-0.8,500,"sd","13:34:05",807900
92.5,-0.8,3000,"sd","13:33:37",807400
92.5,-0.8,500,"sd","13:33:35",804400
92.5,-0.8,500,"sd","13:33:05",803900
92.5,-0.8,2000,"sd","13:32:40",803400
92.5,-0.8,500,"sd","13:32:35",801400
92.6,-0.7,1200,"bu","13:32:07",800900
92.5,-0.8,500,"sd","13:32:05",799700
92.6,-0.7,100,"bu","13:31:38",799200
92.5,-0.8,500,"sd","13:31:35",799100
92.5,-0.8,500,"sd","13:31:05",798600
92.6,-0.7,100,"bu","13:30:36",798100
92.5,-0.8,500,"sd","13:30:34",798000
92.5,-0.8,1000,"sd","13:30:18",797500
92.5,-0.8,500,"sd","13:30:04",796500
92.5,-0.8,500,"sd","13:29:34",796000
92.5,-0.8,100,"bu","13:29:32",795500
92.5,-0.8,100,"bu","13:29:09",795400
92.4,-0.9,500,"sd","13:29:04",795300
92.4,-0.9,500,"sd","13:28:34",794800
92.5,-0.8,300,"sd","13:28:29",794300
92.5,-0.8,200,"bu","13:28:23",794000
92.5,-0.8,300,"bu","13:28:12",793800
92.4,-0.9,500,"sd","13:28:04",793500
92.5,-0.8,200,"bu","13:27:49",793000
92.5,-0.8,500,"sd","13:27:44",792800
92.5,-0.8,300,"sd","13:27:34",792300
92.5,-0.8,200,"sd","13:27:34",792000
92.6,-0.7,1100,"bu","13:27:09",791800
92.5,-0.8,500,"sd","13:27:04",790700
92.5,-0.8,5000,"sd","13:26:43",790200
92.5,-0.8,500,"sd","13:26:34",785200
92.5,-0.8,500,"sd","13:26:04",784700
92.5,-0.8,300,"sd","13:25:59",784200
92.5,-0.8,100,"sd","13:25:55",783900
92.5,-0.8,500,"sd","13:25:34",783800
92.6,-0.7,200,"bu","13:25:30",783300
92.5,-0.8,300,"sd","13:25:25",783100
92.6,-0.7,7200,"bu","13:25:18",782800
92.5,-0.8,500,"sd","13:25:15",775600
92.5,-0.8,400,"sd","13:25:13",775100
92.5,-0.8,500,"sd","13:25:04",774700
92.5,-0.8,500,"sd","13:24:52",774200
92.5,-0.8,500,"sd","13:24:49",773700
92.4,-0.9,500,"sd","13:24:33",773200
92.4,-0.9,400,"sd","13:24:25",772700
92.5,-0.8,100,"sd","13:24:25",772300
92.5,-0.8,100,"sd","13:24:13",772200
92.4,-0.9,400,"sd","13:24:03",772100
92.5,-0.8,100,"sd","13:24:03",771700
92.5,-0.8,400,"bu","13:23:52",771600
92.5,-0.8,500,"bu","13:23:47",771200
92.4,-0.9,500,"sd","13:23:33",770700
92.5,-0.8,100,"sd","13:23:25",770200
92.5,-0.8,900,"sd","13:23:20",770100
92.6,-0.7,100,"bu","13:23:19",769200
92.5,-0.8,100,"bu","13:23:11",769100
92.5,-0.8,300,"bu","13:23:03",769000
92.4,-0.9,500,"sd","13:23:03",768700
92.5,-0.8,1900,"sd","13:22:57",768200
92.6,-0.7,200,"bu","13:22:54",766300
92.5,-0.8,300,"bu","13:22:41",766100
92.5,-0.8,1700,"sd","13:22:40",765800
92.5,-0.8,500,"sd","13:22:33",764100
92.5,-0.8,2900,"bu","13:22:32",763600
92.4,-0.9,500,"sd","13:22:03",760700
92.5,-0.8,5000,"bu","13:21:56",760200
92.5,-0.8,100,"bu","13:21:49",755200
92.5,-0.8,100,"sd","13:21:37",755100
92.5,-0.8,100,"bu","13:21:36",755000
92.4,-0.9,500,"sd","13:21:33",754900
92.5,-0.8,3400,"sd","13:21:22",754400
92.5,-0.8,200,"sd","13:21:21",751000
92.5,-0.8,500,"sd","13:21:03",750800
92.5,-0.8,4800,"bu","13:21:01",750300
92.4,-0.9,3100,"bu","13:21:01",745500
92.3,-1,100,"bu","13:20:59",742400
92.3,-1,100,"bu","13:20:53",742300
92.3,-1,100,"bu","13:20:49",742200
92.3,-1,100,"bu","13:20:35",742100
92.2,-1.1,500,"sd","13:20:33",742000
92.3,-1,300,"bu","13:20:28",741500
92.2,-1.1,5900,"sd","13:20:26",741200
92.3,-1,300,"bu","13:20:26",735300
92.3,-1,400,"bu","13:20:25",735000
92.3,-1,300,"bu","13:20:17",734600
92.3,-1,100,"bu","13:20:16",734300
92.3,-1,1400,"sd","13:20:15",734200
92.3,-1,500,"sd","13:20:03",732800
92.3,-1,100,"sd","13:20:02",732300
92.3,-1,4800,"sd","13:19:36",732200
92.4,-0.9,3900,"sd","13:19:36",727400
92.4,-0.9,500,"sd","13:19:33",723500
92.5,-0.8,1200,"sd","13:19:24",723000
92.5,-0.8,200,"bu","13:19:09",721800
92.4,-0.9,100,"sd","13:19:08",721600
92.4,-0.9,500,"sd","13:19:02",721500
92.4,-0.9,500,"sd","13:18:55",721000
92.4,-0.9,1000,"sd","13:18:55",720500
92.5,-0.8,1000,"sd","13:18:52",719500
92.5,-0.8,300,"sd","13:18:51",718500
92.5,-0.8,2000,"sd","13:18:51",718200
92.5,-0.8,400,"sd","13:18:50",716200
92.5,-0.8,6000,"sd","13:18:49",715800
92.5,-0.8,100,"sd","13:18:46",709800
92.5,-0.8,700,"sd","13:18:43",709700
92.5,-0.8,5000,"sd","13:18:40",709000
92.5,-0.8,900,"sd","13:18:36",704000
92.5,-0.8,500,"sd","13:18:33",703100
92.5,-0.8,2000,"sd","13:18:32",702600
92.5,-0.8,900,"sd","13:18:31",700600
92.5,-0.8,1800,"sd","13:18:30",699700
92.5,-0.8,6100,"sd","13:18:22",697900
92.5,-0.8,20200,"sd","13:18:18",691800
92.6,-0.7,100,"bu","13:18:16",671600
92.5,-0.8,35000,"sd","13:18:12",671500
92.5,-0.8,500,"sd","13:18:02",636500
92.5,-0.8,2000,"sd","13:17:35",636000
92.5,-0.8,500,"sd","13:17:32",634000
92.6,-0.7,200,"bu","13:17:31",633500
92.5,-0.8,300,"sd","13:17:02",633300
92.6,-0.7,200,"sd","13:17:02",633000
92.6,-0.7,300,"bu","13:16:54",632800
92.6,-0.7,100,"bu","13:16:43",632500
92.6,-0.7,100,"sd","13:16:42",632400
92.7,-0.6,100,"bu","13:16:38",632300
92.6,-0.7,100,"bu","13:16:35",632200
92.5,-0.8,500,"sd","13:16:32",632100
92.6,-0.7,1300,"sd","13:16:12",631600
92.6,-0.7,500,"sd","13:16:02",630300
92.7,-0.6,100,"bu","13:15:43",629800
92.6,-0.7,500,"bu","13:15:41",629700
92.6,-0.7,500,"bu","13:15:34",629200
92.6,-0.7,1700,"sd","13:15:33",628700
92.6,-0.7,500,"sd","13:15:32",627000
92.6,-0.7,200,"sd","13:15:30",626500
92.6,-0.7,500,"sd","13:15:02",626300
92.6,-0.7,10000,"sd","13:14:53",625800
92.6,-0.7,300,"sd","13:14:49",615800
92.7,-0.6,100,"bu","13:14:48",615500
92.7,-0.6,300,"bu","13:14:48",615400
92.7,-0.6,4000,"bu","13:14:38",615100
92.7,-0.6,100,"bu","13:14:32",611100
92.6,-0.7,500,"sd","13:14:32",611000
92.7,-0.6,100,"bu","13:14:24",610500
92.7,-0.6,100,"bu","13:14:23",610400
92.6,-0.7,1000,"sd","13:14:23",610300
92.7,-0.6,200,"bu","13:14:19",609300
92.7,-0.6,100,"bu","13:14:18",609100
92.6,-0.7,1000,"sd","13:14:16",609000
92.7,-0.6,100,"bu","13:14:13",608000
92.6,-0.7,1000,"sd","13:14:13",607900
92.7,-0.6,800,"bu","13:14:11",606900
92.6,-0.7,300,"sd","13:14:10",606100
92.7,-0.6,800,"bu","13:14:02",605800
92.6,-0.7,500,"sd","13:14:02",605000
92.7,-0.6,200,"bu","13:13:56",604500
92.6,-0.7,1000,"sd","13:13:55",604300
92.6,-0.7,1300,"sd","13:13:51",603300
92.6,-0.7,5000,"sd","13:13:43",602000
92.6,-0.7,2000,"sd","13:13:36",597000
92.6,-0.7,500,"sd","13:13:32",595000
92.7,-0.6,500,"bu","13:13:27",594500
92.7,-0.6,300,"bu","13:13:07",594000
92.6,-0.7,600,"sd","13:13:07",593700
92.6,-0.7,500,"sd","13:13:02",593100
92.7,-0.6,400,"bu","13:12:32",592600
92.6,-0.7,500,"sd","13:12:32",592200
92.7,-0.6,200,"bu","13:12:20",591700
92.7,-0.6,100,"bu","13:12:15",591500
92.7,-0.6,300,"bu","13:12:10",591400
92.7,-0.6,100,"sd","13:12:05",591100
92.6,-0.7,400,"sd","13:12:01",591000
92.7,-0.6,100,"sd","13:12:01",590600
92.7,-0.6,300,"sd","13:11:58",590500
92.7,-0.6,500,"sd","13:11:31",590200
92.7,-0.6,100,"sd","13:11:10",589700
92.7,-0.6,1000,"sd","13:11:07",589600
92.7,-0.6,500,"sd","13:11:01",588600
92.7,-0.6,800,"bu","13:10:33",588100
92.6,-0.7,500,"sd","13:10:31",587300
92.7,-0.6,100,"bu","13:10:25",586800
92.7,-0.6,300,"bu","13:10:20",586700
92.7,-0.6,100,"bu","13:10:14",586400
92.6,-0.7,500,"sd","13:10:01",586300
92.7,-0.6,200,"bu","13:09:51",585800
92.7,-0.6,500,"sd","13:09:50",585600
92.8,-0.5,100,"bu","13:09:49",585100
92.7,-0.6,1500,"sd","13:09:32",585000
92.7,-0.6,10600,"sd","13:09:31",583500
92.8,-0.5,14900,"sd","13:09:31",572900
92.8,-0.5,500,"sd","13:09:01",558000
92.8,-0.5,2000,"sd","13:09:00",557500
92.8,-0.5,200,"sd","13:08:55",555500
92.8,-0.5,800,"sd","13:08:53",555300
92.8,-0.5,500,"sd","13:08:31",554500
92.9,-0.4,100,"bu","13:08:30",554000
92.9,-0.4,1400,"sd","13:08:12",553900
92.9,-0.4,500,"sd","13:08:00",552500
92.9,-0.4,500,"sd","13:07:30",552000
92.9,-0.4,100,"sd","13:07:15",551500
92.9,-0.4,200,"bu","13:07:14",551400
92.9,-0.4,1200,"bu","13:07:08",551200
92.9,-0.4,300,"bu","13:07:01",550000
92.8,-0.5,500,"sd","13:07:00",549700
92.9,-0.4,2800,"sd","13:06:59",549200
92.9,-0.4,5500,"sd","13:06:59",546400
92.9,-0.4,200,"sd","13:06:55",540900
93,-0.3,200,"bu","13:06:51",540700
93,-0.3,100,"bu","13:06:48",540500
92.9,-0.4,500,"sd","13:06:29",540400
92.9,-0.4,500,"sd","13:06:25",539900
92.9,-0.4,500,"sd","13:06:09",539400
92.9,-0.4,500,"sd","13:05:59",538900
93,-0.3,100,"bu","13:05:49",538400
93,-0.3,500,"bu","13:05:30",538300
92.9,-0.4,500,"sd","13:05:29",537800
93,-0.3,100,"bu","13:05:22",537300
93,-0.3,200,"bu","13:05:11",537200
92.9,-0.4,500,"sd","13:04:59",537000
93,-0.3,100,"bu","13:04:49",536500
93,-0.3,1000,"bu","13:04:46",536400
93,-0.3,1900,"bu","13:04:29",535400
92.9,-0.4,500,"sd","13:04:29",533500
93,-0.3,100,"bu","13:04:08",533000
93,-0.3,500,"bu","13:04:05",532900
92.9,-0.4,500,"sd","13:03:59",532400
92.9,-0.4,3000,"sd","13:03:52",531900
92.9,-0.4,500,"sd","13:03:29",528900
92.9,-0.4,100,"sd","13:03:17",528400
92.9,-0.4,1000,"sd","13:03:14",528300
92.9,-0.4,500,"sd","13:02:59",527300
92.9,-0.4,500,"sd","13:02:29",526800
93,-0.3,100,"bu","13:02:24",526300
93,-0.3,1400,"bu","13:02:12",526200
92.9,-0.4,500,"sd","13:01:58",524800
92.9,-0.4,500,"sd","13:01:29",524300
92.9,-0.4,600,"sd","13:01:02",523800
92.9,-0.4,500,"sd","13:00:58",523200
93,-0.3,400,"bu","13:00:53",522700
93,-0.3,100,"bu","13:00:15",522300
93,-0.3,500,"sd","13:00:10",522200
92.9,-0.4,600,"sd","13:00:07",521700
92.9,-0.4,1100,"sd","13:00:06",521100
93,-0.3,900,"sd","13:00:06",520000
93,-0.3,300,"bu","13:00:03",519100
93,-0.3,200,"bu","13:00:01",518800
92.9,-0.4,600,"sd","13:00:01",518600
92.9,-0.4,600,"sd","13:00:00",518000
93,-0.3,400,"bu","13:00:00",517400
92.9,-0.4,200,"sd","13:00:00",517000
93,-0.3,100,"bu","11:29:25",516800
92.9,-0.4,500,"sd","11:28:56",516700
93,-0.3,5500,"sd","11:28:30",516200
93,-0.3,500,"sd","11:28:26",510700
93,-0.3,500,"sd","11:27:56",510200
93,-0.3,200,"sd","11:27:26",509700
93.1,-0.2,300,"sd","11:27:26",509500
93,-0.3,500,"sd","11:27:09",509200
93,-0.3,500,"sd","11:26:56",508700
93.2,-0.1,100,"bu","11:26:29",508200
93,-0.3,500,"sd","11:26:26",508100
93,-0.3,500,"sd","11:25:56",507600
93,-0.3,6300,"bu","11:25:40",507100
92.9,-0.4,500,"sd","11:25:26",500800
93,-0.3,100,"bu","11:25:06",500300
92.9,-0.4,500,"sd","11:24:55",500200
93,-0.3,200,"bu","11:24:32",499700
92.9,-0.4,500,"sd","11:24:26",499500
92.9,-0.4,100,"sd","11:23:57",499000
92.9,-0.4,500,"sd","11:23:56",498900
92.9,-0.4,500,"sd","11:23:26",498400
92.9,-0.4,500,"sd","11:22:55",497900
92.9,-0.4,2000,"sd","11:22:49",497400
92.9,-0.4,500,"sd","11:22:25",495400
92.9,-0.4,1300,"sd","11:22:17",494900
92.9,-0.4,500,"sd","11:21:55",493600
92.9,-0.4,500,"sd","11:21:25",493100
92.9,-0.4,500,"sd","11:20:55",492600
92.9,-0.4,100,"sd","11:20:50",492100
92.9,-0.4,500,"sd","11:20:25",492000
93,-0.3,100,"bu","11:20:20",491500
92.9,-0.4,500,"sd","11:19:55",491400
92.9,-0.4,500,"sd","11:19:24",490900
92.9,-0.4,500,"sd","11:18:54",490400
93,-0.3,300,"bu","11:18:40",489900
92.9,-0.4,500,"sd","11:18:24",489600
93,-0.3,100,"bu","11:18:23",489100
93,-0.3,100,"bu","11:18:13",489000
93,-0.3,300,"bu","11:18:00",488900
92.9,-0.4,500,"sd","11:17:54",488600
93,-0.3,200,"bu","11:17:47",488100
93,-0.3,200,"bu","11:17:39",487900
93,-0.3,100,"bu","11:17:28",487700
92.9,-0.4,500,"sd","11:17:24",487600
92.9,-0.4,500,"sd","11:16:54",487100
92.9,-0.4,500,"sd","11:16:24",486600
93,-0.3,400,"sd","11:16:07",486100
93,-0.3,900,"bu","11:15:56",485700
92.9,-0.4,500,"sd","11:15:54",484800
93,-0.3,100,"bu","11:15:51",484300
92.9,-0.4,500,"sd","11:15:24",484200
93,-0.3,100,"bu","11:15:18",483700
93,-0.3,500,"bu","11:15:13",483600
93,-0.3,100,"bu","11:15:11",483100
93,-0.3,1400,"bu","11:15:01",483000
92.9,-0.4,10000,"sd","11:14:54",481600
92.9,-0.4,500,"sd","11:14:53",471600
93,-0.3,400,"sd","11:14:25",471100
93,-0.3,500,"sd","11:14:23",470700
93,-0.3,6000,"sd","11:14:23",470200
93,-0.3,5000,"sd","11:14:21",464200
93,-0.3,2200,"sd","11:14:18",459200
93,-0.3,10300,"sd","11:14:14",457000
93,-0.3,500,"sd","11:13:53",446700
93,-0.3,2000,"sd","11:13:38",446200
93.1,-0.2,200,"bu","11:13:23",444200
93,-0.3,500,"sd","11:13:23",444000
93,-0.3,5000,"sd","11:12:54",443500
93,-0.3,500,"sd","11:12:54",438500
93,-0.3,800,"sd","11:12:52",438000
93.1,-0.2,200,"bu","11:12:30",437200
93,-0.3,500,"sd","11:12:23",437000
93,-0.3,5000,"sd","11:12:21",436500
93,-0.3,300,"sd","11:12:10",431500
93,-0.3,500,"sd","11:11:53",431200
93.1,-0.2,100,"sd","11:11:45",430700
93,-0.3,11100,"sd","11:11:41",430600
93,-0.3,500,"sd","11:11:23",419500
93,-0.3,500,"sd","11:10:53",419000
93,-0.3,1000,"sd","11:10:51",418500
93,-0.3,2200,"sd","11:10:43",417500
93.1,-0.2,5000,"sd","11:10:43",415300
93.1,-0.2,500,"sd","11:10:23",410300
93.1,-0.2,500,"sd","11:09:52",409800
93.1,-0.2,500,"sd","11:09:23",409300
93.1,-0.2,500,"sd","11:08:53",408800
93.1,-0.2,500,"sd","11:08:22",408300
93.1,-0.2,100,"sd","11:08:12",407800
93.1,-0.2,500,"sd","11:07:52",407700
93.1,-0.2,200,"bu","11:07:23",407200
93,-0.3,500,"sd","11:07:22",407000
93.1,-0.2,1200,"bu","11:07:18",406500
93.1,-0.2,2800,"bu","11:06:56",405300
93,-0.3,500,"sd","11:06:52",402500
93,-0.3,500,"sd","11:06:22",402000
93,-0.3,600,"sd","11:05:52",401500
93,-0.3,500,"sd","11:05:22",400900
93,-0.3,100,"sd","11:05:08",400400
93,-0.3,100,"sd","11:04:52",400300
93,-0.3,500,"sd","11:04:52",400200
93,-0.3,2000,"sd","11:04:30",399700
93,-0.3,500,"sd","11:04:21",397700
93,-0.3,2000,"sd","11:04:13",397200
93,-0.3,1900,"sd","11:03:56",395200
93,-0.3,500,"sd","11:03:51",393300
93,-0.3,100,"sd","11:03:40",392800
93.1,-0.2,500,"bu","11:03:39",392700
93,-0.3,500,"sd","11:03:21",392200
93,-0.3,500,"sd","11:02:52",391700
93,-0.3,1000,"sd","11:02:33",391200
93,-0.3,500,"sd","11:02:21",390200
93,-0.3,100,"sd","11:02:20",389700
93,-0.3,500,"sd","11:01:51",389600
93.1,-0.2,400,"sd","11:01:50",389100
93.1,-0.2,1000,"sd","11:01:44",388700
93.1,-0.2,500,"sd","11:01:21",387700
93.1,-0.2,300,"sd","11:01:18",387200
93.3,0,2100,"bu","11:01:17",386900
93,-0.3,1500,"sd","11:00:57",384800
93,-0.3,500,"sd","11:00:51",383300
93,-0.3,100,"sd","11:00:40",382800
93,-0.3,1500,"sd","11:00:22",382700
93,-0.3,500,"sd","11:00:21",381200
93,-0.3,500,"sd","10:59:51",380700
93,-0.3,1800,"sd","10:59:20",380200
93.1,-0.2,200,"sd","10:59:20",378400
93.1,-0.2,2000,"sd","10:59:18",378200
93.1,-0.2,1100,"sd","10:59:17",376200
93.1,-0.2,2000,"sd","10:59:08",375100
93.1,-0.2,500,"sd","10:58:50",373100
93.1,-0.2,500,"sd","10:58:20",372600
93.1,-0.2,500,"sd","10:57:50",372100
93.1,-0.2,500,"sd","10:57:38",371600
93.1,-0.2,500,"sd","10:57:20",371100
93.1,-0.2,2000,"sd","10:57:17",370600
93.1,-0.2,500,"sd","10:56:50",368600
93.1,-0.2,500,"sd","10:56:45",368100
93.1,-0.2,500,"sd","10:56:20",367600
93.1,-0.2,500,"sd","10:56:19",367100
93.1,-0.2,500,"sd","10:55:50",366600
93.1,-0.2,2000,"sd","10:55:28",366100
93.1,-0.2,500,"sd","10:55:19",364100
93.1,-0.2,2000,"sd","10:55:07",363600
93.1,-0.2,100,"sd","10:55:02",361600
93.1,-0.2,500,"sd","10:54:50",361500
93.1,-0.2,2000,"sd","10:54:35",361000
93.1,-0.2,500,"sd","10:54:19",359000
93.1,-0.2,1000,"sd","10:53:56",358500
93.1,-0.2,500,"sd","10:53:49",357500
93.1,-0.2,500,"sd","10:53:19",357000
93.1,-0.2,500,"sd","10:52:49",356500
93.1,-0.2,500,"sd","10:52:19",356000
93.1,-0.2,500,"sd","10:51:49",355500
93.1,-0.2,500,"sd","10:51:19",355000
93.1,-0.2,500,"sd","10:50:49",354500
93.1,-0.2,200,"sd","10:50:19",354000
93.2,-0.1,300,"sd","10:50:19",353800
93.2,-0.1,700,"bu","10:50:10",353500
93.1,-0.2,500,"sd","10:49:49",352800
93.1,-0.2,500,"sd","10:49:19",352300
93.1,-0.2,200,"sd","10:49:11",351800
93.1,-0.2,500,"sd","10:48:49",351600
93.1,-0.2,500,"sd","10:48:18",351100
93.1,-0.2,500,"sd","10:47:48",350600
93.1,-0.2,400,"sd","10:47:31",350100
93.1,-0.2,500,"sd","10:47:18",349700
93.1,-0.2,500,"sd","10:46:48",349200
93.1,-0.2,1800,"sd","10:46:31",348700
93.2,-0.1,3200,"sd","10:46:31",346900
93.2,-0.1,500,"sd","10:46:18",343700
93.2,-0.1,1300,"bu","10:45:57",343200
93.1,-0.2,500,"sd","10:45:48",341900
93.1,-0.2,500,"sd","10:45:18",341400
93.2,-0.1,500,"sd","10:44:48",340900
93.2,-0.1,200,"sd","10:44:44",340400
93.2,-0.1,500,"sd","10:44:18",340200
93.2,-0.1,1000,"sd","10:44:15",339700
93.2,-0.1,500,"sd","10:43:48",338700
93.2,-0.1,500,"sd","10:43:17",338200
93.2,-0.1,500,"sd","10:42:47",337700
93.2,-0.1,1000,"sd","10:42:37",337200
93.2,-0.1,500,"sd","10:42:17",336200
93.2,-0.1,500,"sd","10:41:47",335700
93.3,0,1800,"sd","10:41:40",335200
93.3,0,500,"sd","10:41:17",333400
93.3,0,1000,"sd","10:41:13",332900
93.3,0,5000,"sd","10:40:49",331900
93.3,0,500,"sd","10:40:47",326900
93.3,0,5000,"bu","10:40:42",326400
93.2,-0.1,500,"sd","10:40:17",321400
93.2,-0.1,500,"sd","10:39:47",320900
93.2,-0.1,500,"sd","10:39:16",320400
93.2,-0.1,500,"sd","10:38:47",319900
93.2,-0.1,500,"sd","10:38:16",319400
93.2,-0.1,500,"sd","10:37:46",318900
93.3,0,100,"sd","10:37:22",318400
93.3,0,500,"sd","10:37:16",318300
93.3,0,1000,"sd","10:36:50",317800
93.3,0,500,"sd","10:36:46",316800
93.3,0,500,"sd","10:36:16",316300
93.3,0,500,"sd","10:35:46",315800
93.3,0,500,"sd","10:35:16",315300
93.3,0,100,"sd","10:35:03",314800
93.3,0,500,"sd","10:34:46",314700
93.3,0,400,"sd","10:34:43",314200
93.3,0,500,"sd","10:34:16",313800
93.2,-0.1,600,"sd","10:34:05",313300
93.3,0,500,"sd","10:34:05",312700
93.3,0,500,"sd","10:33:45",312200
93.3,0,4000,"bu","10:33:36",311700
93,-0.3,500,"sd","10:33:15",307700
93,-0.3,400,"sd","10:33:13",307200
93.1,-0.2,100,"sd","10:33:13",306800
93,-0.3,400,"sd","10:32:45",306700
93.1,-0.2,100,"sd","10:32:45",306300
93.1,-0.2,100,"sd","10:32:44",306200
93.1,-0.2,1300,"sd","10:32:17",306100
93.1,-0.2,500,"sd","10:32:16",304800
93.1,-0.2,500,"sd","10:31:45",304300
93.1,-0.2,500,"sd","10:31:15",303800
93.1,-0.2,500,"sd","10:30:45",303300
93.1,-0.2,500,"sd","10:30:15",302800
93.1,-0.2,500,"sd","10:29:45",302300
93.1,-0.2,500,"sd","10:29:15",301800
93.1,-0.2,500,"sd","10:28:45",301300
93.1,-0.2,500,"sd","10:28:14",300800
93.1,-0.2,800,"sd","10:27:44",300300
93.1,-0.2,500,"sd","10:27:14",299500
93.1,-0.2,100,"sd","10:26:50",299000
93.1,-0.2,500,"sd","10:26:44",298900
93.1,-0.2,500,"sd","10:26:14",298400
93.1,-0.2,500,"sd","10:25:44",297900
93.1,-0.2,200,"sd","10:25:33",297400
93,-0.3,400,"sd","10:25:14",297200
93.1,-0.2,100,"sd","10:25:14",296800
93.1,-0.2,1000,"sd","10:25:07",296700
93.1,-0.2,500,"sd","10:24:44",295700
93.1,-0.2,500,"sd","10:24:14",295200
93,-0.3,500,"sd","10:23:44",294700
93,-0.3,500,"sd","10:23:14",294200
93,-0.3,100,"sd","10:22:57",293700
93,-0.3,500,"sd","10:22:44",293600
93,-0.3,3000,"sd","10:22:33",293100
93,-0.3,500,"sd","10:22:13",290100
93,-0.3,500,"sd","10:21:43",289600
93,-0.3,100,"sd","10:21:33",289100
93.1,-0.2,200,"sd","10:21:33",289000
93,-0.3,1000,"sd","10:21:22",288800
93,-0.3,500,"sd","10:21:13",287800
93,-0.3,1000,"sd","10:21:01",287300
93,-0.3,500,"sd","10:20:43",286300
93,-0.3,500,"sd","10:20:13",285800
93,-0.3,400,"sd","10:19:43",285300
93,-0.3,100,"sd","10:19:28",284900
93,-0.3,400,"sd","10:19:13",284800
93,-0.3,600,"sd","10:18:43",284400
93,-0.3,500,"sd","10:18:18",283800
93,-0.3,1000,"sd","10:18:15",283300
93,-0.3,400,"sd","10:18:13",282300
93,-0.3,400,"sd","10:17:43",281900
93,-0.3,400,"sd","10:17:13",281500
93,-0.3,400,"sd","10:16:43",281100
93,-0.3,400,"sd","10:16:13",280700
93,-0.3,400,"sd","10:15:42",280300
93,-0.3,400,"sd","10:15:12",279900
93.1,-0.2,1000,"sd","10:15:09",279500
93,-0.3,400,"sd","10:14:42",278500
93,-0.3,400,"sd","10:14:12",278100
93,-0.3,400,"sd","10:13:42",277700
93,-0.3,6200,"sd","10:13:16",277300
93,-0.3,400,"sd","10:13:12",271100
93,-0.3,100,"sd","10:12:42",270700
93.2,-0.1,300,"sd","10:12:42",270600
93.2,-0.1,700,"bu","10:12:40",270300
93,-0.3,4900,"sd","10:12:35",269600
93.1,-0.2,5100,"sd","10:12:35",264700
93.2,-0.1,100,"bu","10:12:30",259600
93.1,-0.2,10000,"sd","10:12:26",259500
93.1,-0.2,1000,"sd","10:12:13",249500
93.1,-0.2,400,"sd","10:12:12",248500
93.1,-0.2,400,"sd","10:11:42",248100
93.1,-0.2,300,"sd","10:11:31",247700
93.1,-0.2,400,"sd","10:11:11",247400
93.1,-0.2,500,"sd","10:10:49",247000
93.1,-0.2,400,"sd","10:10:40",246500
93.1,-0.2,400,"sd","10:10:11",246100
93.1,-0.2,400,"sd","10:09:44",245700
93.1,-0.2,1000,"sd","10:09:43",245300
93.1,-0.2,400,"sd","10:09:40",244300
93.1,-0.2,300,"sd","10:09:10",243900
93.2,-0.1,100,"sd","10:09:10",243600
93.1,-0.2,300,"sd","10:09:03",243500
93.1,-0.2,300,"sd","10:08:40",243200
93.2,-0.1,100,"sd","10:08:40",242900
93.1,-0.2,400,"sd","10:08:10",242800
93.1,-0.2,600,"sd","10:07:59",242400
93.1,-0.2,400,"sd","10:07:40",241800
93.1,-0.2,2800,"sd","10:07:26",241400
93.2,-0.1,200,"sd","10:07:26",238600
93.2,-0.1,400,"sd","10:07:20",238400
93.2,-0.1,400,"sd","10:07:10",238000
93.2,-0.1,3000,"sd","10:07:09",237600
93.2,-0.1,10000,"sd","10:06:55",234600
93.2,-0.1,400,"sd","10:06:40",224600
93.2,-0.1,300,"sd","10:06:40",224200
93.2,-0.1,400,"sd","10:06:10",223900
93.3,0,100,"bu","10:06:09",223500
93.2,-0.1,4000,"sd","10:06:00",223400
93.2,-0.1,400,"sd","10:05:40",219400
93.3,0,1000,"bu","10:05:13",219000
93.2,-0.1,400,"sd","10:05:10",218000
93.2,-0.1,400,"sd","10:04:39",217600
93.2,-0.1,400,"sd","10:04:10",217200
93.2,-0.1,400,"sd","10:03:40",216800
93.2,-0.1,400,"sd","10:03:09",216400
93.2,-0.1,400,"sd","10:02:39",216000
93.2,-0.1,1500,"sd","10:02:35",215600
93.2,-0.1,400,"sd","10:02:09",214100
93.2,-0.1,400,"sd","10:01:39",213700
93.2,-0.1,400,"sd","10:01:09",213300
93.2,-0.1,400,"sd","10:00:39",212900
93.3,0,100,"bu","10:00:38",212500
93.3,0,1000,"bu","10:00:37",212400
93.3,0,2000,"bu","10:00:22",211400
93.3,0,300,"bu","10:00:09",209400
93.2,-0.1,400,"sd","10:00:09",209100
93.2,-0.1,400,"sd","09:59:39",208700
93.3,0,900,"sd","09:59:35",208300
93.3,0,100,"bu","09:59:34",207400
93.2,-0.1,400,"sd","09:59:09",207300
93.3,0,1000,"bu","09:59:03",206900
93.2,-0.1,400,"sd","09:58:39",205900
93.2,-0.1,400,"sd","09:58:08",205500
93.3,0,100,"bu","09:57:56",205100
93.3,0,300,"bu","09:57:45",205000
93.2,-0.1,400,"sd","09:57:38",204700
93.2,-0.1,400,"sd","09:57:08",204300
93.3,0,100,"bu","09:57:04",203900
93.3,0,900,"bu","09:56:57",203800
93.2,-0.1,400,"sd","09:56:38",202900
93.2,-0.1,400,"sd","09:56:08",202500
93.3,0,300,"bu","09:56:04",202100
93.3,0,400,"sd","09:55:53",201800
93.3,0,400,"sd","09:55:38",201400
93.4,0.1,100,"bu","09:55:17",201000
93.3,0,400,"sd","09:55:08",200900
93.3,0,100,"sd","09:54:50",200500
93.3,0,100,"sd","09:54:43",200400
93.3,0,400,"sd","09:54:38",200300
93.3,0,100,"sd","09:54:13",199900
93.3,0,400,"sd","09:54:08",199800
93.2,-0.1,400,"sd","09:53:38",199400
93.2,-0.1,400,"sd","09:53:07",199000
93.2,-0.1,100,"sd","09:52:39",198600
93.2,-0.1,400,"sd","09:52:37",198500
93.2,-0.1,400,"sd","09:52:07",198100
93.2,-0.1,400,"sd","09:51:38",197700
93.3,0,1000,"sd","09:51:19",197300
93.3,0,900,"bu","09:51:15",196300
93.3,0,100,"bu","09:51:09",195400
93.2,-0.1,400,"sd","09:51:08",195300
93.3,0,1700,"bu","09:50:56",194900
93.3,0,100,"bu","09:50:49",193200
93.2,-0.1,400,"sd","09:50:37",193100
93.3,0,300,"bu","09:50:08",192700
93.3,0,500,"bu","09:50:08",192400
93.2,-0.1,400,"sd","09:50:07",191900
93.2,-0.1,1500,"sd","09:50:05",191500
93.2,-0.1,400,"sd","09:49:37",190000
93.2,-0.1,400,"sd","09:49:07",189600
93.2,-0.1,200,"bu","09:48:41",189200
93.1,-0.2,400,"sd","09:48:37",189000
93.2,-0.1,100,"bu","09:48:27",188600
93.2,-0.1,100,"bu","09:48:09",188500
93.1,-0.2,400,"sd","09:48:07",188400
93.1,-0.2,2000,"sd","09:47:54",188000
93.2,-0.1,100,"bu","09:47:54",186000
93.1,-0.2,100,"sd","09:47:44",185900
93.1,-0.2,400,"sd","09:47:37",185800
93.1,-0.2,400,"sd","09:47:07",185400
93.1,-0.2,400,"sd","09:46:36",185000
93.1,-0.2,400,"sd","09:46:06",184600
93.1,-0.2,400,"sd","09:45:36",184200
93.1,-0.2,400,"sd","09:45:07",183800
93.1,-0.2,400,"sd","09:44:36",183400
93.2,-0.1,100,"bu","09:44:29",183000
93,-0.3,300,"sd","09:44:06",182900
93.1,-0.2,100,"sd","09:44:06",182600
93.2,-0.1,900,"bu","09:43:47",182500
93,-0.3,300,"sd","09:43:36",181600
93.1,-0.2,100,"sd","09:43:36",181300
93.2,-0.1,200,"bu","09:43:18",181200
93,-0.3,400,"sd","09:43:06",181000
93.1,-0.2,400,"sd","09:42:36",180600
93,-0.3,400,"sd","09:42:05",180200
93,-0.3,400,"sd","09:41:35",179800
93,-0.3,100,"sd","09:41:35",179400
93,-0.3,300,"sd","09:41:06",179300
93.1,-0.2,100,"sd","09:41:06",179000
93.2,-0.1,5000,"bu","09:41:02",178900
93.1,-0.2,10000,"sd","09:41:00",173900
93.2,-0.1,200,"bu","09:40:54",163900
93.1,-0.2,100,"sd","09:40:46",163700
93.1,-0.2,400,"sd","09:40:36",163600
93.1,-0.2,100,"bu","09:40:06",163200
93,-0.3,400,"sd","09:40:05",163100
93.1,-0.2,500,"bu","09:40:02",162700
93,-0.3,200,"sd","09:39:59",162200
93.1,-0.2,100,"bu","09:39:57",162000
93.1,-0.2,300,"bu","09:39:48",161900
93,-0.3,400,"sd","09:39:35",161600
93,-0.3,400,"sd","09:39:05",161200
93.1,-0.2,100,"bu","09:39:03",160800
93.1,-0.2,300,"bu","09:38:57",160700
93.1,-0.2,200,"bu","09:38:55",160400
93.1,-0.2,200,"bu","09:38:50",160200
93.1,-0.2,200,"bu","09:38:41",160000
93.1,-0.2,100,"bu","09:38:37",159800
93.1,-0.2,2400,"bu","09:38:36",159700
93,-0.3,400,"sd","09:38:35",157300
93.1,-0.2,1200,"sd","09:38:09",156900
93.1,-0.2,400,"sd","09:38:06",155700
93.2,-0.1,500,"bu","09:38:03",155300
93.1,-0.2,400,"sd","09:37:35",154800
93.2,-0.1,200,"bu","09:37:33",154400
93.1,-0.2,400,"sd","09:37:05",154200
93.2,-0.1,100,"bu","09:36:57",153800
93.2,-0.1,100,"bu","09:36:40",153700
93.1,-0.2,400,"sd","09:36:35",153600
93.2,-0.1,500,"bu","09:36:33",153200
93.2,-0.1,4400,"sd","09:36:33",152700
93.2,-0.1,400,"sd","09:36:04",148300
93.3,0,1000,"bu","09:35:59",147900
93.2,-0.1,700,"sd","09:35:53",146900
93.3,0,100,"bu","09:35:50",146200
93.3,0,500,"bu","09:35:48",146100
93.2,-0.1,400,"sd","09:35:35",145600
93.3,0,100,"bu","09:35:30",145200
93.2,-0.1,400,"bu","09:35:10",145100
93.2,-0.1,200,"bu","09:35:07",144700
93.1,-0.2,400,"sd","09:35:04",144500
93.2,-0.1,200,"bu","09:35:04",144100
93.2,-0.1,200,"bu","09:35:02",143900
93.2,-0.1,1000,"bu","09:34:50",143700
93.1,-0.2,400,"sd","09:34:34",142700
93.1,-0.2,100,"sd","09:34:27",142300
93.1,-0.2,400,"sd","09:34:04",142200
93.2,-0.1,100,"bu","09:33:58",141800
93.2,-0.1,1000,"bu","09:33:51",141700
93.2,-0.1,1000,"bu","09:33:39",140700
93,-0.3,400,"sd","09:33:34",139700
93,-0.3,900,"sd","09:33:31",139300
93,-0.3,2200,"sd","09:33:26",138400
93.1,-0.2,400,"sd","09:33:26",136200
93.2,-0.1,100,"bu","09:33:16",135800
93.2,-0.1,100,"bu","09:33:14",135700
93,-0.3,1000,"sd","09:33:08",135600
93,-0.3,400,"sd","09:33:04",134600
93.2,-0.1,100,"bu","09:33:02",134200
93,-0.3,26200,"sd","09:33:01",134100
93,-0.3,2300,"sd","09:32:56",107900
93.1,-0.2,2800,"sd","09:32:56",105600
93.1,-0.2,500,"sd","09:32:53",102800
93,-0.3,300,"sd","09:32:34",102300
93.1,-0.2,100,"sd","09:32:34",102000
93.1,-0.2,400,"sd","09:32:27",101900
93.1,-0.2,400,"sd","09:32:04",101500
93.1,-0.2,100,"sd","09:31:59",101100
93.1,-0.2,100,"sd","09:31:53",101000
93,-0.3,100,"sd","09:31:34",100900
93.1,-0.2,300,"sd","09:31:34",100800
93.2,-0.1,1000,"bu","09:31:25",100500
93.2,-0.1,200,"bu","09:31:05",99500
93,-0.3,2100,"sd","09:31:05",99300
93,-0.3,400,"sd","09:31:04",97200
93.1,-0.2,2000,"sd","09:31:04",96800
93.2,-0.1,200,"bu","09:30:56",94800
93.2,-0.1,700,"sd","09:30:53",94600
93.2,-0.1,300,"sd","09:30:34",93900
93.2,-0.1,100,"sd","09:30:33",93600
93.2,-0.1,4000,"sd","09:30:31",93500
93.2,-0.1,400,"sd","09:30:04",89500
93.3,0,4900,"sd","09:29:35",89100
93.3,0,400,"sd","09:29:33",84200
93.3,0,1000,"sd","09:29:27",83800
93.4,0.1,300,"bu","09:29:07",82800
93.3,0,400,"sd","09:29:03",82500
93.4,0.1,200,"sd","09:28:42",82100
93.4,0.1,1000,"sd","09:28:38",81900
93.4,0.1,2200,"sd","09:28:35",80900
93.4,0.1,400,"sd","09:28:33",78700
93.4,0.1,100,"sd","09:28:18",78300
93.4,0.1,400,"sd","09:28:04",78200
93.4,0.1,400,"sd","09:27:33",77800
93.4,0.1,100,"sd","09:27:21",77400
93.4,0.1,400,"sd","09:27:03",77300
93.4,0.1,100,"sd","09:26:57",76900
93.4,0.1,300,"sd","09:26:33",76800
93.5,0.2,100,"sd","09:26:33",76500
93.5,0.2,1500,"sd","09:26:15",76400
93.5,0.2,100,"sd","09:26:13",74900
93.5,0.2,400,"sd","09:26:03",74800
93.5,0.2,1000,"sd","09:25:53",74400
93.5,0.2,400,"sd","09:25:33",73400
93.6,0.3,1000,"bu","09:25:33",73000
93.6,0.3,900,"bu","09:25:22",72000
93.5,0.2,5000,"sd","09:25:14",71100
93.5,0.2,2000,"sd","09:25:13",66100
93.5,0.2,400,"sd","09:25:03",64100
93.5,0.2,400,"sd","09:24:33",63700
93.6,0.3,100,"bu","09:24:22",63300
93.6,0.3,1300,"sd","09:24:21",63200
93.6,0.3,800,"sd","09:24:09",61900
93.6,0.3,1500,"sd","09:24:03",61100
93.6,0.3,400,"sd","09:24:02",59600
93.6,0.3,300,"sd","09:23:49",59200
93.6,0.3,400,"sd","09:23:32",58900
93.6,0.3,400,"sd","09:23:03",58500
93.6,0.3,1000,"sd","09:22:54",58100
93.6,0.3,400,"sd","09:22:32",57100
93.6,0.3,400,"sd","09:22:02",56700
93.5,0.2,800,"sd","09:21:45",56300
93.7,0.4,200,"sd","09:21:45",55500
93.5,0.2,1900,"sd","09:21:34",55300
93.6,0.3,100,"sd","09:21:34",53400
93.6,0.3,100,"sd","09:21:32",53300
93.7,0.4,300,"sd","09:21:32",53200
93.7,0.4,5400,"sd","09:21:31",52900
93.7,0.4,100,"sd","09:21:04",47500
93.7,0.4,400,"sd","09:21:02",47400
93.7,0.4,4000,"sd","09:20:59",47000
93.7,0.4,800,"sd","09:20:48",43000
93.7,0.4,400,"sd","09:20:32",42200
93.8,0.5,100,"bu","09:20:24",41800
93.7,0.4,6000,"sd","09:20:24",41700
93.8,0.5,800,"bu","09:20:23",35700
93.7,0.4,400,"sd","09:20:02",34900
93.7,0.4,400,"sd","09:19:32",34500
93.7,0.4,300,"sd","09:19:30",34100
93.7,0.4,300,"sd","09:19:02",33800
93.8,0.5,100,"sd","09:19:02",33500
94,0.7,4300,"bu","09:18:54",33400
93.9,0.6,3000,"bu","09:18:54",29100
93.8,0.5,3700,"bu","09:18:54",26100
93.8,0.5,2000,"bu","09:18:45",22400
93.7,0.4,100,"sd","09:18:34",20400
93.7,0.4,400,"sd","09:18:29",20300
93.7,0.4,1000,"sd","09:18:20",19900
93.7,0.4,1000,"sd","09:18:01",18900
93.7,0.4,500,"sd","09:18:00",17900
93.7,0.4,1400,"bu","09:17:58",17400
93.7,0.4,100,"bu","09:17:50",16000
93.7,0.4,400,"bu","09:17:38",15900
93.5,0.2,400,"sd","09:17:38",15500
93.6,0.3,100,"sd","09:17:38",15100
93.7,0.4,100,"sd","09:17:09",15000
93.7,0.4,500,"sd","09:17:07",14900
93.5,0.2,100,"sd","09:16:59",14400
93.7,0.4,300,"sd","09:16:59",14300
93.7,0.4,100,"sd","09:16:39",14000
93.5,0.2,400,"sd","09:16:29",13900
93.8,0.5,1100,"bu","09:16:25",13500
93.6,0.3,500,"sd","09:16:19",12400
93.8,0.5,100,"bu","09:15:59",11900
93.8,0.5,600,"sd","09:15:40",11800
93.9,0.6,100,"bu","09:15:36",11200
93.9,0.6,200,"bu","09:15:32",11100
93.9,0.6,400,"sd","09:15:21",10900
93.9,0.6,3000,"sd","09:15:16",10500
93.9,0.6,400,"sd","09:15:15",7500
93.9,0.6,100,"sd","09:15:05",7100
94,0.7,7000,"","09:15:00",7000
