"price","change","match_qtty","side","time","total_vol"
32.8,0.05,70000,"","14:45:00",803000
32.75,0,200,"bu","14:29:57",733000
32.75,0,1200,"sd","14:29:44",732800
32.8,0.05,200,"bu","14:29:38",731600
32.8,0.05,200,"bu","14:29:01",731400
32.8,0.05,300,"bu","14:28:48",731200
32.75,0,200,"bu","14:28:41",730900
32.75,0,500,"sd","14:28:40",730700
32.75,0,500,"sd","14:28:33",730200
32.75,0,800,"sd","14:28:32",729700
32.75,0,800,"sd","14:28:31",728900
32.75,0,800,"sd","14:28:25",728100
32.75,0,800,"sd","14:28:21",727300
32.75,0,500,"sd","14:28:18",726500
32.75,0,800,"sd","14:28:12",726000
32.75,0,300,"bu","14:27:50",725200
32.75,0,2700,"bu","14:27:43",724900
32.75,0,12000,"sd","14:27:32",722200
32.8,0.05,600,"bu","14:27:19",710200
32.8,0.05,1200,"sd","14:27:10",709600
32.85,0.1,5800,"sd","14:27:05",708400
32.85,0.1,300,"sd","14:27:04",702600
32.85,0.1,10000,"sd","14:26:57",702300
32.85,0.1,3000,"sd","14:26:56",692300
32.85,0.1,5000,"sd","14:26:45",689300
32.85,0.1,2000,"sd","14:26:37",684300
32.85,0.1,5000,"sd","14:26:35",682300
32.85,0.1,800,"sd","14:26:26",677300
32.85,0.1,2700,"sd","14:26:23",676500
32.9,0.15,2300,"sd","14:26:23",673800
32.9,0.15,800,"sd","14:26:13",671500
32.95,0.2,2300,"sd","14:26:09",670700
32.95,0.2,800,"sd","14:26:03",668400
32.95,0.2,2000,"sd","14:25:56",667600
32.95,0.2,400,"sd","14:25:39",665600
32.95,0.2,800,"sd","14:25:30",665200
32.95,0.2,800,"sd","14:25:29",664400
32.95,0.2,1400,"sd","14:25:09",663600
32.95,0.2,1400,"sd","14:24:55",662200
32.95,0.2,400,"sd","14:24:48",660800
32.95,0.2,100,"sd","14:24:31",660400
32.95,0.2,1900,"sd","14:24:30",660300
32.95,0.2,2000,"sd","14:24:22",658400
32.95,0.2,800,"sd","14:24:18",656400
32.95,0.2,5000,"sd","14:24:08",655600
32.95,0.2,1600,"sd","14:23:49",650600
32.95,0.2,800,"sd","14:23:44",649000
32.95,0.2,800,"sd","14:23:42",648200
32.95,0.2,400,"sd","14:23:42",647400
32.95,0.2,800,"sd","14:23:40",647000
32.95,0.2,800,"sd","14:23:39",646200
33,0.25,200,"bu","14:23:36",645400
33,0.25,100,"bu","14:23:35",645200
33,0.25,600,"bu","14:22:20",645100
33,0.25,3700,"sd","14:22:19",644500
33,0.25,100,"sd","14:22:14",640800
33.05,0.3,200,"bu","14:22:11",640700
33.05,0.3,100,"bu","14:22:04",640500
33,0.25,1500,"sd","14:22:01",640400
33.05,0.3,200,"bu","14:21:59",638900
33,0.25,200,"sd","14:20:06",638700
33.05,0.3,200,"bu","14:19:43",638500
33.05,0.3,200,"bu","14:18:42",638300
33.05,0.3,400,"bu","14:18:30",638100
33.05,0.3,2900,"bu","14:18:22",637700
33,0.25,100,"sd","14:18:17",634800
33.05,0.3,100,"bu","14:18:09",634700
33,0.25,100,"sd","14:17:07",634600
33,0.25,700,"sd","14:16:56",634500
33,0.25,100,"sd","14:16:49",633800
33,0.25,500,"sd","14:16:21",633700
33,0.25,2500,"sd","14:16:19",633200
33,0.25,100,"sd","14:15:26",630700
33,0.25,2400,"bu","14:14:49",630600
33,0.25,1000,"bu","14:14:42",628200
33,0.25,100,"bu","14:14:41",627200
33,0.25,1000,"bu","14:14:35",627100
33,0.25,500,"bu","14:13:32",626100
33,0.25,100,"bu","14:13:12",625600
33,0.25,100,"bu","14:13:11",625500
33,0.25,500,"bu","14:13:09",625400
33,0.25,300,"bu","14:13:00",624900
33,0.25,2500,"bu","14:12:55",624600
33,0.25,400,"bu","14:12:37",622100
33,0.25,200,"bu","14:12:32",621700
33,0.25,1600,"bu","14:12:21",621500
33,0.25,2900,"bu","14:12:11",619900
32.95,0.2,100,"sd","14:12:11",617000
33,0.25,300,"bu","14:12:10",616900
33,0.25,2300,"bu","14:12:05",616600
33,0.25,600,"bu","14:10:42",614300
33,0.25,100,"bu","14:10:31",613700
33,0.25,1300,"bu","14:10:23",613600
33,0.25,100,"bu","14:08:32",612300
33,0.25,1000,"bu","14:08:23",612200
33,0.25,100,"bu","14:08:20",611200
33,0.25,700,"sd","14:08:16",611100
33,0.25,500,"sd","14:08:00",610400
33,0.25,200,"bu","14:07:07",609900
33,0.25,300,"bu","14:07:07",609700
33,0.25,3600,"bu","14:07:01",609400
33,0.25,1000,"bu","14:06:55",605800
33,0.25,10000,"bu","14:06:51",604800
33,0.25,100,"bu","14:06:21",594800
33,0.25,200,"bu","14:06:18",594700
33,0.25,400,"bu","14:06:16",594500
33,0.25,500,"bu","14:06:11",594100
33,0.25,200,"bu","14:05:46",593600
33,0.25,200,"bu","14:05:21",593400
33,0.25,1500,"bu","14:05:11",593200
33,0.25,10000,"bu","14:05:08",591700
32.95,0.2,100,"sd","14:04:56",581700
32.95,0.2,1100,"bu","14:04:45",581600
32.9,0.15,800,"bu","14:03:26",580500
32.9,0.15,100,"bu","14:03:21",579700
32.9,0.15,300,"bu","14:03:10",579600
32.9,0.15,2000,"sd","14:03:07",579300
32.9,0.15,500,"bu","14:02:32",577300
32.9,0.15,800,"bu","14:02:30",576800
32.9,0.15,1800,"bu","14:02:22",576000
32.9,0.15,12300,"bu","14:02:13",574200
32.9,0.15,100,"bu","14:02:00",561900
32.9,0.15,100,"bu","14:01:53",561800
32.85,0.1,500,"sd","14:01:47",561700
32.85,0.1,100,"sd","14:01:46",561200
32.85,0.1,1000,"sd","14:01:36",561100
32.85,0.1,100,"sd","13:59:43",560100
32.85,0.1,500,"sd","13:59:31",560000
32.85,0.1,1500,"sd","13:58:50",559500
32.85,0.1,100,"bu","13:58:48",558000
32.85,0.1,500,"bu","13:58:43",557900
32.85,0.1,800,"bu","13:58:42",557400
32.85,0.1,200,"bu","13:58:36",556600
32.85,0.1,1200,"bu","13:58:31",556400
32.85,0.1,8000,"bu","13:58:27",555200
32.8,0.05,3700,"bu","13:58:05",547200
32.8,0.05,4200,"bu","13:58:05",543500
32.8,0.05,500,"bu","13:58:01",539300
32.8,0.05,400,"bu","13:58:00",538800
32.8,0.05,3000,"bu","13:57:51",538400
32.75,0,100,"bu","13:55:53",535400
32.75,0,300,"bu","13:55:51",535300
32.75,0,2000,"bu","13:55:49",535000
32.75,0,100,"bu","13:55:45",533000
32.75,0,500,"bu","13:54:55",532900
32.75,0,300,"bu","13:54:48",532400
32.75,0,100,"bu","13:51:11",532100
32.75,0,1300,"bu","13:51:00",532000
32.75,0,500,"sd","13:50:27",530700
32.75,0,500,"sd","13:49:41",530200
32.75,0,400,"bu","13:49:35",529700
32.7,-0.05,100,"sd","13:49:14",529300
32.7,-0.05,200,"sd","13:49:14",529200
32.7,-0.05,100,"sd","13:49:08",529000
32.75,0,500,"bu","13:48:57",528900
32.75,0,300,"bu","13:48:22",528400
32.75,0,1300,"sd","13:48:17",528100
32.75,0,1000,"sd","13:48:15",526800
32.75,0,200,"sd","13:48:12",525800
32.8,0.05,100,"bu","13:46:50",525600
32.8,0.05,1000,"bu","13:46:40",525500
32.75,0,3800,"bu","13:46:29",524500
32.75,0,400,"bu","13:46:24",520700
32.75,0,3000,"bu","13:46:22",520300
32.75,0,3000,"bu","13:46:12",517300
32.7,-0.05,2000,"bu","13:44:27",514300
32.7,-0.05,200,"bu","13:44:12",512300
32.7,-0.05,500,"bu","13:44:05",512100
32.7,-0.05,1000,"bu","13:43:50",511600
32.7,-0.05,1000,"bu","13:43:48",510600
32.7,-0.05,5000,"bu","13:43:35",509600
32.7,-0.05,2500,"bu","13:43:19",504600
32.6,-0.15,100,"sd","13:43:14",502100
32.65,-0.1,100,"sd","13:43:14",502000
32.6,-0.15,6600,"bu","13:43:04",501900
32.6,-0.15,200,"bu","13:42:57",495300
32.6,-0.15,100,"bu","13:42:49",495100
32.6,-0.15,100,"bu","13:42:30",495000
32.6,-0.15,300,"bu","13:42:27",494900
32.55,-0.2,300,"sd","13:42:13",494600
32.6,-0.15,1000,"bu","13:41:57",494300
32.6,-0.15,1000,"bu","13:41:53",493300
32.6,-0.15,1500,"bu","13:41:47",492300
32.55,-0.2,200,"sd","13:41:27",490800
32.6,-0.15,3000,"bu","13:41:24",490600
32.55,-0.2,100,"sd","13:40:46",487600
32.6,-0.15,200,"bu","13:40:36",487500
32.6,-0.15,100,"bu","13:40:15",487300
32.6,-0.15,2000,"bu","13:39:18",487200
32.55,-0.2,500,"sd","13:39:17",485200
32.55,-0.2,2400,"sd","13:38:04",484700
32.55,-0.2,1500,"sd","13:38:03",482300
32.55,-0.2,3500,"sd","13:37:22",480800
32.55,-0.2,100,"sd","13:37:06",477300
32.55,-0.2,8000,"sd","13:36:32",477200
32.55,-0.2,200,"sd","13:36:21",469200
32.55,-0.2,1000,"sd","13:36:00",469000
32.6,-0.15,100,"bu","13:35:38",468000
32.6,-0.15,200,"bu","13:35:37",467900
32.6,-0.15,5000,"bu","13:35:20",467700
32.6,-0.15,1000,"bu","13:34:55",462700
32.6,-0.15,5000,"bu","13:34:38",461700
32.6,-0.15,100,"bu","13:34:32",456700
32.6,-0.15,100,"bu","13:33:54",456600
32.6,-0.15,100,"bu","13:33:51",456500
32.6,-0.15,5000,"bu","13:33:17",456400
32.6,-0.15,500,"bu","13:33:06",451400
32.6,-0.15,500,"bu","13:31:47",450900
32.55,-0.2,200,"sd","13:31:05",450400
32.55,-0.2,10000,"sd","13:30:38",450200
32.55,-0.2,100,"sd","13:30:37",440200
32.55,-0.2,10000,"sd","13:30:09",440100
32.6,-0.15,100,"bu","13:29:27",430100
32.6,-0.15,500,"bu","13:29:09",430000
32.6,-0.15,300,"bu","13:28:44",429500
32.55,-0.2,4300,"sd","13:28:28",429200
32.6,-0.15,1000,"bu","13:28:19",424900
32.6,-0.15,100,"bu","13:28:14",423900
32.6,-0.15,100,"bu","13:28:06",423800
32.6,-0.15,1000,"bu","13:27:14",423700
32.6,-0.15,2000,"bu","13:27:11",422700
32.6,-0.15,100,"bu","13:26:48",420700
32.6,-0.15,100,"bu","13:26:43",420600
32.6,-0.15,1000,"bu","13:26:31",420500
32.6,-0.15,200,"bu","13:26:29",419500
32.6,-0.15,200,"bu","13:26:24",419300
32.6,-0.15,2000,"bu","13:26:21",419100
32.6,-0.15,1000,"bu","13:25:53",417100
32.6,-0.15,1000,"bu","13:25:41",416100
32.6,-0.15,200,"bu","13:25:33",415100
32.6,-0.15,1000,"bu","13:25:14",414900
32.55,-0.2,200,"bu","13:24:53",413900
32.55,-0.2,1000,"bu","13:24:51",413700
32.55,-0.2,500,"bu","13:24:45",412700
32.55,-0.2,100,"bu","13:24:36",412200
32.55,-0.2,100,"bu","13:24:29",412100
32.55,-0.2,500,"bu","13:24:27",412000
32.55,-0.2,100,"bu","13:24:23",411500
32.55,-0.2,1000,"bu","13:24:22",411400
32.55,-0.2,1000,"bu","13:24:12",410400
32.55,-0.2,1000,"bu","13:24:09",409400
32.55,-0.2,1900,"bu","13:24:00",408400
32.55,-0.2,100,"bu","13:23:26",406500
32.55,-0.2,600,"bu","13:23:23",406400
32.55,-0.2,1000,"bu","13:22:58",405800
32.5,-0.25,14500,"sd","13:22:52",404800
32.55,-0.2,100,"bu","13:22:25",390300
32.55,-0.2,100,"bu","13:22:20",390200
32.55,-0.2,100,"bu","13:22:06",390100
32.55,-0.2,100,"bu","13:21:54",390000
32.55,-0.2,100,"bu","13:21:44",389900
32.55,-0.2,1000,"bu","13:21:34",389800
32.55,-0.2,3000,"sd","13:21:33",388800
32.55,-0.2,1000,"sd","13:21:26",385800
32.55,-0.2,500,"sd","13:21:25",384800
32.55,-0.2,5800,"sd","13:20:53",384300
32.55,-0.2,500,"sd","13:20:47",378500
32.55,-0.2,500,"sd","13:20:39",378000
32.55,-0.2,5700,"sd","13:20:34",377500
32.55,-0.2,2400,"sd","13:19:03",371800
32.6,-0.15,200,"bu","13:18:52",369400
32.6,-0.15,500,"bu","13:18:44",369200
32.6,-0.15,100,"bu","13:18:40",368700
32.6,-0.15,400,"sd","13:18:31",368600
32.6,-0.15,2000,"sd","13:18:07",368200
32.6,-0.15,300,"sd","13:18:06",366200
32.6,-0.15,6700,"sd","13:18:06",365900
32.6,-0.15,8000,"sd","13:17:49",359200
32.6,-0.15,500,"sd","13:17:09",351200
32.6,-0.15,2200,"sd","13:16:31",350700
32.6,-0.15,600,"sd","13:16:30",348500
32.65,-0.1,200,"bu","13:16:07",347900
32.65,-0.1,1100,"bu","13:15:27",347700
32.6,-0.15,600,"sd","13:15:07",346600
32.65,-0.1,200,"bu","13:14:29",346000
32.7,-0.05,200,"bu","13:13:49",345800
32.7,-0.05,500,"bu","13:13:34",345600
32.7,-0.05,800,"bu","13:13:12",345100
32.7,-0.05,100,"bu","13:13:04",344300
32.7,-0.05,4000,"bu","13:12:48",344200
32.65,-0.1,200,"sd","13:12:26",340200
32.6,-0.15,1000,"sd","13:10:47",340000
32.6,-0.15,100,"sd","13:10:18",339000
32.65,-0.1,100,"bu","13:09:37",338900
32.65,-0.1,100,"bu","13:09:23",338800
32.65,-0.1,200,"bu","13:08:31",338700
32.65,-0.1,200,"bu","13:08:30",338500
32.65,-0.1,200,"bu","13:07:25",338300
32.65,-0.1,100,"bu","13:06:47",338100
32.6,-0.15,100,"sd","13:06:25",338000
32.6,-0.15,100,"sd","13:06:12",337900
32.65,-0.1,200,"bu","13:05:58",337800
32.65,-0.1,5000,"bu","13:05:21",337600
32.65,-0.1,1000,"bu","13:05:11",332600
32.6,-0.15,10000,"sd","13:02:44",331600
32.6,-0.15,1500,"sd","13:00:12",321600
32.65,-0.1,100,"bu","13:00:10",320100
32.6,-0.15,1000,"sd","13:00:02",320000
32.6,-0.15,200,"sd","13:00:01",319000
32.65,-0.1,300,"sd","13:00:01",318800
32.6,-0.15,13200,"sd","11:29:08",318500
32.65,-0.1,6800,"sd","11:29:08",305300
32.65,-0.1,200,"sd","11:28:22",298500
32.7,-0.05,200,"bu","11:28:16",298300
32.7,-0.05,100,"bu","11:27:57",298100
32.65,-0.1,100,"sd","11:27:25",298000
32.7,-0.05,2800,"bu","11:26:51",297900
32.65,-0.1,100,"sd","11:26:51",295100
32.65,-0.1,2000,"sd","11:26:09",295000
32.65,-0.1,1000,"sd","11:25:14",293000
32.65,-0.1,300,"sd","11:23:30",292000
32.7,-0.05,300,"bu","11:21:41",291700
32.7,-0.05,300,"bu","11:21:23",291400
32.65,-0.1,3900,"bu","11:19:04",291100
32.65,-0.1,100,"bu","11:18:32",287200
32.6,-0.15,100,"sd","11:17:47",287100
32.65,-0.1,100,"bu","11:17:12",287000
32.65,-0.1,200,"bu","11:17:10",286900
32.65,-0.1,300,"bu","11:16:54",286700
32.65,-0.1,100,"bu","11:16:15",286400
32.65,-0.1,500,"bu","11:15:55",286300
32.65,-0.1,300,"bu","11:15:11",285800
32.65,-0.1,100,"bu","11:13:38",285500
32.65,-0.1,200,"bu","11:13:27",285400
32.65,-0.1,100,"bu","11:13:11",285200
32.65,-0.1,100,"bu","11:13:03",285100
32.65,-0.1,100,"bu","11:12:42",285000
32.65,-0.1,500,"bu","11:11:52",284900
32.65,-0.1,100,"bu","11:11:23",284400
32.65,-0.1,500,"bu","11:10:35",284300
32.65,-0.1,1800,"sd","11:10:06",283800
32.7,-0.05,1000,"bu","11:09:19",282000
32.7,-0.05,100,"bu","11:09:03",281000
32.7,-0.05,100,"bu","11:07:52",280900
32.7,-0.05,2900,"bu","11:07:15",280800
32.65,-0.1,3400,"bu","11:06:28",277900
32.6,-0.15,1100,"sd","11:06:20",274500
32.65,-0.1,200,"bu","11:05:45",273400
32.65,-0.1,1100,"sd","11:05:17",273200
32.65,-0.1,5000,"sd","11:04:10",272100
32.7,-0.05,2200,"sd","11:03:48",267100
32.7,-0.05,100,"sd","11:03:47",264900
32.7,-0.05,300,"sd","11:03:43",264800
32.7,-0.05,10000,"sd","11:03:37",264500
32.7,-0.05,1000,"sd","11:03:32",254500
32.7,-0.05,10000,"sd","11:03:26",253500
32.7,-0.05,5000,"sd","11:03:21",243500
32.7,-0.05,100,"sd","11:02:22",238500
32.7,-0.05,500,"sd","11:01:02",238400
32.7,-0.05,100,"sd","11:00:54",237900
32.7,-0.05,200,"sd","10:59:50",237800
32.7,-0.05,1000,"sd","10:59:49",237600
32.7,-0.05,2000,"sd","10:58:43",236600
32.7,-0.05,800,"sd","10:57:25",234600
32.7,-0.05,300,"sd","10:57:16",233800
32.7,-0.05,2000,"sd","10:56:46",233500
32.7,-0.05,5000,"sd","10:55:46",231500
32.7,-0.05,100,"sd","10:55:24",226500
32.7,-0.05,5000,"sd","10:55:21",226400
32.7,-0.05,8000,"sd","10:55:08",221400
32.75,0,1100,"bu","10:54:33",213400
32.75,0,2100,"sd","10:53:21",212300
32.75,0,300,"sd","10:53:05",210200
32.75,0,2600,"bu","10:53:04",209900
32.75,0,100,"bu","10:52:30",207300
32.75,0,2000,"bu","10:51:56",207200
32.75,0,3400,"sd","10:51:45",205200
32.75,0,3000,"sd","10:51:43",201800
32.75,0,1600,"sd","10:49:59",198800
32.75,0,1000,"sd","10:48:59",197200
32.75,0,1000,"sd","10:48:55",196200
32.75,0,1300,"bu","10:48:50",195200
32.75,0,4500,"sd","10:47:39",193900
32.75,0,300,"sd","10:47:06",189400
32.75,0,2000,"sd","10:46:41",189100
32.75,0,100,"sd","10:45:52",187100
32.75,0,3300,"bu","10:45:18",187000
32.7,-0.05,200,"sd","10:44:17",183700
32.7,-0.05,500,"sd","10:43:00",183500
32.7,-0.05,100,"sd","10:39:50",183000
32.7,-0.05,100,"sd","10:39:43",182900
32.75,0,1100,"bu","10:39:41",182800
32.7,-0.05,100,"sd","10:38:45",181700
32.7,-0.05,5000,"sd","10:37:41",181600
32.75,0,1000,"sd","10:36:47",176600
32.75,0,100,"sd","10:34:38",175600
32.75,0,800,"sd","10:33:50",175500
32.75,0,200,"sd","10:33:29",174700
32.75,0,100,"sd","10:32:46",174500
32.75,0,100,"sd","10:32:40",174400
32.75,0,200,"bu","10:31:22",174300
32.75,0,1000,"bu","10:30:32",174100
32.75,0,400,"bu","10:30:22",173100
32.75,0,1000,"bu","10:28:31",172700
32.7,-0.05,300,"sd","10:27:29",171700
32.75,0,200,"bu","10:26:59",171400
32.75,0,100,"bu","10:26:41",171200
32.75,0,200,"bu","10:25:56",171100
32.75,0,300,"bu","10:25:38",170900
32.75,0,200,"bu","10:23:50",170600
32.75,0,200,"bu","10:23:23",170400
32.75,0,100,"sd","10:22:50",170200
32.7,-0.05,200,"sd","10:18:49",170100
32.75,0,300,"bu","10:18:47",169900
32.75,0,400,"bu","10:18:04",169600
32.75,0,1100,"bu","10:17:01",169200
32.75,0,500,"bu","10:16:29",168100
32.75,0,100,"sd","10:15:45",167600
32.75,0,3500,"sd","10:15:37",167500
32.75,0,100,"sd","10:15:19",164000
32.75,0,300,"sd","10:15:02",163900
32.75,0,500,"sd","10:14:49",163600
32.8,0.05,100,"bu","10:14:06",163100
32.8,0.05,500,"bu","10:13:33",163000
32.8,0.05,100,"bu","10:11:20",162500
32.8,0.05,4500,"sd","10:10:48",162400
32.8,0.05,400,"sd","10:10:30",157900
32.8,0.05,500,"sd","10:10:28",157500
32.8,0.05,500,"sd","10:10:21",157000
32.8,0.05,300,"sd","10:10:15",156500
32.8,0.05,1000,"sd","10:09:58",156200
32.85,0.1,200,"bu","10:08:29",155200
32.85,0.1,500,"bu","10:07:13",155000
32.85,0.1,600,"bu","10:07:01",154500
32.8,0.05,500,"sd","10:06:49",153900
32.8,0.05,1000,"sd","10:06:46",153400
32.8,0.05,500,"sd","10:06:21",152400
32.8,0.05,1300,"sd","10:05:51",151900
32.8,0.05,1100,"sd","10:05:47",150600
32.8,0.05,500,"sd","10:02:24",149500
32.8,0.05,100,"sd","10:01:53",149000
32.8,0.05,200,"sd","10:01:05",148900
32.8,0.05,200,"sd","10:00:29",148700
32.85,0.1,300,"bu","09:59:56",148500
32.8,0.05,100,"sd","09:59:14",148200
32.85,0.1,100,"bu","09:59:10",148100
32.85,0.1,500,"sd","09:58:51",148000
32.85,0.1,3000,"bu","09:58:50",147500
32.85,0.1,200,"bu","09:58:02",144500
32.85,0.1,100,"bu","09:56:13",144300
32.85,0.1,100,"bu","09:55:27",144200
32.85,0.1,3300,"bu","09:54:13",144100
32.8,0.05,100,"sd","09:53:44",140800
32.85,0.1,100,"bu","09:52:57",140700
32.8,0.05,1600,"sd","09:51:58",140600
32.8,0.05,1100,"bu","09:51:56",139000
32.8,0.05,100,"bu","09:50:32",137900
32.8,0.05,500,"bu","09:50:23",137800
32.8,0.05,100,"bu","09:49:40",137300
32.75,0,100,"sd","09:49:36",137200
32.75,0,1400,"bu","09:48:23",137100
32.75,0,200,"bu","09:48:02",135700
32.75,0,1000,"bu","09:47:46",135500
32.7,-0.05,100,"sd","09:47:06",134500
32.75,0,200,"bu","09:46:13",134400
32.7,-0.05,600,"bu","09:42:32",134200
32.7,-0.05,100,"bu","09:42:16",133600
32.7,-0.05,500,"bu","09:41:22",133500
32.7,-0.05,300,"bu","09:40:20",133000
32.7,-0.05,100,"bu","09:39:51",132700
32.75,0,5000,"bu","09:39:21",132600
32.55,-0.2,4200,"sd","09:39:18",127600
32.6,-0.15,3500,"sd","09:39:18",123400
32.65,-0.1,3500,"sd","09:39:18",119900
32.7,-0.05,3400,"sd","09:39:18",116400
32.7,-0.05,1600,"sd","09:39:00",113000
32.7,-0.05,1700,"bu","09:38:06",111400
32.7,-0.05,500,"bu","09:37:17",109700
32.7,-0.05,300,"sd","09:36:49",109200
32.7,-0.05,4900,"bu","09:36:33",108900
32.7,-0.05,2000,"bu","09:36:27",104000
32.65,-0.1,700,"bu","09:36:01",102000
32.65,-0.1,100,"bu","09:35:42",101300
32.5,-0.25,500,"sd","09:35:19",101200
32.5,-0.25,1200,"sd","09:34:55",100700
32.5,-0.25,4500,"sd","09:34:55",99500
32.5,-0.25,10800,"sd","09:34:54",95000
32.55,-0.2,3500,"sd","09:34:54",84200
32.6,-0.15,16500,"sd","09:34:54",80700
32.65,-0.1,100,"sd","09:34:48",64200
32.65,-0.1,400,"sd","09:34:45",64100
32.6,-0.15,500,"sd","09:33:37",63700
32.7,-0.05,100,"bu","09:33:35",63200
32.6,-0.15,100,"sd","09:33:25",63100
32.65,-0.1,200,"sd","09:33:25",63000
32.6,-0.15,1000,"sd","09:32:55",62800
32.65,-0.1,2000,"sd","09:32:55",61800
32.65,-0.1,100,"sd","09:32:34",59800
32.65,-0.1,400,"sd","09:32:06",59700
32.65,-0.1,200,"sd","09:31:54",59300
32.7,-0.05,300,"bu","09:31:27",59100
32.7,-0.05,100,"bu","09:31:05",58800
32.65,-0.1,4000,"sd","09:30:46",58700
32.7,-0.05,3200,"sd","09:30:25",54700
32.7,-0.05,700,"sd","09:30:12",51500
32.7,-0.05,1000,"bu","09:30:06",50800
32.7,-0.05,100,"bu","09:29:33",49800
32.7,-0.05,500,"sd","09:28:38",49700
32.75,0,2500,"sd","09:28:38",49200
32.75,0,100,"sd","09:28:36",46700
32.75,0,200,"sd","09:28:31",46600
32.75,0,100,"sd","09:28:30",46400
32.75,0,2200,"sd","09:28:26",46300
32.75,0,1200,"sd","09:28:20",44100
32.75,0,200,"sd","09:28:17",42900
32.75,0,900,"sd","09:28:14",42700
32.75,0,2000,"sd","09:28:12",41800
32.8,0.05,1300,"sd","09:27:43",39800
32.8,0.05,500,"sd","09:27:30",38500
32.8,0.05,800,"sd","09:26:28",38000
32.8,0.05,400,"sd","09:26:04",37200
32.8,0.05,400,"sd","09:25:59",36800
32.8,0.05,200,"sd","09:25:56",36400
32.85,0.1,100,"bu","09:25:56",36200
32.85,0.1,100,"bu","09:25:04",36100
32.85,0.1,200,"bu","09:24:48",36000
32.85,0.1,600,"bu","09:24:18",35800
32.85,0.1,400,"sd","09:24:14",35200
32.85,0.1,700,"sd","09:24:09",34800
32.85,0.1,500,"sd","09:24:05",34100
32.85,0.1,19900,"sd","09:23:54",33600
32.85,0.1,500,"sd","09:23:49",13700
32.85,0.1,1000,"sd","09:22:35",13200
32.9,0.15,100,"bu","09:21:21",12200
32.85,0.1,100,"sd","09:20:59",12100
32.85,0.1,2000,"sd","09:20:48",12000
32.85,0.1,1000,"sd","09:20:01",10000
32.85,0.1,900,"sd","09:19:42",9000
32.85,0.1,200,"sd","09:18:16",8100
32.9,0.15,100,"bu","09:18:05",7900
32.85,0.1,100,"bu","09:17:18",7800
32.8,0.05,300,"sd","09:17:14",7700
32.8,0.05,100,"sd","09:16:11",7400
32.85,0.1,500,"bu","09:15:55",7300
32.8,0.05,6800,"","09:15:00",6800
