"price","change","match_qtty","side","time","total_vol"
39.6,-1.15,719800,"","14:45:00",8699600
39.75,-1,4400,"bu","14:29:55",7979800
39.75,-1,2600,"bu","14:29:54",7975400
39.7,-1.05,7000,"sd","14:29:50",7972800
39.7,-1.05,500,"sd","14:29:47",7965800
39.7,-1.05,4200,"sd","14:29:46",7965300
39.7,-1.05,1000,"sd","14:29:44",7961100
39.7,-1.05,100,"sd","14:29:39",7960100
39.75,-1,100,"bu","14:29:35",7960000
39.7,-1.05,100,"sd","14:29:30",7959900
39.7,-1.05,100,"sd","14:29:27",7959800
39.7,-1.05,5000,"sd","14:29:26",7959700
39.7,-1.05,8800,"sd","14:29:23",7954700
39.7,-1.05,900,"sd","14:29:20",7945900
39.75,-1,4000,"bu","14:29:19",7945000
39.7,-1.05,2000,"sd","14:29:18",7941000
39.7,-1.05,200,"sd","14:29:17",7939000
39.7,-1.05,3900,"sd","14:29:13",7938800
39.7,-1.05,300,"sd","14:29:09",7934900
39.75,-1,6500,"bu","14:29:08",7934600
39.7,-1.05,500,"bu","14:29:08",7928100
39.7,-1.05,100,"sd","14:29:05",7927600
39.75,-1,4400,"bu","14:29:04",7927500
39.7,-1.05,600,"bu","14:29:04",7923100
39.7,-1.05,1000,"bu","14:29:00",7922500
39.7,-1.05,100,"bu","14:28:57",7921500
39.75,-1,900,"bu","14:28:55",7919000
39.75,-1,200,"bu","14:28:53",7918100
39.75,-1,100,"bu","14:28:52",7917900
39.7,-1.05,6900,"bu","14:28:51",7917800
39.7,-1.05,9900,"sd","14:28:47",7910900
39.75,-1,8200,"sd","14:28:47",7901000
39.75,-1,200,"sd","14:28:46",7892800
39.8,-0.95,2000,"bu","14:28:42",7892600
39.75,-1,1000,"sd","14:28:42",7890600
39.8,-0.95,200,"bu","14:28:38",7889600
39.75,-1,500,"sd","14:28:35",7889400
39.75,-1,2200,"bu","14:28:28",7888900
39.75,-1,2000,"bu","14:28:28",7886700
39.75,-1,5800,"sd","14:28:24",7884700
39.75,-1,100,"sd","14:28:20",7878900
39.75,-1,1500,"sd","14:28:19",7878800
39.75,-1,7500,"sd","14:28:16",7877300
39.75,-1,3000,"sd","14:28:01",7869800
39.8,-0.95,300,"bu","14:27:59",7866800
39.75,-1,1000,"sd","14:27:54",7866500
39.75,-1,500,"sd","14:27:53",7865500
39.75,-1,600,"bu","14:27:49",7865000
39.7,-1.05,20000,"sd","14:27:49",7864400
39.75,-1,100,"bu","14:27:39",7844400
39.7,-1.05,600,"sd","14:27:35",7844300
39.7,-1.05,1000,"sd","14:27:31",7843700
39.65,-1.1,800,"sd","14:27:28",7842700
39.65,-1.1,4000,"sd","14:27:28",7841900
39.7,-1.05,2300,"sd","14:27:28",7837900
39.7,-1.05,4300,"sd","14:27:27",7835600
39.75,-1,24000,"bu","14:27:26",7831300
39.7,-1.05,12300,"bu","14:27:25",7807300
39.7,-1.05,200,"bu","14:27:24",7795000
39.7,-1.05,100,"bu","14:27:20",7794800
39.7,-1.05,300,"bu","14:27:19",7794700
39.7,-1.05,1200,"sd","14:27:18",7794400
39.7,-1.05,2800,"sd","14:27:17",7793200
39.7,-1.05,500,"sd","14:27:15",7790400
39.7,-1.05,600,"sd","14:27:12",7789900
39.7,-1.05,2000,"sd","14:27:10",7789300
39.75,-1,200,"bu","14:27:09",7787300
39.7,-1.05,18000,"sd","14:27:09",7787100
39.7,-1.05,50500,"sd","14:27:07",7769100
39.7,-1.05,1900,"sd","14:27:04",7718600
39.7,-1.05,1000,"sd","14:27:00",7716700
39.7,-1.05,17900,"sd","14:26:57",7715700
39.7,-1.05,200,"sd","14:26:55",7697800
39.7,-1.05,14000,"sd","14:26:52",7697100
39.7,-1.05,500,"sd","14:26:51",7683100
39.7,-1.05,5000,"sd","14:26:50",7682600
39.7,-1.05,1700,"sd","14:26:48",7677600
39.7,-1.05,7000,"sd","14:26:46",7675900
39.7,-1.05,200,"sd","14:26:45",7668900
39.7,-1.05,3500,"sd","14:26:45",7668700
39.7,-1.05,100,"sd","14:26:44",7665200
39.7,-1.05,400,"sd","14:26:37",7665100
39.75,-1,200,"bu","14:26:35",7664700
39.7,-1.05,800,"sd","14:26:35",7664500
39.7,-1.05,500,"sd","14:26:33",7663700
39.7,-1.05,300,"sd","14:26:31",7663200
39.75,-1,100,"bu","14:26:29",7662900
39.75,-1,5900,"sd","14:26:25",7662800
39.8,-0.95,100,"bu","14:26:24",7656900
39.8,-0.95,1000,"bu","14:26:24",7656800
39.8,-0.95,100,"bu","14:26:20",7655800
39.75,-1,900,"sd","14:26:19",7655700
39.8,-0.95,200,"bu","14:26:18",7654800
39.75,-1,5700,"sd","14:26:15",7654600
39.8,-0.95,1100,"sd","14:26:11",7648900
39.8,-0.95,1500,"sd","14:26:09",7647800
39.8,-0.95,100,"sd","14:26:09",7646300
39.8,-0.95,4000,"sd","14:26:07",7646200
39.8,-0.95,5000,"sd","14:26:04",7642200
39.85,-0.9,100,"bu","14:26:03",7637200
39.8,-0.95,1000,"sd","14:26:01",7637100
39.85,-0.9,1300,"sd","14:26:00",7636100
39.85,-0.9,6500,"sd","14:25:59",7634800
39.85,-0.9,6000,"sd","14:25:56",7628300
39.9,-0.85,100,"bu","14:25:52",7622300
39.9,-0.85,100,"bu","14:25:49",7622200
39.9,-0.85,15500,"sd","14:25:46",7622100
39.9,-0.85,1500,"sd","14:25:45",7606600
39.9,-0.85,500,"sd","14:25:44",7605100
39.9,-0.85,3000,"sd","14:25:42",7604600
39.95,-0.8,11900,"bu","14:25:42",7601600
39.9,-0.85,7100,"sd","14:25:42",7589700
39.95,-0.8,200,"bu","14:25:42",7582600
39.9,-0.85,300,"sd","14:25:40",7582400
39.9,-0.85,500,"sd","14:25:38",7582100
39.9,-0.85,5000,"sd","14:25:36",7581600
39.9,-0.85,200,"sd","14:25:34",7576600
39.9,-0.85,11800,"sd","14:25:30",7576400
39.95,-0.8,200,"bu","14:25:29",7564600
39.9,-0.85,5000,"sd","14:25:28",7564400
39.9,-0.85,2000,"sd","14:25:26",7559400
39.9,-0.85,32000,"sd","14:25:24",7557400
39.9,-0.85,3000,"sd","14:25:24",7525400
39.9,-0.85,2000,"sd","14:25:23",7522400
39.9,-0.85,26800,"sd","14:25:22",7520400
39.9,-0.85,5000,"sd","14:25:21",7493600
39.9,-0.85,7000,"sd","14:25:17",7488600
39.9,-0.85,200,"sd","14:25:13",7481600
39.9,-0.85,4000,"sd","14:25:10",7481400
39.9,-0.85,600,"sd","14:25:08",7477400
39.9,-0.85,200,"sd","14:25:04",7476800
39.9,-0.85,5000,"sd","14:24:58",7476600
39.9,-0.85,700,"sd","14:24:39",7471600
39.95,-0.8,200,"bu","14:24:38",7470900
39.9,-0.85,100,"sd","14:24:36",7470700
39.95,-0.8,2500,"bu","14:24:33",7470600
39.9,-0.85,5000,"sd","14:24:33",7468100
39.95,-0.8,600,"bu","14:24:32",7463100
39.9,-0.85,5000,"sd","14:24:27",7462500
39.95,-0.8,100,"bu","14:24:17",7457500
39.95,-0.8,8600,"sd","14:24:14",7457100
39.95,-0.8,9000,"sd","14:24:13",7448500
39.95,-0.8,500,"sd","14:24:10",7439500
39.95,-0.8,5700,"sd","14:24:09",7439000
39.95,-0.8,8000,"sd","14:24:06",7433300
39.95,-0.8,5000,"sd","14:24:04",7425300
39.95,-0.8,5000,"sd","14:24:03",7420300
39.95,-0.8,3800,"sd","14:24:01",7415300
39.95,-0.8,5700,"sd","14:24:00",7411500
40,-0.75,1000,"bu","14:23:57",7405800
39.95,-0.8,5700,"sd","14:23:56",7404800
39.95,-0.8,900,"sd","14:23:52",7399100
39.95,-0.8,20000,"sd","14:23:51",7398200
39.95,-0.8,2000,"sd","14:23:50",7378200
40,-0.75,100,"bu","14:23:48",7376200
40,-0.75,200,"bu","14:23:47",7376100
39.95,-0.8,4200,"sd","14:23:47",7375900
39.95,-0.8,5700,"sd","14:23:46",7371700
39.95,-0.8,900,"sd","14:23:45",7366000
39.95,-0.8,1000,"sd","14:23:42",7365100
40,-0.75,600,"sd","14:23:42",7364100
40,-0.75,900,"sd","14:23:40",7363500
40,-0.75,8500,"bu","14:23:37",7362600
39.95,-0.8,1000,"sd","14:23:37",7354100
39.95,-0.8,5700,"sd","14:23:35",7353100
39.95,-0.8,10300,"sd","14:23:32",7347400
40,-0.75,500,"bu","14:23:28",7337100
40,-0.75,500,"bu","14:23:27",7336600
40,-0.75,1900,"bu","14:23:23",7336100
39.95,-0.8,5700,"sd","14:23:22",7334200
40,-0.75,600,"bu","14:23:21",7328500
40,-0.75,400,"sd","14:23:04",7327900
40,-0.75,100,"bu","14:23:04",7327500
40.05,-0.7,200,"bu","14:22:57",7327400
39.95,-0.8,5700,"sd","14:22:49",7327200
40,-0.75,800,"bu","14:22:48",7321500
40,-0.75,2000,"bu","14:22:44",7320700
39.95,-0.8,600,"sd","14:22:37",7318700
40,-0.75,1900,"bu","14:22:37",7318100
40,-0.75,10000,"bu","14:22:31",7316200
40,-0.75,100,"bu","14:22:25",7306200
40,-0.75,4000,"sd","14:22:23",7306100
40,-0.75,4100,"sd","14:22:20",7302100
40,-0.75,100,"sd","14:22:19",7298000
40,-0.75,10000,"sd","14:22:17",7297900
40,-0.75,2500,"sd","14:22:10",7287900
40,-0.75,1600,"sd","14:22:09",7285400
40,-0.75,100,"sd","14:22:08",7283800
40.05,-0.7,300,"bu","14:22:06",7283700
40,-0.75,1200,"sd","14:22:05",7283400
40,-0.75,500,"sd","14:22:04",7282200
40,-0.75,4100,"sd","14:22:00",7281700
40.05,-0.7,1700,"bu","14:21:59",7277600
40,-0.75,800,"sd","14:21:58",7275900
40,-0.75,4100,"sd","14:21:57",7275100
40,-0.75,800,"sd","14:21:46",7271000
40,-0.75,500,"sd","14:21:43",7270200
40,-0.75,1200,"sd","14:21:39",7269700
40,-0.75,1200,"sd","14:21:36",7268500
40,-0.75,5000,"sd","14:21:33",7267300
40,-0.75,2000,"sd","14:21:27",7262300
40.05,-0.7,200,"bu","14:21:16",7260300
40.05,-0.7,200,"bu","14:21:10",7260100
40,-0.75,900,"sd","14:21:10",7259900
40,-0.75,1300,"sd","14:21:06",7259000
40.05,-0.7,600,"bu","14:21:00",7257700
40.05,-0.7,500,"bu","14:20:53",7257100
40.05,-0.7,1200,"bu","14:20:50",7256600
40,-0.75,200,"sd","14:20:47",7255400
40.05,-0.7,600,"bu","14:20:46",7254700
40.05,-0.7,4000,"bu","14:20:41",7254100
40,-0.75,1200,"sd","14:20:37",7250100
40.05,-0.7,1000,"bu","14:20:36",7248100
40.05,-0.7,100,"bu","14:20:36",7247100
40.05,-0.7,600,"bu","14:20:33",7247000
40.05,-0.7,100,"bu","14:20:27",7246400
40.05,-0.7,200,"bu","14:20:26",7246300
40.05,-0.7,2300,"bu","14:20:26",7246100
40.05,-0.7,100,"bu","14:20:23",7243800
40.05,-0.7,1000,"bu","14:20:23",7243700
40.05,-0.7,2600,"bu","14:20:19",7242700
40.05,-0.7,2400,"bu","14:20:14",7240100
40.05,-0.7,500,"bu","14:20:14",7237700
40.05,-0.7,500,"bu","14:20:13",7237200
40.05,-0.7,11500,"bu","14:20:11",7236700
40,-0.75,1200,"sd","14:20:07",7225200
40.05,-0.7,600,"bu","14:20:06",7224000
40.05,-0.7,300,"bu","14:20:03",7223400
40,-0.75,400,"sd","14:19:58",7223100
40.05,-0.7,200,"bu","14:19:54",7222700
40.05,-0.7,5000,"bu","14:19:53",7222500
40.05,-0.7,600,"bu","14:19:52",7217500
40,-0.75,600,"sd","14:19:46",7216900
40,-0.75,2000,"sd","14:19:42",7216300
40.05,-0.7,600,"bu","14:19:39",7214300
40,-0.75,1200,"sd","14:19:38",7213700
40.05,-0.7,200,"bu","14:19:35",7212500
40.05,-0.7,9000,"bu","14:19:30",7212300
40.05,-0.7,600,"bu","14:19:25",7203300
40.05,-0.7,200,"bu","14:19:22",7202700
40.05,-0.7,100,"bu","14:19:13",7202500
40.05,-0.7,600,"bu","14:19:11",7202400
40,-0.75,11300,"sd","14:19:08",7201800
40.05,-0.7,12000,"bu","14:19:08",7190500
40.05,-0.7,600,"bu","14:18:58",7178500
40,-0.75,500,"sd","14:18:52",7177900
40.05,-0.7,200,"bu","14:18:50",7177400
40.05,-0.7,200,"bu","14:18:45",7177200
40.05,-0.7,600,"bu","14:18:44",7177000
40,-0.75,1200,"sd","14:18:41",7176400
40,-0.75,3900,"sd","14:18:38",7175200
40.05,-0.7,1000,"bu","14:18:31",7171300
40.05,-0.7,600,"bu","14:18:31",7170300
40.05,-0.7,1000,"bu","14:18:26",7169700
40.05,-0.7,600,"bu","14:18:17",7168700
40.05,-0.7,100,"bu","14:18:10",7168100
40,-0.75,1200,"sd","14:18:09",7168000
40.05,-0.7,600,"bu","14:18:04",7166800
40.05,-0.7,12200,"bu","14:18:00",7166200
40.05,-0.7,300,"bu","14:17:55",7154000
40.05,-0.7,700,"bu","14:17:50",7153700
40,-0.75,1300,"sd","14:17:39",7153000
40.05,-0.7,600,"bu","14:17:37",7151700
40,-0.75,100,"sd","14:17:29",7151100
40.05,-0.7,600,"bu","14:17:23",7151000
40,-0.75,500,"sd","14:17:16",7150400
40,-0.75,1200,"sd","14:17:10",7149900
40.05,-0.7,700,"bu","14:17:10",7148700
40.05,-0.7,200,"bu","14:17:05",7148000
40,-0.75,3000,"sd","14:16:58",7147800
40.05,-0.7,600,"bu","14:16:56",7144800
40,-0.75,4100,"sd","14:16:51",7144200
40,-0.75,700,"bu","14:16:50",7140100
40,-0.75,27000,"bu","14:16:45",7139400
40,-0.75,300,"bu","14:16:43",7112400
40,-0.75,400,"bu","14:16:43",7112100
40,-0.75,5600,"bu","14:16:40",7111700
40,-0.75,700,"bu","14:16:29",7106100
40,-0.75,1300,"bu","14:16:16",7105400
40,-0.75,200,"bu","14:16:15",7104100
39.95,-0.8,500,"bu","14:16:01",7103900
39.95,-0.8,2600,"bu","14:15:50",7103400
39.95,-0.8,700,"bu","14:15:49",7100800
39.95,-0.8,1000,"bu","14:15:44",7100100
39.9,-0.85,100,"sd","14:15:37",7099100
39.95,-0.8,700,"bu","14:15:35",7099000
40,-0.75,200,"bu","14:15:23",7098300
40,-0.75,600,"bu","14:15:21",7098100
40,-0.75,3000,"bu","14:15:08",7097500
40,-0.75,5800,"bu","14:15:01",7094500
39.95,-0.8,3800,"bu","14:15:01",7088700
39.95,-0.8,1200,"sd","14:14:56",7084900
39.95,-0.8,2000,"sd","14:14:47",7083700
39.95,-0.8,1100,"sd","14:14:44",7081700
40,-0.75,600,"bu","14:14:37",7080600
40,-0.75,200,"bu","14:14:33",7080000
40,-0.75,700,"bu","14:14:23",7079800
40,-0.75,100,"bu","14:14:15",7079100
39.9,-0.85,1000,"sd","14:14:13",7079000
39.95,-0.8,100,"sd","14:14:13",7078000
40,-0.75,5000,"bu","14:14:13",7077900
40,-0.75,3600,"bu","14:14:08",7072900
39.95,-0.8,400,"bu","14:14:07",7069300
39.95,-0.8,14600,"sd","14:14:01",7068900
40,-0.75,7500,"bu","14:13:54",7054300
40,-0.75,700,"bu","14:13:54",7046800
39.95,-0.8,500,"sd","14:13:44",7046100
39.95,-0.8,1100,"sd","14:13:44",7045600
40,-0.75,200,"bu","14:13:42",7044500
40,-0.75,700,"bu","14:13:40",7044300
40,-0.75,1000,"bu","14:13:28",7043600
40,-0.75,100,"bu","14:13:22",7042600
40,-0.75,3400,"sd","14:13:18",7042500
40,-0.75,2000,"sd","14:13:16",7039100
40.05,-0.7,200,"bu","14:13:14",7037100
40,-0.75,1100,"sd","14:13:14",7036900
40.05,-0.7,700,"bu","14:13:10",7034600
40,-0.75,2000,"sd","14:13:01",7033900
40.05,-0.7,700,"bu","14:12:56",7031900
40.05,-0.7,300,"bu","14:12:53",7031200
40,-0.75,7900,"sd","14:12:45",7030900
40,-0.75,1200,"sd","14:12:44",7023000
40,-0.75,1100,"sd","14:12:43",7021800
40.05,-0.7,700,"bu","14:12:43",7020700
40.05,-0.7,2400,"bu","14:12:42",7020000
40.05,-0.7,700,"bu","14:12:30",7017600
40,-0.75,300,"bu","14:12:26",7016900
40,-0.75,200,"bu","14:12:24",7016600
40,-0.75,100,"bu","14:12:19",7016400
40,-0.75,700,"bu","14:12:16",7016300
39.95,-0.8,200,"sd","14:12:13",7015600
40,-0.75,900,"sd","14:12:13",7015400
40,-0.75,17100,"bu","14:12:12",7014500
40,-0.75,700,"bu","14:12:03",6997400
40,-0.75,200,"bu","14:12:02",6996700
40,-0.75,700,"bu","14:11:49",6996500
39.95,-0.8,600,"sd","14:11:47",6995800
39.95,-0.8,1100,"sd","14:11:43",6995200
40,-0.75,1000,"bu","14:11:42",6994100
40,-0.75,800,"bu","14:11:36",6993100
40,-0.75,700,"bu","14:11:22",6992300
39.95,-0.8,1100,"sd","14:11:13",6991600
40,-0.75,18300,"bu","14:11:12",6990500
40,-0.75,200,"bu","14:11:11",6972200
40,-0.75,700,"bu","14:11:09",6972000
40,-0.75,700,"bu","14:10:56",6971300
39.95,-0.8,600,"sd","14:10:54",6970600
40,-0.75,1900,"bu","14:10:52",6970000
39.95,-0.8,1100,"sd","14:10:43",6968100
40,-0.75,700,"bu","14:10:42",6967000
40,-0.75,700,"bu","14:10:27",6966300
40,-0.75,11500,"bu","14:10:22",6965600
40,-0.75,200,"bu","14:10:22",6954100
40,-0.75,700,"bu","14:10:15",6953900
39.95,-0.8,1100,"sd","14:10:13",6953200
40,-0.75,700,"bu","14:10:01",6952100
39.95,-0.8,600,"sd","14:09:59",6951400
40,-0.75,700,"bu","14:09:49",6950800
39.95,-0.8,1100,"sd","14:09:43",6950100
40,-0.75,700,"bu","14:09:33",6949000
40,-0.75,200,"bu","14:09:31",6948300
40,-0.75,100,"bu","14:09:22",6948100
40,-0.75,700,"bu","14:09:20",6948000
39.95,-0.8,1100,"sd","14:09:12",6947300
40,-0.75,200,"bu","14:09:08",6946200
40,-0.75,700,"bu","14:09:06",6946000
39.95,-0.8,4900,"sd","14:09:06",6945300
39.95,-0.8,600,"sd","14:09:05",6940400
40,-0.75,700,"bu","14:08:54",6939800
39.95,-0.8,1100,"sd","14:08:42",6939100
40,-0.75,200,"bu","14:08:40",6938000
40,-0.75,700,"bu","14:08:39",6937800
40,-0.75,400,"bu","14:08:34",6937100
39.95,-0.8,1500,"bu","14:08:24",6936700
39.95,-0.8,3800,"sd","14:08:20",6935200
39.95,-0.8,5000,"sd","14:08:14",6931400
40,-0.75,1900,"bu","14:08:13",6926400
39.95,-0.8,1100,"sd","14:08:12",6924500
39.95,-0.8,600,"sd","14:08:11",6923400
40,-0.75,700,"bu","14:08:10",6922800
39.95,-0.8,500,"bu","14:08:04",6922100
39.95,-0.8,100,"bu","14:07:59",6921600
39.95,-0.8,4400,"sd","14:07:51",6921500
40,-0.75,300,"bu","14:07:50",6917100
39.95,-0.8,1100,"sd","14:07:42",6916800
40,-0.75,700,"bu","14:07:40",6915700
39.95,-0.8,100,"sd","14:07:30",6915000
40,-0.75,700,"bu","14:07:27",6914900
39.95,-0.8,200,"sd","14:07:22",6914200
40,-0.75,200,"bu","14:07:20",6914000
39.95,-0.8,600,"sd","14:07:17",6913800
40,-0.75,700,"bu","14:07:13",6913200
39.95,-0.8,1100,"sd","14:07:12",6912500
40,-0.75,100,"bu","14:07:05",6911400
40,-0.75,900,"bu","14:06:59",6911300
39.95,-0.8,200,"sd","14:06:59",6910400
39.95,-0.8,300,"sd","14:06:55",6910200
39.95,-0.8,4700,"sd","14:06:54",6909900
39.95,-0.8,5000,"sd","14:06:48",6905200
40,-0.75,700,"bu","14:06:46",6900200
39.95,-0.8,11200,"sd","14:06:42",6899500
39.95,-0.8,4900,"sd","14:06:42",6888300
40,-0.75,300,"bu","14:06:34",6883400
40,-0.75,24600,"sd","14:06:29",6883100
40,-0.75,100,"sd","14:06:24",6858500
40,-0.75,600,"sd","14:06:23",6858400
40,-0.75,1300,"sd","14:06:19",6857800
40.05,-0.7,800,"bu","14:06:17",6856500
40,-0.75,1100,"sd","14:06:12",6855700
40.05,-0.7,200,"bu","14:06:09",6854600
40.05,-0.7,900,"bu","14:06:05",6854400
40.05,-0.7,800,"bu","14:06:04",6853500
40,-0.75,1000,"sd","14:06:02",6852700
40,-0.75,1500,"sd","14:06:00",6851700
40,-0.75,6400,"sd","14:05:59",6850200
40,-0.75,3000,"sd","14:05:58",6843800
40,-0.75,900,"sd","14:05:56",6840800
40,-0.75,4100,"sd","14:05:51",6839900
40,-0.75,1300,"sd","14:05:50",6835800
40,-0.75,200,"sd","14:05:45",6833800
40,-0.75,7900,"sd","14:05:45",6833600
40,-0.75,1100,"sd","14:05:41",6825700
40.05,-0.7,700,"bu","14:05:37",6824600
40,-0.75,600,"sd","14:05:29",6816000
40,-0.75,1100,"sd","14:05:20",6815400
40,-0.75,1300,"sd","14:05:20",6814300
40,-0.75,3400,"sd","14:05:13",6812800
40.05,-0.7,500,"sd","14:05:12",6809400
40.05,-0.7,1100,"sd","14:05:11",6808900
40.05,-0.7,1000,"sd","14:05:09",6807800
40.1,-0.65,700,"bu","14:05:07",6806800
40.05,-0.7,500,"sd","14:04:59",6806100
40.1,-0.65,700,"bu","14:04:54",6805600
40.05,-0.7,1100,"sd","14:04:41",6804900
40.1,-0.65,700,"bu","14:04:40",6803800
40.1,-0.65,200,"bu","14:04:28",6803100
40.05,-0.7,300,"sd","14:04:21",6802900
40.1,-0.65,4000,"sd","14:04:18",6802600
40.1,-0.65,4100,"sd","14:04:16",6798600
40.1,-0.65,12000,"sd","14:04:16",6794500
40.1,-0.65,7600,"sd","14:04:15",6782500
40.1,-0.65,600,"sd","14:04:14",6774900
40.1,-0.65,1100,"sd","14:04:11",6774300
40.15,-0.6,700,"bu","14:04:11",6773200
40.1,-0.65,51500,"bu","14:04:09",6772500
40.05,-0.7,20700,"bu","14:04:09",6721000
40,-0.75,600,"sd","14:04:06",6700300
40.05,-0.7,700,"bu","14:03:57",6699700
40,-0.75,1000,"sd","14:03:53",6699000
40,-0.75,2900,"sd","14:03:44",6698000
40,-0.75,5000,"sd","14:03:44",6695100
40.05,-0.7,700,"bu","14:03:44",6690100
40,-0.75,500,"sd","14:03:41",6689400
40,-0.75,600,"sd","14:03:41",6688900
40.05,-0.7,300,"bu","14:03:38",6688300
40.05,-0.7,700,"bu","14:03:30",6688000
40,-0.75,3200,"sd","14:03:29",6687300
40.05,-0.7,800,"bu","14:03:16",6684100
40,-0.75,1100,"sd","14:03:11",6683300
40.05,-0.7,700,"bu","14:03:03",6682200
40.05,-0.7,100,"bu","14:03:00",6681500
40.05,-0.7,700,"bu","14:02:50",6681400
40.05,-0.7,200,"bu","14:02:47",6680700
40,-0.75,1100,"sd","14:02:41",6680500
40.05,-0.7,800,"bu","14:02:36",6679400
40,-0.75,600,"sd","14:02:35",6678600
40.05,-0.7,300,"bu","14:02:34",6678000
40.05,-0.7,500,"bu","14:02:32",6677700
40.05,-0.7,800,"bu","14:02:22",6677200
40.05,-0.7,500,"bu","14:02:14",6676400
40.05,-0.7,900,"bu","14:02:13",6675900
40,-0.75,1100,"sd","14:02:11",6675000
40.05,-0.7,2400,"bu","14:02:11",6673900
40.05,-0.7,700,"bu","14:02:09",6671500
40.05,-0.7,200,"bu","14:02:08",6670800
40.05,-0.7,100,"bu","14:02:07",6670600
40.05,-0.7,200,"bu","14:01:57",6670500
40.05,-0.7,2000,"bu","14:01:56",6670300
40.05,-0.7,200,"sd","14:01:47",6668300
40.1,-0.65,300,"bu","14:01:47",6668100
40.05,-0.7,100,"sd","14:01:44",6667800
40.05,-0.7,1100,"sd","14:01:41",6667700
40.1,-0.65,200,"bu","14:01:41",6666600
40.05,-0.7,2000,"sd","14:01:38",6666400
40.1,-0.65,800,"bu","14:01:27",6664400
40.1,-0.65,1300,"bu","14:01:14",6663600
40,-0.75,500,"sd","14:01:11",6662300
40.1,-0.65,10000,"bu","14:01:08",6661200
40.05,-0.7,17500,"bu","14:01:07",6651200
40.05,-0.7,700,"bu","14:01:00",6633700
40.05,-0.7,100,"bu","14:00:55",6633000
40.05,-0.7,500,"bu","14:00:52",6632900
40.05,-0.7,11500,"bu","14:00:48",6632400
40.05,-0.7,700,"bu","14:00:46",6620900
40,-0.75,300,"sd","14:00:45",6620200
40,-0.75,600,"sd","14:00:41",6619900
40,-0.75,1100,"sd","14:00:40",6619300
40,-0.75,100,"sd","14:00:35",6618200
40.05,-0.7,800,"bu","14:00:33",6618100
40.05,-0.7,700,"bu","14:00:20",6617300
40.05,-0.7,200,"bu","14:00:17",6616600
40.05,-0.7,5000,"bu","14:00:11",6616400
40,-0.75,1100,"sd","14:00:10",6611400
40.05,-0.7,100,"bu","14:00:10",6610300
40.05,-0.7,700,"bu","14:00:06",6610200
40.05,-0.7,800,"bu","13:59:53",6609500
40,-0.75,300,"sd","13:59:48",6608700
40,-0.75,600,"sd","13:59:47",6608400
40,-0.75,1100,"sd","13:59:40",6607800
40.05,-0.7,700,"bu","13:59:39",6606700
40,-0.75,300,"sd","13:59:36",6606000
40.05,-0.7,200,"bu","13:59:27",6605700
40.05,-0.7,800,"bu","13:59:26",6605500
40.05,-0.7,700,"bu","13:59:12",6604700
40.05,-0.7,100,"bu","13:59:11",6604000
40,-0.75,1100,"sd","13:59:10",6603900
40,-0.75,2100,"sd","13:59:02",6602800
40.05,-0.7,700,"bu","13:58:59",6600700
40,-0.75,5000,"sd","13:58:55",6600000
40,-0.75,600,"sd","13:58:53",6595000
40.05,-0.7,500,"bu","13:58:47",6594400
40.05,-0.7,800,"bu","13:58:45",6593900
40,-0.75,4100,"sd","13:58:44",6593100
40,-0.75,4500,"bu","13:58:43",6589000
39.95,-0.8,1100,"sd","13:58:40",6584500
40,-0.75,7500,"sd","13:58:37",6583400
40.05,-0.7,300,"bu","13:58:36",6575900
40,-0.75,3400,"bu","13:58:31",6575600
40,-0.75,2000,"bu","13:58:30",6572200
40,-0.75,1000,"bu","13:58:23",6570200
40,-0.75,1700,"sd","13:58:22",6569200
40,-0.75,5000,"sd","13:58:20",6567500
40,-0.75,5000,"sd","13:58:15",6562500
40.05,-0.7,800,"bu","13:58:14",6557500
40,-0.75,1100,"sd","13:58:10",6556700
40.05,-0.7,700,"bu","13:58:01",6555600
40,-0.75,700,"sd","13:57:59",6554900
40.05,-0.7,500,"bu","13:57:56",6554200
40.05,-0.7,700,"bu","13:57:47",6553700
40.05,-0.7,200,"bu","13:57:45",6553000
40,-0.75,1100,"sd","13:57:40",6552800
40.05,-0.7,700,"bu","13:57:34",6551700
40,-0.75,200,"sd","13:57:31",6551000
40,-0.75,1000,"sd","13:57:28",6550800
40,-0.75,13600,"bu","13:57:25",6549800
40,-0.75,2200,"bu","13:57:19",6536200
40,-0.75,400,"bu","13:57:12",6534000
40,-0.75,1000,"bu","13:57:10",6533600
39.95,-0.8,1100,"sd","13:57:10",6532600
40,-0.75,800,"bu","13:57:05",6531500
40,-0.75,2600,"sd","13:57:04",6530700
40.05,-0.7,200,"bu","13:56:55",6528100
40.05,-0.7,800,"bu","13:56:52",6527900
40,-0.75,500,"sd","13:56:50",6527100
40,-0.75,800,"sd","13:56:45",6526600
40,-0.75,1100,"sd","13:56:40",6525800
40,-0.75,2400,"bu","13:56:33",6524700
40,-0.75,300,"bu","13:56:31",6522300
40,-0.75,7300,"sd","13:56:28",6522000
40.05,-0.7,800,"bu","13:56:21",6514700
40,-0.75,600,"sd","13:56:11",6513900
40,-0.75,1100,"sd","13:56:10",6513300
40.05,-0.7,800,"bu","13:56:08",6512200
40,-0.75,2000,"sd","13:56:08",6511400
40.05,-0.7,200,"bu","13:56:04",6509400
40.05,-0.7,100,"bu","13:56:00",6509200
40.05,-0.7,800,"bu","13:55:54",6509100
40,-0.75,3300,"sd","13:55:45",6508300
40.05,-0.7,700,"bu","13:55:41",6505000
40,-0.75,1100,"sd","13:55:40",6504300
40.05,-0.7,1400,"bu","13:55:30",6503200
40.05,-0.7,700,"bu","13:55:27",6501800
40,-0.75,500,"sd","13:55:25",6501100
40,-0.75,4100,"sd","13:55:24",6500600
40.05,-0.7,100,"bu","13:55:22",6496500
40,-0.75,4100,"sd","13:55:21",6496400
40.05,-0.7,200,"bu","13:55:14",6492300
40.05,-0.7,800,"bu","13:55:14",6492100
40,-0.75,1100,"sd","13:55:09",6491300
40,-0.75,22600,"bu","13:55:04",6490200
40,-0.75,100,"bu","13:55:01",6467600
39.95,-0.8,30000,"sd","13:54:50",6467500
40,-0.75,800,"bu","13:54:47",6437500
39.95,-0.8,1100,"sd","13:54:39",6436700
40,-0.75,200,"bu","13:54:39",6435600
40,-0.75,700,"bu","13:54:33",6435400
40,-0.75,100,"bu","13:54:32",6434700
40,-0.75,200,"bu","13:54:24",6434600
40,-0.75,800,"bu","13:54:20",6434400
39.95,-0.8,700,"sd","13:54:16",6433600
40,-0.75,100,"bu","13:54:14",6432900
40,-0.75,100,"bu","13:54:12",6432800
39.95,-0.8,1100,"sd","13:54:09",6432700
40,-0.75,700,"bu","13:54:06",6431600
40,-0.75,5700,"bu","13:54:02",6430900
40,-0.75,100,"bu","13:54:00",6425200
40,-0.75,800,"bu","13:53:53",6425100
39.95,-0.8,1000,"sd","13:53:48",6424300
40,-0.75,800,"bu","13:53:40",6423300
39.95,-0.8,1100,"sd","13:53:39",6422500
40,-0.75,300,"bu","13:53:33",6421400
39.95,-0.8,200,"sd","13:53:26",6421100
40,-0.75,800,"bu","13:53:26",6420900
39.95,-0.8,600,"sd","13:53:23",6420100
40,-0.75,1100,"bu","13:53:21",6419500
40,-0.75,700,"bu","13:53:12",6418400
40,-0.75,500,"bu","13:53:11",6417700
39.95,-0.8,1100,"sd","13:53:09",6417200
40,-0.75,500,"bu","13:53:00",6416100
40,-0.75,800,"bu","13:52:59",6415600
40,-0.75,100,"bu","13:52:57",6414800
39.95,-0.8,2000,"sd","13:52:55",6414700
40,-0.75,900,"bu","13:52:51",6412700
40,-0.75,100,"bu","13:52:50",6411800
40,-0.75,800,"bu","13:52:45",6411700
40,-0.75,200,"bu","13:52:43",6410900
39.95,-0.8,1100,"sd","13:52:39",6410700
40,-0.75,2000,"bu","13:52:37",6409600
39.95,-0.8,3000,"sd","13:52:34",6407600
40,-0.75,800,"bu","13:52:32",6404600
40,-0.75,1000,"bu","13:52:31",6403800
40,-0.75,100,"bu","13:52:20",6402800
40,-0.75,800,"bu","13:52:18",6402700
39.95,-0.8,1100,"sd","13:52:09",6401900
40,-0.75,800,"bu","13:52:05",6400800
40,-0.75,4000,"bu","13:52:01",6400000
40,-0.75,200,"bu","13:51:52",6396000
40,-0.75,25700,"bu","13:51:52",6395800
40,-0.75,800,"bu","13:51:51",6370100
39.95,-0.8,1100,"sd","13:51:39",6369300
39.95,-0.8,8700,"bu","13:51:36",6368200
39.95,-0.8,1900,"bu","13:51:36",6359500
39.95,-0.8,2500,"bu","13:51:30",6357600
39.95,-0.8,2700,"sd","13:51:30",6355100
39.95,-0.8,9300,"bu","13:51:28",6352400
39.95,-0.8,800,"bu","13:51:25",6343100
39.95,-0.8,700,"bu","13:51:24",6342300
39.95,-0.8,1000,"bu","13:51:23",6341600
39.95,-0.8,500,"bu","13:51:21",6340600
39.95,-0.8,1000,"bu","13:51:20",6340100
39.95,-0.8,900,"bu","13:51:19",6339100
39.95,-0.8,2000,"bu","13:51:14",6338200
39.95,-0.8,700,"bu","13:51:11",6336200
39.9,-0.85,1100,"sd","13:51:09",6335500
39.95,-0.8,10000,"bu","13:51:07",6334400
39.95,-0.8,11500,"bu","13:51:05",6324400
39.95,-0.8,200,"bu","13:51:02",6312900
39.95,-0.8,300,"bu","13:51:01",6312700
39.95,-0.8,100,"bu","13:51:01",6312400
39.95,-0.8,800,"bu","13:50:58",6312300
39.95,-0.8,1100,"bu","13:50:57",6311500
39.95,-0.8,100,"bu","13:50:50",6310400
39.95,-0.8,700,"bu","13:50:44",6310300
39.9,-0.85,1100,"sd","13:50:39",6309600
39.9,-0.85,7900,"sd","13:50:27",6308500
39.95,-0.8,700,"bu","13:50:26",6300600
39.9,-0.85,600,"sd","13:50:24",6299900
39.95,-0.8,400,"bu","13:50:20",6299300
39.95,-0.8,700,"bu","13:50:15",6298900
39.95,-0.8,1900,"sd","13:50:14",6298200
40,-0.75,200,"bu","13:50:13",6296300
39.95,-0.8,500,"sd","13:50:12",6296100
39.95,-0.8,1100,"sd","13:50:09",6295600
39.95,-0.8,600,"sd","13:50:05",6294500
40,-0.75,800,"bu","13:50:01",6293900
39.95,-0.8,5000,"sd","13:49:52",6293100
40,-0.75,1300,"bu","13:49:50",6288100
40,-0.75,800,"bu","13:49:48",6286800
39.95,-0.8,7900,"sd","13:49:41",6286000
39.95,-0.8,3000,"sd","13:49:39",6278100
39.95,-0.8,1100,"sd","13:49:38",6275100
40,-0.75,800,"bu","13:49:34",6274000
39.95,-0.8,10000,"sd","13:49:30",6273200
39.95,-0.8,700,"sd","13:49:30",6263200
40,-0.75,300,"bu","13:49:21",6262500
40,-0.75,800,"bu","13:49:21",6262200
39.95,-0.8,300,"sd","13:49:21",6261400
39.95,-0.8,2000,"sd","13:49:14",6261100
39.95,-0.8,1100,"sd","13:49:08",6259100
39.95,-0.8,200,"sd","13:49:04",6257200
40,-0.75,700,"bu","13:49:01",6257000
40,-0.75,3800,"bu","13:48:53",6256300
40,-0.75,1000,"bu","13:48:51",6252500
40,-0.75,100,"bu","13:48:46",6251500
39.95,-0.8,5000,"sd","13:48:44",6251400
40,-0.75,1800,"bu","13:48:41",6246400
40,-0.75,500,"bu","13:48:38",6244600
39.95,-0.8,1100,"sd","13:48:38",6244100
39.95,-0.8,600,"sd","13:48:36",6243000
40,-0.75,4000,"bu","13:48:34",6242400
40,-0.75,200,"bu","13:48:31",6238400
40,-0.75,500,"bu","13:48:31",6238200
40,-0.75,100,"bu","13:48:24",6237700
40,-0.75,3500,"bu","13:48:22",6237600
40,-0.75,100,"bu","13:48:19",6234100
39.95,-0.8,5000,"sd","13:48:19",6234000
40,-0.75,200,"bu","13:48:17",6229000
39.95,-0.8,100,"sd","13:48:16",6228800
40,-0.75,2000,"bu","13:48:12",6228700
40,-0.75,5700,"sd","13:48:11",6226700
40,-0.75,2700,"sd","13:48:11",6221000
40.05,-0.7,800,"bu","13:48:11",6218300
40,-0.75,1100,"sd","13:48:08",6210500
40,-0.75,5000,"sd","13:48:08",6209400
40,-0.75,3000,"sd","13:48:07",6204400
40.05,-0.7,600,"bu","13:48:00",6201400
40.05,-0.7,800,"bu","13:47:58",6200800
40,-0.75,2000,"sd","13:47:52",6200000
40.05,-0.7,1400,"bu","13:47:51",6198000
40.05,-0.7,100,"bu","13:47:49",6196600
40,-0.75,200,"sd","13:47:48",6196500
40,-0.75,2700,"sd","13:47:47",6196300
40,-0.75,5000,"sd","13:47:45",6193600
40,-0.75,700,"sd","13:47:42",6187800
40,-0.75,1100,"sd","13:47:38",6186900
40,-0.75,5000,"sd","13:47:36",6185800
40.05,-0.7,800,"bu","13:47:30",6180800
40,-0.75,2500,"sd","13:47:28",6180000
40,-0.75,100,"sd","13:47:19",6177500
40,-0.75,5000,"sd","13:47:14",6177400
40.05,-0.7,1000,"bu","13:47:11",6172400
40.05,-0.7,200,"bu","13:47:10",6171400
40,-0.75,1100,"sd","13:47:08",6171200
40.05,-0.7,5400,"bu","13:47:01",6170100
40.05,-0.7,3300,"sd","13:46:58",6164700
40.1,-0.65,100,"bu","13:46:57",6161400
40.05,-0.7,20000,"sd","13:46:57",6161300
40.05,-0.7,2000,"sd","13:46:55",6141300
40.1,-0.65,100,"bu","13:46:55",6139300
40.1,-0.65,200,"bu","13:46:53",6139200
40.05,-0.7,10000,"sd","13:46:53",6139000
40.1,-0.65,900,"bu","13:46:50",6129000
40.1,-0.65,100,"bu","13:46:50",6128100
40.05,-0.7,600,"sd","13:46:48",6128000
40.1,-0.65,200,"bu","13:46:47",6127400
40.1,-0.65,2000,"bu","13:46:46",6127200
40.1,-0.65,800,"bu","13:46:45",6125200
40.05,-0.7,100,"sd","13:46:42",6124400
40.1,-0.65,1000,"bu","13:46:40",6124300
40.05,-0.7,1100,"sd","13:46:38",6123300
40.1,-0.65,5100,"bu","13:46:36",6122200
40.05,-0.7,10000,"sd","13:46:34",6117100
40.1,-0.65,1100,"bu","13:46:31",6107100
40.1,-0.65,500,"bu","13:46:27",6106000
40.1,-0.65,500,"bu","13:46:26",6105500
40.1,-0.65,500,"bu","13:46:25",6105000
40.1,-0.65,200,"bu","13:46:24",6104500
40.1,-0.65,600,"bu","13:46:21",6104300
40.1,-0.65,800,"bu","13:46:18",6103700
40.1,-0.65,3000,"bu","13:46:13",6102900
40.1,-0.65,500,"bu","13:46:12",6099900
40.1,-0.65,8000,"bu","13:46:08",6099400
40.05,-0.7,1100,"sd","13:46:08",6091400
40.1,-0.65,300,"bu","13:46:07",6090300
40.1,-0.65,200,"bu","13:46:06",6090000
40.1,-0.65,800,"bu","13:46:04",6089800
40.05,-0.7,200,"sd","13:46:02",6089000
40.1,-0.65,100,"bu","13:46:02",6088800
40.1,-0.65,200,"bu","13:46:00",6088700
40.1,-0.65,100,"bu","13:45:54",6088500
40.05,-0.7,2800,"sd","13:45:51",6088400
40.1,-0.65,800,"bu","13:45:50",6085600
40.05,-0.7,1500,"sd","13:45:50",6084800
40.1,-0.65,100,"bu","13:45:49",6083300
40.05,-0.7,2000,"sd","13:45:46",6083200
40.1,-0.65,1900,"bu","13:45:46",6081200
40.1,-0.65,600,"bu","13:45:45",6079300
40.1,-0.65,200,"bu","13:45:44",6078700
40.05,-0.7,300,"sd","13:45:40",6078500
40.1,-0.65,800,"bu","13:45:37",6078200
40.1,-0.65,800,"bu","13:45:37",6076300
40.05,-0.7,24100,"bu","13:45:32",6075500
40,-0.75,2100,"bu","13:45:22",6051400
40,-0.75,500,"bu","13:45:22",6049300
40,-0.75,32400,"bu","13:45:21",6048800
40,-0.75,3000,"bu","13:45:19",6016400
40,-0.75,1000,"bu","13:45:15",6013400
40,-0.75,800,"bu","13:45:10",6012400
40,-0.75,200,"bu","13:45:09",6011600
39.95,-0.8,1100,"sd","13:45:07",6011400
40,-0.75,26200,"bu","13:45:05",6010300
40,-0.75,10000,"bu","13:45:05",5984100
39.95,-0.8,200,"sd","13:44:57",5974100
40,-0.75,800,"bu","13:44:57",5973900
39.95,-0.8,10900,"bu","13:44:47",5973100
39.95,-0.8,800,"bu","13:44:43",5962200
39.95,-0.8,500,"bu","13:44:40",5961400
39.95,-0.8,9000,"bu","13:44:39",5960900
39.9,-0.85,1100,"sd","13:44:37",5951800
39.95,-0.8,3000,"bu","13:44:35",5950700
39.95,-0.8,800,"bu","13:44:29",5947700
39.95,-0.8,500,"bu","13:44:27",5946900
39.95,-0.8,1000,"bu","13:44:24",5946400
39.95,-0.8,100,"bu","13:44:24",5945400
39.95,-0.8,100,"bu","13:44:21",5945300
39.95,-0.8,300,"bu","13:44:20",5945200
39.95,-0.8,400,"bu","13:44:18",5944900
39.95,-0.8,100,"bu","13:44:17",5944500
39.95,-0.8,800,"bu","13:44:16",5944400
39.95,-0.8,100,"bu","13:44:15",5943600
39.95,-0.8,500,"bu","13:44:08",5943500
39.95,-0.8,100,"bu","13:44:07",5943000
39.9,-0.85,1100,"sd","13:44:07",5942900
39.95,-0.8,500,"bu","13:44:05",5941800
39.95,-0.8,300,"bu","13:44:04",5941300
39.95,-0.8,800,"bu","13:44:02",5941000
39.95,-0.8,200,"bu","13:43:57",5940200
39.9,-0.85,500,"sd","13:43:55",5940000
39.9,-0.85,200,"bu","13:43:52",5939500
39.9,-0.85,100,"bu","13:43:51",5939300
39.9,-0.85,400,"bu","13:43:51",5939200
39.9,-0.85,1600,"bu","13:43:50",5938800
39.9,-0.85,3400,"bu","13:43:47",5937200
39.9,-0.85,11600,"bu","13:43:47",5933800
39.9,-0.85,2600,"bu","13:43:40",5922200
39.85,-0.9,1100,"sd","13:43:37",5919600
39.85,-0.9,300,"bu","13:43:35",5918500
39.85,-0.9,500,"bu","13:43:34",5918200
39.85,-0.9,10100,"bu","13:43:33",5917700
39.85,-0.9,1000,"bu","13:43:32",5907600
39.85,-0.9,2000,"bu","13:43:31",5906600
39.85,-0.9,200,"bu","13:43:30",5904600
39.85,-0.9,600,"bu","13:43:29",5904400
39.85,-0.9,900,"bu","13:43:29",5903800
39.85,-0.9,500,"bu","13:43:28",5902900
39.85,-0.9,2200,"bu","13:43:28",5902400
39.85,-0.9,1900,"bu","13:43:27",5900200
39.85,-0.9,800,"bu","13:43:26",5898300
39.8,-0.95,200,"sd","13:43:26",5897500
39.85,-0.9,1900,"bu","13:43:24",5897300
39.85,-0.9,3800,"bu","13:43:24",5895400
39.85,-0.9,1900,"bu","13:43:23",5891600
39.85,-0.9,7000,"bu","13:43:22",5889700
39.85,-0.9,900,"bu","13:43:21",5882700
39.85,-0.9,700,"bu","13:43:21",5881800
39.85,-0.9,900,"bu","13:43:18",5881100
39.85,-0.9,5700,"bu","13:43:17",5880200
39.85,-0.9,200,"bu","13:43:15",5874500
39.85,-0.9,900,"bu","13:43:13",5874300
39.85,-0.9,400,"bu","13:43:11",5873400
39.85,-0.9,1000,"bu","13:43:09",5873000
39.8,-0.95,1100,"sd","13:43:07",5872000
39.85,-0.9,3600,"bu","13:43:06",5870900
39.85,-0.9,500,"bu","13:42:58",5867300
39.85,-0.9,100,"bu","13:42:57",5866800
39.85,-0.9,800,"bu","13:42:55",5866700
39.85,-0.9,500,"bu","13:42:53",5865900
39.85,-0.9,800,"bu","13:42:41",5865400
39.8,-0.95,1100,"sd","13:42:37",5864600
39.8,-0.95,27900,"bu","13:42:34",5863500
39.8,-0.95,800,"bu","13:42:28",5835600
39.8,-0.95,11700,"bu","13:42:25",5834800
39.75,-1,1000,"sd","13:42:22",5823100
39.8,-0.95,800,"bu","13:42:14",5822100
39.8,-0.95,3800,"bu","13:42:10",5821300
39.75,-1,1100,"sd","13:42:07",5817500
39.75,-1,4500,"bu","13:42:04",5816400
39.75,-1,800,"bu","13:42:03",5811900
39.75,-1,3800,"bu","13:42:01",5811100
39.7,-1.05,4000,"sd","13:41:59",5807300
39.75,-1,900,"bu","13:41:57",5803300
39.75,-1,100,"bu","13:41:55",5802400
39.75,-1,500,"bu","13:41:55",5802300
39.75,-1,900,"bu","13:41:53",5801800
39.75,-1,4200,"bu","13:41:52",5800900
39.75,-1,200,"bu","13:41:50",5796700
39.75,-1,900,"bu","13:41:49",5796500
39.75,-1,10000,"bu","13:41:48",5794800
39.7,-1.05,600,"sd","13:41:44",5784800
39.75,-1,100,"bu","13:41:44",5784200
39.75,-1,900,"bu","13:41:43",5784100
39.75,-1,4200,"bu","13:41:41",5783200
39.75,-1,900,"bu","13:41:39",5779000
39.75,-1,2000,"bu","13:41:38",5778100
39.7,-1.05,1100,"sd","13:41:37",5776100
39.75,-1,200,"bu","13:41:35",5775000
39.75,-1,800,"bu","13:41:34",5774800
39.75,-1,900,"bu","13:41:32",5774000
39.75,-1,200,"bu","13:41:22",5773100
39.7,-1.05,800,"sd","13:41:22",5772900
39.75,-1,800,"bu","13:41:20",5772100
39.75,-1,3400,"bu","13:41:16",5771300
39.75,-1,500,"bu","13:41:10",5767900
39.7,-1.05,1100,"sd","13:41:07",5767400
39.75,-1,800,"bu","13:41:07",5766300
39.75,-1,300,"bu","13:41:03",5765500
39.75,-1,800,"bu","13:40:53",5765200
39.7,-1.05,600,"sd","13:40:49",5764400
39.7,-1.05,2000,"sd","13:40:48",5763800
39.75,-1,300,"bu","13:40:46",5761800
39.7,-1.05,1000,"sd","13:40:43",5761500
39.75,-1,800,"bu","13:40:40",5760500
39.75,-1,300,"bu","13:40:39",5759700
39.7,-1.05,1100,"sd","13:40:37",5759400
39.75,-1,500,"bu","13:40:36",5758300
39.75,-1,100,"bu","13:40:32",5757800
39.75,-1,800,"bu","13:40:26",5757700
39.75,-1,800,"bu","13:40:13",5756900
39.7,-1.05,10000,"sd","13:40:10",5756100
39.7,-1.05,1100,"sd","13:40:07",5746100
39.75,-1,800,"bu","13:39:59",5745000
39.7,-1.05,200,"sd","13:39:58",5744200
39.75,-1,300,"bu","13:39:56",5744000
39.7,-1.05,600,"sd","13:39:55",5743700
39.75,-1,800,"bu","13:39:46",5743100
39.7,-1.05,5000,"sd","13:39:37",5742300
39.7,-1.05,1100,"sd","13:39:36",5737300
39.75,-1,200,"bu","13:39:36",5736200
39.75,-1,800,"bu","13:39:32",5736000
39.7,-1.05,500,"sd","13:39:28",5735200
39.75,-1,800,"bu","13:39:19",5734700
39.7,-1.05,11700,"sd","13:39:12",5733900
39.7,-1.05,1100,"sd","13:39:06",5722200
39.75,-1,800,"bu","13:39:05",5720900
39.7,-1.05,600,"sd","13:39:01",5720100
39.75,-1,800,"bu","13:38:52",5719500
39.75,-1,500,"bu","13:38:47",5718700
39.7,-1.05,100,"sd","13:38:42",5718200
39.75,-1,800,"bu","13:38:38",5718100
39.7,-1.05,1100,"sd","13:38:36",5717300
39.75,-1,100,"bu","13:38:35",5716200
39.75,-1,800,"bu","13:38:25",5716100
39.75,-1,200,"bu","13:38:16",5715300
39.75,-1,800,"bu","13:38:11",5715100
39.7,-1.05,600,"sd","13:38:08",5714300
39.7,-1.05,1100,"sd","13:38:06",5713700
39.75,-1,200,"bu","13:38:06",5712600
39.75,-1,800,"bu","13:37:58",5712400
39.7,-1.05,2000,"sd","13:37:46",5711600
39.75,-1,800,"bu","13:37:44",5709600
39.7,-1.05,1100,"sd","13:37:36",5708800
39.7,-1.05,1500,"sd","13:37:33",5707700
39.75,-1,900,"bu","13:37:30",5706200
39.7,-1.05,10000,"sd","13:37:28",5705300
39.75,-1,200,"bu","13:37:27",5695300
39.7,-1.05,200,"sd","13:37:17",5695100
39.75,-1,800,"bu","13:37:17",5694900
39.7,-1.05,200,"sd","13:37:16",5694100
39.7,-1.05,600,"sd","13:37:13",5693900
39.7,-1.05,7900,"sd","13:37:11",5693300
39.7,-1.05,1100,"sd","13:37:06",5685400
39.75,-1,800,"bu","13:37:03",5684300
39.75,-1,100,"bu","13:36:59",5683500
39.75,-1,800,"bu","13:36:50",5683400
39.7,-1.05,500,"sd","13:36:48",5682600
39.75,-1,1000,"bu","13:36:37",5682100
39.7,-1.05,1100,"sd","13:36:36",5681100
39.75,-1,800,"bu","13:36:23",5680000
39.7,-1.05,700,"sd","13:36:19",5679200
39.75,-1,800,"bu","13:36:09",5678500
39.7,-1.05,1100,"sd","13:36:06",5677700
39.75,-1,1000,"bu","13:36:02",5676600
39.75,-1,100,"bu","13:35:59",5675600
39.75,-1,800,"bu","13:35:56",5675500
39.7,-1.05,100,"sd","13:35:54",5674700
39.75,-1,100,"bu","13:35:54",5674600
39.75,-1,300,"bu","13:35:47",5674500
39.7,-1.05,1100,"sd","13:35:36",5674200
39.75,-1,900,"sd","13:35:32",5673100
39.75,-1,600,"sd","13:35:25",5672200
39.75,-1,200,"sd","13:35:23",5671600
39.8,-0.95,100,"bu","13:35:22",5671400
39.75,-1,5000,"sd","13:35:20",5671300
39.8,-0.95,800,"bu","13:35:11",5666300
39.75,-1,500,"sd","13:35:07",5665500
39.75,-1,1000,"sd","13:35:06",5665000
39.75,-1,1000,"sd","13:35:01",5664000
39.8,-0.95,800,"bu","13:34:58",5663000
39.8,-0.95,400,"bu","13:34:58",5662200
39.8,-0.95,200,"bu","13:34:57",5661800
39.8,-0.95,800,"bu","13:34:45",5661600
39.8,-0.95,100,"bu","13:34:37",5660800
39.75,-1,1000,"sd","13:34:36",5660700
39.8,-0.95,800,"bu","13:34:32",5659700
39.75,-1,700,"sd","13:34:31",5658900
39.8,-0.95,800,"bu","13:34:19",5658200
39.75,-1,500,"sd","13:34:11",5657400
39.75,-1,200,"sd","13:34:09",5656900
39.8,-0.95,200,"bu","13:34:08",5656700
39.75,-1,1000,"sd","13:34:06",5656500
39.8,-0.95,800,"bu","13:34:04",5655500
39.8,-0.95,100,"bu","13:34:01",5654700
39.75,-1,1100,"sd","13:33:58",5654600
39.8,-0.95,800,"bu","13:33:51",5653500
39.8,-0.95,900,"bu","13:33:38",5652700
39.75,-1,2600,"sd","13:33:36",5651800
39.75,-1,1000,"sd","13:33:35",5649200
39.75,-1,2000,"sd","13:33:28",5648200
39.8,-0.95,800,"bu","13:33:24",5646200
39.8,-0.95,200,"bu","13:33:18",5645400
39.8,-0.95,800,"bu","13:33:10",5645200
39.75,-1,1000,"sd","13:33:05",5644400
39.8,-0.95,800,"bu","13:32:57",5643400
39.75,-1,400,"sd","13:32:54",5642600
39.75,-1,200,"sd","13:32:48",5642200
39.8,-0.95,800,"bu","13:32:43",5642000
39.75,-1,6700,"bu","13:32:35",5641200
39.75,-1,900,"bu","13:32:30",5633500
39.75,-1,200,"bu","13:32:29",5632600
39.75,-1,1400,"bu","13:32:16",5632400
39.75,-1,200,"bu","13:32:12",5631000
39.7,-1.05,1000,"sd","13:32:05",5630800
39.75,-1,100,"bu","13:32:04",5629800
39.75,-1,800,"bu","13:32:03",5629700
39.75,-1,500,"bu","13:31:53",5628900
39.75,-1,800,"bu","13:31:49",5628400
39.75,-1,500,"bu","13:31:45",5627600
39.75,-1,100,"bu","13:31:41",5627100
39.75,-1,100,"bu","13:31:40",5627000
39.75,-1,200,"bu","13:31:39",5626900
39.75,-1,100,"bu","13:31:37",5626700
39.75,-1,900,"bu","13:31:36",5626600
39.7,-1.05,1000,"sd","13:31:35",5625700
39.7,-1.05,700,"sd","13:31:30",5624700
39.75,-1,200,"bu","13:31:27",5624000
39.75,-1,800,"bu","13:31:22",5623800
39.75,-1,13800,"bu","13:31:20",5623000
39.75,-1,100,"bu","13:31:11",5609200
39.75,-1,800,"bu","13:31:09",5609100
39.7,-1.05,1000,"sd","13:31:05",5608300
39.75,-1,800,"bu","13:30:55",5607200
39.75,-1,300,"bu","13:30:49",5606400
39.75,-1,800,"bu","13:30:41",5606100
39.75,-1,100,"bu","13:30:37",5605300
39.7,-1.05,700,"sd","13:30:36",5605200
39.7,-1.05,1000,"sd","13:30:35",5604500
39.75,-1,800,"bu","13:30:28",5603500
39.7,-1.05,20000,"sd","13:30:25",5602700
39.75,-1,800,"bu","13:30:14",5582700
39.75,-1,100,"bu","13:30:10",5581900
39.75,-1,500,"bu","13:30:08",5581800
39.7,-1.05,1000,"sd","13:30:04",5581300
39.75,-1,100,"bu","13:30:02",5580300
39.75,-1,800,"bu","13:30:01",5580200
39.75,-1,200,"bu","13:29:59",5579400
39.75,-1,800,"bu","13:29:47",5579200
39.7,-1.05,700,"sd","13:29:42",5578400
39.7,-1.05,1000,"sd","13:29:35",5577700
39.75,-1,900,"bu","13:29:34",5576700
39.75,-1,100,"bu","13:29:16",5575800
39.75,-1,3800,"sd","13:29:14",5575700
39.8,-0.95,200,"bu","13:29:10",5571900
39.75,-1,5000,"sd","13:29:08",5571700
39.8,-0.95,200,"bu","13:29:06",5566700
39.75,-1,1000,"sd","13:29:04",5566500
39.8,-0.95,800,"bu","13:29:04",5565500
39.8,-0.95,100,"bu","13:28:59",5564700
39.8,-0.95,100,"bu","13:28:50",5564600
39.75,-1,700,"sd","13:28:48",5564500
39.75,-1,2500,"bu","13:28:37",5563800
39.75,-1,4500,"sd","13:28:36",5561300
39.8,-0.95,900,"bu","13:28:35",5556800
39.75,-1,1000,"sd","13:28:34",5555900
39.75,-1,300,"sd","13:28:23",5554900
39.8,-0.95,800,"bu","13:28:22",5554600
39.8,-0.95,200,"bu","13:28:20",5553800
39.75,-1,5000,"sd","13:28:17",5553600
39.8,-0.95,1000,"bu","13:28:14",5548600
39.75,-1,1000,"sd","13:28:04",5547600
39.8,-0.95,100,"bu","13:28:03",5546600
39.8,-0.95,1000,"bu","13:28:03",5546500
39.8,-0.95,100,"sd","13:28:02",5545500
39.8,-0.95,1400,"sd","13:28:01",5545400
39.85,-0.9,100,"bu","13:28:00",5544000
39.85,-0.9,1100,"bu","13:27:53",5543900
39.85,-0.9,700,"bu","13:27:40",5542800
39.8,-0.95,600,"bu","13:27:39",5542100
39.75,-1,1000,"sd","13:27:34",5541500
39.8,-0.95,700,"sd","13:27:32",5540500
39.85,-0.9,200,"bu","13:27:30",5539800
39.8,-0.95,100,"bu","13:27:26",5539600
39.8,-0.95,2000,"bu","13:27:18",5539500
39.8,-0.95,900,"bu","13:27:12",5537500
39.8,-0.95,100,"bu","13:27:11",5536600
39.75,-1,1000,"sd","13:27:04",5536500
39.8,-0.95,200,"bu","13:27:00",5535500
39.8,-0.95,800,"bu","13:26:59",5535300
39.8,-0.95,1000,"bu","13:26:58",5534500
39.8,-0.95,100,"bu","13:26:53",5533500
39.8,-0.95,1000,"bu","13:26:48",5533400
39.8,-0.95,200,"bu","13:26:48",5532400
39.8,-0.95,600,"bu","13:26:45",5532200
39.8,-0.95,300,"bu","13:26:41",5531600
39.8,-0.95,100,"bu","13:26:36",5531300
39.75,-1,1000,"sd","13:26:34",5531200
39.8,-0.95,900,"bu","13:26:33",5530200
39.8,-0.95,900,"bu","13:26:32",5529300
39.8,-0.95,5000,"bu","13:26:32",5528400
39.75,-1,20000,"sd","13:26:27",5523400
39.8,-0.95,200,"bu","13:26:23",5503400
39.8,-0.95,500,"bu","13:26:22",5503200
39.8,-0.95,900,"bu","13:26:18",5502700
39.8,-0.95,200,"bu","13:26:16",5501800
39.8,-0.95,1300,"sd","13:26:15",5501600
39.8,-0.95,100,"bu","13:26:06",5500300
39.75,-1,1000,"sd","13:26:04",5500200
39.75,-1,300,"sd","13:25:54",5499200
39.8,-0.95,3000,"bu","13:25:54",5498900
39.8,-0.95,1000,"bu","13:25:51",5495900
39.75,-1,600,"sd","13:25:40",5494900
39.75,-1,1000,"sd","13:25:34",5494300
39.8,-0.95,500,"bu","13:25:34",5493300
39.8,-0.95,9300,"sd","13:25:32",5492800
39.8,-0.95,1000,"sd","13:25:31",5483500
39.8,-0.95,1200,"sd","13:25:27",5482500
39.8,-0.95,500,"sd","13:25:25",5481300
39.8,-0.95,2000,"sd","13:25:23",5480800
39.85,-0.9,800,"bu","13:25:22",5478800
39.8,-0.95,24900,"bu","13:25:13",5478000
39.8,-0.95,2000,"bu","13:25:11",5453100
39.75,-1,100,"sd","13:25:10",5451100
39.8,-0.95,800,"bu","13:25:09",5451000
39.8,-0.95,300,"bu","13:25:05",5450200
39.75,-1,1000,"sd","13:25:04",5449900
39.8,-0.95,200,"bu","13:25:01",5448900
39.75,-1,200,"sd","13:25:00",5448700
39.75,-1,5000,"bu","13:24:58",5448500
39.75,-1,500,"bu","13:24:57",5443500
39.75,-1,200,"bu","13:24:57",5443000
39.75,-1,300,"bu","13:24:56",5442800
39.75,-1,900,"bu","13:24:55",5442500
39.75,-1,1000,"bu","13:24:53",5441600
39.75,-1,2100,"sd","13:24:52",5440600
39.8,-0.95,1500,"bu","13:24:47",5438500
39.75,-1,1700,"bu","13:24:44",5437000
39.75,-1,900,"bu","13:24:42",5435300
39.75,-1,500,"bu","13:24:36",5434400
39.7,-1.05,1000,"sd","13:24:34",5433900
39.75,-1,500,"bu","13:24:31",5432900
39.75,-1,800,"bu","13:24:28",5432400
39.75,-1,100,"bu","13:24:26",5431600
39.7,-1.05,4500,"bu","13:24:20",5431500
39.7,-1.05,500,"sd","13:24:18",5427000
39.75,-1,800,"bu","13:24:16",5426500
39.75,-1,200,"bu","13:24:11",5425700
39.65,-1.1,800,"sd","13:24:04",5425500
39.7,-1.05,600,"bu","13:24:01",5424500
39.65,-1.1,3000,"bu","13:23:58",5423900
39.65,-1.1,100,"bu","13:23:56",5420900
39.65,-1.1,100,"bu","13:23:55",5420800
39.65,-1.1,1500,"bu","13:23:52",5420700
39.65,-1.1,2500,"bu","13:23:51",5419200
39.65,-1.1,800,"bu","13:23:49",5416700
39.65,-1.1,50000,"bu","13:23:48",5415900
39.65,-1.1,5700,"bu","13:23:39",5365900
39.65,-1.1,100,"bu","13:23:37",5360200
39.65,-1.1,800,"bu","13:23:35",5360100
39.6,-1.15,1000,"sd","13:23:34",5359300
39.65,-1.1,900,"bu","13:23:33",5358300
39.65,-1.1,3900,"bu","13:23:32",5357400
39.6,-1.15,500,"sd","13:23:23",5353500
39.65,-1.1,4400,"bu","13:23:22",5353000
39.65,-1.1,800,"bu","13:23:21",5348600
39.6,-1.15,2000,"sd","13:23:18",5347800
39.65,-1.1,100,"bu","13:23:13",5345800
39.6,-1.15,4000,"sd","13:23:11",5345700
39.65,-1.1,900,"bu","13:23:07",5341700
39.6,-1.15,1000,"sd","13:23:03",5340800
39.6,-1.15,12500,"bu","13:22:58",5339800
39.6,-1.15,800,"bu","13:22:54",5327300
39.6,-1.15,100,"bu","13:22:47",5326500
39.6,-1.15,1300,"bu","13:22:42",5326400
39.6,-1.15,800,"bu","13:22:40",5325100
39.6,-1.15,3200,"bu","13:22:38",5324300
39.55,-1.2,1000,"sd","13:22:33",5321100
39.6,-1.15,300,"bu","13:22:32",5320100
39.6,-1.15,1000,"bu","13:22:30",5319800
39.6,-1.15,100,"bu","13:22:29",5318800
39.6,-1.15,600,"bu","13:22:28",5318700
39.6,-1.15,800,"bu","13:22:27",5318100
39.6,-1.15,3800,"bu","13:22:24",5317300
39.55,-1.2,20000,"sd","13:22:17",5313500
39.6,-1.15,800,"bu","13:22:13",5293500
39.55,-1.2,5000,"sd","13:22:12",5292700
39.55,-1.2,10000,"sd","13:22:11",5287700
39.55,-1.2,700,"sd","13:22:10",5277700
39.55,-1.2,1000,"sd","13:22:03",5277000
39.55,-1.2,100,"sd","13:22:01",5276000
39.6,-1.15,900,"bu","13:21:59",5275900
39.6,-1.15,100,"bu","13:21:58",5275000
39.6,-1.15,100,"bu","13:21:57",5274900
39.6,-1.15,200,"bu","13:21:55",5274800
39.6,-1.15,200,"bu","13:21:55",5274600
39.6,-1.15,100,"bu","13:21:52",5274400
39.6,-1.15,200,"bu","13:21:48",5274300
39.6,-1.15,900,"bu","13:21:47",5274100
39.6,-1.15,2000,"bu","13:21:43",5273200
39.6,-1.15,200,"bu","13:21:42",5271200
39.6,-1.15,5000,"bu","13:21:36",5271000
39.6,-1.15,200,"bu","13:21:35",5266000
39.55,-1.2,1600,"sd","13:21:33",5265800
39.6,-1.15,900,"bu","13:21:32",5264200
39.6,-1.15,300,"bu","13:21:21",5263300
39.6,-1.15,100,"bu","13:21:21",5263000
39.6,-1.15,900,"bu","13:21:19",5262900
39.55,-1.2,5200,"sd","13:21:17",5262000
39.55,-1.2,300,"sd","13:21:14",5256800
39.6,-1.15,5000,"bu","13:21:14",5256500
39.55,-1.2,1000,"sd","13:21:10",5251500
39.6,-1.15,2000,"bu","13:21:10",5250500
39.6,-1.15,100,"bu","13:21:06",5248500
39.6,-1.15,800,"bu","13:21:05",5248400
39.55,-1.2,1000,"sd","13:21:03",5247600
39.6,-1.15,1000,"bu","13:21:00",5246600
39.55,-1.2,100,"sd","13:20:59",5245600
39.6,-1.15,2900,"bu","13:20:57",5245500
39.6,-1.15,8900,"bu","13:20:56",5242600
39.55,-1.2,1100,"sd","13:20:56",5233700
39.6,-1.15,900,"bu","13:20:52",5232600
39.55,-1.2,40900,"sd","13:20:49",5231700
39.55,-1.2,9200,"sd","13:20:49",5190800
39.55,-1.2,100,"sd","13:20:42",5181600
39.55,-1.2,700,"sd","13:20:39",5181500
39.6,-1.15,500,"bu","13:20:37",5180000
39.6,-1.15,200,"bu","13:20:36",5179500
39.55,-1.2,1000,"sd","13:20:34",5179300
39.6,-1.15,200,"bu","13:20:28",5178300
39.6,-1.15,100,"bu","13:20:27",5178100
39.55,-1.2,200,"sd","13:20:27",5178000
39.6,-1.15,500,"bu","13:20:26",5177800
39.6,-1.15,800,"bu","13:20:24",5177300
39.6,-1.15,400,"bu","13:20:21",5176500
39.6,-1.15,500,"bu","13:20:20",5176100
39.6,-1.15,500,"bu","13:20:18",5175600
39.6,-1.15,2000,"bu","13:20:16",5175100
39.6,-1.15,1500,"bu","13:20:14",5173100
39.6,-1.15,300,"bu","13:20:12",5171600
39.6,-1.15,1000,"bu","13:20:11",5171300
39.6,-1.15,200,"bu","13:20:10",5170300
39.55,-1.2,1000,"sd","13:20:03",5170100
39.6,-1.15,10000,"bu","13:20:01",5169100
39.6,-1.15,800,"bu","13:19:57",5159100
39.6,-1.15,1000,"bu","13:19:56",5158300
39.55,-1.2,1000,"sd","13:19:55",5157300
39.6,-1.15,1000,"bu","13:19:49",5156300
39.55,-1.2,600,"sd","13:19:45",5155300
39.6,-1.15,800,"bu","13:19:44",5154700
39.6,-1.15,100,"bu","13:19:40",5153900
39.6,-1.15,300,"bu","13:19:39",5153800
39.6,-1.15,1000,"bu","13:19:37",5153500
39.6,-1.15,100,"bu","13:19:33",5152500
39.55,-1.2,1000,"sd","13:19:33",5152400
39.6,-1.15,800,"bu","13:19:30",5151400
39.6,-1.15,5700,"bu","13:19:28",5150600
39.6,-1.15,200,"bu","13:19:25",5144900
39.6,-1.15,200,"bu","13:19:23",5144700
39.6,-1.15,900,"bu","13:19:17",5144500
39.6,-1.15,100,"bu","13:19:07",5143600
39.6,-1.15,900,"bu","13:19:03",5143500
39.55,-1.2,1000,"sd","13:19:03",5142600
39.55,-1.2,200,"sd","13:18:55",5141600
39.6,-1.15,1500,"bu","13:18:55",5141400
39.6,-1.15,900,"bu","13:18:50",5139900
39.6,-1.15,200,"bu","13:18:49",5139000
39.6,-1.15,1800,"bu","13:18:46",5138800
39.6,-1.15,2200,"bu","13:18:42",5137000
39.6,-1.15,900,"bu","13:18:36",5134800
39.6,-1.15,1100,"bu","13:18:35",5133900
39.6,-1.15,500,"bu","13:18:34",5132800
39.55,-1.2,1000,"sd","13:18:32",5132300
39.6,-1.15,1000,"bu","13:18:31",5131300
39.6,-1.15,200,"bu","13:18:28",5130300
39.6,-1.15,800,"bu","13:18:23",5130100
39.6,-1.15,300,"bu","13:18:16",5129300
39.6,-1.15,7000,"bu","13:18:13",5129000
39.6,-1.15,400,"bu","13:18:11",5122000
39.6,-1.15,800,"bu","13:18:09",5121600
39.6,-1.15,1000,"bu","13:18:08",5120800
39.6,-1.15,2000,"bu","13:18:05",5119800
39.55,-1.2,1000,"sd","13:18:02",5117800
39.6,-1.15,300,"bu","13:17:58",5116800
39.6,-1.15,2400,"bu","13:17:56",5116500
39.55,-1.2,500,"sd","13:17:56",5114100
39.55,-1.2,300,"sd","13:17:54",5113600
39.6,-1.15,500,"bu","13:17:53",5113300
39.6,-1.15,3000,"bu","13:17:52",5112800
39.55,-1.2,700,"sd","13:17:50",5109800
39.6,-1.15,15800,"sd","13:17:41",5109100
39.65,-1.1,900,"bu","13:17:40",5093300
39.6,-1.15,5000,"sd","13:17:35",5092400
39.6,-1.15,600,"sd","13:17:33",5087400
39.6,-1.15,1000,"sd","13:17:32",5086800
39.65,-1.1,800,"bu","13:17:27",5085800
39.65,-1.1,500,"bu","13:17:26",5085000
39.6,-1.15,3000,"sd","13:17:21",5084500
39.65,-1.1,100,"bu","13:17:21",5081500
39.65,-1.1,900,"bu","13:17:13",5081400
39.6,-1.15,300,"sd","13:17:11",5080500
39.6,-1.15,500,"sd","13:17:05",5080200
39.6,-1.15,1000,"sd","13:17:02",5079700
39.65,-1.1,300,"bu","13:16:56",5078700
39.6,-1.15,11900,"bu","13:16:53",5078400
39.6,-1.15,200,"bu","13:16:52",5066500
39.6,-1.15,7600,"sd","13:16:50",5066300
39.6,-1.15,20000,"sd","13:16:49",5058700
39.6,-1.15,300,"sd","13:16:48",5038700
39.6,-1.15,12800,"sd","13:16:45",5038400
39.65,-1.1,800,"bu","13:16:44",5025600
39.6,-1.15,1900,"sd","13:16:40",5024800
39.6,-1.15,100,"sd","13:16:35",5022900
39.6,-1.15,1000,"sd","13:16:32",5022800
39.65,-1.1,800,"bu","13:16:30",5021800
39.6,-1.15,800,"sd","13:16:30",5021000
39.6,-1.15,9000,"sd","13:16:24",5020200
39.6,-1.15,9000,"sd","13:16:23",5011200
39.65,-1.1,500,"bu","13:16:23",5002200
39.65,-1.1,100,"bu","13:16:20",5001700
39.65,-1.1,2000,"bu","13:16:17",5001600
39.65,-1.1,200,"bu","13:16:15",4999600
39.65,-1.1,31000,"sd","13:16:13",4999400
39.7,-1.05,1500,"sd","13:16:13",4968400
39.75,-1,100,"bu","13:16:08",4966900
39.7,-1.05,600,"sd","13:16:04",4966800
39.7,-1.05,1000,"sd","13:16:02",4966200
39.75,-1,800,"bu","13:16:02",4965200
39.7,-1.05,2900,"bu","13:15:55",4964400
39.7,-1.05,1000,"bu","13:15:54",4961500
39.65,-1.1,600,"sd","13:15:54",4960500
39.7,-1.05,100,"bu","13:15:52",4959900
39.7,-1.05,1000,"bu","13:15:48",4959800
39.7,-1.05,5000,"bu","13:15:46",4958800
39.7,-1.05,500,"bu","13:15:43",4953800
39.7,-1.05,900,"bu","13:15:35",4953300
39.65,-1.1,1000,"sd","13:15:32",4952400
39.7,-1.05,500,"bu","13:15:19",4951400
39.7,-1.05,100,"bu","13:15:16",4950900
39.7,-1.05,200,"bu","13:15:13",4950800
39.7,-1.05,100,"bu","13:15:11",4950600
39.7,-1.05,100,"bu","13:15:09",4950500
39.7,-1.05,27100,"sd","13:15:08",4950400
39.75,-1,100,"bu","13:15:08",4923300
39.75,-1,900,"bu","13:15:05",4923200
39.75,-1,100,"bu","13:15:03",4922300
39.7,-1.05,1000,"sd","13:15:02",4922200
39.7,-1.05,700,"sd","13:15:00",4921200
39.7,-1.05,600,"sd","13:14:53",4920500
39.75,-1,900,"bu","13:14:52",4919900
39.7,-1.05,400,"sd","13:14:48",4919000
39.7,-1.05,18000,"sd","13:14:42",4918600
39.75,-1,100,"bu","13:14:41",4900600
39.75,-1,900,"bu","13:14:38",4900500
39.7,-1.05,1000,"sd","13:14:32",4899600
39.75,-1,800,"bu","13:14:25",4898600
39.7,-1.05,5000,"sd","13:14:16",4897800
39.75,-1,100,"bu","13:14:09",4892800
39.75,-1,100,"bu","13:14:08",4892700
39.75,-1,500,"bu","13:14:02",4892600
39.7,-1.05,1000,"sd","13:14:02",4892100
39.75,-1,300,"bu","13:13:59",4891100
39.75,-1,700,"bu","13:13:57",4890800
39.75,-1,4000,"sd","13:13:56",4890100
39.8,-0.95,900,"bu","13:13:56",4886100
39.8,-0.95,300,"bu","13:13:51",4885200
39.75,-1,30000,"sd","13:13:50",4884900
39.8,-0.95,1000,"bu","13:13:44",4854900
39.8,-0.95,800,"bu","13:13:42",4853900
39.8,-0.95,100,"bu","13:13:36",4853100
39.75,-1,1000,"sd","13:13:32",4853000
39.8,-0.95,100,"bu","13:13:30",4852000
39.8,-0.95,800,"bu","13:13:29",4851900
39.8,-0.95,100,"bu","13:13:22",4851100
39.8,-0.95,300,"bu","13:13:17",4851000
39.8,-0.95,800,"bu","13:13:15",4850700
39.8,-0.95,100,"sd","13:13:12",4849900
39.8,-0.95,1000,"sd","13:13:10",4849800
39.8,-0.95,3400,"bu","13:13:05",4848800
39.8,-0.95,900,"bu","13:13:02",4845400
39.75,-1,1000,"sd","13:13:02",4844500
39.8,-0.95,800,"bu","13:12:48",4843500
39.8,-0.95,5700,"sd","13:12:45",4842700
39.8,-0.95,1900,"bu","13:12:43",4837000
39.8,-0.95,900,"bu","13:12:35",4835100
39.75,-1,1000,"sd","13:12:32",4834200
39.8,-0.95,100,"bu","13:12:23",4833200
39.8,-0.95,900,"bu","13:12:21",4833100
39.8,-0.95,800,"bu","13:12:19",4832200
39.8,-0.95,100,"bu","13:12:16",4831400
39.8,-0.95,300,"bu","13:12:15",4831300
39.8,-0.95,100,"bu","13:12:13",4831000
39.8,-0.95,900,"bu","13:12:08",4830900
39.8,-0.95,100,"bu","13:12:07",4830000
39.8,-0.95,600,"bu","13:12:06",4829900
39.8,-0.95,2000,"bu","13:12:03",4829300
39.75,-1,1000,"sd","13:12:01",4827300
39.8,-0.95,100,"bu","13:12:00",4826300
39.8,-0.95,500,"bu","13:11:58",4826200
39.8,-0.95,100,"bu","13:11:55",4825700
39.8,-0.95,1700,"bu","13:11:54",4825600
39.8,-0.95,1000,"bu","13:11:51",4823900
39.8,-0.95,100,"bu","13:11:45",4822900
39.8,-0.95,1000,"bu","13:11:41",4822800
39.8,-0.95,800,"bu","13:11:33",4821800
39.75,-1,1000,"sd","13:11:31",4821000
39.8,-0.95,4800,"sd","13:11:29",4820000
39.85,-0.9,500,"bu","13:11:29",4815200
39.85,-0.9,900,"bu","13:11:25",4814700
39.8,-0.95,3000,"sd","13:11:23",4813800
39.85,-0.9,900,"bu","13:11:11",4810800
39.8,-0.95,10000,"sd","13:11:11",4809900
39.85,-0.9,5000,"bu","13:11:07",4799900
39.85,-0.9,400,"bu","13:11:03",4794900
39.8,-0.95,1000,"sd","13:11:01",4794500
39.8,-0.95,4100,"bu","13:10:55",4793500
39.8,-0.95,2000,"bu","13:10:54",4789400
39.8,-0.95,400,"bu","13:10:53",4787400
39.8,-0.95,500,"bu","13:10:50",4787000
39.8,-0.95,2500,"bu","13:10:48",4786500
39.8,-0.95,500,"bu","13:10:48",4784000
39.8,-0.95,100,"bu","13:10:43",4783500
39.8,-0.95,900,"sd","13:10:39",4783400
39.8,-0.95,600,"sd","13:10:38",4782500
39.8,-0.95,1000,"sd","13:10:31",4781900
39.8,-0.95,700,"sd","13:10:29",4780900
39.8,-0.95,1000,"sd","13:10:18",4780200
39.8,-0.95,10000,"sd","13:10:15",4779200
39.8,-0.95,1000,"sd","13:10:01",4769200
39.8,-0.95,700,"bu","13:09:59",4768200
39.8,-0.95,200,"bu","13:09:59",4767500
39.8,-0.95,200,"bu","13:09:58",4767300
39.8,-0.95,5000,"bu","13:09:54",4767100
39.75,-1,700,"sd","13:09:53",4762100
39.8,-0.95,10000,"bu","13:09:52",4761400
39.8,-0.95,300,"bu","13:09:45",4751400
39.75,-1,1000,"sd","13:09:31",4751100
39.8,-0.95,100,"bu","13:09:27",4750100
39.8,-0.95,200,"bu","13:09:27",4750000
39.8,-0.95,1900,"bu","13:09:06",4749800
39.75,-1,1000,"sd","13:09:01",4747900
39.75,-1,1000,"sd","13:08:50",4746900
39.75,-1,500,"sd","13:08:46",4745900
39.8,-0.95,5000,"bu","13:08:45",4745400
39.75,-1,200,"sd","13:08:44",4740400
39.8,-0.95,400,"bu","13:08:34",4740200
39.75,-1,1000,"sd","13:08:30",4739800
39.75,-1,1000,"sd","13:08:23",4738800
39.75,-1,100,"bu","13:08:17",4737800
39.75,-1,200,"bu","13:08:12",4737700
39.75,-1,200,"bu","13:08:09",4737500
39.75,-1,2000,"bu","13:08:01",4737300
39.7,-1.05,6000,"sd","13:08:00",4735300
39.7,-1.05,700,"sd","13:07:57",4729300
39.75,-1,100,"bu","13:07:51",4728600
39.75,-1,200,"bu","13:07:50",4728500
39.75,-1,100,"bu","13:07:47",4728300
39.75,-1,3500,"bu","13:07:47",4728200
39.75,-1,200,"bu","13:07:38",4724700
39.7,-1.05,1000,"sd","13:07:30",4724500
39.75,-1,1000,"bu","13:07:27",4723500
39.75,-1,100,"bu","13:07:10",4722500
39.75,-1,500,"bu","13:07:09",4722400
39.75,-1,100,"bu","13:07:08",4721900
39.75,-1,500,"bu","13:07:07",4721800
39.7,-1.05,700,"sd","13:07:03",4721300
39.75,-1,100,"bu","13:07:03",4720600
39.75,-1,2500,"sd","13:07:01",4720500
39.75,-1,1000,"sd","13:07:00",4718000
39.75,-1,6000,"sd","13:06:58",4717000
39.75,-1,600,"bu","13:06:57",4711000
39.75,-1,100,"bu","13:06:47",4710400
39.7,-1.05,1000,"sd","13:06:29",4710300
39.75,-1,100,"bu","13:06:24",4709200
39.75,-1,800,"bu","13:06:22",4709100
39.75,-1,2000,"bu","13:06:22",4708300
39.75,-1,100,"bu","13:06:18",4706300
39.75,-1,1000,"bu","13:06:11",4706200
39.75,-1,2400,"bu","13:06:09",4705200
39.75,-1,7100,"sd","13:06:08",4702800
39.75,-1,7200,"sd","13:06:06",4695700
39.75,-1,1000,"sd","13:06:00",4688500
39.75,-1,400,"sd","13:05:51",4687500
39.75,-1,7300,"bu","13:05:45",4687100
39.75,-1,1500,"bu","13:05:41",4679800
39.75,-1,500,"bu","13:05:40",4678300
39.75,-1,2000,"bu","13:05:35",4677800
39.7,-1.05,1000,"sd","13:05:30",4675800
39.75,-1,1000,"bu","13:05:25",4674800
39.75,-1,100,"bu","13:05:19",4673800
39.75,-1,100,"bu","13:05:17",4673700
39.75,-1,500,"bu","13:05:06",4673600
39.7,-1.05,700,"sd","13:05:03",4673100
39.75,-1,1000,"bu","13:05:00",4672400
39.7,-1.05,1000,"sd","13:04:59",4671400
39.75,-1,100,"bu","13:04:59",4670400
39.75,-1,500,"bu","13:04:54",4670300
39.75,-1,100,"bu","13:04:48",4669800
39.75,-1,100,"bu","13:04:47",4669700
39.75,-1,200,"bu","13:04:45",4669600
39.75,-1,7600,"sd","13:04:43",4669400
39.8,-0.95,1600,"bu","13:04:43",4661800
39.75,-1,1000,"sd","13:04:29",4660200
39.8,-0.95,1500,"bu","13:04:16",4659200
39.75,-1,2000,"sd","13:04:01",4657700
39.75,-1,1000,"sd","13:03:59",4655700
39.8,-0.95,1100,"bu","13:03:49",4654700
39.75,-1,1000,"sd","13:03:29",4653600
39.8,-0.95,1500,"bu","13:03:21",4652600
39.75,-1,1400,"bu","13:03:17",4651100
39.75,-1,200,"bu","13:03:16",4649700
39.75,-1,500,"bu","13:03:15",4649500
39.75,-1,2000,"bu","13:03:07",4649000
39.7,-1.05,700,"sd","13:03:06",4647000
39.7,-1.05,1000,"sd","13:02:59",4646300
39.75,-1,300,"bu","13:02:53",4645300
39.75,-1,2300,"sd","13:02:39",4645000
39.75,-1,1000,"sd","13:02:30",4642700
39.8,-0.95,1500,"bu","13:02:24",4641700
39.8,-0.95,500,"bu","13:02:06",4640200
39.7,-1.05,1000,"sd","13:01:59",4639700
39.8,-0.95,1600,"bu","13:01:58",4638700
39.8,-0.95,100,"bu","13:01:35",4637100
39.7,-1.05,1200,"sd","13:01:31",4637000
39.8,-0.95,1500,"bu","13:01:30",4635800
39.8,-0.95,500,"bu","13:01:29",4634300
39.7,-1.05,1100,"sd","13:01:29",4633800
39.8,-0.95,2000,"bu","13:01:21",4632700
39.7,-1.05,400,"sd","13:01:15",4630700
39.8,-0.95,1600,"bu","13:01:11",4630300
39.75,-1,1100,"bu","13:01:11",4628700
39.7,-1.05,1100,"sd","13:00:59",4627600
39.7,-1.05,100,"sd","13:00:51",4626500
39.75,-1,4200,"bu","13:00:37",4626400
39.75,-1,300,"bu","13:00:28",4622200
39.75,-1,100,"sd","13:00:25",4621900
39.75,-1,100,"bu","13:00:17",4621800
39.75,-1,100,"bu","13:00:15",4621700
39.75,-1,500,"bu","13:00:15",4621600
39.75,-1,400,"bu","13:00:14",4621100
39.7,-1.05,5800,"sd","13:00:12",4620700
39.75,-1,1100,"sd","13:00:12",4614900
39.75,-1,200,"sd","13:00:10",4613800
39.75,-1,400,"sd","13:00:09",4613600
39.75,-1,500,"sd","13:00:07",4613200
39.75,-1,500,"bu","13:00:06",4612700
39.75,-1,1000,"bu","13:00:04",4612200
39.75,-1,1200,"bu","13:00:03",4611200
39.7,-1.05,100,"sd","13:00:03",4610000
39.75,-1,200,"bu","13:00:02",4609900
39.75,-1,700,"sd","13:00:01",4609700
39.8,-0.95,100,"bu","13:00:01",4609000
39.75,-1,200,"bu","13:00:01",4608900
39.7,-1.05,200,"sd","13:00:01",4608700
39.75,-1,11500,"sd","13:00:00",4608500
39.7,-1.05,200,"sd","13:00:00",4597000
39.75,-1,200,"bu","11:29:54",4596800
39.75,-1,8000,"bu","11:29:29",4596600
39.75,-1,100,"bu","11:29:28",4588600
39.7,-1.05,1000,"sd","11:29:23",4588500
39.7,-1.05,1000,"sd","11:29:06",4587500
39.75,-1,500,"bu","11:29:01",4586500
39.7,-1.05,300,"sd","11:28:53",4586000
39.7,-1.05,2600,"sd","11:28:39",4585700
39.75,-1,300,"bu","11:28:38",4583100
39.75,-1,100,"bu","11:28:36",4582800
39.7,-1.05,100,"sd","11:28:35",4582700
39.7,-1.05,1700,"sd","11:28:32",4582600
39.75,-1,10000,"bu","11:28:25",4580900
39.75,-1,100,"bu","11:28:18",4570900
39.75,-1,500,"bu","11:28:11",4570800
39.7,-1.05,1700,"sd","11:28:02",4570300
39.75,-1,800,"bu","11:27:36",4568600
39.7,-1.05,1700,"sd","11:27:32",4567800
39.7,-1.05,1000,"sd","11:27:26",4566100
39.7,-1.05,1700,"sd","11:27:01",4565100
39.75,-1,200,"bu","11:26:59",4563400
39.75,-1,1000,"bu","11:26:58",4563200
39.75,-1,2000,"bu","11:26:54",4562200
39.75,-1,100,"bu","11:26:51",4560200
39.75,-1,1000,"bu","11:26:40",4560100
39.75,-1,500,"bu","11:26:34",4559100
39.7,-1.05,1700,"sd","11:26:32",4558600
39.75,-1,500,"bu","11:26:29",4556900
39.75,-1,1500,"sd","11:26:25",4556400
39.8,-0.95,1100,"bu","11:26:15",4554900
39.75,-1,100,"sd","11:26:13",4553800
39.8,-0.95,300,"bu","11:26:08",4553700
39.75,-1,1700,"sd","11:26:02",4553400
39.8,-0.95,100,"bu","11:26:01",4551700
39.8,-0.95,200,"bu","11:25:59",4551600
39.75,-1,200,"sd","11:25:58",4551400
39.75,-1,5000,"sd","11:25:55",4551200
39.8,-0.95,600,"bu","11:25:41",4546200
39.75,-1,1700,"sd","11:25:31",4545600
39.8,-0.95,2100,"bu","11:25:27",4543900
39.75,-1,17400,"bu","11:25:19",4541800
39.7,-1.05,700,"bu","11:25:19",4524400
39.7,-1.05,200,"bu","11:25:17",4523700
39.65,-1.1,200,"sd","11:25:02",4523500
39.65,-1.1,1500,"sd","11:25:01",4523300
39.7,-1.05,100,"bu","11:24:53",4521800
39.65,-1.1,1600,"sd","11:24:31",4521700
39.7,-1.05,100,"sd","11:24:31",4520100
39.7,-1.05,100,"bu","11:24:17",4520000
39.65,-1.1,5200,"sd","11:24:15",4519900
39.7,-1.05,1000,"bu","11:24:03",4507900
39.65,-1.1,1700,"sd","11:24:01",4506900
39.7,-1.05,300,"bu","11:23:45",4505200
39.65,-1.1,5000,"sd","11:23:35",4504900
39.7,-1.05,300,"bu","11:23:34",4499900
39.65,-1.1,1700,"sd","11:23:31",4499600
39.65,-1.1,5000,"sd","11:23:17",4497900
39.65,-1.1,1700,"sd","11:23:01",4492900
39.6,-1.15,31900,"sd","11:22:44",4491200
39.65,-1.1,21800,"sd","11:22:44",4459300
39.7,-1.05,37300,"sd","11:22:44",4437500
39.75,-1,100,"bu","11:22:43",4400200
39.75,-1,100,"bu","11:22:37",4400100
39.7,-1.05,1700,"sd","11:22:31",4400000
39.75,-1,400,"sd","11:22:31",4398300
39.75,-1,500,"bu","11:22:28",4397900
39.7,-1.05,200,"sd","11:22:23",4397400
39.75,-1,10000,"bu","11:22:23",4397200
39.75,-1,100,"bu","11:22:20",4387200
39.75,-1,1100,"sd","11:22:18",4387100
39.75,-1,2000,"sd","11:22:14",4386000
39.75,-1,2800,"sd","11:22:13",4384000
39.75,-1,20000,"sd","11:22:05",4381200
39.75,-1,1700,"sd","11:22:01",4361200
39.8,-0.95,100,"bu","11:21:59",4359500
39.8,-0.95,100,"bu","11:21:57",4359400
39.75,-1,15000,"sd","11:21:57",4359300
39.8,-0.95,500,"bu","11:21:42",4344300
39.8,-0.95,300,"bu","11:21:31",4343800
39.75,-1,1700,"sd","11:21:31",4343500
39.8,-0.95,300,"bu","11:21:30",4341800
39.8,-0.95,1400,"bu","11:21:15",4341500
39.75,-1,1700,"sd","11:21:01",4340100
39.8,-0.95,1000,"bu","11:20:58",4338400
39.8,-0.95,100,"bu","11:20:56",4337400
39.8,-0.95,3000,"bu","11:20:47",4337300
39.8,-0.95,500,"bu","11:20:45",4334300
39.8,-0.95,31800,"sd","11:20:42",4333800
39.85,-0.9,8800,"sd","11:20:42",4302000
39.85,-0.9,200,"sd","11:20:38",4293200
39.85,-0.9,1700,"sd","11:20:30",4293000
39.85,-0.9,1700,"sd","11:20:01",4291300
39.9,-0.85,1800,"bu","11:19:58",4289600
39.9,-0.85,100,"bu","11:19:56",4287800
39.9,-0.85,300,"bu","11:19:31",4287700
39.8,-0.95,500,"sd","11:19:30",4287400
39.85,-0.9,1200,"sd","11:19:30",4286900
39.9,-0.85,300,"bu","11:19:29",4285700
39.85,-0.9,200,"sd","11:19:17",4285400
39.9,-0.85,100,"bu","11:19:15",4285200
39.9,-0.85,900,"bu","11:19:14",4285100
39.9,-0.85,100,"bu","11:19:14",4284200
39.8,-0.95,1100,"sd","11:19:01",4284100
39.85,-0.9,600,"sd","11:19:01",4283000
39.9,-0.85,200,"bu","11:18:56",4282400
39.9,-0.85,200,"bu","11:18:51",4282200
39.85,-0.9,300,"bu","11:18:48",4282000
39.85,-0.9,700,"sd","11:18:45",4281700
39.85,-0.9,200,"sd","11:18:40",4281000
39.85,-0.9,600,"bu","11:18:38",4280800
39.85,-0.9,100,"bu","11:18:33",4280200
39.8,-0.95,1700,"sd","11:18:30",4280100
39.85,-0.9,100,"bu","11:18:19",4278400
39.85,-0.9,100,"bu","11:18:15",4278300
39.85,-0.9,5000,"bu","11:18:07",4278200
39.85,-0.9,5000,"bu","11:18:02",4273200
39.8,-0.95,1700,"sd","11:18:00",4268200
39.85,-0.9,200,"bu","11:17:49",4266500
39.85,-0.9,100,"bu","11:17:35",4266300
39.85,-0.9,200,"bu","11:17:31",4266200
39.8,-0.95,1700,"sd","11:17:30",4266000
39.85,-0.9,100,"bu","11:17:26",4264300
39.8,-0.95,1000,"sd","11:17:22",4264200
39.8,-0.95,1700,"sd","11:17:00",4263200
39.75,-1,900,"sd","11:16:30",4261500
39.8,-0.95,800,"sd","11:16:30",4260600
39.8,-0.95,1400,"bu","11:16:27",4259800
39.8,-0.95,1000,"bu","11:16:25",4258400
39.8,-0.95,200,"bu","11:16:24",4257400
39.8,-0.95,100,"bu","11:16:24",4257200
39.8,-0.95,500,"bu","11:16:21",4257000
39.8,-0.95,1000,"bu","11:16:17",4256500
39.8,-0.95,100,"bu","11:16:15",4255500
39.8,-0.95,1900,"bu","11:16:10",4255400
39.8,-0.95,100,"bu","11:16:08",4253500
39.8,-0.95,700,"bu","11:16:02",4253400
39.75,-1,1700,"sd","11:16:00",4252700
39.8,-0.95,2000,"bu","11:15:53",4251000
39.8,-0.95,3000,"bu","11:15:38",4249000
39.75,-1,1600,"sd","11:15:30",4246000
39.8,-0.95,200,"bu","11:15:29",4244400
39.8,-0.95,900,"sd","11:15:24",4244200
39.75,-1,1500,"sd","11:15:00",4243300
39.8,-0.95,100,"sd","11:15:00",4241800
39.8,-0.95,200,"bu","11:14:57",4241700
39.8,-0.95,100,"bu","11:14:56",4241500
39.8,-0.95,300,"sd","11:14:55",4241400
39.8,-0.95,500,"sd","11:14:52",4241100
39.75,-1,1600,"sd","11:14:30",4240600
39.85,-0.9,1200,"bu","11:14:25",4239000
39.8,-0.95,2800,"bu","11:14:25",4237800
39.8,-0.95,1100,"bu","11:14:23",4235000
39.75,-1,1600,"sd","11:14:00",4233900
39.8,-0.95,500,"bu","11:13:59",4232300
39.8,-0.95,5000,"bu","11:13:57",4231800
39.8,-0.95,200,"bu","11:13:51",4226800
39.8,-0.95,500,"bu","11:13:50",4226600
39.8,-0.95,300,"bu","11:13:45",4226100
39.8,-0.95,100,"bu","11:13:34",4225800
39.75,-1,1600,"sd","11:13:30",4225700
39.8,-0.95,1200,"sd","11:13:11",4224100
39.75,-1,1200,"sd","11:12:59",4222900
39.8,-0.95,400,"sd","11:12:59",4221700
39.8,-0.95,300,"bu","11:12:59",4221300
39.8,-0.95,500,"bu","11:12:58",4221000
39.8,-0.95,200,"sd","11:12:56",4220500
39.85,-0.9,500,"bu","11:12:54",4220300
39.8,-0.95,1000,"sd","11:12:51",4219800
39.8,-0.95,300,"bu","11:12:46",4218800
39.8,-0.95,1000,"bu","11:12:39",4218500
39.8,-0.95,4000,"bu","11:12:38",4217500
39.8,-0.95,200,"bu","11:12:37",4213500
39.8,-0.95,700,"bu","11:12:35",4213300
39.75,-1,1600,"sd","11:12:29",4212600
39.8,-0.95,4000,"bu","11:12:27",4211000
39.75,-1,1000,"sd","11:12:23",4207000
39.75,-1,200,"sd","11:12:17",4206000
39.75,-1,100,"sd","11:12:09",4205800
39.75,-1,500,"sd","11:12:06",4205700
39.75,-1,1700,"sd","11:11:59",4205200
39.7,-1.05,300,"sd","11:11:29",4203500
39.75,-1,1700,"sd","11:11:29",4203200
39.8,-0.95,100,"sd","11:11:29",4201500
39.8,-0.95,3000,"sd","11:11:25",4201400
39.8,-0.95,200,"sd","11:11:18",4198400
39.8,-0.95,1700,"sd","11:10:59",4198200
39.8,-0.95,1000,"sd","11:10:50",4196500
39.85,-0.9,1000,"bu","11:10:46",4195500
39.85,-0.9,100,"bu","11:10:43",4194500
39.85,-0.9,1000,"bu","11:10:39",4194400
39.85,-0.9,100,"bu","11:10:38",4193400
39.85,-0.9,500,"bu","11:10:36",4193300
39.85,-0.9,2000,"bu","11:10:34",4192800
39.8,-0.95,100,"sd","11:10:28",4190800
39.8,-0.95,4000,"sd","11:10:22",4190700
39.8,-0.95,1000,"sd","11:10:16",4186700
39.85,-0.9,500,"bu","11:10:16",4185700
39.85,-0.9,2000,"bu","11:10:03",4185200
39.7,-1.05,3700,"bu","11:09:42",4183200
39.7,-1.05,500,"bu","11:09:41",4179500
39.7,-1.05,100,"bu","11:09:40",4179000
39.7,-1.05,2400,"bu","11:09:38",4178900
39.65,-1.1,7400,"sd","11:09:37",4176500
39.7,-1.05,2000,"bu","11:09:37",4169100
39.7,-1.05,500,"bu","11:09:36",4167100
39.7,-1.05,11000,"bu","11:09:35",4166600
39.7,-1.05,200,"bu","11:09:34",4155600
39.7,-1.05,500,"bu","11:09:31",4155400
39.7,-1.05,100,"bu","11:09:30",4154900
39.7,-1.05,500,"bu","11:09:28",4154800
39.7,-1.05,2500,"bu","11:09:27",4154300
39.65,-1.1,700,"sd","11:09:26",4150900
39.7,-1.05,2000,"bu","11:09:26",4150200
39.7,-1.05,2000,"bu","11:09:24",4148200
39.7,-1.05,100,"bu","11:09:21",4146200
39.7,-1.05,800,"bu","11:09:19",4146100
39.7,-1.05,700,"bu","11:09:17",4145300
39.7,-1.05,1000,"bu","11:09:09",4144600
39.7,-1.05,100,"bu","11:09:08",4143600
39.7,-1.05,500,"bu","11:09:07",4143500
39.65,-1.1,11400,"sd","11:09:05",4143000
39.7,-1.05,1000,"bu","11:09:02",4131600
39.7,-1.05,500,"bu","11:09:01",4130600
39.65,-1.1,100,"sd","11:09:00",4130100
39.7,-1.05,400,"bu","11:08:56",4128000
39.65,-1.1,300,"sd","11:08:55",4127600
39.7,-1.05,100,"bu","11:08:54",4127300
39.7,-1.05,100,"bu","11:08:52",4127200
39.7,-1.05,100,"bu","11:08:51",4127100
39.7,-1.05,100,"bu","11:08:49",4127000
39.7,-1.05,600,"bu","11:08:48",4126900
39.7,-1.05,500,"bu","11:08:42",4126300
39.7,-1.05,1900,"bu","11:08:35",4125800
39.7,-1.05,100,"bu","11:08:34",4123900
39.7,-1.05,1000,"bu","11:08:27",4123800
39.65,-1.1,2100,"sd","11:08:27",4122800
39.7,-1.05,100,"bu","11:08:19",4120700
39.7,-1.05,1700,"bu","11:08:18",4120600
39.65,-1.1,700,"sd","11:08:10",4118900
39.7,-1.05,500,"bu","11:08:09",4118200
39.65,-1.1,400,"sd","11:08:08",4117700
39.65,-1.1,1800,"bu","11:07:56",4117300
39.65,-1.1,600,"bu","11:07:52",4115500
39.65,-1.1,300,"bu","11:07:45",4114900
39.65,-1.1,300,"bu","11:07:36",4114600
39.65,-1.1,100,"bu","11:07:26",4113300
39.6,-1.15,500,"bu","11:07:24",4112700
39.55,-1.2,1500,"sd","11:07:22",4112200
39.55,-1.2,7000,"sd","11:07:17",4110700
39.6,-1.15,3000,"sd","11:07:17",4103700
39.7,-1.05,200,"bu","11:07:09",4100700
39.7,-1.05,100,"bu","11:07:04",4100500
39.6,-1.15,700,"bu","11:07:01",4100400
39.6,-1.15,200,"bu","11:07:00",4099700
39.5,-1.25,1000,"sd","11:06:56",4099500
39.6,-1.15,100,"bu","11:06:55",4098500
39.5,-1.25,4000,"sd","11:06:55",4098400
39.5,-1.25,5800,"sd","11:06:54",4094400
39.55,-1.2,20000,"sd","11:06:54",4088600
39.6,-1.15,44200,"sd","11:06:54",4068600
39.65,-1.1,9800,"sd","11:06:54",4024400
39.65,-1.1,500,"sd","11:06:43",4014600
39.7,-1.05,100,"bu","11:06:39",4014100
39.7,-1.05,200,"bu","11:06:33",4014000
39.65,-1.1,700,"bu","11:06:31",4013800
39.65,-1.1,100,"bu","11:06:30",4013100
39.65,-1.1,100,"bu","11:06:27",4013000
39.65,-1.1,100,"bu","11:06:22",4012900
39.65,-1.1,4200,"sd","11:06:19",4012800
39.7,-1.05,1000,"bu","11:06:13",4008600
39.65,-1.1,500,"sd","11:06:13",4007600
39.7,-1.05,1000,"bu","11:06:13",4007100
39.7,-1.05,100,"bu","11:06:11",4006100
39.7,-1.05,200,"bu","11:06:09",4006000
39.7,-1.05,100,"bu","11:06:08",4005800
39.7,-1.05,500,"bu","11:06:04",4005700
39.7,-1.05,38900,"sd","11:06:02",4005200
39.75,-1,27700,"sd","11:06:02",3966300
39.8,-0.95,69800,"sd","11:06:02",3938600
39.85,-0.9,7500,"bu","11:06:02",3868800
39.85,-0.9,1000,"bu","11:06:01",3861300
39.85,-0.9,200,"bu","11:05:58",3860300
39.85,-0.9,1000,"bu","11:05:51",3860100
39.85,-0.9,2000,"bu","11:05:49",3859100
39.85,-0.9,1000,"bu","11:05:45",3857100
39.85,-0.9,300,"bu","11:05:43",3856100
39.85,-0.9,100,"bu","11:05:38",3855800
39.85,-0.9,300,"bu","11:05:36",3855700
39.85,-0.9,800,"bu","11:05:30",3855400
39.85,-0.9,1100,"bu","11:05:24",3854600
39.85,-0.9,600,"bu","11:05:20",3853500
39.85,-0.9,200,"bu","11:05:18",3852900
39.85,-0.9,300,"bu","11:05:15",3852700
39.85,-0.9,500,"bu","11:05:10",3852400
39.85,-0.9,1000,"bu","11:05:09",3851900
39.8,-0.95,5000,"sd","11:05:05",3850900
39.85,-0.9,100,"bu","11:05:04",3845900
39.85,-0.9,5500,"sd","11:05:01",3845800
39.85,-0.9,1600,"sd","11:04:50",3840300
39.85,-0.9,3000,"sd","11:04:46",3838700
39.85,-0.9,400,"bu","11:04:40",3835700
39.85,-0.9,100,"bu","11:04:39",3835300
39.85,-0.9,1000,"bu","11:04:37",3835200
39.85,-0.9,1200,"bu","11:04:36",3834200
39.85,-0.9,1000,"bu","11:04:35",3833000
39.85,-0.9,200,"bu","11:04:29",3832000
39.85,-0.9,6100,"sd","11:04:22",3831800
39.85,-0.9,300,"sd","11:04:18",3825700
39.85,-0.9,4600,"bu","11:04:12",3825400
39.85,-0.9,200,"bu","11:04:10",3820800
39.85,-0.9,500,"bu","11:04:07",3820600
39.8,-0.95,200,"sd","11:04:06",3820100
39.85,-0.9,1700,"sd","11:04:04",3819900
39.9,-0.85,1000,"bu","11:04:04",3818200
39.85,-0.9,4100,"sd","11:04:02",3817200
39.85,-0.9,1900,"sd","11:04:02",3813100
39.85,-0.9,500,"sd","11:03:57",3811200
39.85,-0.9,100,"sd","11:03:56",3810700
39.8,-0.95,11000,"sd","11:03:51",3810600
39.85,-0.9,600,"sd","11:03:51",3799600
39.85,-0.9,100,"bu","11:03:46",3798600
39.8,-0.95,1900,"sd","11:03:38",3798500
39.85,-0.9,2000,"bu","11:03:38",3796600
39.85,-0.9,20000,"bu","11:03:38",3794600
39.85,-0.9,1000,"bu","11:03:35",3774600
39.8,-0.95,1000,"sd","11:03:33",3773600
39.8,-0.95,4000,"sd","11:03:26",3772600
39.8,-0.95,20000,"sd","11:03:17",3768600
39.85,-0.9,1000,"bu","11:03:17",3748600
39.85,-0.9,200,"bu","11:03:08",3747600
39.85,-0.9,100,"bu","11:03:04",3747400
39.85,-0.9,1000,"bu","11:02:59",3747300
39.85,-0.9,200,"bu","11:02:54",3746300
39.8,-0.95,1000,"sd","11:02:50",3746100
39.85,-0.9,1000,"bu","11:02:48",3745100
39.85,-0.9,1000,"bu","11:02:44",3744100
39.85,-0.9,400,"bu","11:02:43",3743100
39.85,-0.9,100,"bu","11:02:38",3742700
39.85,-0.9,2000,"bu","11:02:34",3742600
39.85,-0.9,700,"bu","11:02:33",3740600
39.85,-0.9,100,"bu","11:02:31",3739900
39.85,-0.9,2000,"bu","11:02:30",3739800
39.85,-0.9,1000,"bu","11:02:25",3737800
39.85,-0.9,500,"bu","11:02:24",3736800
39.85,-0.9,1400,"bu","11:02:23",3736300
39.85,-0.9,200,"bu","11:02:21",3734900
39.85,-0.9,200,"bu","11:02:16",3734700
39.85,-0.9,300,"bu","11:02:13",3734500
39.85,-0.9,200,"bu","11:02:11",3734200
39.85,-0.9,1400,"sd","11:02:10",3734000
39.85,-0.9,700,"bu","11:02:03",3732600
39.85,-0.9,600,"bu","11:02:01",3731900
39.85,-0.9,100,"bu","11:01:57",3731300
39.85,-0.9,5000,"bu","11:01:55",3731200
39.85,-0.9,1500,"bu","11:01:53",3726200
39.85,-0.9,1000,"bu","11:01:52",3724700
39.85,-0.9,200,"bu","11:01:49",3723700
39.85,-0.9,500,"bu","11:01:48",3723500
39.85,-0.9,2000,"bu","11:01:47",3723000
39.85,-0.9,3100,"sd","11:01:46",3721000
39.85,-0.9,3600,"sd","11:01:45",3717900
39.9,-0.85,200,"bu","11:01:42",3714300
39.85,-0.9,300,"sd","11:01:33",3714100
39.85,-0.9,700,"bu","11:01:23",3713800
39.85,-0.9,200,"bu","11:01:23",3713100
39.85,-0.9,100,"bu","11:01:22",3712900
39.85,-0.9,800,"bu","11:01:19",3712800
39.85,-0.9,100,"bu","11:01:18",3712000
39.85,-0.9,1000,"bu","11:01:13",3711900
39.85,-0.9,100,"bu","11:01:12",3710900
39.85,-0.9,200,"bu","11:01:11",3710800
39.85,-0.9,5000,"bu","11:01:10",3710600
39.85,-0.9,200,"bu","11:01:07",3705600
39.85,-0.9,100,"bu","11:01:06",3705400
39.85,-0.9,300,"bu","11:01:05",3705300
39.85,-0.9,500,"sd","11:01:04",3705000
39.85,-0.9,300,"bu","11:01:03",3704500
39.85,-0.9,100,"bu","11:01:01",3704200
39.85,-0.9,100,"bu","11:01:00",3704100
39.85,-0.9,500,"sd","11:00:59",3704000
39.85,-0.9,1100,"sd","11:00:54",3703500
39.85,-0.9,1700,"bu","11:00:53",3702400
39.85,-0.9,12000,"sd","11:00:49",3700700
39.85,-0.9,1000,"sd","11:00:48",3688700
39.85,-0.9,7900,"sd","11:00:47",3687700
39.85,-0.9,7900,"sd","11:00:39",3679800
39.85,-0.9,1500,"sd","11:00:35",3671900
39.9,-0.85,100,"bu","11:00:23",3670400
39.9,-0.85,400,"bu","11:00:15",3670300
39.9,-0.85,700,"bu","11:00:13",3669900
39.9,-0.85,200,"bu","11:00:07",3669200
39.9,-0.85,100,"bu","11:00:06",3669000
39.9,-0.85,100,"bu","11:00:04",3668900
39.9,-0.85,3000,"sd","11:00:02",3666900
39.9,-0.85,5000,"sd","11:00:01",3663900
39.9,-0.85,500,"sd","11:00:00",3658900
39.9,-0.85,200,"sd","10:59:58",3658400
39.9,-0.85,800,"sd","10:59:52",3658200
39.95,-0.8,2900,"bu","10:59:47",3657400
39.9,-0.85,10000,"sd","10:59:39",3654500
39.9,-0.85,3200,"sd","10:59:38",3644500
39.9,-0.85,4000,"sd","10:59:24",3641300
39.95,-0.8,300,"bu","10:59:23",3637300
39.95,-0.8,500,"bu","10:59:19",3637000
39.95,-0.8,1600,"bu","10:59:13",3636500
39.95,-0.8,3000,"bu","10:59:09",3634900
39.95,-0.8,100,"bu","10:59:07",3631900
39.9,-0.85,7000,"sd","10:59:04",3631800
39.95,-0.8,500,"bu","10:59:03",3624800
39.95,-0.8,300,"bu","10:59:03",3624300
39.95,-0.8,1900,"sd","10:58:56",3624000
39.95,-0.8,500,"sd","10:58:54",3622100
39.95,-0.8,300,"sd","10:58:48",3621600
39.95,-0.8,200,"sd","10:58:42",3621300
39.95,-0.8,5000,"bu","10:58:33",3621100
39.95,-0.8,100,"bu","10:58:27",3616100
39.9,-0.85,4900,"sd","10:58:24",3616000
39.9,-0.85,29200,"sd","10:58:23",3611100
39.95,-0.8,100,"bu","10:58:23",3581900
39.9,-0.85,300,"sd","10:58:19",3581800
39.9,-0.85,300,"sd","10:58:18",3581500
39.9,-0.85,13200,"sd","10:58:17",3581200
39.95,-0.8,8500,"sd","10:58:17",3568000
39.95,-0.8,3000,"sd","10:58:15",3559500
39.95,-0.8,5700,"sd","10:58:11",3556500
40,-0.75,100,"bu","10:58:10",3550800
39.95,-0.8,5000,"sd","10:58:08",3550700
39.95,-0.8,3000,"sd","10:57:57",3545700
39.95,-0.8,1000,"sd","10:57:54",3542700
40,-0.75,12400,"bu","10:57:53",3541700
40,-0.75,500,"bu","10:57:47",3529300
40,-0.75,100,"bu","10:57:44",3528800
39.95,-0.8,1000,"sd","10:57:44",3528700
39.95,-0.8,76900,"sd","10:57:43",3527700
40,-0.75,4300,"bu","10:57:43",3450800
40,-0.75,1500,"bu","10:57:39",3446500
39.95,-0.8,27500,"sd","10:57:33",3445000
40,-0.75,100,"bu","10:57:18",3417500
40,-0.75,400,"bu","10:57:13",3417400
40,-0.75,500,"bu","10:57:11",3417000
40,-0.75,2400,"bu","10:57:03",3416500
40,-0.75,200,"bu","10:57:00",3414100
40,-0.75,100,"bu","10:56:59",3413900
40,-0.75,1000,"bu","10:56:54",3413800
39.95,-0.8,400,"sd","10:56:49",3412800
40,-0.75,100,"bu","10:56:44",3412400
40,-0.75,100,"bu","10:56:41",3412300
40,-0.75,500,"bu","10:56:33",3412200
40,-0.75,600,"bu","10:56:26",3411700
39.95,-0.8,3000,"sd","10:56:25",3411100
40,-0.75,200,"bu","10:56:23",3408100
40,-0.75,500,"bu","10:56:18",3407900
39.95,-0.8,1000,"sd","10:56:13",3407400
39.95,-0.8,2000,"sd","10:56:11",3406400
39.95,-0.8,2000,"sd","10:55:44",3404400
40,-0.75,5900,"bu","10:55:43",3402400
40,-0.75,8200,"sd","10:55:39",3396500
40,-0.75,1500,"sd","10:55:38",3388300
40,-0.75,30000,"sd","10:55:33",3386800
40,-0.75,500,"sd","10:55:31",3356800
40,-0.75,900,"sd","10:55:21",3356300
40,-0.75,6500,"sd","10:55:18",3355400
40,-0.75,400,"sd","10:55:13",3348900
40,-0.75,200,"sd","10:55:13",3348500
40,-0.75,100,"sd","10:55:11",3348300
40.05,-0.7,400,"bu","10:55:10",3348200
40,-0.75,100,"sd","10:55:03",3347800
40,-0.75,100,"sd","10:55:02",3347700
40,-0.75,3000,"sd","10:54:57",3347600
40,-0.75,6700,"sd","10:54:54",3344600
40,-0.75,300,"sd","10:54:53",3337900
40,-0.75,3000,"sd","10:54:53",3337600
40,-0.75,2500,"sd","10:54:52",3334600
40,-0.75,900,"sd","10:54:51",3332100
40,-0.75,4300,"sd","10:54:45",3331200
40,-0.75,8000,"sd","10:54:44",3326900
40,-0.75,2500,"sd","10:54:41",3318900
40,-0.75,15000,"sd","10:54:39",3316400
40,-0.75,5000,"sd","10:54:37",3301400
40,-0.75,20000,"sd","10:54:34",3296400
40,-0.75,5000,"sd","10:54:29",3276400
40,-0.75,4300,"sd","10:54:25",3271400
40,-0.75,700,"sd","10:54:22",3267100
40,-0.75,900,"sd","10:54:20",3266400
40.05,-0.7,100,"bu","10:54:20",3265500
40,-0.75,2000,"sd","10:54:16",3265400
40.05,-0.7,100,"bu","10:54:15",3263400
40,-0.75,1000,"sd","10:54:14",3263300
40.05,-0.7,800,"bu","10:54:13",3262300
40.05,-0.7,100,"bu","10:54:08",3261500
40,-0.75,3000,"sd","10:54:06",3261400
40.05,-0.7,2500,"bu","10:54:03",3258400
40.05,-0.7,200,"bu","10:54:00",3255900
40,-0.75,15000,"sd","10:53:59",3255700
40,-0.75,2000,"sd","10:53:56",3240700
40,-0.75,900,"sd","10:53:50",3238700
40.05,-0.7,100,"bu","10:53:48",3237800
40.05,-0.7,500,"bu","10:53:47",3237700
40,-0.75,2000,"sd","10:53:46",3237200
40.05,-0.7,800,"bu","10:53:43",3235200
40,-0.75,500,"sd","10:53:43",3234400
40.05,-0.7,800,"bu","10:53:38",3233900
40,-0.75,5000,"sd","10:53:33",3233100
40,-0.75,1000,"sd","10:53:31",3228100
40,-0.75,2100,"sd","10:53:29",3227100
40,-0.75,500,"sd","10:53:28",3225000
40,-0.75,1000,"sd","10:53:28",3224500
40,-0.75,10900,"sd","10:53:20",3223500
40,-0.75,5000,"sd","10:53:15",3212600
40,-0.75,10000,"sd","10:53:13",3207600
40,-0.75,500,"sd","10:53:11",3197600
40,-0.75,5000,"sd","10:53:10",3197100
40,-0.75,2000,"sd","10:53:08",3192100
40,-0.75,1700,"sd","10:53:07",3190100
40,-0.75,300,"sd","10:53:06",3188400
40,-0.75,50000,"sd","10:52:52",3188100
40,-0.75,900,"sd","10:52:50",3138100
40.05,-0.7,1600,"bu","10:52:43",3137200
40.05,-0.7,100,"bu","10:52:37",3135600
40,-0.75,5000,"sd","10:52:37",3135500
40,-0.75,5700,"sd","10:52:35",3130500
40.05,-0.7,200,"bu","10:52:33",3124800
40,-0.75,5000,"sd","10:52:31",3124600
40.05,-0.7,200,"bu","10:52:23",3119600
40.05,-0.7,200,"bu","10:52:21",3119400
40,-0.75,900,"sd","10:52:20",3119200
40,-0.75,200,"sd","10:52:19",3118300
40.05,-0.7,200,"bu","10:52:19",3118100
40,-0.75,1000,"sd","10:52:10",3117900
40.05,-0.7,200,"bu","10:52:03",3116900
40,-0.75,100,"sd","10:52:02",3116700
40,-0.75,2000,"sd","10:52:01",3116600
40,-0.75,5000,"sd","10:51:59",3114600
40,-0.75,900,"sd","10:51:50",3109600
40.05,-0.7,200,"bu","10:51:48",3108700
40,-0.75,200,"sd","10:51:44",3108500
40.05,-0.7,300,"bu","10:51:43",3108300
40.05,-0.7,300,"bu","10:51:33",3108000
40.05,-0.7,100,"bu","10:51:29",3107700
40,-0.75,100,"sd","10:51:23",3107600
40,-0.75,900,"sd","10:51:20",3107500
40,-0.75,900,"sd","10:50:49",3106600
40.05,-0.7,22000,"bu","10:50:46",3105700
40.05,-0.7,16700,"sd","10:50:43",3083700
40.1,-0.65,300,"bu","10:50:43",3067000
40.05,-0.7,2000,"sd","10:50:43",3066700
40.1,-0.65,2000,"bu","10:50:34",3064700
40.05,-0.7,900,"sd","10:50:19",3062700
40.05,-0.7,5000,"sd","10:50:17",3061800
40.1,-0.65,300,"bu","10:50:17",3056800
40.05,-0.7,1000,"sd","10:50:15",3056500
40.05,-0.7,20000,"sd","10:50:15",3055500
40.05,-0.7,500,"sd","10:50:07",3035500
40.05,-0.7,700,"sd","10:50:03",3035000
40.05,-0.7,2400,"sd","10:49:59",3034300
40.05,-0.7,200,"sd","10:49:59",3031900
40.05,-0.7,900,"sd","10:49:49",3031700
40.05,-0.7,500,"sd","10:49:23",3030800
40.05,-0.7,900,"sd","10:49:20",3030300
40.1,-0.65,600,"bu","10:49:13",3029400
40.1,-0.65,100,"sd","10:49:06",3028800
40.1,-0.65,4000,"sd","10:49:05",3028700
40.1,-0.65,600,"sd","10:48:50",3024700
40.1,-0.65,900,"sd","10:48:49",3024100
40.1,-0.65,6000,"sd","10:48:47",3023200
40.1,-0.65,2500,"sd","10:48:40",3017200
40.1,-0.65,4000,"sd","10:48:28",3014700
40.1,-0.65,500,"sd","10:48:27",3010700
40.1,-0.65,900,"sd","10:48:19",3010200
40.1,-0.65,6000,"sd","10:48:07",3009300
40.1,-0.65,900,"sd","10:47:49",3003300
40.1,-0.65,900,"sd","10:47:19",3002400
40.15,-0.6,100,"bu","10:46:53",3001500
40.15,-0.6,200,"bu","10:46:49",3001400
40.1,-0.65,900,"sd","10:46:49",3001200
40.15,-0.6,100,"bu","10:46:43",3000300
40.15,-0.6,500,"bu","10:46:40",3000200
40.15,-0.6,800,"bu","10:46:33",2999700
40.1,-0.65,900,"sd","10:46:19",2998900
40.1,-0.65,100,"sd","10:46:16",2998000
40.1,-0.65,15000,"sd","10:46:08",2997900
40.1,-0.65,1000,"sd","10:45:57",2982900
40.1,-0.65,900,"sd","10:45:48",2981900
40.1,-0.65,100,"sd","10:45:47",2981000
40.1,-0.65,2000,"sd","10:45:44",2980900
40.15,-0.6,200,"bu","10:45:35",2978900
40.1,-0.65,900,"sd","10:45:19",2978700
40.1,-0.65,100,"sd","10:45:18",2977800
40.1,-0.65,3000,"sd","10:45:17",2977700
40.1,-0.65,1300,"sd","10:45:14",2974700
40.1,-0.65,900,"sd","10:44:48",2973400
40.1,-0.65,900,"sd","10:44:18",2972500
40.1,-0.65,200,"sd","10:44:12",2971600
40.15,-0.6,2500,"bu","10:44:09",2971400
40.1,-0.65,4000,"sd","10:44:07",2968900
40.1,-0.65,1000,"sd","10:43:56",2964900
40.1,-0.65,500,"sd","10:43:50",2963900
40.1,-0.65,900,"sd","10:43:48",2963400
40.1,-0.65,19200,"bu","10:43:39",2962500
40.05,-0.7,2000,"sd","10:43:31",2943300
40.05,-0.7,900,"sd","10:43:18",2941300
40.05,-0.7,300,"sd","10:43:05",2940400
40.05,-0.7,1000,"sd","10:42:57",2940100
40.05,-0.7,1000,"sd","10:42:56",2939100
40.1,-0.65,1000,"bu","10:42:53",2938100
40.05,-0.7,900,"sd","10:42:48",2937100
40.1,-0.65,2000,"bu","10:42:43",2936200
40.1,-0.65,3000,"bu","10:42:41",2934200
40.05,-0.7,500,"sd","10:42:26",2931200
40.05,-0.7,900,"sd","10:42:18",2930700
40.05,-0.7,100,"sd","10:42:13",2929800
40.05,-0.7,500,"sd","10:42:09",2929700
40.05,-0.7,500,"sd","10:42:05",2929200
40.05,-0.7,1000,"sd","10:41:50",2928700
40.05,-0.7,900,"sd","10:41:48",2927700
40.05,-0.7,800,"sd","10:41:35",2926800
40.05,-0.7,900,"sd","10:41:18",2926000
40.05,-0.7,6700,"bu","10:41:11",2925100
40.05,-0.7,200,"bu","10:41:04",2918400
40.05,-0.7,2000,"bu","10:41:03",2918200
40.05,-0.7,1000,"bu","10:41:01",2916200
40.05,-0.7,3000,"bu","10:40:55",2915200
40.05,-0.7,100,"bu","10:40:53",2912200
40,-0.75,1000,"sd","10:40:51",2912100
40,-0.75,500,"sd","10:40:49",2911100
40.05,-0.7,200,"bu","10:40:48",2910600
40.05,-0.7,1000,"bu","10:40:46",2909500
40.05,-0.7,300,"bu","10:40:41",2908500
40.05,-0.7,100,"bu","10:40:28",2908200
40.05,-0.7,200,"bu","10:40:19",2908100
40,-0.75,900,"sd","10:40:17",2907900
40.05,-0.7,100,"bu","10:40:16",2907000
40.05,-0.7,24800,"sd","10:40:11",2906900
40.05,-0.7,2000,"sd","10:40:04",2882100
40.05,-0.7,100,"sd","10:39:57",2880100
40.05,-0.7,6000,"sd","10:39:56",2880000
40.05,-0.7,900,"sd","10:39:48",2874000
40.05,-0.7,2500,"sd","10:39:42",2873100
40.1,-0.65,100,"bu","10:39:36",2870600
40.05,-0.7,1500,"sd","10:39:32",2870500
40.1,-0.65,100,"bu","10:39:18",2869000
40.05,-0.7,900,"sd","10:39:17",2868900
40.1,-0.65,200,"bu","10:39:07",2868000
40.1,-0.65,200,"bu","10:39:04",2867800
40.1,-0.65,10000,"bu","10:38:52",2867600
40.05,-0.7,900,"sd","10:38:47",2857600
40.05,-0.7,900,"sd","10:38:17",2856700
40.1,-0.65,13900,"sd","10:38:14",2855800
40.1,-0.65,200,"sd","10:38:12",2841900
40.15,-0.6,100,"bu","10:38:11",2841700
40.1,-0.65,16900,"bu","10:37:55",2841600
40.05,-0.7,5000,"sd","10:37:50",2824700
40.05,-0.7,900,"sd","10:37:47",2819700
40.05,-0.7,50000,"sd","10:37:44",2818800
40.05,-0.7,5000,"sd","10:37:20",2768800
40.05,-0.7,900,"sd","10:37:17",2763800
40.05,-0.7,1000,"sd","10:37:13",2762900
40.05,-0.7,200,"sd","10:37:03",2761900
40.05,-0.7,5000,"sd","10:36:54",2761700
40.05,-0.7,900,"sd","10:36:47",2756700
40.05,-0.7,5000,"sd","10:36:42",2755800
40.1,-0.65,100,"bu","10:36:38",2750800
40.05,-0.7,5000,"sd","10:36:36",2750700
40.05,-0.7,200,"sd","10:36:28",2745700
40.05,-0.7,900,"sd","10:36:16",2745500
40.1,-0.65,100,"bu","10:36:05",2744600
40.1,-0.65,4000,"bu","10:36:00",2744500
40.05,-0.7,1000,"sd","10:35:53",2740500
40.1,-0.65,100,"bu","10:35:49",2739500
40.05,-0.7,900,"sd","10:35:46",2739400
40.1,-0.65,200,"bu","10:35:44",2738500
40.1,-0.65,200,"bu","10:35:41",2738300
40.1,-0.65,500,"bu","10:35:38",2738100
40.1,-0.65,300,"bu","10:35:35",2737600
40.1,-0.65,1500,"bu","10:35:23",2737300
40.1,-0.65,1000,"bu","10:35:17",2735800
40.1,-0.65,300,"bu","10:35:13",2733900
40.05,-0.7,3100,"sd","10:35:11",2733600
40.1,-0.65,200,"bu","10:35:09",2730500
40.1,-0.65,1000,"bu","10:34:50",2730300
40.05,-0.7,900,"sd","10:34:46",2729300
40.1,-0.65,19300,"sd","10:34:46",2728400
40.1,-0.65,6000,"sd","10:34:45",2709100
40.1,-0.65,700,"sd","10:34:34",2703100
40.1,-0.65,3000,"sd","10:34:28",2702400
40.1,-0.65,1000,"sd","10:34:25",2699400
40.1,-0.65,1500,"sd","10:34:22",2698400
40.1,-0.65,1000,"sd","10:34:18",2696900
40.1,-0.65,900,"sd","10:34:16",2695900
40.1,-0.65,1500,"sd","10:34:02",2695000
40.1,-0.65,3000,"sd","10:33:53",2693500
40.1,-0.65,900,"sd","10:33:46",2690500
40.15,-0.6,200,"bu","10:33:33",2689600
40.15,-0.6,100,"bu","10:33:17",2689400
40.1,-0.65,900,"sd","10:33:16",2689300
40.15,-0.6,100,"bu","10:32:53",2688400
40.15,-0.6,200,"bu","10:32:52",2688300
40.1,-0.65,900,"sd","10:32:46",2688100
40.1,-0.65,900,"sd","10:32:16",2687200
40.15,-0.6,100,"bu","10:32:10",2686300
40.15,-0.6,100,"bu","10:31:57",2686200
40.15,-0.6,500,"bu","10:31:50",2686100
40.1,-0.65,900,"sd","10:31:46",2685600
40.1,-0.65,500,"sd","10:31:35",2684700
40.15,-0.6,100,"bu","10:31:27",2684200
40.1,-0.65,600,"sd","10:31:20",2684100
40.15,-0.6,1000,"sd","10:31:20",2683500
40.15,-0.6,1100,"sd","10:31:17",2682500
40.15,-0.6,24900,"sd","10:31:17",2681400
40.15,-0.6,900,"sd","10:31:16",2656500
40.15,-0.6,100,"sd","10:31:00",2655600
40.15,-0.6,900,"sd","10:30:46",2655500
40.2,-0.55,300,"bu","10:30:26",2654600
40.2,-0.55,1500,"bu","10:30:20",2654300
40.2,-0.55,200,"bu","10:30:18",2652800
40.15,-0.6,900,"sd","10:30:15",2652600
40.15,-0.6,200,"sd","10:29:57",2651700
40.15,-0.6,100,"sd","10:29:56",2651500
40.15,-0.6,900,"sd","10:29:46",2651400
40.2,-0.55,1900,"bu","10:29:23",2650500
40.15,-0.6,900,"sd","10:29:15",2648600
40.2,-0.55,100,"bu","10:29:08",2647700
40.15,-0.6,300,"sd","10:29:07",2647600
40.2,-0.55,100,"bu","10:28:45",2647300
40.2,-0.55,100,"bu","10:28:18",2646300
40.15,-0.6,900,"sd","10:28:15",2646200
40.2,-0.55,500,"bu","10:28:13",2645300
40.15,-0.6,200,"sd","10:28:10",2644800
40.15,-0.6,5300,"sd","10:28:01",2644600
40.15,-0.6,300,"sd","10:28:00",2639300
40.15,-0.6,6000,"sd","10:27:54",2639000
40.15,-0.6,900,"sd","10:27:45",2633000
40.15,-0.6,200,"sd","10:27:20",2632100
40.15,-0.6,900,"sd","10:27:15",2631900
40.15,-0.6,4000,"sd","10:27:13",2631000
40.15,-0.6,1000,"sd","10:27:06",2627000
40.15,-0.6,900,"sd","10:26:45",2626000
40.15,-0.6,200,"sd","10:26:41",2625100
40.15,-0.6,500,"sd","10:26:28",2624900
40.15,-0.6,900,"sd","10:26:15",2624400
40.15,-0.6,300,"sd","10:26:12",2623500
40.2,-0.55,100,"bu","10:25:51",2623200
40.15,-0.6,300,"sd","10:25:45",2623100
40.15,-0.6,600,"sd","10:25:45",2622800
40.2,-0.55,200,"bu","10:25:36",2622200
40.15,-0.6,100,"sd","10:25:20",2622000
40.15,-0.6,200,"sd","10:25:16",2621900
40.15,-0.6,3500,"bu","10:25:14",2621700
40.15,-0.6,100,"bu","10:25:07",2618200
40.15,-0.6,200,"bu","10:25:06",2618100
40.15,-0.6,200,"bu","10:25:01",2617900
40.15,-0.6,100,"bu","10:24:59",2617700
40.15,-0.6,100,"bu","10:24:52",2617600
40.1,-0.65,600,"sd","10:24:50",2617500
40.15,-0.6,200,"bu","10:24:48",2616900
40.15,-0.6,100,"bu","10:24:47",2616700
40.15,-0.6,100,"bu","10:24:45",2616600
40.1,-0.65,900,"sd","10:24:44",2616500
40.1,-0.65,10000,"sd","10:24:42",2615600
40.1,-0.65,1000,"sd","10:24:40",2605600
40.15,-0.6,100,"bu","10:24:29",2604600
40.15,-0.6,200,"bu","10:24:22",2604500
40.1,-0.65,1200,"sd","10:24:20",2604300
40.15,-0.6,3000,"bu","10:24:17",2603100
40.15,-0.6,1000,"bu","10:24:15",2600100
40.1,-0.65,20900,"sd","10:24:14",2599100
40.1,-0.65,600,"sd","10:24:10",2578200
40.15,-0.6,100,"bu","10:24:09",2577600
40.15,-0.6,1000,"sd","10:24:06",2577500
40.15,-0.6,100,"sd","10:24:02",2576500
40.15,-0.6,12000,"sd","10:24:01",2576400
40.2,-0.55,300,"bu","10:24:01",2564400
40.15,-0.6,1500,"sd","10:23:58",2564100
40.15,-0.6,900,"sd","10:23:44",2562600
40.15,-0.6,1000,"sd","10:23:34",2561700
40.15,-0.6,100,"sd","10:23:20",2560700
40.15,-0.6,1500,"sd","10:23:19",2560600
40.15,-0.6,900,"sd","10:23:14",2559100
40.2,-0.55,500,"bu","10:22:48",2558200
40.15,-0.6,900,"sd","10:22:44",2557700
40.15,-0.6,500,"bu","10:22:31",2556800
40.15,-0.6,100,"sd","10:22:30",2556300
40.2,-0.55,1100,"bu","10:22:28",2556200
40.15,-0.6,4100,"sd","10:22:27",2554200
40.2,-0.55,1000,"bu","10:22:26",2550100
40.15,-0.6,5000,"sd","10:22:22",2549100
40.2,-0.55,100,"bu","10:22:21",2544100
40.15,-0.6,900,"sd","10:22:14",2544000
40.2,-0.55,900,"bu","10:22:11",2543100
40.2,-0.55,100,"bu","10:22:02",2542200
40.15,-0.6,400,"sd","10:22:00",2542100
40.2,-0.55,3900,"sd","10:21:56",2541700
40.2,-0.55,5000,"sd","10:21:53",2537800
40.25,-0.5,100,"bu","10:21:51",2532800
40.2,-0.55,100,"sd","10:21:50",2532700
40.2,-0.55,100,"sd","10:21:47",2532600
40.2,-0.55,900,"sd","10:21:44",2532500
40.25,-0.5,200,"bu","10:21:40",2531600
40.2,-0.55,1000,"sd","10:21:40",2531400
40.25,-0.5,200,"bu","10:21:30",2530400
40.2,-0.55,800,"sd","10:21:30",2530200
40.2,-0.55,2200,"sd","10:21:29",2529400
40.2,-0.55,2800,"sd","10:21:28",2527200
40.2,-0.55,5100,"sd","10:21:26",2524400
40.2,-0.55,5000,"sd","10:21:25",2519300
40.2,-0.55,1100,"sd","10:21:20",2514300
40.2,-0.55,900,"sd","10:21:14",2513200
40.2,-0.55,5000,"sd","10:21:11",2512300
40.2,-0.55,12600,"bu","10:21:11",2507300
40.15,-0.6,100,"bu","10:21:11",2494700
40.2,-0.55,2000,"bu","10:21:04",2494600
40.25,-0.5,100,"bu","10:20:58",2492600
40.25,-0.5,200,"bu","10:20:57",2492500
40,-0.75,2300,"sd","10:20:56",2492300
40,-0.75,120200,"sd","10:20:55",2490000
40.05,-0.7,21900,"sd","10:20:55",2369800
40.1,-0.65,65800,"sd","10:20:55",2347900
40.15,-0.6,39600,"sd","10:20:55",2282100
40.2,-0.55,43300,"sd","10:20:55",2242500
40.25,-0.5,200,"bu","10:20:53",2199200
40.25,-0.5,100,"bu","10:20:51",2199000
40.2,-0.55,900,"sd","10:20:43",2198900
40.25,-0.5,400,"bu","10:20:30",2198000
40.25,-0.5,400,"bu","10:20:20",2197600
40.2,-0.55,100,"sd","10:20:20",2197200
40.25,-0.5,2000,"bu","10:20:18",2197100
40.2,-0.55,900,"sd","10:20:13",2195100
40.2,-0.55,200,"sd","10:19:51",2194200
40.25,-0.5,300,"bu","10:19:50",2194000
40.2,-0.55,100,"sd","10:19:50",2193700
40.2,-0.55,1500,"sd","10:19:43",2193600
40.25,-0.5,100,"bu","10:19:41",2192100
40.2,-0.55,2100,"sd","10:19:40",2192000
40.2,-0.55,2000,"sd","10:19:33",2189900
40.25,-0.5,200,"bu","10:19:33",2187900
40.25,-0.5,900,"bu","10:19:30",2187700
40.25,-0.5,500,"bu","10:19:27",2186800
40.25,-0.5,100,"bu","10:19:20",2186300
40.2,-0.55,400,"sd","10:19:20",2186200
40.2,-0.55,1800,"sd","10:19:14",2185800
40.25,-0.5,500,"bu","10:19:13",2184000
40.2,-0.55,900,"sd","10:19:13",2183500
40.25,-0.5,4900,"bu","10:19:13",2182600
40.25,-0.5,300,"bu","10:18:50",2177700
40.2,-0.55,900,"sd","10:18:43",2177400
40.2,-0.55,100,"sd","10:18:41",2176500
40.25,-0.5,300,"bu","10:18:40",2176400
40.25,-0.5,800,"bu","10:18:39",2176100
40.25,-0.5,200,"bu","10:18:37",2175300
40.25,-0.5,2000,"bu","10:18:32",2175100
40.25,-0.5,100,"bu","10:18:30",2173100
40.25,-0.5,700,"bu","10:18:20",2172900
40.2,-0.55,2500,"sd","10:18:20",2172200
40.2,-0.55,100,"sd","10:18:19",2169700
40.2,-0.55,900,"sd","10:18:13",2169600
40.25,-0.5,100,"bu","10:18:04",2168700
40.25,-0.5,100,"bu","10:18:00",2168600
40.2,-0.55,300,"sd","10:18:00",2168500
40.2,-0.55,4000,"sd","10:17:54",2168200
40.2,-0.55,2000,"sd","10:17:50",2164200
40.25,-0.5,200,"bu","10:17:50",2162200
40.2,-0.55,900,"sd","10:17:43",2162000
40.25,-0.5,100,"bu","10:17:41",2161100
40.25,-0.5,200,"bu","10:17:38",2161000
40.25,-0.5,600,"bu","10:17:20",2160800
40.25,-0.5,100,"bu","10:17:13",2160200
40.2,-0.55,900,"sd","10:17:13",2160100
40.25,-0.5,600,"bu","10:16:50",2159200
40.2,-0.55,200,"sd","10:16:50",2158600
40.2,-0.55,4000,"sd","10:16:47",2158400
40.2,-0.55,900,"sd","10:16:43",2154400
40.25,-0.5,100,"bu","10:16:40",2153500
40.25,-0.5,100,"bu","10:16:35",2153100
40.2,-0.55,6000,"sd","10:16:33",2153000
40.25,-0.5,500,"bu","10:16:30",2147000
40.25,-0.5,500,"bu","10:16:20",2146500
40.2,-0.55,200,"sd","10:16:20",2146000
40.2,-0.55,1000,"sd","10:16:16",2145800
40.2,-0.55,900,"sd","10:16:13",2144800
40.2,-0.55,200,"sd","10:16:10",2143900
40.25,-0.5,100,"bu","10:16:10",2143700
40.25,-0.5,5000,"bu","10:16:04",2141100
40.25,-0.5,100,"bu","10:15:50",2136100
40.2,-0.55,900,"sd","10:15:42",2136000
40.25,-0.5,100,"sd","10:15:34",2135100
40.25,-0.5,800,"sd","10:15:32",2135000
40.3,-0.45,100,"bu","10:15:30",2134200
40.25,-0.5,1000,"sd","10:15:20",2134100
40.3,-0.45,200,"bu","10:15:20",2133100
40.25,-0.5,900,"sd","10:15:12",2132900
40.25,-0.5,100,"sd","10:15:10",2132000
40.3,-0.45,100,"bu","10:15:10",2131900
40.25,-0.5,1000,"sd","10:15:08",2131800
40.25,-0.5,900,"sd","10:15:06",2130800
40.3,-0.45,100,"bu","10:15:00",2129900
40.25,-0.5,100,"sd","10:14:50",2129800
40.3,-0.45,100,"bu","10:14:50",2129700
40.25,-0.5,100,"sd","10:14:46",2129600
40.25,-0.5,1000,"sd","10:14:45",2129500
40.25,-0.5,900,"sd","10:14:42",2128500
40.25,-0.5,400,"sd","10:14:40",2127600
40.25,-0.5,3700,"sd","10:14:37",2127200
40.25,-0.5,4200,"sd","10:14:37",2123500
40.25,-0.5,100,"sd","10:14:30",2119300
40.3,-0.45,100,"bu","10:14:30",2119200
40.3,-0.45,1000,"bu","10:14:27",2119100
40.25,-0.5,2000,"sd","10:14:22",2118100
40.3,-0.45,200,"bu","10:14:20",2116100
40.25,-0.5,900,"sd","10:14:12",2115900
40.3,-0.45,100,"bu","10:13:49",2115000
40.25,-0.5,400,"sd","10:13:49",2114900
40.25,-0.5,400,"sd","10:13:47",2114500
40.25,-0.5,900,"sd","10:13:42",2114100
40.25,-0.5,800,"sd","10:13:26",2113200
40.25,-0.5,500,"sd","10:13:24",2112400
40.3,-0.45,100,"bu","10:13:19",2111900
40.25,-0.5,900,"sd","10:13:12",2111800
40.3,-0.45,500,"bu","10:13:10",2110900
40.25,-0.5,200,"sd","10:13:00",2110400
40.3,-0.45,200,"bu","10:13:00",2110200
40.3,-0.45,3400,"bu","10:12:55",2110000
40.25,-0.5,1600,"bu","10:12:55",2106600
40.25,-0.5,200,"bu","10:12:49",2105000
40.25,-0.5,700,"bu","10:12:46",2104800
40.2,-0.55,900,"sd","10:12:42",2104100
40.2,-0.55,100,"sd","10:12:40",2103200
40.25,-0.5,600,"bu","10:12:39",2103100
40.25,-0.5,500,"bu","10:12:35",2102500
40.25,-0.5,1000,"bu","10:12:34",2102000
40.2,-0.55,200,"sd","10:12:30",2101000
40.25,-0.5,100,"bu","10:12:29",2100800
40.25,-0.5,5000,"bu","10:12:27",2100700
40.25,-0.5,200,"bu","10:12:20",2095700
40.2,-0.55,500,"sd","10:12:12",2095500
40.2,-0.55,900,"sd","10:12:12",2095000
40.2,-0.55,200,"sd","10:12:08",2094100
40.2,-0.55,100,"sd","10:12:00",2093900
40.25,-0.5,1000,"bu","10:11:59",2093800
40.25,-0.5,500,"bu","10:11:56",2092800
40.25,-0.5,500,"bu","10:11:55",2092300
40.2,-0.55,100,"sd","10:11:52",2091800
40.2,-0.55,400,"sd","10:11:50",2091700
40.25,-0.5,200,"bu","10:11:49",2091300
40.2,-0.55,400,"sd","10:11:48",2091100
40.2,-0.55,900,"sd","10:11:42",2090700
40.2,-0.55,7100,"sd","10:11:41",2089800
40.2,-0.55,500,"sd","10:11:40",2082700
40.25,-0.5,100,"bu","10:11:29",2082200
40.25,-0.5,1000,"bu","10:11:27",2082100
40.25,-0.5,300,"bu","10:11:23",2081100
40.25,-0.5,100,"bu","10:11:22",2080800
40.2,-0.55,100,"sd","10:11:20",2080700
40.25,-0.5,1000,"bu","10:11:19",2080600
40.2,-0.55,900,"sd","10:11:11",2079600
40.2,-0.55,400,"sd","10:11:10",2078700
40.2,-0.55,7900,"sd","10:11:08",2078300
40.2,-0.55,100,"sd","10:11:06",2070400
40.2,-0.55,500,"sd","10:11:01",2070300
40.2,-0.55,200,"sd","10:11:00",2069800
40.25,-0.5,500,"bu","10:11:00",2069600
40.25,-0.5,600,"bu","10:10:59",2069100
40.25,-0.5,200,"sd","10:10:59",2068500
40.25,-0.5,2000,"sd","10:10:58",2068300
40.25,-0.5,100,"sd","10:10:57",2066300
40.25,-0.5,300,"sd","10:10:51",2066200
40.25,-0.5,2500,"sd","10:10:50",2065900
40.3,-0.45,300,"bu","10:10:49",2063400
40.25,-0.5,900,"sd","10:10:41",2063100
40.25,-0.5,100,"sd","10:10:40",2062200
40.3,-0.45,200,"bu","10:10:39",2062100
40.3,-0.45,3000,"bu","10:10:31",2061900
40.3,-0.45,500,"bu","10:10:19",2058900
40.25,-0.5,200,"sd","10:10:13",2058400
40.25,-0.5,900,"sd","10:10:11",2058200
40.25,-0.5,100,"sd","10:10:03",2057300
40.25,-0.5,400,"sd","10:10:00",2057200
40.3,-0.45,3800,"bu","10:09:59",2056800
40.25,-0.5,200,"sd","10:09:57",2053000
40.3,-0.45,1500,"bu","10:09:55",2052800
40.25,-0.5,1000,"sd","10:09:51",2051300
40.25,-0.5,1600,"sd","10:09:50",2050300
40.3,-0.45,300,"bu","10:09:49",2048700
40.25,-0.5,1200,"sd","10:09:48",2048400
40.25,-0.5,200,"sd","10:09:47",2047200
40.25,-0.5,1300,"sd","10:09:42",2047000
40.25,-0.5,30900,"sd","10:09:41",2045700
40.25,-0.5,300,"sd","10:09:39",2014800
40.25,-0.5,200,"sd","10:09:35",2014500
40.25,-0.5,100,"sd","10:09:20",2014300
40.3,-0.45,100,"bu","10:09:19",2014200
40.25,-0.5,1400,"sd","10:09:18",2014100
40.25,-0.5,500,"sd","10:09:17",2012700
40.25,-0.5,900,"sd","10:09:11",2012200
40.3,-0.45,100,"bu","10:08:49",2011300
40.25,-0.5,900,"sd","10:08:40",2011200
40.3,-0.45,400,"bu","10:08:31",2010300
40.3,-0.45,100,"bu","10:08:29",2009900
40.25,-0.5,100,"sd","10:08:25",2009800
40.3,-0.45,200,"bu","10:08:19",2009700
40.3,-0.45,200,"bu","10:08:13",2009500
40.25,-0.5,900,"sd","10:08:10",2009300
40.3,-0.45,100,"bu","10:07:53",2008400
40.25,-0.5,100,"sd","10:07:50",2008300
40.3,-0.45,500,"bu","10:07:49",2008200
40.3,-0.45,700,"bu","10:07:48",2007700
40.3,-0.45,100,"bu","10:07:41",2007000
40.25,-0.5,1100,"sd","10:07:40",2006900
40.3,-0.45,3000,"sd","10:07:37",2005800
40.35,-0.4,200,"sd","10:07:37",2002800
40.35,-0.4,800,"bu","10:07:30",2002600
40.25,-0.5,200,"sd","10:07:10",2001800
40.3,-0.45,800,"sd","10:07:10",2001600
40.35,-0.4,1000,"bu","10:07:09",2000800
40.3,-0.45,400,"bu","10:07:02",1999800
40.3,-0.45,100,"bu","10:07:01",1999400
40.25,-0.5,500,"sd","10:07:00",1999300
40.3,-0.45,200,"bu","10:06:57",1998800
40.25,-0.5,400,"sd","10:06:56",1998600
40.3,-0.45,2000,"bu","10:06:54",1998200
40.3,-0.45,8000,"sd","10:06:50",1996200
40.35,-0.4,1300,"bu","10:06:49",1987700
40.3,-0.45,400,"sd","10:06:46",1986400
40.3,-0.45,4600,"sd","10:06:46",1986000
40.35,-0.4,2000,"bu","10:06:44",1981400
40.3,-0.45,5000,"sd","10:06:43",1979400
40.35,-0.4,500,"bu","10:06:40",1974400
