"price","change","match_qtty","side","time","total_vol"
11.05,0.2,6300,"","14:45:03",780500
11,0.15,1900,"bu","14:29:52",774200
11,0.15,200,"bu","14:29:50",772300
11,0.15,600,"bu","14:29:27",772100
11,0.15,1100,"sd","14:28:45",771500
11,0.15,3000,"sd","14:28:25",770400
11,0.15,2000,"sd","14:28:19",767400
11.05,0.2,2000,"bu","14:28:17",765400
11.05,0.2,900,"sd","14:27:38",763400
11.05,0.2,1100,"bu","14:27:15",762500
11.05,0.2,100,"sd","14:27:09",761400
11.05,0.2,5000,"sd","14:26:43",761300
11.1,0.25,100,"bu","14:26:25",756300
11.1,0.25,1900,"bu","14:26:08",756200
11.1,0.25,300,"bu","14:25:22",754300
11.1,0.25,200,"sd","14:24:49",754000
11.1,0.25,2000,"bu","14:22:07",753800
11.1,0.25,4800,"bu","14:20:16",751800
11.1,0.25,10000,"bu","14:20:05",747000
11.1,0.25,100,"bu","14:19:44",737000
11.1,0.25,100,"bu","14:18:42",736900
11.05,0.2,600,"sd","14:15:53",736800
11.05,0.2,1000,"sd","14:15:11",736200
11.1,0.25,200,"bu","14:11:19",735200
11.05,0.2,5000,"sd","14:07:27",735000
11.05,0.2,100,"sd","14:07:16",730000
11.1,0.25,2800,"sd","14:06:02",729900
11.1,0.25,500,"sd","14:04:49",727100
11.1,0.25,100,"sd","14:02:06",726600
11.1,0.25,4500,"bu","14:00:47",726500
11.05,0.2,5000,"sd","14:00:24",722000
11.05,0.2,300,"sd","13:56:54",717000
11.1,0.25,600,"bu","13:55:18",716700
11.1,0.25,800,"sd","13:52:54",716100
11.1,0.25,100,"sd","13:52:12",715300
11.1,0.25,100,"bu","13:52:02",715200
11.1,0.25,200,"bu","13:51:53",715100
11.1,0.25,1700,"sd","13:51:37",714900
11.1,0.25,3500,"sd","13:50:39",713200
11.1,0.25,200,"bu","13:50:24",709700
11.1,0.25,500,"sd","13:49:53",709500
11.1,0.25,1700,"sd","13:49:12",709000
11.1,0.25,100,"sd","13:49:05",707300
11.1,0.25,3000,"sd","13:48:01",707200
11.1,0.25,100,"sd","13:47:53",704200
11.1,0.25,3500,"sd","13:47:36",704100
11.1,0.25,100,"sd","13:47:22",700600
11.1,0.25,6000,"sd","13:46:22",700500
11.1,0.25,900,"bu","13:45:13",694500
11.1,0.25,1500,"sd","13:45:01",693600
11.1,0.25,2000,"bu","13:43:42",692100
11,0.15,200,"sd","13:41:54",690100
11,0.15,2000,"bu","13:41:15",689900
11,0.15,200,"bu","13:41:07",687900
11,0.15,3000,"bu","13:41:06",687700
11,0.15,10600,"sd","13:40:47",684700
11.05,0.2,4200,"sd","13:40:47",674100
11.05,0.2,300,"sd","13:38:37",669900
11.05,0.2,19000,"sd","13:35:48",669600
11.1,0.25,300,"bu","13:33:14",650600
11.1,0.25,1800,"sd","13:32:22",650300
11.1,0.25,900,"sd","13:32:04",648500
11.1,0.25,200,"sd","13:31:54",647600
11.1,0.25,100,"sd","13:30:04",647400
11.1,0.25,1000,"sd","13:27:42",647300
11.1,0.25,100,"bu","13:25:21",646300
11.1,0.25,2000,"bu","13:25:19",646200
11.1,0.25,200,"bu","13:25:18",644200
11.1,0.25,2000,"bu","13:25:05",644000
11.1,0.25,1900,"bu","13:25:01",642000
11.1,0.25,300,"bu","13:25:00",640100
11.1,0.25,700,"bu","13:24:42",639800
11.1,0.25,900,"sd","13:22:46",639100
11.1,0.25,1000,"sd","13:21:57",638200
11.1,0.25,1000,"sd","13:21:16",637200
11.1,0.25,400,"bu","13:21:15",636200
11.1,0.25,300,"sd","13:20:02",635800
11.1,0.25,700,"sd","13:18:48",635500
11.1,0.25,1800,"sd","13:18:23",634800
11.15,0.3,100,"bu","13:17:34",633000
11.15,0.3,3000,"bu","13:12:27",632900
11.1,0.25,300,"bu","13:12:04",629900
11.1,0.25,1700,"sd","13:11:32",629600
11.1,0.25,500,"sd","13:08:42",627900
11.1,0.25,2000,"sd","13:08:28",627400
11.05,0.2,1500,"sd","13:07:48",625400
11.05,0.2,2000,"sd","13:07:35",623900
11.05,0.2,3000,"sd","13:04:52",621900
11.1,0.25,2500,"sd","13:04:22",618900
11.1,0.25,4000,"sd","13:03:35",616400
11.1,0.25,3000,"sd","13:02:57",612400
11.1,0.25,100,"sd","13:02:46",609400
11.15,0.3,1700,"sd","13:00:17",609300
11.15,0.3,500,"sd","13:00:17",607600
11.15,0.3,500,"sd","13:00:13",607100
11.15,0.3,5600,"sd","13:00:13",606600
11.15,0.3,1000,"sd","13:00:12",601000
11.15,0.3,200,"sd","13:00:03",600000
11.2,0.35,100,"bu","13:00:01",599800
11.15,0.3,2000,"sd","13:00:00",599700
11.15,0.3,1000,"sd","11:23:42",597700
11.2,0.35,100,"bu","11:22:55",596700
11.2,0.35,3000,"bu","11:14:34",596600
11.2,0.35,4000,"bu","11:14:13",593600
11.2,0.35,100,"bu","11:13:10",589600
11.15,0.3,500,"sd","11:12:53",589500
11.15,0.3,1400,"bu","11:10:57",589000
11.15,0.3,200,"bu","11:09:54",587600
11.15,0.3,200,"bu","11:09:26",587400
11.15,0.3,900,"sd","11:07:59",587200
11.15,0.3,100,"sd","11:06:59",586300
11.2,0.35,1000,"bu","11:06:23",586200
11.2,0.35,2400,"bu","11:05:35",585200
11.2,0.35,200,"bu","11:05:29",582800
11.2,0.35,1000,"bu","11:05:22",582600
11.05,0.2,3200,"sd","10:59:10",581600
11.05,0.2,6600,"bu","10:55:40",578400
11.05,0.2,9300,"sd","10:55:36",571800
11.1,0.25,2000,"bu","10:55:29",562500
11.1,0.25,100,"bu","10:55:01",560500
11.1,0.25,200,"bu","10:54:53",560400
11.1,0.25,100,"sd","10:54:27",560200
11.1,0.25,10900,"sd","10:54:27",560100
11.15,0.3,3000,"bu","10:54:15",549200
11.15,0.3,3000,"bu","10:54:07",546200
11.15,0.3,1000,"bu","10:53:29",543200
11.15,0.3,2800,"sd","10:52:36",542200
11.2,0.35,30100,"sd","10:50:14",539400
11.25,0.4,2800,"sd","10:50:14",509300
11.3,0.45,11300,"bu","10:49:59",506500
11.25,0.4,300,"sd","10:49:45",495200
11.25,0.4,2000,"sd","10:49:21",494900
11.25,0.4,600,"sd","10:47:34",492900
11.25,0.4,500,"sd","10:46:29",492300
11.25,0.4,1000,"sd","10:45:44",491800
11.25,0.4,1200,"sd","10:45:30",490800
11.25,0.4,800,"sd","10:43:40",489600
11.25,0.4,7000,"sd","10:40:38",488800
11.25,0.4,6000,"sd","10:40:23",481800
11.3,0.45,1500,"bu","10:38:51",475800
11.3,0.45,1100,"bu","10:36:59",474300
11.25,0.4,1000,"sd","10:35:48",473200
11.25,0.4,2200,"sd","10:35:44",472200
11.3,0.45,3000,"sd","10:34:19",470000
11.3,0.45,100,"sd","10:34:19",467000
11.3,0.45,1100,"sd","10:34:01",466900
11.3,0.45,200,"sd","10:33:25",465800
11.3,0.45,100,"bu","10:33:14",465600
11.25,0.4,1500,"sd","10:33:05",465500
11.3,0.45,5000,"bu","10:32:59",464000
11.3,0.45,5000,"bu","10:32:50",459000
11.3,0.45,3000,"sd","10:32:14",454000
11.35,0.5,1000,"bu","10:31:48",451000
11.35,0.5,100,"bu","10:30:57",450000
11.35,0.5,3000,"bu","10:30:49",449900
11.35,0.5,1000,"bu","10:30:32",446900
11.35,0.5,10000,"bu","10:30:25",445900
11.35,0.5,500,"bu","10:30:24",435900
11.35,0.5,50000,"bu","10:30:17",435400
11.3,0.45,14600,"bu","10:30:06",385400
11.25,0.4,3000,"bu","10:28:01",370800
11.25,0.4,3000,"bu","10:27:54",367800
11.25,0.4,1000,"bu","10:27:47",364800
11.2,0.35,200,"sd","10:27:29",363800
11.25,0.4,100,"bu","10:26:34",363600
11.25,0.4,300,"bu","10:26:27",363500
11.25,0.4,1000,"bu","10:26:18",363200
11.2,0.35,10100,"bu","10:25:51",362200
11.15,0.3,100,"sd","10:25:47",352100
11.2,0.35,200,"bu","10:25:44",352000
11.2,0.35,1000,"bu","10:25:39",351800
11.15,0.3,100,"sd","10:25:21",350800
11.2,0.35,20000,"bu","10:25:16",350700
11.15,0.3,300,"sd","10:24:31",330700
11.15,0.3,100,"sd","10:22:36",330400
11.15,0.3,100,"sd","10:22:21",330300
11.15,0.3,300,"sd","10:20:33",330200
11.2,0.35,4600,"sd","10:18:37",329900
11.2,0.35,100,"sd","10:17:57",325300
11.2,0.35,5000,"sd","10:17:19",325200
11.2,0.35,3300,"sd","10:16:38",320200
11.2,0.35,100,"sd","10:16:30",316900
11.2,0.35,300,"sd","10:15:06",316800
11.2,0.35,2100,"sd","10:14:58",316500
11.2,0.35,400,"sd","10:14:49",314400
11.2,0.35,1900,"sd","10:14:09",313500
11.2,0.35,4000,"sd","10:13:17",311600
11.25,0.4,17800,"sd","10:12:53",307600
11.25,0.4,3000,"sd","10:12:46",289800
11.3,0.45,1000,"bu","10:11:21",286800
11.3,0.45,1100,"sd","10:10:54",285800
11.3,0.45,1000,"sd","10:10:53",284700
11.3,0.45,5900,"sd","10:10:51",283700
11.3,0.45,3000,"sd","10:10:47",277800
11.3,0.45,2000,"sd","10:10:46",274800
11.3,0.45,100,"sd","10:10:41",272800
11.3,0.45,1000,"sd","10:10:27",272700
11.3,0.45,200,"sd","10:10:15",271700
11.35,0.5,5000,"bu","10:09:31",271500
11.35,0.5,5000,"bu","10:09:20",266500
11.3,0.45,100,"sd","10:09:13",261500
11.35,0.5,400,"bu","10:08:57",261400
11.35,0.5,3500,"sd","10:08:45",261000
11.35,0.5,7800,"sd","10:08:38",257500
11.35,0.5,3000,"sd","10:08:29",249700
11.35,0.5,1000,"sd","10:08:25",246700
11.35,0.5,200,"sd","10:08:22",245700
11.35,0.5,3500,"bu","10:08:20",245500
11.35,0.5,100,"bu","10:08:19",242000
11.35,0.5,100,"bu","10:08:08",241900
11.35,0.5,500,"bu","10:08:00",241800
11.3,0.45,100,"sd","10:07:41",241300
11.3,0.45,2800,"bu","10:07:40",241200
11.3,0.45,500,"bu","10:07:37",238400
11.3,0.45,10000,"bu","10:07:33",237900
11.3,0.45,800,"bu","10:07:32",227900
11.3,0.45,3000,"bu","10:07:30",227100
11.25,0.4,100,"sd","10:07:12",224100
11.3,0.45,100,"bu","10:07:10",224000
11.3,0.45,3000,"bu","10:07:01",223900
11.3,0.45,1000,"bu","10:06:53",220900
11.3,0.45,500,"bu","10:06:44",219900
11.25,0.4,7500,"bu","10:06:34",219400
11.25,0.4,4000,"bu","10:06:20",211900
11.2,0.35,200,"sd","10:06:13",207900
11.2,0.35,1000,"sd","10:06:07",207700
11.25,0.4,300,"bu","10:05:51",206700
11.2,0.35,1700,"bu","10:05:51",206400
11.15,0.3,100,"sd","10:05:49",204700
11.2,0.35,1100,"bu","10:05:46",204600
11.15,0.3,400,"sd","10:05:41",203500
11.2,0.35,1000,"bu","10:05:36",203100
11.2,0.35,200,"bu","10:05:15",202100
11.2,0.35,5000,"bu","10:05:11",201900
11.2,0.35,1000,"bu","10:05:06",196900
11.2,0.35,1000,"bu","10:04:52",195900
11.2,0.35,1000,"bu","10:04:51",194900
11.2,0.35,400,"bu","10:04:37",193900
11.2,0.35,3600,"bu","10:04:33",193500
11.2,0.35,2300,"sd","10:04:27",189900
11.25,0.4,500,"bu","10:04:19",187600
11.2,0.35,2700,"bu","10:04:10",187100
11.2,0.35,200,"bu","10:04:03",184400
11.2,0.35,500,"bu","10:03:48",184200
11.15,0.3,1700,"bu","10:03:42",183700
11.15,0.3,500,"bu","10:03:27",182000
11.1,0.25,100,"sd","10:03:25",181500
11.15,0.3,800,"bu","10:03:24",181400
11.1,0.25,600,"sd","10:03:06",180600
11.1,0.25,8400,"bu","10:02:48",180000
11.1,0.25,10000,"bu","10:02:40",171600
11.1,0.25,2000,"bu","10:02:37",161600
11.1,0.25,1200,"bu","10:02:35",159600
11.1,0.25,1400,"sd","10:02:27",158400
11.15,0.3,1000,"bu","10:02:24",157000
11.1,0.25,100,"sd","10:02:23",156000
11.1,0.25,500,"bu","10:02:16",155900
11.1,0.25,500,"bu","10:02:13",155400
11.1,0.25,9000,"sd","10:02:04",154900
11.15,0.3,500,"bu","10:01:55",145900
11.15,0.3,500,"bu","10:01:46",145400
11.1,0.25,1100,"sd","10:01:46",144900
11.1,0.25,100,"sd","10:01:27",143800
11.1,0.25,300,"sd","10:01:26",143700
11.15,0.3,300,"bu","10:01:15",143400
11.15,0.3,100,"bu","10:00:34",143100
11.1,0.25,900,"bu","10:00:34",143000
11.1,0.25,200,"sd","10:00:32",142100
11.15,0.3,1500,"bu","10:00:19",141900
11.15,0.3,200,"bu","09:59:38",140400
11.15,0.3,6100,"bu","09:59:31",140200
11.1,0.25,11000,"bu","09:59:31",134100
11.05,0.2,500,"bu","09:59:31",123100
11,0.15,1600,"bu","09:59:31",122600
11,0.15,3700,"bu","09:59:30",121000
11,0.15,1000,"bu","09:59:29",117300
11,0.15,100,"bu","09:59:01",116300
10.95,0.1,22000,"bu","09:58:43",116200
10.9,0.05,5900,"bu","09:58:10",94200
10.9,0.05,50000,"bu","09:57:50",88300
10.85,0,300,"sd","09:56:44",38300
10.85,0,100,"sd","09:56:21",38000
10.85,0,700,"sd","09:53:34",37900
10.85,0,100,"sd","09:53:28",37200
10.85,0,100,"sd","09:53:01",37100
10.85,0,400,"sd","09:47:24",37000
10.85,0,1000,"sd","09:44:08",36600
10.85,0,300,"sd","09:40:03",35600
10.85,0,800,"bu","09:39:15",35300
10.85,0,1500,"bu","09:38:58",34500
10.85,0,1700,"sd","09:38:20",33000
10.85,0,1200,"sd","09:35:09",31300
10.85,0,900,"sd","09:34:18",30100
10.85,0,100,"sd","09:33:56",29200
10.85,0,100,"sd","09:31:33",29100
10.85,0,3600,"sd","09:30:13",29000
10.9,0.05,200,"bu","09:29:28",25400
10.9,0.05,7400,"sd","09:26:57",25200
10.9,0.05,500,"sd","09:26:51",17800
10.9,0.05,2500,"sd","09:26:04",17300
10.9,0.05,100,"bu","09:23:42",14800
10.85,0,2400,"sd","09:23:39",14700
10.9,0.05,9900,"sd","09:22:42",12300
10.9,0.05,100,"sd","09:21:13",2400
10.9,0.05,300,"sd","09:21:02",2300
10.85,0,2000,"","09:15:01",2000
