"id","symbol","truncTime","matchType","matchVol","matchPrice","accumulatedVolume","createdAt","updatedAt"
161362067,"AGG","1703749491","unknown","600","25200","514300","2023-12-28T07:45:04.439Z","2023-12-28T07:45:04.439Z"
161358957,"AGG","1703748563","b","400","25200","513700","2023-12-28T07:29:36.459Z","2023-12-28T07:29:36.459Z"
161358956,"AGG","1703748563","b","500","25150","513700","2023-12-28T07:29:36.459Z","2023-12-28T07:29:36.459Z"
161358955,"AGG","1703748563","b","700","25150","513700","2023-12-28T07:29:36.459Z","2023-12-28T07:29:36.459Z"
161358954,"AGG","1703748563","b","900","25150","513700","2023-12-28T07:29:36.459Z","2023-12-28T07:29:36.459Z"
161355861,"AGG","1703748533","s","500","25100","511200","2023-12-28T07:29:05.462Z","2023-12-28T07:29:05.462Z"
161354514,"AGG","1703748519","s","300","25100","510700","2023-12-28T07:28:51.598Z","2023-12-28T07:28:51.598Z"
161354513,"AGG","1703748519","s","200","25100","510700","2023-12-28T07:28:51.598Z","2023-12-28T07:28:51.598Z"
161339265,"AGG","1703748295","s","800","25100","510200","2023-12-28T07:25:08.425Z","2023-12-28T07:25:08.425Z"
161339264,"AGG","1703748295","s","1200","25100","510200","2023-12-28T07:25:08.425Z","2023-12-28T07:25:08.425Z"
161334194,"AGG","1703748196","b","100","25150","508200","2023-12-28T07:23:29.436Z","2023-12-28T07:23:29.436Z"
161330203,"AGG","1703748129","b","100","25200","508100","2023-12-28T07:22:21.459Z","2023-12-28T07:22:21.459Z"
161324798,"AGG","1703748034","s","100","25150","508000","2023-12-28T07:20:46.426Z","2023-12-28T07:20:46.426Z"
161324797,"AGG","1703748034","s","300","25150","508000","2023-12-28T07:20:46.426Z","2023-12-28T07:20:46.426Z"
161324796,"AGG","1703748034","s","100","25150","508000","2023-12-28T07:20:46.426Z","2023-12-28T07:20:46.426Z"
161322560,"AGG","1703747994","s","400","25150","507500","2023-12-28T07:20:07.430Z","2023-12-28T07:20:07.430Z"
161322559,"AGG","1703747994","s","300","25150","507500","2023-12-28T07:20:07.430Z","2023-12-28T07:20:07.430Z"
161315705,"AGG","1703747868","s","100","25150","506700","2023-12-28T07:18:00.416Z","2023-12-28T07:18:00.416Z"
161312778,"AGG","1703747793","s","300","25150","506700","2023-12-28T07:16:46.414Z","2023-12-28T07:16:46.414Z"
161311231,"AGG","1703747756","s","300","25150","506400","2023-12-28T07:16:08.414Z","2023-12-28T07:16:08.414Z"
161311230,"AGG","1703747756","s","100","25150","506400","2023-12-28T07:16:08.414Z","2023-12-28T07:16:08.414Z"
161310517,"AGG","1703747734","b","200","25200","506000","2023-12-28T07:15:47.423Z","2023-12-28T07:15:47.423Z"
161309412,"AGG","1703747710","b","3000","25200","505800","2023-12-28T07:15:23.436Z","2023-12-28T07:15:23.436Z"
161307986,"AGG","1703747678","b","100","25200","502800","2023-12-28T07:14:51.422Z","2023-12-28T07:14:51.422Z"
161306857,"AGG","1703747654","b","500","25200","502700","2023-12-28T07:14:26.424Z","2023-12-28T07:14:26.424Z"
161305637,"AGG","1703747634","b","4900","25150","502200","2023-12-28T07:14:06.421Z","2023-12-28T07:14:06.421Z"
161305359,"AGG","1703747628","b","3800","25100","497300","2023-12-28T07:14:01.429Z","2023-12-28T07:14:01.429Z"
161305085,"AGG","1703747622","s","200","25100","493500","2023-12-28T07:13:55.418Z","2023-12-28T07:13:55.418Z"
161305084,"AGG","1703747622","s","3000","25100","493500","2023-12-28T07:13:55.418Z","2023-12-28T07:13:55.418Z"
161305083,"AGG","1703747622","s","3000","25100","493500","2023-12-28T07:13:55.418Z","2023-12-28T07:13:55.418Z"
161304754,"AGG","1703747614","s","1300","25100","487300","2023-12-28T07:13:47.417Z","2023-12-28T07:13:47.417Z"
161304568,"AGG","1703747607","b","1300","25100","486000","2023-12-28T07:13:40.423Z","2023-12-28T07:13:40.423Z"
161304078,"AGG","1703747596","s","2000","25100","484700","2023-12-28T07:13:28.425Z","2023-12-28T07:13:28.425Z"
161304077,"AGG","1703747596","s","600","25100","484700","2023-12-28T07:13:28.425Z","2023-12-28T07:13:28.425Z"
161304076,"AGG","1703747596","s","300","25100","484700","2023-12-28T07:13:28.425Z","2023-12-28T07:13:28.425Z"
161304075,"AGG","1703747596","s","100","25100","484700","2023-12-28T07:13:28.425Z","2023-12-28T07:13:28.425Z"
161304074,"AGG","1703747596","s","1000","25100","484700","2023-12-28T07:13:28.425Z","2023-12-28T07:13:28.425Z"
161304073,"AGG","1703747596","s","2700","25100","484700","2023-12-28T07:13:28.425Z","2023-12-28T07:13:28.425Z"
161295965,"AGG","1703747412","b","100","25150","478000","2023-12-28T07:10:25.410Z","2023-12-28T07:10:25.410Z"
161295964,"AGG","1703747412","b","4900","25150","478000","2023-12-28T07:10:25.410Z","2023-12-28T07:10:25.410Z"
161293235,"AGG","1703747356","b","1000","25150","473000","2023-12-28T07:09:29.428Z","2023-12-28T07:09:29.428Z"
161283956,"AGG","1703747210","b","800","25150","472000","2023-12-28T07:07:03.423Z","2023-12-28T07:07:03.423Z"
161278893,"AGG","1703747111","s","1000","25150","471200","2023-12-28T07:05:24.416Z","2023-12-28T07:05:24.416Z"
161278892,"AGG","1703747111","s","300","25150","471200","2023-12-28T07:05:24.416Z","2023-12-28T07:05:24.416Z"
161277148,"AGG","1703747057","b","200","25200","469700","2023-12-28T07:04:29.409Z","2023-12-28T07:04:29.409Z"
161275828,"AGG","1703747005","b","100","25200","469700","2023-12-28T07:03:38.412Z","2023-12-28T07:03:38.412Z"
161275510,"AGG","1703746991","s","100","25150","469600","2023-12-28T07:03:24.406Z","2023-12-28T07:03:24.406Z"
161271066,"AGG","1703746819","b","100","25200","469500","2023-12-28T07:00:31.419Z","2023-12-28T07:00:31.419Z"
161270649,"AGG","1703746803","b","300","25200","469400","2023-12-28T07:00:16.413Z","2023-12-28T07:00:16.413Z"
161270361,"AGG","1703746795","b","500","25200","469100","2023-12-28T07:00:08.411Z","2023-12-28T07:00:08.411Z"
161269974,"AGG","1703746782","b","1400","25150","468600","2023-12-28T06:59:55.413Z","2023-12-28T06:59:55.413Z"
161269973,"AGG","1703746782","b","3200","25150","468600","2023-12-28T06:59:55.413Z","2023-12-28T06:59:55.413Z"
161269623,"AGG","1703746775","b","1000","25150","464000","2023-12-28T06:59:48.417Z","2023-12-28T06:59:48.417Z"
161269307,"AGG","1703746764","s","800","25150","463000","2023-12-28T06:59:36.409Z","2023-12-28T06:59:36.409Z"
161269175,"AGG","1703746760","s","1000","25150","462200","2023-12-28T06:59:32.403Z","2023-12-28T06:59:32.403Z"
161269037,"AGG","1703746756","s","500","25150","461200","2023-12-28T06:59:28.411Z","2023-12-28T06:59:28.411Z"
161268749,"AGG","1703746746","b","1000","25200","459700","2023-12-28T06:59:18.415Z","2023-12-28T06:59:18.415Z"
161268177,"AGG","1703746737","b","1200","25200","458500","2023-12-28T06:59:09.407Z","2023-12-28T06:59:09.407Z"
161264666,"AGG","1703746621","s","1000","25150","458500","2023-12-28T06:57:14.406Z","2023-12-28T06:57:14.406Z"
161263600,"AGG","1703746579","b","2600","25200","457500","2023-12-28T06:56:32.408Z","2023-12-28T06:56:32.408Z"
161263599,"AGG","1703746579","b","1000","25200","457500","2023-12-28T06:56:32.408Z","2023-12-28T06:56:32.408Z"
161263598,"AGG","1703746579","b","1400","25200","457500","2023-12-28T06:56:32.408Z","2023-12-28T06:56:32.408Z"
161263035,"AGG","1703746559","s","100","25150","452500","2023-12-28T06:56:12.407Z","2023-12-28T06:56:12.407Z"
161261640,"AGG","1703746517","b","300","25150","450800","2023-12-28T06:55:29.416Z","2023-12-28T06:55:29.416Z"
161261639,"AGG","1703746517","b","100","25150","450800","2023-12-28T06:55:29.416Z","2023-12-28T06:55:29.416Z"
161261638,"AGG","1703746517","b","1000","25150","450800","2023-12-28T06:55:29.416Z","2023-12-28T06:55:29.416Z"
161261637,"AGG","1703746517","b","100","25150","450800","2023-12-28T06:55:29.416Z","2023-12-28T06:55:29.416Z"
161261636,"AGG","1703746517","b","100","25150","450800","2023-12-28T06:55:29.416Z","2023-12-28T06:55:29.416Z"
161261439,"AGG","1703746513","b","400","25150","440800","2023-12-28T06:55:25.416Z","2023-12-28T06:55:25.416Z"
161261438,"AGG","1703746513","b","500","25150","440800","2023-12-28T06:55:25.416Z","2023-12-28T06:55:25.416Z"
161261437,"AGG","1703746513","b","100","25150","440800","2023-12-28T06:55:25.416Z","2023-12-28T06:55:25.416Z"
161261436,"AGG","1703746513","b","100","25150","440800","2023-12-28T06:55:25.416Z","2023-12-28T06:55:25.416Z"
161261435,"AGG","1703746513","b","100","25150","440800","2023-12-28T06:55:25.416Z","2023-12-28T06:55:25.416Z"
161261434,"AGG","1703746513","b","100","25150","440800","2023-12-28T06:55:25.416Z","2023-12-28T06:55:25.416Z"
161261433,"AGG","1703746513","b","700","25150","440800","2023-12-28T06:55:25.416Z","2023-12-28T06:55:25.416Z"
161261432,"AGG","1703746513","b","5000","25150","440800","2023-12-28T06:55:25.416Z","2023-12-28T06:55:25.416Z"
161261431,"AGG","1703746513","b","3000","25150","440800","2023-12-28T06:55:25.416Z","2023-12-28T06:55:25.416Z"
161261051,"AGG","1703746502","b","5300","25100","440800","2023-12-28T06:55:15.403Z","2023-12-28T06:55:15.403Z"
161260902,"AGG","1703746496","s","8100","25000","435500","2023-12-28T06:55:08.407Z","2023-12-28T06:55:08.407Z"
161260901,"AGG","1703746496","s","6900","25000","435500","2023-12-28T06:55:08.407Z","2023-12-28T06:55:08.407Z"
161260760,"AGG","1703746490","s","4700","25100","415800","2023-12-28T06:55:03.400Z","2023-12-28T06:55:03.400Z"
161258997,"AGG","1703746429","b","800","25150","415800","2023-12-28T06:54:01.402Z","2023-12-28T06:54:01.402Z"
161258825,"AGG","1703746424","b","5000","25150","415000","2023-12-28T06:53:56.402Z","2023-12-28T06:53:56.402Z"
161258658,"AGG","1703746417","s","1200","25100","410000","2023-12-28T06:53:50.395Z","2023-12-28T06:53:50.395Z"
161258487,"AGG","1703746411","s","1000","25100","408800","2023-12-28T06:53:43.395Z","2023-12-28T06:53:43.395Z"
161258204,"AGG","1703746402","b","3100","25100","404700","2023-12-28T06:53:35.396Z","2023-12-28T06:53:35.396Z"
161257819,"AGG","1703746389","b","1900","25100","404700","2023-12-28T06:53:21.402Z","2023-12-28T06:53:21.402Z"
161257818,"AGG","1703746389","b","600","25100","404700","2023-12-28T06:53:21.402Z","2023-12-28T06:53:21.402Z"
161257663,"AGG","1703746383","b","1100","25000","401100","2023-12-28T06:53:16.393Z","2023-12-28T06:53:16.393Z"
161257257,"AGG","1703746368","s","8900","25000","401100","2023-12-28T06:53:00.392Z","2023-12-28T06:53:00.392Z"
161257098,"AGG","1703746362","s","1100","25000","392200","2023-12-28T06:52:55.397Z","2023-12-28T06:52:55.397Z"
161257097,"AGG","1703746362","s","5300","25000","392200","2023-12-28T06:52:55.397Z","2023-12-28T06:52:55.397Z"
161257096,"AGG","1703746362","s","1000","25000","392200","2023-12-28T06:52:55.397Z","2023-12-28T06:52:55.397Z"
161257095,"AGG","1703746362","s","2600","25000","392200","2023-12-28T06:52:55.397Z","2023-12-28T06:52:55.397Z"
161256314,"AGG","1703746338","s","2900","25100","377800","2023-12-28T06:52:30.409Z","2023-12-28T06:52:30.409Z"
161256313,"AGG","1703746338","s","1500","25100","377800","2023-12-28T06:52:30.409Z","2023-12-28T06:52:30.409Z"
161255961,"AGG","1703746328","b","1500","25100","377800","2023-12-28T06:52:21.404Z","2023-12-28T06:52:21.404Z"
161255280,"AGG","1703746299","s","3500","25100","376300","2023-12-28T06:51:52.400Z","2023-12-28T06:51:52.400Z"
161255032,"AGG","1703746293","s","6500","25100","362800","2023-12-28T06:51:46.395Z","2023-12-28T06:51:46.395Z"
161255031,"AGG","1703746293","s","100","25100","362800","2023-12-28T06:51:46.395Z","2023-12-28T06:51:46.395Z"
