"id","symbol","truncTime","matchType","matchVol","matchPrice","accumulatedVolume","createdAt","updatedAt"
161362322,"MBB","1703749497","unknown","261200","18550","9618900","2023-12-28T07:45:10.450Z","2023-12-28T07:45:10.450Z"
161361461,"MBB","1703748591","s","5000","18500","9613900","2023-12-28T07:30:04.434Z","2023-12-28T07:30:04.434Z"
161361337,"MBB","1703748591","s","300","18500","9613600","2023-12-28T07:30:03.470Z","2023-12-28T07:30:03.470Z"
161360316,"MBB","1703748579","s","300","18500","9613300","2023-12-28T07:29:51.442Z","2023-12-28T07:29:51.442Z"
161360139,"MBB","1703748576","s","1000","18500","9612300","2023-12-28T07:29:48.430Z","2023-12-28T07:29:48.430Z"
161360000,"MBB","1703748574","s","800","18500","9611500","2023-12-28T07:29:47.454Z","2023-12-28T07:29:47.454Z"
161359781,"MBB","1703748573","s","5500","18500","9605000","2023-12-28T07:29:46.447Z","2023-12-28T07:29:46.447Z"
161359780,"MBB","1703748573","s","1000","18500","9605000","2023-12-28T07:29:46.447Z","2023-12-28T07:29:46.447Z"
161358617,"MBB","1703748561","b","100","18550","9604900","2023-12-28T07:29:33.478Z","2023-12-28T07:29:33.478Z"
161358575,"MBB","1703748561","s","3600","18500","9604900","2023-12-28T07:29:33.478Z","2023-12-28T07:29:33.478Z"
161358574,"MBB","1703748561","s","200","18500","9604900","2023-12-28T07:29:33.478Z","2023-12-28T07:29:33.478Z"
161358573,"MBB","1703748561","s","200","18500","9604900","2023-12-28T07:29:33.478Z","2023-12-28T07:29:33.478Z"
161358572,"MBB","1703748561","s","16000","18500","9604900","2023-12-28T07:29:33.478Z","2023-12-28T07:29:33.478Z"
161358175,"MBB","1703748557","s","5000","18500","9579900","2023-12-28T07:29:29.422Z","2023-12-28T07:29:29.422Z"
161358091,"MBB","1703748556","b","39200","18550","9540700","2023-12-28T07:29:28.450Z","2023-12-28T07:29:28.450Z"
161357871,"MBB","1703748554","s","200","18500","9540500","2023-12-28T07:29:27.470Z","2023-12-28T07:29:27.470Z"
161357459,"MBB","1703748551","s","8800","18500","9530500","2023-12-28T07:29:23.434Z","2023-12-28T07:29:23.434Z"
161357458,"MBB","1703748551","s","200","18500","9530500","2023-12-28T07:29:23.434Z","2023-12-28T07:29:23.434Z"
161357457,"MBB","1703748551","s","1000","18500","9530500","2023-12-28T07:29:23.434Z","2023-12-28T07:29:23.434Z"
161357019,"MBB","1703748546","b","3200","18550","9527300","2023-12-28T07:29:19.467Z","2023-12-28T07:29:19.467Z"
161356925,"MBB","1703748546","b","800","18550","9495400","2023-12-28T07:29:18.462Z","2023-12-28T07:29:18.462Z"
161356924,"MBB","1703748546","b","100","18550","9495400","2023-12-28T07:29:18.462Z","2023-12-28T07:29:18.462Z"
161356923,"MBB","1703748546","b","200","18550","9495400","2023-12-28T07:29:18.462Z","2023-12-28T07:29:18.462Z"
161356922,"MBB","1703748546","b","800","18550","9495400","2023-12-28T07:29:18.462Z","2023-12-28T07:29:18.462Z"
161356921,"MBB","1703748546","b","2000","18550","9495400","2023-12-28T07:29:18.462Z","2023-12-28T07:29:18.462Z"
161356920,"MBB","1703748546","b","1200","18550","9495400","2023-12-28T07:29:18.462Z","2023-12-28T07:29:18.462Z"
161356919,"MBB","1703748546","b","100","18550","9495400","2023-12-28T07:29:18.462Z","2023-12-28T07:29:18.462Z"
161356918,"MBB","1703748546","b","300","18550","9495400","2023-12-28T07:29:18.462Z","2023-12-28T07:29:18.462Z"
161356917,"MBB","1703748546","b","10000","18550","9495400","2023-12-28T07:29:18.462Z","2023-12-28T07:29:18.462Z"
161356916,"MBB","1703748546","b","15600","18550","9495400","2023-12-28T07:29:18.462Z","2023-12-28T07:29:18.462Z"
161356915,"MBB","1703748546","s","800","18500","9495400","2023-12-28T07:29:18.462Z","2023-12-28T07:29:18.462Z"
161356510,"MBB","1703748541","s","5000","18500","9490400","2023-12-28T07:29:13.433Z","2023-12-28T07:29:13.433Z"
161355158,"MBB","1703748527","s","3200","18500","9485400","2023-12-28T07:29:00.458Z","2023-12-28T07:29:00.458Z"
161355157,"MBB","1703748527","s","200","18500","9485400","2023-12-28T07:29:00.458Z","2023-12-28T07:29:00.458Z"
161355156,"MBB","1703748527","s","300","18500","9485400","2023-12-28T07:29:00.458Z","2023-12-28T07:29:00.458Z"
161355155,"MBB","1703748527","s","1300","18500","9485400","2023-12-28T07:29:00.458Z","2023-12-28T07:29:00.458Z"
161354198,"MBB","1703748518","s","300","18500","9480400","2023-12-28T07:28:50.516Z","2023-12-28T07:28:50.516Z"
161354197,"MBB","1703748518","s","400","18500","9480400","2023-12-28T07:28:50.516Z","2023-12-28T07:28:50.516Z"
161354196,"MBB","1703748518","s","100","18500","9480400","2023-12-28T07:28:50.516Z","2023-12-28T07:28:50.516Z"
161354195,"MBB","1703748518","s","1000","18500","9480400","2023-12-28T07:28:50.516Z","2023-12-28T07:28:50.516Z"
161354194,"MBB","1703748518","s","500","18500","9480400","2023-12-28T07:28:50.516Z","2023-12-28T07:28:50.516Z"
161354193,"MBB","1703748518","s","2700","18500","9480400","2023-12-28T07:28:50.516Z","2023-12-28T07:28:50.516Z"
161354133,"MBB","1703748516","s","2100","18500","9475400","2023-12-28T07:28:48.437Z","2023-12-28T07:28:48.437Z"
161354132,"MBB","1703748516","s","700","18500","9475400","2023-12-28T07:28:48.437Z","2023-12-28T07:28:48.437Z"
161354131,"MBB","1703748516","s","1500","18500","9475400","2023-12-28T07:28:48.437Z","2023-12-28T07:28:48.437Z"
161354130,"MBB","1703748516","s","100","18500","9475400","2023-12-28T07:28:48.437Z","2023-12-28T07:28:48.437Z"
161354129,"MBB","1703748516","s","600","18500","9475400","2023-12-28T07:28:48.437Z","2023-12-28T07:28:48.437Z"
161353738,"MBB","1703748511","s","400","18500","9473400","2023-12-28T07:28:44.428Z","2023-12-28T07:28:44.428Z"
161353737,"MBB","1703748511","s","1600","18500","9473400","2023-12-28T07:28:44.428Z","2023-12-28T07:28:44.428Z"
161353589,"MBB","1703748509","s","200","18500","9473200","2023-12-28T07:28:42.430Z","2023-12-28T07:28:42.430Z"
161353536,"MBB","1703748508","s","200","18500","9471400","2023-12-28T07:28:41.432Z","2023-12-28T07:28:41.432Z"
161353535,"MBB","1703748508","s","300","18500","9471400","2023-12-28T07:28:41.432Z","2023-12-28T07:28:41.432Z"
161353534,"MBB","1703748508","s","300","18500","9471400","2023-12-28T07:28:41.432Z","2023-12-28T07:28:41.432Z"
161353533,"MBB","1703748508","s","200","18500","9471400","2023-12-28T07:28:41.432Z","2023-12-28T07:28:41.432Z"
161353532,"MBB","1703748508","s","100","18500","9471400","2023-12-28T07:28:41.432Z","2023-12-28T07:28:41.432Z"
161353531,"MBB","1703748508","s","200","18500","9471400","2023-12-28T07:28:41.432Z","2023-12-28T07:28:41.432Z"
161353530,"MBB","1703748508","s","200","18500","9471400","2023-12-28T07:28:41.432Z","2023-12-28T07:28:41.432Z"
161353529,"MBB","1703748508","s","300","18500","9471400","2023-12-28T07:28:41.432Z","2023-12-28T07:28:41.432Z"
161353311,"MBB","1703748506","s","5000","18500","9434400","2023-12-28T07:28:38.452Z","2023-12-28T07:28:38.452Z"
161353310,"MBB","1703748506","s","1200","18500","9434400","2023-12-28T07:28:38.452Z","2023-12-28T07:28:38.452Z"
161353309,"MBB","1703748506","s","300","18500","9434400","2023-12-28T07:28:38.452Z","2023-12-28T07:28:38.452Z"
161353308,"MBB","1703748506","s","1000","18500","9434400","2023-12-28T07:28:38.452Z","2023-12-28T07:28:38.452Z"
161353307,"MBB","1703748506","s","100","18500","9434400","2023-12-28T07:28:38.452Z","2023-12-28T07:28:38.452Z"
161353306,"MBB","1703748506","s","5000","18500","9434400","2023-12-28T07:28:38.452Z","2023-12-28T07:28:38.452Z"
161353305,"MBB","1703748506","s","15000","18500","9434400","2023-12-28T07:28:38.452Z","2023-12-28T07:28:38.452Z"
161353304,"MBB","1703748506","s","9400","18500","9434400","2023-12-28T07:28:38.452Z","2023-12-28T07:28:38.452Z"
161353193,"MBB","1703748505","s","300","18500","9434100","2023-12-28T07:28:37.440Z","2023-12-28T07:28:37.440Z"
161353135,"MBB","1703748504","s","20300","18500","9384100","2023-12-28T07:28:36.438Z","2023-12-28T07:28:36.438Z"
161353134,"MBB","1703748504","s","3500","18500","9384100","2023-12-28T07:28:36.438Z","2023-12-28T07:28:36.438Z"
161353133,"MBB","1703748504","s","200","18500","9384100","2023-12-28T07:28:36.438Z","2023-12-28T07:28:36.438Z"
161353132,"MBB","1703748504","s","4000","18500","9384100","2023-12-28T07:28:36.438Z","2023-12-28T07:28:36.438Z"
161353131,"MBB","1703748504","s","2000","18500","9384100","2023-12-28T07:28:36.438Z","2023-12-28T07:28:36.438Z"
161353130,"MBB","1703748504","s","1000","18500","9384100","2023-12-28T07:28:36.438Z","2023-12-28T07:28:36.438Z"
161353129,"MBB","1703748504","s","19000","18500","9384100","2023-12-28T07:28:36.438Z","2023-12-28T07:28:36.438Z"
161352863,"MBB","1703748501","s","1000","18500","9384100","2023-12-28T07:28:33.464Z","2023-12-28T07:28:33.464Z"
161352861,"MBB","1703748501","s","10000","18500","9384100","2023-12-28T07:28:33.464Z","2023-12-28T07:28:33.464Z"
161352504,"MBB","1703748496","s","100","18500","9373000","2023-12-28T07:28:28.436Z","2023-12-28T07:28:28.436Z"
161352276,"MBB","1703748493","s","10000","18500","9363000","2023-12-28T07:28:25.443Z","2023-12-28T07:28:25.443Z"
161352202,"MBB","1703748492","s","1000","18500","9362000","2023-12-28T07:28:25.443Z","2023-12-28T07:28:25.443Z"
161352096,"MBB","1703748491","s","8900","18500","9342000","2023-12-28T07:28:24.454Z","2023-12-28T07:28:24.454Z"
161352095,"MBB","1703748491","s","11100","18500","9342000","2023-12-28T07:28:24.454Z","2023-12-28T07:28:24.454Z"
161352042,"MBB","1703748489","s","10000","18500","9332000","2023-12-28T07:28:22.427Z","2023-12-28T07:28:22.427Z"
161351690,"MBB","1703748484","s","5000","18500","9327000","2023-12-28T07:28:17.446Z","2023-12-28T07:28:17.446Z"
161351455,"MBB","1703748482","s","1000","18500","9326000","2023-12-28T07:28:14.462Z","2023-12-28T07:28:14.462Z"
161350988,"MBB","1703748477","s","100","18500","9325900","2023-12-28T07:28:10.464Z","2023-12-28T07:28:10.464Z"
161350626,"MBB","1703748476","s","200","18500","9325500","2023-12-28T07:28:09.505Z","2023-12-28T07:28:09.505Z"
161350625,"MBB","1703748476","s","200","18500","9325500","2023-12-28T07:28:09.505Z","2023-12-28T07:28:09.505Z"
161350382,"MBB","1703748474","b","2800","18550","9322700","2023-12-28T07:28:07.484Z","2023-12-28T07:28:07.484Z"
161350173,"MBB","1703748472","s","1000","18500","9320700","2023-12-28T07:28:05.459Z","2023-12-28T07:28:05.459Z"
161350172,"MBB","1703748472","s","1000","18500","9320700","2023-12-28T07:28:05.459Z","2023-12-28T07:28:05.459Z"
161349812,"MBB","1703748471","s","500","18500","9320200","2023-12-28T07:28:03.480Z","2023-12-28T07:28:03.480Z"
161348947,"MBB","1703748456","s","15000","18500","9289000","2023-12-28T07:27:48.439Z","2023-12-28T07:27:48.439Z"
161348946,"MBB","1703748456","s","4900","18500","9289000","2023-12-28T07:27:48.439Z","2023-12-28T07:27:48.439Z"
161348945,"MBB","1703748456","s","5000","18500","9289000","2023-12-28T07:27:48.439Z","2023-12-28T07:27:48.439Z"
161348944,"MBB","1703748456","s","4000","18500","9289000","2023-12-28T07:27:48.439Z","2023-12-28T07:27:48.439Z"
161348943,"MBB","1703748456","s","1300","18500","9289000","2023-12-28T07:27:48.439Z","2023-12-28T07:27:48.439Z"
161348942,"MBB","1703748456","s","1000","18500","9289000","2023-12-28T07:27:48.439Z","2023-12-28T07:27:48.439Z"
161348621,"MBB","1703748453","s","8300","18500","9259100","2023-12-28T07:27:45.443Z","2023-12-28T07:27:45.443Z"
161348620,"MBB","1703748453","s","100","18500","9259100","2023-12-28T07:27:45.443Z","2023-12-28T07:27:45.443Z"
161348619,"MBB","1703748453","s","100","18500","9259100","2023-12-28T07:27:45.443Z","2023-12-28T07:27:45.443Z"
