"id","symbol","truncTime","matchType","matchVol","matchPrice","accumulatedVolume","createdAt","updatedAt"
161362420,"PAN","1703749498","unknown","143500","20200","1186500","2023-12-28T07:45:11.423Z","2023-12-28T07:45:11.423Z"
161361003,"PAN","1703748586","s","2000","20150","1186500","2023-12-28T07:29:59.425Z","2023-12-28T07:29:59.425Z"
161360883,"PAN","1703748584","b","1000","20150","1155200","2023-12-28T07:29:57.431Z","2023-12-28T07:29:57.431Z"
161360882,"PAN","1703748584","b","100","20150","1155200","2023-12-28T07:29:57.431Z","2023-12-28T07:29:57.431Z"
161360881,"PAN","1703748584","b","4800","20150","1155200","2023-12-28T07:29:57.431Z","2023-12-28T07:29:57.431Z"
161360880,"PAN","1703748584","b","19500","20150","1155200","2023-12-28T07:29:57.431Z","2023-12-28T07:29:57.431Z"
161360879,"PAN","1703748584","b","3000","20100","1155200","2023-12-28T07:29:57.431Z","2023-12-28T07:29:57.431Z"
161360878,"PAN","1703748584","b","900","20050","1155200","2023-12-28T07:29:57.431Z","2023-12-28T07:29:57.431Z"
161360777,"PAN","1703748583","s","100","20050","1155100","2023-12-28T07:29:56.471Z","2023-12-28T07:29:56.471Z"
161359625,"PAN","1703748570","s","500","20150","1154600","2023-12-28T07:29:43.431Z","2023-12-28T07:29:43.431Z"
161359081,"PAN","1703748564","s","200","20150","1154400","2023-12-28T07:29:37.432Z","2023-12-28T07:29:37.432Z"
161358751,"PAN","1703748563","b","500","20150","1154400","2023-12-28T07:29:35.485Z","2023-12-28T07:29:35.485Z"
161358750,"PAN","1703748563","b","100","20150","1154400","2023-12-28T07:29:35.485Z","2023-12-28T07:29:35.485Z"
161358749,"PAN","1703748563","b","2000","20150","1154400","2023-12-28T07:29:35.485Z","2023-12-28T07:29:35.485Z"
161358748,"PAN","1703748563","b","100","20150","1154400","2023-12-28T07:29:35.485Z","2023-12-28T07:29:35.485Z"
161358747,"PAN","1703748563","b","1000","20150","1154400","2023-12-28T07:29:35.485Z","2023-12-28T07:29:35.485Z"
161358746,"PAN","1703748563","b","5500","20150","1154400","2023-12-28T07:29:35.485Z","2023-12-28T07:29:35.485Z"
161358745,"PAN","1703748563","b","500","20150","1154400","2023-12-28T07:29:35.485Z","2023-12-28T07:29:35.485Z"
161358744,"PAN","1703748563","b","800","20150","1154400","2023-12-28T07:29:35.485Z","2023-12-28T07:29:35.485Z"
161358743,"PAN","1703748563","b","3000","20150","1154400","2023-12-28T07:29:35.485Z","2023-12-28T07:29:35.485Z"
161358742,"PAN","1703748563","b","500","20100","1154400","2023-12-28T07:29:35.485Z","2023-12-28T07:29:35.485Z"
161358741,"PAN","1703748563","b","300","20100","1154400","2023-12-28T07:29:35.485Z","2023-12-28T07:29:35.485Z"
161358740,"PAN","1703748563","b","500","20100","1154400","2023-12-28T07:29:35.485Z","2023-12-28T07:29:35.485Z"
161358739,"PAN","1703748563","b","1000","20100","1154400","2023-12-28T07:29:35.485Z","2023-12-28T07:29:35.485Z"
161358738,"PAN","1703748563","b","500","20100","1154400","2023-12-28T07:29:35.485Z","2023-12-28T07:29:35.485Z"
161358737,"PAN","1703748563","b","400","20100","1154400","2023-12-28T07:29:35.485Z","2023-12-28T07:29:35.485Z"
161358736,"PAN","1703748563","b","1000","20100","1154400","2023-12-28T07:29:35.485Z","2023-12-28T07:29:35.485Z"
161358735,"PAN","1703748563","b","100","20100","1154400","2023-12-28T07:29:35.485Z","2023-12-28T07:29:35.485Z"
161358734,"PAN","1703748563","b","3100","20100","1154400","2023-12-28T07:29:35.485Z","2023-12-28T07:29:35.485Z"
161358733,"PAN","1703748563","b","10000","20100","1154400","2023-12-28T07:29:35.485Z","2023-12-28T07:29:35.485Z"
161358732,"PAN","1703748563","b","500","20100","1154400","2023-12-28T07:29:35.485Z","2023-12-28T07:29:35.485Z"
161358731,"PAN","1703748563","b","1000","20100","1154400","2023-12-28T07:29:35.485Z","2023-12-28T07:29:35.485Z"
161358730,"PAN","1703748563","b","2000","20100","1154400","2023-12-28T07:29:35.485Z","2023-12-28T07:29:35.485Z"
161358729,"PAN","1703748563","b","100","20100","1154400","2023-12-28T07:29:35.485Z","2023-12-28T07:29:35.485Z"
161358728,"PAN","1703748563","b","600","20100","1154400","2023-12-28T07:29:35.485Z","2023-12-28T07:29:35.485Z"
161358727,"PAN","1703748563","b","500","20100","1154400","2023-12-28T07:29:35.485Z","2023-12-28T07:29:35.485Z"
161358726,"PAN","1703748563","b","1000","20100","1154400","2023-12-28T07:29:35.485Z","2023-12-28T07:29:35.485Z"
161358725,"PAN","1703748563","b","200","20100","1154400","2023-12-28T07:29:35.485Z","2023-12-28T07:29:35.485Z"
161358724,"PAN","1703748563","b","500","20050","1154400","2023-12-28T07:29:35.485Z","2023-12-28T07:29:35.485Z"
161358723,"PAN","1703748563","b","100","20050","1154400","2023-12-28T07:29:35.485Z","2023-12-28T07:29:35.485Z"
161358722,"PAN","1703748563","b","100","20050","1154400","2023-12-28T07:29:35.485Z","2023-12-28T07:29:35.485Z"
161358721,"PAN","1703748563","b","200","20050","1154400","2023-12-28T07:29:35.485Z","2023-12-28T07:29:35.485Z"
161358720,"PAN","1703748563","b","100","20050","1154400","2023-12-28T07:29:35.485Z","2023-12-28T07:29:35.485Z"
161358719,"PAN","1703748563","b","1600","20050","1154400","2023-12-28T07:29:35.485Z","2023-12-28T07:29:35.485Z"
161358718,"PAN","1703748563","b","200","20050","1154400","2023-12-28T07:29:35.485Z","2023-12-28T07:29:35.485Z"
161358717,"PAN","1703748563","b","1000","20050","1154400","2023-12-28T07:29:35.485Z","2023-12-28T07:29:35.485Z"
161358716,"PAN","1703748563","b","200","20050","1154400","2023-12-28T07:29:35.485Z","2023-12-28T07:29:35.485Z"
161358715,"PAN","1703748563","b","2000","20050","1154400","2023-12-28T07:29:35.485Z","2023-12-28T07:29:35.485Z"
161358714,"PAN","1703748563","b","500","20050","1154400","2023-12-28T07:29:35.485Z","2023-12-28T07:29:35.485Z"
161358713,"PAN","1703748563","b","200","20050","1154400","2023-12-28T07:29:35.485Z","2023-12-28T07:29:35.485Z"
161358712,"PAN","1703748563","b","4000","20050","1154400","2023-12-28T07:29:35.485Z","2023-12-28T07:29:35.485Z"
161358711,"PAN","1703748563","b","1000","20050","1154400","2023-12-28T07:29:35.485Z","2023-12-28T07:29:35.485Z"
161358710,"PAN","1703748563","b","500","20050","1154400","2023-12-28T07:29:35.485Z","2023-12-28T07:29:35.485Z"
161358709,"PAN","1703748563","b","300","20050","1154400","2023-12-28T07:29:35.485Z","2023-12-28T07:29:35.485Z"
161357264,"PAN","1703748549","b","500","20050","1104600","2023-12-28T07:29:22.466Z","2023-12-28T07:29:22.466Z"
161356517,"PAN","1703748541","b","1000","20000","1104600","2023-12-28T07:29:14.447Z","2023-12-28T07:29:14.447Z"
161356174,"PAN","1703748537","b","1200","20050","1097400","2023-12-28T07:29:10.419Z","2023-12-28T07:29:10.419Z"
161356172,"PAN","1703748537","b","2000","20050","1097400","2023-12-28T07:29:10.419Z","2023-12-28T07:29:10.419Z"
161356171,"PAN","1703748537","b","500","20000","1097400","2023-12-28T07:29:10.419Z","2023-12-28T07:29:10.419Z"
161356170,"PAN","1703748537","b","1000","20000","1097400","2023-12-28T07:29:10.419Z","2023-12-28T07:29:10.419Z"
161356169,"PAN","1703748537","b","1500","20000","1097400","2023-12-28T07:29:10.419Z","2023-12-28T07:29:10.419Z"
161354914,"PAN","1703748525","s","500","20000","1097400","2023-12-28T07:28:58.493Z","2023-12-28T07:28:58.493Z"
161354652,"PAN","1703748521","b","500","20050","1096400","2023-12-28T07:28:53.443Z","2023-12-28T07:28:53.443Z"
161354525,"PAN","1703748519","s","1000","20000","1096400","2023-12-28T07:28:51.598Z","2023-12-28T07:28:51.598Z"
161354063,"PAN","1703748515","s","5000","20000","1090400","2023-12-28T07:28:47.434Z","2023-12-28T07:28:47.434Z"
161352534,"PAN","1703748496","b","500","20050","1089900","2023-12-28T07:28:29.427Z","2023-12-28T07:28:29.427Z"
161351612,"PAN","1703748483","s","100","20000","1089800","2023-12-28T07:28:16.437Z","2023-12-28T07:28:16.437Z"
161351192,"PAN","1703748480","s","5000","20000","1089800","2023-12-28T07:28:13.469Z","2023-12-28T07:28:13.469Z"
161349806,"PAN","1703748470","s","500","20000","1084800","2023-12-28T07:28:03.480Z","2023-12-28T07:28:03.480Z"
161349585,"PAN","1703748463","s","300","20000","1084300","2023-12-28T07:27:56.431Z","2023-12-28T07:27:56.431Z"
161348863,"PAN","1703748454","b","500","20000","1084000","2023-12-28T07:27:46.467Z","2023-12-28T07:27:46.467Z"
161348862,"PAN","1703748454","b","2000","20000","1084000","2023-12-28T07:27:46.467Z","2023-12-28T07:27:46.467Z"
161348861,"PAN","1703748454","b","500","20000","1084000","2023-12-28T07:27:46.467Z","2023-12-28T07:27:46.467Z"
161348860,"PAN","1703748454","b","1000","20000","1084000","2023-12-28T07:27:46.467Z","2023-12-28T07:27:46.467Z"
161348859,"PAN","1703748454","b","1000","20000","1084000","2023-12-28T07:27:46.467Z","2023-12-28T07:27:46.467Z"
161348858,"PAN","1703748454","b","500","20000","1084000","2023-12-28T07:27:46.467Z","2023-12-28T07:27:46.467Z"
161348857,"PAN","1703748454","b","100","20000","1084000","2023-12-28T07:27:46.467Z","2023-12-28T07:27:46.467Z"
161348856,"PAN","1703748454","b","300","20000","1084000","2023-12-28T07:27:46.467Z","2023-12-28T07:27:46.467Z"
161348855,"PAN","1703748454","b","1000","20000","1084000","2023-12-28T07:27:46.467Z","2023-12-28T07:27:46.467Z"
161348854,"PAN","1703748454","b","100","20000","1084000","2023-12-28T07:27:46.467Z","2023-12-28T07:27:46.467Z"
161348853,"PAN","1703748454","b","100","20000","1084000","2023-12-28T07:27:46.467Z","2023-12-28T07:27:46.467Z"
161348852,"PAN","1703748454","b","100","20000","1084000","2023-12-28T07:27:46.467Z","2023-12-28T07:27:46.467Z"
161348851,"PAN","1703748454","b","300","20000","1084000","2023-12-28T07:27:46.467Z","2023-12-28T07:27:46.467Z"
161348850,"PAN","1703748454","b","1500","20000","1084000","2023-12-28T07:27:46.467Z","2023-12-28T07:27:46.467Z"
161348849,"PAN","1703748454","b","1000","20000","1084000","2023-12-28T07:27:46.467Z","2023-12-28T07:27:46.467Z"
161348848,"PAN","1703748454","b","600","20000","1084000","2023-12-28T07:27:46.467Z","2023-12-28T07:27:46.467Z"
161348847,"PAN","1703748454","b","1100","20000","1084000","2023-12-28T07:27:46.467Z","2023-12-28T07:27:46.467Z"
161348846,"PAN","1703748454","b","500","20000","1084000","2023-12-28T07:27:46.467Z","2023-12-28T07:27:46.467Z"
161348845,"PAN","1703748454","b","1500","20000","1084000","2023-12-28T07:27:46.467Z","2023-12-28T07:27:46.467Z"
161348844,"PAN","1703748454","b","400","20000","1084000","2023-12-28T07:27:46.467Z","2023-12-28T07:27:46.467Z"
161348843,"PAN","1703748454","b","1000","20000","1084000","2023-12-28T07:27:46.467Z","2023-12-28T07:27:46.467Z"
161348842,"PAN","1703748454","b","100","20000","1084000","2023-12-28T07:27:46.467Z","2023-12-28T07:27:46.467Z"
161348841,"PAN","1703748454","b","200","20000","1084000","2023-12-28T07:27:46.467Z","2023-12-28T07:27:46.467Z"
161348840,"PAN","1703748454","b","1000","20000","1084000","2023-12-28T07:27:46.467Z","2023-12-28T07:27:46.467Z"
161348839,"PAN","1703748454","b","1700","20000","1084000","2023-12-28T07:27:46.467Z","2023-12-28T07:27:46.467Z"
161348838,"PAN","1703748454","b","6000","20000","1084000","2023-12-28T07:27:46.467Z","2023-12-28T07:27:46.467Z"
161348837,"PAN","1703748454","b","1000","20000","1084000","2023-12-28T07:27:46.467Z","2023-12-28T07:27:46.467Z"
161348836,"PAN","1703748454","b","200","20000","1084000","2023-12-28T07:27:46.467Z","2023-12-28T07:27:46.467Z"
161348835,"PAN","1703748454","b","400","20000","1084000","2023-12-28T07:27:46.467Z","2023-12-28T07:27:46.467Z"
161348834,"PAN","1703748454","b","1000","20000","1084000","2023-12-28T07:27:46.467Z","2023-12-28T07:27:46.467Z"
