"id","symbol","truncTime","matchType","matchVol","matchPrice","accumulatedVolume","createdAt","updatedAt"
161363059,"VLC","1703750344","s","200","15600","190000","2023-12-28T07:59:04.434Z","2023-12-28T07:59:04.434Z"
161362985,"VLC","1703750250","b","100","15700","189800","2023-12-28T07:57:30.433Z","2023-12-28T07:57:30.433Z"
161362980,"VLC","1703750247","b","100","15700","189700","2023-12-28T07:57:27.432Z","2023-12-28T07:57:27.432Z"
161362977,"VLC","1703750244","b","100","15700","189600","2023-12-28T07:57:24.432Z","2023-12-28T07:57:24.432Z"
161362976,"VLC","1703750242","b","100","15700","189500","2023-12-28T07:57:22.433Z","2023-12-28T07:57:22.433Z"
161362972,"VLC","1703750239","b","100","15700","189400","2023-12-28T07:57:19.432Z","2023-12-28T07:57:19.432Z"
161362962,"VLC","1703750226","b","100","15700","189300","2023-12-28T07:57:06.432Z","2023-12-28T07:57:06.432Z"
161362958,"VLC","1703750222","b","100","15700","189200","2023-12-28T07:57:02.431Z","2023-12-28T07:57:02.431Z"
161362955,"VLC","1703750218","b","100","15700","189100","2023-12-28T07:56:58.432Z","2023-12-28T07:56:58.432Z"
161362928,"VLC","1703750172","b","500","15700","189000","2023-12-28T07:56:12.430Z","2023-12-28T07:56:12.430Z"
161362918,"VLC","1703750157","b","600","15700","188500","2023-12-28T07:55:57.430Z","2023-12-28T07:55:57.430Z"
161362620,"VLC","1703749624","b","500","15800","187900","2023-12-28T07:47:04.420Z","2023-12-28T07:47:04.420Z"
161362601,"VLC","1703749588","b","2000","15800","187400","2023-12-28T07:46:29.419Z","2023-12-28T07:46:29.419Z"
161362585,"VLC","1703749561","s","1100","15700","185400","2023-12-28T07:46:01.419Z","2023-12-28T07:46:01.419Z"
161362051,"VLC","1703749502","b","100","15700","184300","2023-12-28T07:45:03.432Z","2023-12-28T07:45:03.432Z"
161362001,"VLC","1703749490","b","100","15700","184200","2023-12-28T07:44:51.418Z","2023-12-28T07:44:51.418Z"
161361985,"VLC","1703749457","b","1000","15700","184100","2023-12-28T07:44:18.418Z","2023-12-28T07:44:18.418Z"
161361979,"VLC","1703749453","s","500","15600","183100","2023-12-28T07:44:14.419Z","2023-12-28T07:44:14.419Z"
161361946,"VLC","1703749367","b","100","15700","182600","2023-12-28T07:42:48.417Z","2023-12-28T07:42:48.417Z"
161361945,"VLC","1703749364","b","100","15700","182500","2023-12-28T07:42:45.418Z","2023-12-28T07:42:45.418Z"
161361944,"VLC","1703749363","b","3000","15700","182400","2023-12-28T07:42:44.417Z","2023-12-28T07:42:44.417Z"
161361941,"VLC","1703749360","b","100","15700","179400","2023-12-28T07:42:41.417Z","2023-12-28T07:42:41.417Z"
161361934,"VLC","1703749347","b","100","15700","179300","2023-12-28T07:42:27.416Z","2023-12-28T07:42:27.416Z"
161361923,"VLC","1703749317","b","100","15700","179200","2023-12-28T07:41:58.421Z","2023-12-28T07:41:58.421Z"
161361870,"VLC","1703749206","b","1000","15700","179100","2023-12-28T07:40:08.415Z","2023-12-28T07:40:08.415Z"
161361773,"VLC","1703749060","b","100","15700","178100","2023-12-28T07:37:41.413Z","2023-12-28T07:37:41.413Z"
161361769,"VLC","1703749056","b","200","15700","178000","2023-12-28T07:37:37.415Z","2023-12-28T07:37:37.415Z"
161361761,"VLC","1703749035","b","100","15700","177800","2023-12-28T07:37:16.414Z","2023-12-28T07:37:16.414Z"
161361756,"VLC","1703749030","b","100","15700","177700","2023-12-28T07:37:11.413Z","2023-12-28T07:37:11.413Z"
161361752,"VLC","1703749027","b","100","15700","177600","2023-12-28T07:37:08.413Z","2023-12-28T07:37:08.413Z"
161361748,"VLC","1703749021","b","100","15700","177500","2023-12-28T07:37:02.414Z","2023-12-28T07:37:02.414Z"
161361744,"VLC","1703749017","b","100","15700","177400","2023-12-28T07:36:58.414Z","2023-12-28T07:36:58.414Z"
161361701,"VLC","1703748949","b","2400","15700","177300","2023-12-28T07:35:50.412Z","2023-12-28T07:35:50.412Z"
161361557,"VLC","1703748731","b","100","15800","174900","2023-12-28T07:32:13.411Z","2023-12-28T07:32:13.411Z"
161340282,"VLC","1703748325","b","1600","15800","174800","2023-12-28T07:25:26.424Z","2023-12-28T07:25:26.424Z"
161322361,"VLC","1703748003","s","200","15800","173200","2023-12-28T07:20:04.424Z","2023-12-28T07:20:04.424Z"
161319690,"VLC","1703747960","b","3200","15800","173000","2023-12-28T07:19:21.429Z","2023-12-28T07:19:21.429Z"
161314069,"VLC","1703747837","b","2000","15800","169800","2023-12-28T07:17:18.420Z","2023-12-28T07:17:18.420Z"
161313680,"VLC","1703747827","s","1900","15700","167800","2023-12-28T07:17:08.431Z","2023-12-28T07:17:08.431Z"
161312652,"VLC","1703747802","s","3100","15700","165900","2023-12-28T07:16:43.436Z","2023-12-28T07:16:43.436Z"
161306952,"VLC","1703747668","b","3900","15700","162800","2023-12-28T07:14:29.425Z","2023-12-28T07:14:29.425Z"
161304035,"VLC","1703747607","s","1100","15700","158900","2023-12-28T07:13:27.423Z","2023-12-28T07:13:27.423Z"
161282094,"VLC","1703747196","s","100","15700","157800","2023-12-28T07:06:38.417Z","2023-12-28T07:06:38.417Z"
161277209,"VLC","1703747069","b","9600","15700","157700","2023-12-28T07:04:30.417Z","2023-12-28T07:04:30.417Z"
161276340,"VLC","1703747034","s","400","15700","148100","2023-12-28T07:03:56.409Z","2023-12-28T07:03:56.409Z"
161271609,"VLC","1703746851","b","500","15700","147700","2023-12-28T07:00:52.407Z","2023-12-28T07:00:52.407Z"
161271141,"VLC","1703746833","b","100","15700","147200","2023-12-28T07:00:34.402Z","2023-12-28T07:00:34.402Z"
161270686,"VLC","1703746816","b","1000","15700","147100","2023-12-28T07:00:18.408Z","2023-12-28T07:00:18.408Z"
161270033,"VLC","1703746795","b","100","15700","146100","2023-12-28T06:59:57.412Z","2023-12-28T06:59:57.412Z"
161268137,"VLC","1703746746","b","300","15700","146000","2023-12-28T06:59:07.401Z","2023-12-28T06:59:07.401Z"
161265777,"VLC","1703746669","b","3000","15700","145700","2023-12-28T06:57:50.400Z","2023-12-28T06:57:50.400Z"
161254781,"VLC","1703746295","b","5000","15800","142700","2023-12-28T06:51:36.401Z","2023-12-28T06:51:36.401Z"
161254297,"VLC","1703746277","unknown","3300","15700","137700","2023-12-28T06:51:18.397Z","2023-12-28T06:51:18.397Z"
161252594,"VLC","1703746222","b","1700","15700","134400","2023-12-28T06:50:23.393Z","2023-12-28T06:50:23.393Z"
161250859,"VLC","1703746165","s","5000","15700","132700","2023-12-28T06:49:27.408Z","2023-12-28T06:49:27.408Z"
161245724,"VLC","1703746017","s","700","15700","127700","2023-12-28T06:46:58.408Z","2023-12-28T06:46:58.408Z"
161238621,"VLC","1703745828","b","900","15700","127000","2023-12-28T06:43:49.386Z","2023-12-28T06:43:49.386Z"
161237665,"VLC","1703745806","b","3000","15700","126100","2023-12-28T06:43:27.385Z","2023-12-28T06:43:27.385Z"
161236901,"VLC","1703745788","s","1100","15700","123100","2023-12-28T06:43:08.413Z","2023-12-28T06:43:08.413Z"
161233406,"VLC","1703745654","s","1900","15700","122000","2023-12-28T06:40:54.380Z","2023-12-28T06:40:54.380Z"
161232007,"VLC","1703745596","b","100","15700","120100","2023-12-28T06:39:57.376Z","2023-12-28T06:39:57.376Z"
161230606,"VLC","1703745543","b","8000","15700","120000","2023-12-28T06:39:04.376Z","2023-12-28T06:39:04.376Z"
161218315,"VLC","1703745128","s","500","15700","112000","2023-12-28T06:32:09.380Z","2023-12-28T06:32:09.380Z"
161217998,"VLC","1703745115","s","2000","15700","111500","2023-12-28T06:31:57.373Z","2023-12-28T06:31:57.373Z"
161217098,"VLC","1703745084","b","1000","15800","109500","2023-12-28T06:31:25.379Z","2023-12-28T06:31:25.379Z"
161194116,"VLC","1703744453","unknown","10000","15700","108500","2023-12-28T06:20:54.360Z","2023-12-28T06:20:54.360Z"
161191158,"VLC","1703744332","s","5000","15700","98500","2023-12-28T06:18:53.369Z","2023-12-28T06:18:53.369Z"
161184295,"VLC","1703744010","unknown","500","15700","93500","2023-12-28T06:13:31.373Z","2023-12-28T06:13:31.373Z"
161183302,"VLC","1703743957","s","200","15700","93000","2023-12-28T06:12:38.360Z","2023-12-28T06:12:38.360Z"
161182846,"VLC","1703743934","s","200","15700","92800","2023-12-28T06:12:15.363Z","2023-12-28T06:12:15.363Z"
161182288,"VLC","1703743907","b","14800","15700","92600","2023-12-28T06:11:48.366Z","2023-12-28T06:11:48.366Z"
161178004,"VLC","1703743691","unknown","200","15800","77800","2023-12-28T06:08:12.364Z","2023-12-28T06:08:12.364Z"
161171788,"VLC","1703743408","s","3700","15800","77600","2023-12-28T06:03:29.363Z","2023-12-28T06:03:29.363Z"
161165670,"VLC","1703743206","s","500","15800","73900","2023-12-28T06:00:10.402Z","2023-12-28T06:00:10.402Z"
161160999,"VLC","1703737605","s","300","15800","73400","2023-12-28T04:26:46.265Z","2023-12-28T04:26:46.265Z"
161143217,"VLC","1703736209","b","600","15800","73100","2023-12-28T04:03:30.242Z","2023-12-28T04:03:30.242Z"
161142796,"VLC","1703736183","s","400","15800","72500","2023-12-28T04:03:04.252Z","2023-12-28T04:03:04.252Z"
161142261,"VLC","1703736155","s","1000","15800","72100","2023-12-28T04:02:36.254Z","2023-12-28T04:02:36.254Z"
161135914,"VLC","1703735616","b","100","15900","71100","2023-12-28T03:53:37.233Z","2023-12-28T03:53:37.233Z"
161135788,"VLC","1703735604","b","600","15800","71000","2023-12-28T03:53:25.228Z","2023-12-28T03:53:25.228Z"
161135423,"VLC","1703735570","b","1000","15800","70400","2023-12-28T03:52:51.225Z","2023-12-28T03:52:51.225Z"
161130415,"VLC","1703735209","b","800","15800","69400","2023-12-28T03:46:50.213Z","2023-12-28T03:46:50.213Z"
161125325,"VLC","1703734850","b","1000","15800","68600","2023-12-28T03:40:51.211Z","2023-12-28T03:40:51.211Z"
161113516,"VLC","1703734083","s","500","15800","67600","2023-12-28T03:28:04.199Z","2023-12-28T03:28:04.199Z"
161111609,"VLC","1703733970","s","500","15800","67100","2023-12-28T03:26:11.204Z","2023-12-28T03:26:11.204Z"
161104372,"VLC","1703733505","s","300","15700","66600","2023-12-28T03:18:26.199Z","2023-12-28T03:18:26.199Z"
161100073,"VLC","1703733182","s","2100","15700","66300","2023-12-28T03:13:03.195Z","2023-12-28T03:13:03.195Z"
161099998,"VLC","1703733175","s","6000","15700","64200","2023-12-28T03:12:56.194Z","2023-12-28T03:12:56.194Z"
161097665,"VLC","1703733027","s","400","15700","58200","2023-12-28T03:10:28.196Z","2023-12-28T03:10:28.196Z"
161073018,"VLC","1703731799","s","1000","15700","57800","2023-12-28T02:50:00.175Z","2023-12-28T02:50:00.175Z"
161070221,"VLC","1703731661","s","4000","15700","56800","2023-12-28T02:47:42.176Z","2023-12-28T02:47:42.176Z"
161068954,"VLC","1703731591","s","5000","15700","52800","2023-12-28T02:46:33.172Z","2023-12-28T02:46:33.172Z"
161065320,"VLC","1703731435","s","500","15700","47800","2023-12-28T02:43:57.171Z","2023-12-28T02:43:57.171Z"
161064803,"VLC","1703731407","b","4700","15700","47300","2023-12-28T02:43:28.166Z","2023-12-28T02:43:28.166Z"
161064163,"VLC","1703731376","b","3200","15700","42600","2023-12-28T02:42:57.166Z","2023-12-28T02:42:57.166Z"
161063124,"VLC","1703731329","s","1300","15700","39400","2023-12-28T02:42:10.165Z","2023-12-28T02:42:10.165Z"
161062842,"VLC","1703731318","s","1000","15700","38100","2023-12-28T02:41:59.169Z","2023-12-28T02:41:59.169Z"
161062789,"VLC","1703731314","s","1900","15700","37100","2023-12-28T02:41:55.167Z","2023-12-28T02:41:55.167Z"
161062445,"VLC","1703731295","s","1800","15700","35200","2023-12-28T02:41:37.170Z","2023-12-28T02:41:37.170Z"
161062173,"VLC","1703731283","s","1800","15700","33400","2023-12-28T02:41:25.167Z","2023-12-28T02:41:25.167Z"
