"id","symbol","truncTime","matchType","matchVol","matchPrice","accumulatedVolume","createdAt","updatedAt"
161362408,"VOS","1703749498","unknown","41900","11550","1383900","2023-12-28T07:45:10.450Z","2023-12-28T07:45:10.450Z"
161360996,"VOS","1703748586","b","3000","11500","1383900","2023-12-28T07:29:59.425Z","2023-12-28T07:29:59.425Z"
161360053,"VOS","1703748574","s","5000","11450","1380900","2023-12-28T07:29:47.454Z","2023-12-28T07:29:47.454Z"
161357274,"VOS","1703748549","b","400","11500","1375500","2023-12-28T07:29:22.466Z","2023-12-28T07:29:22.466Z"
161356464,"VOS","1703748540","b","5000","11500","1370500","2023-12-28T07:29:13.433Z","2023-12-28T07:29:13.433Z"
161356422,"VOS","1703748539","s","1400","11450","1355500","2023-12-28T07:29:12.438Z","2023-12-28T07:29:12.438Z"
161356421,"VOS","1703748539","s","200","11450","1355500","2023-12-28T07:29:12.438Z","2023-12-28T07:29:12.438Z"
161356420,"VOS","1703748539","s","1000","11450","1355500","2023-12-28T07:29:12.438Z","2023-12-28T07:29:12.438Z"
161356419,"VOS","1703748539","s","500","11450","1355500","2023-12-28T07:29:12.438Z","2023-12-28T07:29:12.438Z"
161356418,"VOS","1703748539","s","100","11450","1355500","2023-12-28T07:29:12.438Z","2023-12-28T07:29:12.438Z"
161356417,"VOS","1703748539","s","100","11450","1355500","2023-12-28T07:29:12.438Z","2023-12-28T07:29:12.438Z"
161356416,"VOS","1703748539","s","100","11450","1355500","2023-12-28T07:29:12.438Z","2023-12-28T07:29:12.438Z"
161356415,"VOS","1703748539","s","300","11450","1355500","2023-12-28T07:29:12.438Z","2023-12-28T07:29:12.438Z"
161356414,"VOS","1703748539","s","10000","11450","1355500","2023-12-28T07:29:12.438Z","2023-12-28T07:29:12.438Z"
161356413,"VOS","1703748539","s","100","11450","1355500","2023-12-28T07:29:12.438Z","2023-12-28T07:29:12.438Z"
161356412,"VOS","1703748539","s","100","11450","1355500","2023-12-28T07:29:12.438Z","2023-12-28T07:29:12.438Z"
161356411,"VOS","1703748539","s","600","11450","1355500","2023-12-28T07:29:12.438Z","2023-12-28T07:29:12.438Z"
161356410,"VOS","1703748539","s","100","11450","1355500","2023-12-28T07:29:12.438Z","2023-12-28T07:29:12.438Z"
161356409,"VOS","1703748539","s","400","11450","1355500","2023-12-28T07:29:12.438Z","2023-12-28T07:29:12.438Z"
161356391,"VOS","1703748539","s","100","11450","1355500","2023-12-28T07:29:12.438Z","2023-12-28T07:29:12.438Z"
161356390,"VOS","1703748539","s","400","11450","1355500","2023-12-28T07:29:12.438Z","2023-12-28T07:29:12.438Z"
161355851,"VOS","1703748533","b","1500","11500","1353500","2023-12-28T07:29:05.462Z","2023-12-28T07:29:05.462Z"
161354915,"VOS","1703748525","b","5000","11500","1353500","2023-12-28T07:28:58.493Z","2023-12-28T07:28:58.493Z"
161353501,"VOS","1703748508","s","300","11500","1341200","2023-12-28T07:28:40.456Z","2023-12-28T07:28:40.456Z"
161353500,"VOS","1703748508","s","100","11500","1341200","2023-12-28T07:28:40.456Z","2023-12-28T07:28:40.456Z"
161353499,"VOS","1703748508","s","500","11500","1341200","2023-12-28T07:28:40.456Z","2023-12-28T07:28:40.456Z"
161353498,"VOS","1703748508","s","6400","11500","1341200","2023-12-28T07:28:40.456Z","2023-12-28T07:28:40.456Z"
161352740,"VOS","1703748500","s","300","11500","1340900","2023-12-28T07:28:33.464Z","2023-12-28T07:28:33.464Z"
161352141,"VOS","1703748492","s","1000","11500","1339900","2023-12-28T07:28:24.454Z","2023-12-28T07:28:24.454Z"
161350868,"VOS","1703748477","b","300","11500","1337500","2023-12-28T07:28:09.505Z","2023-12-28T07:28:09.505Z"
161350867,"VOS","1703748477","b","1800","11500","1337500","2023-12-28T07:28:09.505Z","2023-12-28T07:28:09.505Z"
161350866,"VOS","1703748477","b","300","11500","1337500","2023-12-28T07:28:09.505Z","2023-12-28T07:28:09.505Z"
161349253,"VOS","1703748458","s","1000","11500","1332600","2023-12-28T07:27:51.438Z","2023-12-28T07:27:51.438Z"
161349252,"VOS","1703748458","s","300","11500","1332600","2023-12-28T07:27:51.438Z","2023-12-28T07:27:51.438Z"
161349251,"VOS","1703748458","s","400","11500","1332600","2023-12-28T07:27:51.438Z","2023-12-28T07:27:51.438Z"
161349250,"VOS","1703748458","s","400","11500","1332600","2023-12-28T07:27:51.438Z","2023-12-28T07:27:51.438Z"
161349249,"VOS","1703748458","s","1000","11500","1332600","2023-12-28T07:27:51.438Z","2023-12-28T07:27:51.438Z"
161349248,"VOS","1703748458","s","200","11500","1332600","2023-12-28T07:27:51.438Z","2023-12-28T07:27:51.438Z"
161349247,"VOS","1703748458","s","1600","11500","1332600","2023-12-28T07:27:51.438Z","2023-12-28T07:27:51.438Z"
161348960,"VOS","1703748456","s","400","11500","1329600","2023-12-28T07:27:48.439Z","2023-12-28T07:27:48.439Z"
161348959,"VOS","1703748456","s","500","11500","1329600","2023-12-28T07:27:48.439Z","2023-12-28T07:27:48.439Z"
161348958,"VOS","1703748456","s","1000","11500","1329600","2023-12-28T07:27:48.439Z","2023-12-28T07:27:48.439Z"
161348957,"VOS","1703748456","s","100","11500","1329600","2023-12-28T07:27:48.439Z","2023-12-28T07:27:48.439Z"
161348956,"VOS","1703748456","s","1000","11500","1329600","2023-12-28T07:27:48.439Z","2023-12-28T07:27:48.439Z"
161348592,"VOS","1703748452","s","1000","11500","1329600","2023-12-28T07:27:44.425Z","2023-12-28T07:27:44.425Z"
161348591,"VOS","1703748452","s","400","11500","1329600","2023-12-28T07:27:44.425Z","2023-12-28T07:27:44.425Z"
161348590,"VOS","1703748452","s","600","11500","1329600","2023-12-28T07:27:44.425Z","2023-12-28T07:27:44.425Z"
161348363,"VOS","1703748450","s","400","11500","1327600","2023-12-28T07:27:42.464Z","2023-12-28T07:27:42.464Z"
161348362,"VOS","1703748450","s","500","11500","1327600","2023-12-28T07:27:42.464Z","2023-12-28T07:27:42.464Z"
161348361,"VOS","1703748450","s","100","11500","1327600","2023-12-28T07:27:42.464Z","2023-12-28T07:27:42.464Z"
161348360,"VOS","1703748450","s","200","11500","1327600","2023-12-28T07:27:42.464Z","2023-12-28T07:27:42.464Z"
161348359,"VOS","1703748450","s","200","11500","1327600","2023-12-28T07:27:42.464Z","2023-12-28T07:27:42.464Z"
161348358,"VOS","1703748450","s","2100","11500","1327600","2023-12-28T07:27:42.464Z","2023-12-28T07:27:42.464Z"
161348357,"VOS","1703748450","s","500","11500","1327600","2023-12-28T07:27:42.464Z","2023-12-28T07:27:42.464Z"
161348356,"VOS","1703748450","s","5400","11500","1327600","2023-12-28T07:27:42.464Z","2023-12-28T07:27:42.464Z"
161347284,"VOS","1703748437","s","2000","11500","1318200","2023-12-28T07:27:29.445Z","2023-12-28T07:27:29.445Z"
161346665,"VOS","1703748426","s","2600","11500","1305300","2023-12-28T07:27:19.469Z","2023-12-28T07:27:19.469Z"
161346664,"VOS","1703748426","s","8300","11500","1305300","2023-12-28T07:27:19.469Z","2023-12-28T07:27:19.469Z"
161346203,"VOS","1703748418","s","800","11500","1304500","2023-12-28T07:27:11.435Z","2023-12-28T07:27:11.435Z"
161344932,"VOS","1703748401","s","14900","11500","1254500","2023-12-28T07:26:53.447Z","2023-12-28T07:26:53.447Z"
161344931,"VOS","1703748401","s","100","11500","1254500","2023-12-28T07:26:53.447Z","2023-12-28T07:26:53.447Z"
161344930,"VOS","1703748401","s","3000","11500","1254500","2023-12-28T07:26:53.447Z","2023-12-28T07:26:53.447Z"
161344929,"VOS","1703748401","s","200","11500","1254500","2023-12-28T07:26:53.447Z","2023-12-28T07:26:53.447Z"
161344928,"VOS","1703748401","s","100","11500","1254500","2023-12-28T07:26:53.447Z","2023-12-28T07:26:53.447Z"
161344927,"VOS","1703748401","s","10000","11500","1254500","2023-12-28T07:26:53.447Z","2023-12-28T07:26:53.447Z"
161344926,"VOS","1703748401","s","100","11500","1254500","2023-12-28T07:26:53.447Z","2023-12-28T07:26:53.447Z"
161344925,"VOS","1703748401","s","100","11500","1254500","2023-12-28T07:26:53.447Z","2023-12-28T07:26:53.447Z"
161344924,"VOS","1703748401","s","2000","11500","1254500","2023-12-28T07:26:53.447Z","2023-12-28T07:26:53.447Z"
161344923,"VOS","1703748401","s","5000","11500","1254500","2023-12-28T07:26:53.447Z","2023-12-28T07:26:53.447Z"
161344922,"VOS","1703748401","s","9000","11500","1254500","2023-12-28T07:26:53.447Z","2023-12-28T07:26:53.447Z"
161344921,"VOS","1703748401","s","200","11500","1254500","2023-12-28T07:26:53.447Z","2023-12-28T07:26:53.447Z"
161344920,"VOS","1703748401","s","2000","11500","1254500","2023-12-28T07:26:53.447Z","2023-12-28T07:26:53.447Z"
161344919,"VOS","1703748401","s","3300","11500","1254500","2023-12-28T07:26:53.447Z","2023-12-28T07:26:53.447Z"
161344435,"VOS","1703748391","s","1000","11500","1253500","2023-12-28T07:26:44.429Z","2023-12-28T07:26:44.429Z"
161344406,"VOS","1703748391","s","700","11500","1233400","2023-12-28T07:26:43.446Z","2023-12-28T07:26:43.446Z"
161344405,"VOS","1703748391","s","2000","11500","1233400","2023-12-28T07:26:43.446Z","2023-12-28T07:26:43.446Z"
161344404,"VOS","1703748391","s","500","11500","1233400","2023-12-28T07:26:43.446Z","2023-12-28T07:26:43.446Z"
161344403,"VOS","1703748391","s","5000","11500","1233400","2023-12-28T07:26:43.446Z","2023-12-28T07:26:43.446Z"
161344402,"VOS","1703748391","s","100","11500","1233400","2023-12-28T07:26:43.446Z","2023-12-28T07:26:43.446Z"
161344401,"VOS","1703748391","s","5000","11500","1233400","2023-12-28T07:26:43.446Z","2023-12-28T07:26:43.446Z"
161344400,"VOS","1703748391","s","200","11500","1233400","2023-12-28T07:26:43.446Z","2023-12-28T07:26:43.446Z"
161344399,"VOS","1703748391","s","5000","11500","1233400","2023-12-28T07:26:43.446Z","2023-12-28T07:26:43.446Z"
161344398,"VOS","1703748391","s","1200","11500","1233400","2023-12-28T07:26:43.446Z","2023-12-28T07:26:43.446Z"
161344393,"VOS","1703748391","b","400","11550","1233400","2023-12-28T07:26:43.446Z","2023-12-28T07:26:43.446Z"
161343933,"VOS","1703748381","s","200","11500","1233400","2023-12-28T07:26:33.444Z","2023-12-28T07:26:33.444Z"
161343858,"VOS","1703748380","b","2500","11550","1233200","2023-12-28T07:26:32.425Z","2023-12-28T07:26:32.425Z"
161343291,"VOS","1703748372","s","100","11500","1230600","2023-12-28T07:26:24.423Z","2023-12-28T07:26:24.423Z"
161342038,"VOS","1703748347","s","100","11550","1227200","2023-12-28T07:25:59.436Z","2023-12-28T07:25:59.436Z"
161342037,"VOS","1703748347","s","200","11550","1227200","2023-12-28T07:25:59.436Z","2023-12-28T07:25:59.436Z"
161342036,"VOS","1703748347","s","3000","11550","1227200","2023-12-28T07:25:59.436Z","2023-12-28T07:25:59.436Z"
161342035,"VOS","1703748347","s","100","11550","1227200","2023-12-28T07:25:59.436Z","2023-12-28T07:25:59.436Z"
161341988,"VOS","1703748345","s","600","11550","1227200","2023-12-28T07:25:58.417Z","2023-12-28T07:25:58.417Z"
161341987,"VOS","1703748345","s","400","11550","1227200","2023-12-28T07:25:58.417Z","2023-12-28T07:25:58.417Z"
161341986,"VOS","1703748345","s","100","11550","1227200","2023-12-28T07:25:58.417Z","2023-12-28T07:25:58.417Z"
161341985,"VOS","1703748345","s","400","11550","1227200","2023-12-28T07:25:58.417Z","2023-12-28T07:25:58.417Z"
161341984,"VOS","1703748345","s","500","11550","1227200","2023-12-28T07:25:58.417Z","2023-12-28T07:25:58.417Z"
161341983,"VOS","1703748345","s","100","11550","1227200","2023-12-28T07:25:58.417Z","2023-12-28T07:25:58.417Z"
161341982,"VOS","1703748345","s","1000","11550","1227200","2023-12-28T07:25:58.417Z","2023-12-28T07:25:58.417Z"
161341981,"VOS","1703748345","s","2000","11550","1227200","2023-12-28T07:25:58.417Z","2023-12-28T07:25:58.417Z"
161341980,"VOS","1703748345","s","1000","11550","1227200","2023-12-28T07:25:58.417Z","2023-12-28T07:25:58.417Z"
