"id","symbol","truncTime","matchType","matchVol","matchPrice","accumulatedVolume","createdAt","updatedAt"
157343614,"DXS","1702367091","unknown","80600","7730","2747800","2023-12-12T07:45:04.571Z","2023-12-12T07:45:04.571Z"
157342248,"DXS","1702366177","b","4000","7750","2667200","2023-12-12T07:29:51.400Z","2023-12-12T07:29:51.400Z"
157340493,"DXS","1702366150","b","200","7750","2663200","2023-12-12T07:29:24.425Z","2023-12-12T07:29:24.425Z"
157340492,"DXS","1702366150","b","300","7750","2663200","2023-12-12T07:29:24.425Z","2023-12-12T07:29:24.425Z"
157340491,"DXS","1702366150","b","1700","7750","2663200","2023-12-12T07:29:24.425Z","2023-12-12T07:29:24.425Z"
157340490,"DXS","1702366150","b","6800","7750","2663200","2023-12-12T07:29:24.425Z","2023-12-12T07:29:24.425Z"
157340322,"DXS","1702366148","s","1300","7730","2654200","2023-12-12T07:29:21.446Z","2023-12-12T07:29:21.446Z"
157340321,"DXS","1702366148","s","2000","7730","2654200","2023-12-12T07:29:21.446Z","2023-12-12T07:29:21.446Z"
157340320,"DXS","1702366148","s","500","7730","2654200","2023-12-12T07:29:21.446Z","2023-12-12T07:29:21.446Z"
157340319,"DXS","1702366148","s","700","7730","2654200","2023-12-12T07:29:21.446Z","2023-12-12T07:29:21.446Z"
157340318,"DXS","1702366148","s","1000","7740","2654200","2023-12-12T07:29:21.446Z","2023-12-12T07:29:21.446Z"
157340317,"DXS","1702366148","s","100","7740","2654200","2023-12-12T07:29:21.446Z","2023-12-12T07:29:21.446Z"
157340316,"DXS","1702366148","s","100","7740","2654200","2023-12-12T07:29:21.446Z","2023-12-12T07:29:21.446Z"
157340315,"DXS","1702366148","s","100","7740","2654200","2023-12-12T07:29:21.446Z","2023-12-12T07:29:21.446Z"
157340314,"DXS","1702366148","s","4200","7740","2654200","2023-12-12T07:29:21.446Z","2023-12-12T07:29:21.446Z"
157339807,"DXS","1702366141","b","1000","7750","2644200","2023-12-12T07:29:14.458Z","2023-12-12T07:29:14.458Z"
157339239,"DXS","1702366132","b","2200","7750","2643200","2023-12-12T07:29:05.424Z","2023-12-12T07:29:05.424Z"
157339238,"DXS","1702366132","b","2800","7750","2643200","2023-12-12T07:29:05.424Z","2023-12-12T07:29:05.424Z"
157338597,"DXS","1702366122","b","100","7750","2638200","2023-12-12T07:28:55.400Z","2023-12-12T07:28:55.400Z"
157338408,"DXS","1702366119","b","500","7750","2638100","2023-12-12T07:28:52.415Z","2023-12-12T07:28:52.415Z"
157334365,"DXS","1702366040","b","5000","7750","2637600","2023-12-12T07:27:33.388Z","2023-12-12T07:27:33.388Z"
157334279,"DXS","1702366038","s","500","7740","2632600","2023-12-12T07:27:31.397Z","2023-12-12T07:27:31.397Z"
157333553,"DXS","1702366021","s","300","7740","2632100","2023-12-12T07:27:14.394Z","2023-12-12T07:27:14.394Z"
157333492,"DXS","1702366019","b","100","7750","2631700","2023-12-12T07:27:12.402Z","2023-12-12T07:27:12.402Z"
157329974,"DXS","1702365962","s","2600","7730","2631700","2023-12-12T07:26:15.416Z","2023-12-12T07:26:15.416Z"
157329973,"DXS","1702365962","s","400","7740","2631700","2023-12-12T07:26:15.416Z","2023-12-12T07:26:15.416Z"
157329732,"DXS","1702365959","s","200","7740","2625900","2023-12-12T07:26:12.433Z","2023-12-12T07:26:12.433Z"
157329731,"DXS","1702365959","s","300","7740","2625900","2023-12-12T07:26:12.433Z","2023-12-12T07:26:12.433Z"
157329730,"DXS","1702365959","s","100","7740","2625900","2023-12-12T07:26:12.433Z","2023-12-12T07:26:12.433Z"
157329729,"DXS","1702365959","s","100","7740","2625900","2023-12-12T07:26:12.433Z","2023-12-12T07:26:12.433Z"
157329728,"DXS","1702365959","s","1000","7740","2625900","2023-12-12T07:26:12.433Z","2023-12-12T07:26:12.433Z"
157329727,"DXS","1702365959","s","300","7740","2625900","2023-12-12T07:26:12.433Z","2023-12-12T07:26:12.433Z"
157329726,"DXS","1702365959","s","100","7740","2625900","2023-12-12T07:26:12.433Z","2023-12-12T07:26:12.433Z"
157329725,"DXS","1702365959","s","500","7740","2625900","2023-12-12T07:26:12.433Z","2023-12-12T07:26:12.433Z"
157329724,"DXS","1702365959","s","200","7740","2625900","2023-12-12T07:26:12.433Z","2023-12-12T07:26:12.433Z"
157329642,"DXS","1702365958","s","2000","7740","2622200","2023-12-12T07:26:11.424Z","2023-12-12T07:26:11.424Z"
157329641,"DXS","1702365958","s","1000","7740","2622200","2023-12-12T07:26:11.424Z","2023-12-12T07:26:11.424Z"
157329640,"DXS","1702365958","s","700","7740","2622200","2023-12-12T07:26:11.424Z","2023-12-12T07:26:11.424Z"
157325136,"DXS","1702365872","s","2400","7740","2622200","2023-12-12T07:24:44.393Z","2023-12-12T07:24:44.393Z"
157325135,"DXS","1702365872","s","6600","7740","2622200","2023-12-12T07:24:44.393Z","2023-12-12T07:24:44.393Z"
157323782,"DXS","1702365838","s","400","7740","2613200","2023-12-12T07:24:11.393Z","2023-12-12T07:24:11.393Z"
157323750,"DXS","1702365837","s","2500","7740","2610300","2023-12-12T07:24:10.418Z","2023-12-12T07:24:10.418Z"
157323648,"DXS","1702365834","s","500","7740","2610300","2023-12-12T07:24:08.420Z","2023-12-12T07:24:08.420Z"
157323647,"DXS","1702365834","s","4000","7740","2610300","2023-12-12T07:24:08.420Z","2023-12-12T07:24:08.420Z"
157323646,"DXS","1702365834","s","100","7740","2610300","2023-12-12T07:24:08.420Z","2023-12-12T07:24:08.420Z"
157323645,"DXS","1702365834","s","400","7740","2610300","2023-12-12T07:24:08.420Z","2023-12-12T07:24:08.420Z"
157320263,"DXS","1702365749","s","600","7740","2605300","2023-12-12T07:22:42.398Z","2023-12-12T07:22:42.398Z"
157320262,"DXS","1702365749","s","2400","7740","2605300","2023-12-12T07:22:42.398Z","2023-12-12T07:22:42.398Z"
157320005,"DXS","1702365742","b","200","7750","2602100","2023-12-12T07:22:36.388Z","2023-12-12T07:22:36.388Z"
157319790,"DXS","1702365735","b","100","7750","2602100","2023-12-12T07:22:28.387Z","2023-12-12T07:22:28.387Z"
157316700,"DXS","1702365652","b","500","7750","2602000","2023-12-12T07:21:05.385Z","2023-12-12T07:21:05.385Z"
157316699,"DXS","1702365652","b","500","7750","2602000","2023-12-12T07:21:05.385Z","2023-12-12T07:21:05.385Z"
157315391,"DXS","1702365611","s","500","7750","2599500","2023-12-12T07:20:24.395Z","2023-12-12T07:20:24.395Z"
157315390,"DXS","1702365611","s","200","7750","2599500","2023-12-12T07:20:24.395Z","2023-12-12T07:20:24.395Z"
157315389,"DXS","1702365611","s","200","7750","2599500","2023-12-12T07:20:24.395Z","2023-12-12T07:20:24.395Z"
157315388,"DXS","1702365611","s","100","7750","2599500","2023-12-12T07:20:24.395Z","2023-12-12T07:20:24.395Z"
157315387,"DXS","1702365611","s","500","7750","2599500","2023-12-12T07:20:24.395Z","2023-12-12T07:20:24.395Z"
157314501,"DXS","1702365589","s","500","7750","2599000","2023-12-12T07:20:02.388Z","2023-12-12T07:20:02.388Z"
157314379,"DXS","1702365583","s","300","7750","2598700","2023-12-12T07:19:55.387Z","2023-12-12T07:19:55.387Z"
157312512,"DXS","1702365525","s","1500","7760","2598700","2023-12-12T07:18:57.406Z","2023-12-12T07:18:57.406Z"
157312211,"DXS","1702365513","s","2300","7760","2597200","2023-12-12T07:18:46.386Z","2023-12-12T07:18:46.386Z"
157312210,"DXS","1702365513","s","700","7760","2597200","2023-12-12T07:18:46.386Z","2023-12-12T07:18:46.386Z"
157312209,"DXS","1702365513","s","2000","7760","2597200","2023-12-12T07:18:46.386Z","2023-12-12T07:18:46.386Z"
157311412,"DXS","1702365484","s","1200","7770","2592200","2023-12-12T07:18:17.390Z","2023-12-12T07:18:17.390Z"
157310558,"DXS","1702365448","s","100","7770","2591000","2023-12-12T07:17:41.409Z","2023-12-12T07:17:41.409Z"
157310308,"DXS","1702365437","b","2000","7770","2587900","2023-12-12T07:17:30.410Z","2023-12-12T07:17:30.410Z"
157310307,"DXS","1702365437","b","1000","7770","2587900","2023-12-12T07:17:30.410Z","2023-12-12T07:17:30.410Z"
157310190,"DXS","1702365431","s","500","7760","2587400","2023-12-12T07:17:24.383Z","2023-12-12T07:17:24.383Z"
157308801,"DXS","1702365381","s","2000","7760","2585400","2023-12-12T07:16:35.388Z","2023-12-12T07:16:35.388Z"
157307714,"DXS","1702365335","s","1500","7760","2585400","2023-12-12T07:15:48.393Z","2023-12-12T07:15:48.393Z"
157307713,"DXS","1702365335","s","500","7760","2585400","2023-12-12T07:15:48.393Z","2023-12-12T07:15:48.393Z"
157307712,"DXS","1702365335","s","1000","7760","2585400","2023-12-12T07:15:48.393Z","2023-12-12T07:15:48.393Z"
157306614,"DXS","1702365284","s","1000","7760","2581400","2023-12-12T07:14:57.389Z","2023-12-12T07:14:57.389Z"
157304895,"DXS","1702365220","b","100","7760","2581300","2023-12-12T07:13:53.382Z","2023-12-12T07:13:53.382Z"
157304796,"DXS","1702365217","s","3700","7750","2577300","2023-12-12T07:13:50.379Z","2023-12-12T07:13:50.379Z"
157304795,"DXS","1702365217","s","100","7750","2577300","2023-12-12T07:13:50.379Z","2023-12-12T07:13:50.379Z"
157304794,"DXS","1702365217","s","100","7750","2577300","2023-12-12T07:13:50.379Z","2023-12-12T07:13:50.379Z"
157304793,"DXS","1702365217","s","100","7750","2577300","2023-12-12T07:13:50.379Z","2023-12-12T07:13:50.379Z"
157304761,"DXS","1702365216","b","100","7760","2577300","2023-12-12T07:13:48.389Z","2023-12-12T07:13:48.389Z"
157304760,"DXS","1702365216","b","100","7760","2577300","2023-12-12T07:13:48.389Z","2023-12-12T07:13:48.389Z"
157303571,"DXS","1702365186","b","400","7760","2577100","2023-12-12T07:13:20.392Z","2023-12-12T07:13:20.392Z"
157303550,"DXS","1702365186","b","2000","7760","2576700","2023-12-12T07:13:19.387Z","2023-12-12T07:13:19.387Z"
157303254,"DXS","1702365177","b","200","7760","2574500","2023-12-12T07:13:10.411Z","2023-12-12T07:13:10.411Z"
157303039,"DXS","1702365171","s","900","7750","2571500","2023-12-12T07:13:04.377Z","2023-12-12T07:13:04.377Z"
157303038,"DXS","1702365171","s","1000","7750","2571500","2023-12-12T07:13:04.377Z","2023-12-12T07:13:04.377Z"
157303037,"DXS","1702365171","s","1100","7750","2571500","2023-12-12T07:13:04.377Z","2023-12-12T07:13:04.377Z"
157302570,"DXS","1702365155","b","100","7760","2571400","2023-12-12T07:12:48.390Z","2023-12-12T07:12:48.390Z"
157302430,"DXS","1702365152","s","2000","7750","2569400","2023-12-12T07:12:45.388Z","2023-12-12T07:12:45.388Z"
157302291,"DXS","1702365146","b","1000","7760","2569400","2023-12-12T07:12:39.386Z","2023-12-12T07:12:39.386Z"
157301173,"DXS","1702365109","b","1900","7750","2568400","2023-12-12T07:12:02.385Z","2023-12-12T07:12:02.385Z"
157301172,"DXS","1702365109","b","1000","7750","2568400","2023-12-12T07:12:02.385Z","2023-12-12T07:12:02.385Z"
157301088,"DXS","1702365108","b","200","7750","2565300","2023-12-12T07:12:00.396Z","2023-12-12T07:12:00.396Z"
157301077,"DXS","1702365107","b","2600","7750","2565300","2023-12-12T07:11:59.393Z","2023-12-12T07:11:59.393Z"
157300829,"DXS","1702365099","b","200","7750","2562500","2023-12-12T07:11:52.386Z","2023-12-12T07:11:52.386Z"
157300810,"DXS","1702365099","b","200","7750","2562300","2023-12-12T07:11:52.386Z","2023-12-12T07:11:52.386Z"
157300751,"DXS","1702365096","b","1400","7750","2562300","2023-12-12T07:11:48.388Z","2023-12-12T07:11:48.388Z"
157300750,"DXS","1702365096","b","8600","7750","2562300","2023-12-12T07:11:48.388Z","2023-12-12T07:11:48.388Z"
157300480,"DXS","1702365087","b","5400","7750","2552300","2023-12-12T07:11:40.399Z","2023-12-12T07:11:40.399Z"
157300306,"DXS","1702365084","b","300","7750","2546900","2023-12-12T07:11:37.447Z","2023-12-12T07:11:37.447Z"
157299716,"DXS","1702365068","b","1000","7750","2546600","2023-12-12T07:11:22.388Z","2023-12-12T07:11:22.388Z"
