"id","symbol","truncTime","matchType","matchVol","matchPrice","accumulatedVolume","createdAt","updatedAt"
157343509,"FIR","1702367091","unknown","91700","20900","597600","2023-12-12T07:45:04.571Z","2023-12-12T07:45:04.571Z"
157341444,"FIR","1702366165","s","3000","20800","505900","2023-12-12T07:29:37.411Z","2023-12-12T07:29:37.411Z"
157336050,"FIR","1702366076","s","1100","20900","502900","2023-12-12T07:28:09.395Z","2023-12-12T07:28:09.395Z"
157335377,"FIR","1702366061","b","700","20900","501800","2023-12-12T07:27:54.413Z","2023-12-12T07:27:54.413Z"
157335376,"FIR","1702366061","b","100","20900","501800","2023-12-12T07:27:54.413Z","2023-12-12T07:27:54.413Z"
157335375,"FIR","1702366061","b","200","20900","501800","2023-12-12T07:27:54.413Z","2023-12-12T07:27:54.413Z"
157335374,"FIR","1702366061","b","300","20900","501800","2023-12-12T07:27:54.413Z","2023-12-12T07:27:54.413Z"
157335373,"FIR","1702366061","b","7200","20900","501800","2023-12-12T07:27:54.413Z","2023-12-12T07:27:54.413Z"
157332204,"FIR","1702365997","b","9000","20900","493300","2023-12-12T07:26:50.427Z","2023-12-12T07:26:50.427Z"
157329579,"FIR","1702365957","b","2800","20900","484300","2023-12-12T07:26:10.400Z","2023-12-12T07:26:10.400Z"
157329578,"FIR","1702365957","b","1500","20900","484300","2023-12-12T07:26:10.400Z","2023-12-12T07:26:10.400Z"
157329577,"FIR","1702365957","b","500","20900","484300","2023-12-12T07:26:10.400Z","2023-12-12T07:26:10.400Z"
157329576,"FIR","1702365957","b","400","20800","484300","2023-12-12T07:26:10.400Z","2023-12-12T07:26:10.400Z"
157329575,"FIR","1702365957","b","700","20800","484300","2023-12-12T07:26:10.400Z","2023-12-12T07:26:10.400Z"
157329574,"FIR","1702365957","b","100","20800","484300","2023-12-12T07:26:10.400Z","2023-12-12T07:26:10.400Z"
157322595,"FIR","1702365807","s","400","20700","478300","2023-12-12T07:23:40.408Z","2023-12-12T07:23:40.408Z"
157322019,"FIR","1702365793","b","100","20700","477900","2023-12-12T07:23:26.383Z","2023-12-12T07:23:26.383Z"
157322018,"FIR","1702365793","b","500","20700","477900","2023-12-12T07:23:26.383Z","2023-12-12T07:23:26.383Z"
157322017,"FIR","1702365793","b","600","20700","477900","2023-12-12T07:23:26.383Z","2023-12-12T07:23:26.383Z"
157311464,"FIR","1702365486","b","1200","20500","476700","2023-12-12T07:18:19.390Z","2023-12-12T07:18:19.390Z"
157310499,"FIR","1702365446","b","1000","20500","475500","2023-12-12T07:17:38.379Z","2023-12-12T07:17:38.379Z"
157309512,"FIR","1702365406","b","200","20500","474500","2023-12-12T07:16:59.387Z","2023-12-12T07:16:59.387Z"
157305575,"FIR","1702365241","b","1000","20500","474300","2023-12-12T07:14:15.385Z","2023-12-12T07:14:15.385Z"
157304443,"FIR","1702365209","s","1000","20500","473300","2023-12-12T07:13:42.390Z","2023-12-12T07:13:42.390Z"
157304442,"FIR","1702365209","s","600","20500","473300","2023-12-12T07:13:42.390Z","2023-12-12T07:13:42.390Z"
157301078,"FIR","1702365107","b","500","20500","471700","2023-12-12T07:11:59.393Z","2023-12-12T07:11:59.393Z"
157300898,"FIR","1702365103","b","500","20500","471200","2023-12-12T07:11:55.379Z","2023-12-12T07:11:55.379Z"
157295907,"FIR","1702364950","b","100","20400","470700","2023-12-12T07:09:23.397Z","2023-12-12T07:09:23.397Z"
157295906,"FIR","1702364950","b","200","20400","470700","2023-12-12T07:09:23.397Z","2023-12-12T07:09:23.397Z"
157295738,"FIR","1702364945","b","500","20400","470400","2023-12-12T07:09:18.377Z","2023-12-12T07:09:18.377Z"
157295655,"FIR","1702364943","b","1000","20400","469900","2023-12-12T07:09:16.417Z","2023-12-12T07:09:16.417Z"
157295558,"FIR","1702364940","b","100","20400","468900","2023-12-12T07:09:13.377Z","2023-12-12T07:09:13.377Z"
157295491,"FIR","1702364937","b","100","20400","468700","2023-12-12T07:09:11.380Z","2023-12-12T07:09:11.380Z"
157294825,"FIR","1702364919","s","200","20400","468700","2023-12-12T07:08:51.420Z","2023-12-12T07:08:51.420Z"
157294824,"FIR","1702364919","s","900","20400","468700","2023-12-12T07:08:51.420Z","2023-12-12T07:08:51.420Z"
157294298,"FIR","1702364904","s","100","20400","467600","2023-12-12T07:08:37.385Z","2023-12-12T07:08:37.385Z"
157294297,"FIR","1702364904","s","200","20400","467600","2023-12-12T07:08:37.385Z","2023-12-12T07:08:37.385Z"
157294296,"FIR","1702364904","s","200","20400","467600","2023-12-12T07:08:37.385Z","2023-12-12T07:08:37.385Z"
157294295,"FIR","1702364904","s","300","20400","467600","2023-12-12T07:08:37.385Z","2023-12-12T07:08:37.385Z"
157294294,"FIR","1702364904","s","5000","20400","467600","2023-12-12T07:08:37.385Z","2023-12-12T07:08:37.385Z"
157294293,"FIR","1702364904","s","200","20400","467600","2023-12-12T07:08:37.385Z","2023-12-12T07:08:37.385Z"
157293722,"FIR","1702364886","s","800","20400","461600","2023-12-12T07:08:19.463Z","2023-12-12T07:08:19.463Z"
157293721,"FIR","1702364886","s","100","20400","461600","2023-12-12T07:08:19.463Z","2023-12-12T07:08:19.463Z"
157293720,"FIR","1702364886","s","500","20400","461600","2023-12-12T07:08:19.463Z","2023-12-12T07:08:19.463Z"
157293719,"FIR","1702364886","s","5000","20400","461600","2023-12-12T07:08:19.463Z","2023-12-12T07:08:19.463Z"
157293718,"FIR","1702364886","s","500","20400","461600","2023-12-12T07:08:19.463Z","2023-12-12T07:08:19.463Z"
157293717,"FIR","1702364886","s","2000","20400","461600","2023-12-12T07:08:19.463Z","2023-12-12T07:08:19.463Z"
157293716,"FIR","1702364886","s","500","20400","461600","2023-12-12T07:08:19.463Z","2023-12-12T07:08:19.463Z"
157293715,"FIR","1702364886","s","500","20400","461600","2023-12-12T07:08:19.463Z","2023-12-12T07:08:19.463Z"
157293714,"FIR","1702364886","s","500","20400","461600","2023-12-12T07:08:19.463Z","2023-12-12T07:08:19.463Z"
157293713,"FIR","1702364886","s","200","20400","461600","2023-12-12T07:08:19.463Z","2023-12-12T07:08:19.463Z"
157293712,"FIR","1702364886","s","500","20400","461600","2023-12-12T07:08:19.463Z","2023-12-12T07:08:19.463Z"
157293711,"FIR","1702364886","s","500","20400","461600","2023-12-12T07:08:19.463Z","2023-12-12T07:08:19.463Z"
157293710,"FIR","1702364886","s","1000","20400","461600","2023-12-12T07:08:19.463Z","2023-12-12T07:08:19.463Z"
157293709,"FIR","1702364886","s","100","20400","461600","2023-12-12T07:08:19.463Z","2023-12-12T07:08:19.463Z"
157293708,"FIR","1702364886","s","1000","20400","461600","2023-12-12T07:08:19.463Z","2023-12-12T07:08:19.463Z"
157293707,"FIR","1702364886","s","200","20400","461600","2023-12-12T07:08:19.463Z","2023-12-12T07:08:19.463Z"
157293706,"FIR","1702364886","s","200","20450","461600","2023-12-12T07:08:19.463Z","2023-12-12T07:08:19.463Z"
157293705,"FIR","1702364886","s","4000","20450","461600","2023-12-12T07:08:19.463Z","2023-12-12T07:08:19.463Z"
157293704,"FIR","1702364886","s","100","20450","461600","2023-12-12T07:08:19.463Z","2023-12-12T07:08:19.463Z"
157293703,"FIR","1702364886","s","800","20450","461600","2023-12-12T07:08:19.463Z","2023-12-12T07:08:19.463Z"
157293119,"FIR","1702364871","s","200","20450","442600","2023-12-12T07:08:04.377Z","2023-12-12T07:08:04.377Z"
157291534,"FIR","1702364832","s","100","20500","442400","2023-12-12T07:07:24.382Z","2023-12-12T07:07:24.382Z"
157289339,"FIR","1702364781","s","500","20450","441700","2023-12-12T07:06:34.399Z","2023-12-12T07:06:34.399Z"
157289338,"FIR","1702364781","s","100","20450","441700","2023-12-12T07:06:34.399Z","2023-12-12T07:06:34.399Z"
157289337,"FIR","1702364781","s","300","20450","441700","2023-12-12T07:06:34.399Z","2023-12-12T07:06:34.399Z"
157289336,"FIR","1702364781","s","300","20450","441700","2023-12-12T07:06:34.399Z","2023-12-12T07:06:34.399Z"
157289335,"FIR","1702364781","s","500","20450","441700","2023-12-12T07:06:34.399Z","2023-12-12T07:06:34.399Z"
157289334,"FIR","1702364781","s","500","20450","441700","2023-12-12T07:06:34.399Z","2023-12-12T07:06:34.399Z"
157289333,"FIR","1702364781","s","100","20450","441700","2023-12-12T07:06:34.399Z","2023-12-12T07:06:34.399Z"
157289332,"FIR","1702364781","s","5000","20450","441700","2023-12-12T07:06:34.399Z","2023-12-12T07:06:34.399Z"
157289331,"FIR","1702364781","s","2000","20450","441700","2023-12-12T07:06:34.399Z","2023-12-12T07:06:34.399Z"
157289330,"FIR","1702364781","s","300","20450","441700","2023-12-12T07:06:34.399Z","2023-12-12T07:06:34.399Z"
157289329,"FIR","1702364781","s","500","20450","441700","2023-12-12T07:06:34.399Z","2023-12-12T07:06:34.399Z"
157289328,"FIR","1702364781","s","100","20450","441700","2023-12-12T07:06:34.399Z","2023-12-12T07:06:34.399Z"
157289327,"FIR","1702364781","s","200","20450","441700","2023-12-12T07:06:34.399Z","2023-12-12T07:06:34.399Z"
157289326,"FIR","1702364781","s","200","20450","441700","2023-12-12T07:06:34.399Z","2023-12-12T07:06:34.399Z"
157289325,"FIR","1702364781","s","5000","20450","441700","2023-12-12T07:06:34.399Z","2023-12-12T07:06:34.399Z"
157289324,"FIR","1702364781","s","200","20450","441700","2023-12-12T07:06:34.399Z","2023-12-12T07:06:34.399Z"
157289323,"FIR","1702364781","s","100","20450","441700","2023-12-12T07:06:34.399Z","2023-12-12T07:06:34.399Z"
157289322,"FIR","1702364781","s","100","20450","441700","2023-12-12T07:06:34.399Z","2023-12-12T07:06:34.399Z"
157289321,"FIR","1702364781","s","1100","20450","441700","2023-12-12T07:06:34.399Z","2023-12-12T07:06:34.399Z"
157289320,"FIR","1702364781","s","500","20500","441700","2023-12-12T07:06:34.399Z","2023-12-12T07:06:34.399Z"
157289319,"FIR","1702364781","s","100","20500","441700","2023-12-12T07:06:34.399Z","2023-12-12T07:06:34.399Z"
157289318,"FIR","1702364781","s","300","20500","441700","2023-12-12T07:06:34.399Z","2023-12-12T07:06:34.399Z"
157286739,"FIR","1702364723","b","5700","20500","424300","2023-12-12T07:05:36.414Z","2023-12-12T07:05:36.414Z"
157281208,"FIR","1702364586","b","500","20500","418100","2023-12-12T07:03:19.377Z","2023-12-12T07:03:19.377Z"
157279924,"FIR","1702364555","b","300","20500","417800","2023-12-12T07:02:48.389Z","2023-12-12T07:02:48.389Z"
157278738,"FIR","1702364521","b","500","20500","417800","2023-12-12T07:02:14.378Z","2023-12-12T07:02:14.378Z"
157278445,"FIR","1702364512","b","500","20500","417300","2023-12-12T07:02:05.393Z","2023-12-12T07:02:05.393Z"
157276756,"FIR","1702364455","b","6200","20500","416800","2023-12-12T07:01:08.367Z","2023-12-12T07:01:08.367Z"
157271406,"FIR","1702364246","b","1300","20500","410600","2023-12-12T06:57:39.363Z","2023-12-12T06:57:39.363Z"
157271405,"FIR","1702364246","b","1700","20500","410600","2023-12-12T06:57:39.363Z","2023-12-12T06:57:39.363Z"
157269813,"FIR","1702364172","b","100","20500","407600","2023-12-12T06:56:25.364Z","2023-12-12T06:56:25.364Z"
157268157,"FIR","1702364094","b","500","20500","407000","2023-12-12T06:55:08.366Z","2023-12-12T06:55:08.366Z"
157267685,"FIR","1702364070","b","100","20500","406900","2023-12-12T06:54:43.369Z","2023-12-12T06:54:43.369Z"
157265925,"FIR","1702363988","b","100","20500","406900","2023-12-12T06:53:20.384Z","2023-12-12T06:53:20.384Z"
157265326,"FIR","1702363956","b","100","20500","406800","2023-12-12T06:52:49.363Z","2023-12-12T06:52:49.363Z"
157265275,"FIR","1702363953","b","100","20500","406600","2023-12-12T06:52:46.366Z","2023-12-12T06:52:46.366Z"
157264973,"FIR","1702363941","b","500","20500","406600","2023-12-12T06:52:34.360Z","2023-12-12T06:52:34.360Z"
