"id","symbol","truncTime","matchType","matchVol","matchPrice","accumulatedVolume","createdAt","updatedAt"
157338222,"NAF","1702366114","b","500","15400","99700","2023-12-12T07:28:47.453Z","2023-12-12T07:28:47.453Z"
157316949,"NAF","1702365660","s","600","15400","99100","2023-12-12T07:21:13.447Z","2023-12-12T07:21:13.447Z"
157307542,"NAF","1702365324","b","2000","15400","99100","2023-12-12T07:15:37.391Z","2023-12-12T07:15:37.391Z"
157307541,"NAF","1702365324","b","100","15400","99100","2023-12-12T07:15:37.391Z","2023-12-12T07:15:37.391Z"
157287586,"NAF","1702364743","b","100","15400","97000","2023-12-12T07:05:56.404Z","2023-12-12T07:05:56.404Z"
157281223,"NAF","1702364586","b","100","15400","96900","2023-12-12T07:03:19.377Z","2023-12-12T07:03:19.377Z"
157273043,"NAF","1702364312","s","100","15400","96800","2023-12-12T06:58:45.370Z","2023-12-12T06:58:45.370Z"
157260222,"NAF","1702363725","s","7000","15400","96700","2023-12-12T06:48:58.364Z","2023-12-12T06:48:58.364Z"
157258783,"NAF","1702363670","s","10000","15400","79700","2023-12-12T06:48:02.364Z","2023-12-12T06:48:02.364Z"
157245856,"NAF","1702363063","s","1400","15450","79700","2023-12-12T06:37:56.350Z","2023-12-12T06:37:56.350Z"
157245855,"NAF","1702363063","s","200","15450","79700","2023-12-12T06:37:56.350Z","2023-12-12T06:37:56.350Z"
157234682,"NAF","1702362592","s","300","15500","78100","2023-12-12T06:30:05.387Z","2023-12-12T06:30:05.387Z"
157234681,"NAF","1702362592","s","1700","15500","78100","2023-12-12T06:30:05.387Z","2023-12-12T06:30:05.387Z"
157234066,"NAF","1702362575","s","100","15500","76100","2023-12-12T06:29:49.343Z","2023-12-12T06:29:49.343Z"
157230650,"NAF","1702362448","s","100","15500","75900","2023-12-12T06:27:41.345Z","2023-12-12T06:27:41.345Z"
157227924,"NAF","1702362337","b","500","15500","72800","2023-12-12T06:25:50.351Z","2023-12-12T06:25:50.351Z"
157227923,"NAF","1702362337","b","600","15500","72800","2023-12-12T06:25:50.351Z","2023-12-12T06:25:50.351Z"
157227922,"NAF","1702362337","b","2000","15500","72800","2023-12-12T06:25:50.351Z","2023-12-12T06:25:50.351Z"
157209772,"NAF","1702361657","s","200","15300","72800","2023-12-12T06:14:30.354Z","2023-12-12T06:14:30.354Z"
157209516,"NAF","1702361646","b","100","15350","72600","2023-12-12T06:14:19.340Z","2023-12-12T06:14:19.340Z"
157209515,"NAF","1702361646","s","100","15300","72600","2023-12-12T06:14:19.340Z","2023-12-12T06:14:19.340Z"
157209514,"NAF","1702361646","s","900","15300","72600","2023-12-12T06:14:19.340Z","2023-12-12T06:14:19.340Z"
157208868,"NAF","1702361620","b","100","15350","71500","2023-12-12T06:13:53.338Z","2023-12-12T06:13:53.338Z"
157205786,"NAF","1702361482","s","100","15350","71400","2023-12-12T06:11:35.334Z","2023-12-12T06:11:35.334Z"
157205785,"NAF","1702361482","s","100","15350","71400","2023-12-12T06:11:35.334Z","2023-12-12T06:11:35.334Z"
157205784,"NAF","1702361482","s","400","15350","71400","2023-12-12T06:11:35.334Z","2023-12-12T06:11:35.334Z"
157204411,"NAF","1702361409","s","1000","15350","70800","2023-12-12T06:10:22.339Z","2023-12-12T06:10:22.339Z"
157204220,"NAF","1702361399","s","1000","15350","68800","2023-12-12T06:10:12.329Z","2023-12-12T06:10:12.329Z"
157203669,"NAF","1702361379","s","1000","15350","67800","2023-12-12T06:09:52.349Z","2023-12-12T06:09:52.349Z"
157203396,"NAF","1702361366","s","1000","15350","66800","2023-12-12T06:09:40.369Z","2023-12-12T06:09:40.369Z"
157202935,"NAF","1702361346","s","1000","15350","65800","2023-12-12T06:09:18.329Z","2023-12-12T06:09:18.329Z"
157201901,"NAF","1702361294","s","9600","15350","65800","2023-12-12T06:08:27.332Z","2023-12-12T06:08:27.332Z"
157201900,"NAF","1702361294","s","300","15350","65800","2023-12-12T06:08:27.332Z","2023-12-12T06:08:27.332Z"
157201899,"NAF","1702361294","s","100","15400","65800","2023-12-12T06:08:27.332Z","2023-12-12T06:08:27.332Z"
157201838,"NAF","1702361291","s","200","15400","55800","2023-12-12T06:08:24.342Z","2023-12-12T06:08:24.342Z"
157201837,"NAF","1702361291","s","100","15400","55800","2023-12-12T06:08:24.342Z","2023-12-12T06:08:24.342Z"
157201836,"NAF","1702361291","s","700","15400","55800","2023-12-12T06:08:24.342Z","2023-12-12T06:08:24.342Z"
157201575,"NAF","1702361276","s","1000","15400","53800","2023-12-12T06:08:09.326Z","2023-12-12T06:08:09.326Z"
157201395,"NAF","1702361265","s","900","15400","52800","2023-12-12T06:07:58.334Z","2023-12-12T06:07:58.334Z"
157201394,"NAF","1702361265","s","100","15400","52800","2023-12-12T06:07:58.334Z","2023-12-12T06:07:58.334Z"
157201157,"NAF","1702361254","s","1000","15400","52800","2023-12-12T06:07:47.324Z","2023-12-12T06:07:47.324Z"
157200738,"NAF","1702361235","s","1000","15400","50800","2023-12-12T06:07:29.356Z","2023-12-12T06:07:29.356Z"
157200295,"NAF","1702361212","s","1000","15400","50800","2023-12-12T06:07:05.332Z","2023-12-12T06:07:05.332Z"
157199026,"NAF","1702361146","s","1500","15400","48300","2023-12-12T06:05:59.325Z","2023-12-12T06:05:59.325Z"
157198836,"NAF","1702361135","s","5000","15400","48300","2023-12-12T06:05:48.320Z","2023-12-12T06:05:48.320Z"
157183314,"NAF","1702354829","s","500","15400","42500","2023-12-12T04:20:42.257Z","2023-12-12T04:20:42.257Z"
157183313,"NAF","1702354829","s","300","15400","42500","2023-12-12T04:20:42.257Z","2023-12-12T04:20:42.257Z"
157182873,"NAF","1702354804","b","1500","15450","42500","2023-12-12T04:20:17.249Z","2023-12-12T04:20:17.249Z"
157160523,"NAF","1702353363","b","200","15450","40800","2023-12-12T03:56:16.226Z","2023-12-12T03:56:16.226Z"
157159561,"NAF","1702353295","b","500","15450","40800","2023-12-12T03:55:09.219Z","2023-12-12T03:55:09.219Z"
157158963,"NAF","1702353261","b","1000","15450","39300","2023-12-12T03:54:34.225Z","2023-12-12T03:54:34.225Z"
157157573,"NAF","1702353172","s","300","15450","39000","2023-12-12T03:53:05.218Z","2023-12-12T03:53:05.218Z"
157156700,"NAF","1702353121","s","4700","15450","39000","2023-12-12T03:52:15.228Z","2023-12-12T03:52:15.228Z"
157156699,"NAF","1702353121","s","900","15450","39000","2023-12-12T03:52:15.228Z","2023-12-12T03:52:15.228Z"
157156698,"NAF","1702353121","s","100","15450","39000","2023-12-12T03:52:15.228Z","2023-12-12T03:52:15.228Z"
157156697,"NAF","1702353121","s","3300","15450","39000","2023-12-12T03:52:15.228Z","2023-12-12T03:52:15.228Z"
157156696,"NAF","1702353121","s","1000","15450","39000","2023-12-12T03:52:15.228Z","2023-12-12T03:52:15.228Z"
157147949,"NAF","1702352719","s","200","15500","28800","2023-12-12T03:45:32.204Z","2023-12-12T03:45:32.204Z"
157143214,"NAF","1702352445","s","100","15500","28800","2023-12-12T03:40:58.203Z","2023-12-12T03:40:58.203Z"
157141249,"NAF","1702352306","s","700","15500","28700","2023-12-12T03:38:39.198Z","2023-12-12T03:38:39.198Z"
157141248,"NAF","1702352306","s","300","15500","28700","2023-12-12T03:38:39.198Z","2023-12-12T03:38:39.198Z"
157138286,"NAF","1702352101","b","100","15500","27700","2023-12-12T03:35:14.192Z","2023-12-12T03:35:14.192Z"
157138285,"NAF","1702352101","b","100","15500","27700","2023-12-12T03:35:14.192Z","2023-12-12T03:35:14.192Z"
157137823,"NAF","1702352067","b","100","15500","27500","2023-12-12T03:34:40.201Z","2023-12-12T03:34:40.201Z"
157122836,"NAF","1702351174","s","800","15500","27400","2023-12-12T03:19:47.198Z","2023-12-12T03:19:47.198Z"
157121632,"NAF","1702351099","s","2300","15500","26600","2023-12-12T03:18:33.211Z","2023-12-12T03:18:33.211Z"
157119805,"NAF","1702351007","s","700","15500","23600","2023-12-12T03:17:00.222Z","2023-12-12T03:17:00.222Z"
157118633,"NAF","1702350949","s","1300","15500","22300","2023-12-12T03:16:02.184Z","2023-12-12T03:16:02.184Z"
157117389,"NAF","1702350881","s","1000","15500","21300","2023-12-12T03:14:54.207Z","2023-12-12T03:14:54.207Z"
157116916,"NAF","1702350859","s","100","15500","21300","2023-12-12T03:14:32.188Z","2023-12-12T03:14:32.188Z"
157116208,"NAF","1702350829","s","2600","15500","21200","2023-12-12T03:14:02.173Z","2023-12-12T03:14:02.173Z"
157116207,"NAF","1702350829","s","100","15550","21200","2023-12-12T03:14:02.173Z","2023-12-12T03:14:02.173Z"
157104970,"NAF","1702350350","s","1000","15500","18500","2023-12-12T03:06:03.167Z","2023-12-12T03:06:03.167Z"
157104320,"NAF","1702350308","b","200","15450","17500","2023-12-12T03:05:21.218Z","2023-12-12T03:05:21.218Z"
157100135,"NAF","1702350090","s","800","15450","17300","2023-12-12T03:01:43.158Z","2023-12-12T03:01:43.158Z"
157099384,"NAF","1702350058","s","200","15400","16500","2023-12-12T03:01:11.166Z","2023-12-12T03:01:11.166Z"
157099327,"NAF","1702350054","b","2200","15600","16300","2023-12-12T03:01:07.163Z","2023-12-12T03:01:07.163Z"
157099326,"NAF","1702350054","b","1000","15600","16300","2023-12-12T03:01:07.163Z","2023-12-12T03:01:07.163Z"
157099325,"NAF","1702350054","b","300","15550","16300","2023-12-12T03:01:07.163Z","2023-12-12T03:01:07.163Z"
157099324,"NAF","1702350054","b","1000","15550","16300","2023-12-12T03:01:07.163Z","2023-12-12T03:01:07.163Z"
157099323,"NAF","1702350054","b","1500","15550","16300","2023-12-12T03:01:07.163Z","2023-12-12T03:01:07.163Z"
157099322,"NAF","1702350054","b","500","15550","16300","2023-12-12T03:01:07.163Z","2023-12-12T03:01:07.163Z"
157099321,"NAF","1702350054","b","100","15550","16300","2023-12-12T03:01:07.163Z","2023-12-12T03:01:07.163Z"
157099320,"NAF","1702350054","b","300","15500","16300","2023-12-12T03:01:07.163Z","2023-12-12T03:01:07.163Z"
157099319,"NAF","1702350054","b","100","15500","16300","2023-12-12T03:01:07.163Z","2023-12-12T03:01:07.163Z"
157099318,"NAF","1702350054","b","1500","15500","16300","2023-12-12T03:01:07.163Z","2023-12-12T03:01:07.163Z"
157099317,"NAF","1702350054","b","600","15450","16300","2023-12-12T03:01:07.163Z","2023-12-12T03:01:07.163Z"
157099316,"NAF","1702350054","b","900","15450","16300","2023-12-12T03:01:07.163Z","2023-12-12T03:01:07.163Z"
157097898,"NAF","1702349972","s","200","15350","6300","2023-12-12T02:59:45.154Z","2023-12-12T02:59:45.154Z"
157080742,"NAF","1702349189","b","700","15450","6100","2023-12-12T02:46:42.143Z","2023-12-12T02:46:42.143Z"
157080741,"NAF","1702349189","b","1000","15450","6100","2023-12-12T02:46:42.143Z","2023-12-12T02:46:42.143Z"
157080740,"NAF","1702349189","b","500","15450","6100","2023-12-12T02:46:42.143Z","2023-12-12T02:46:42.143Z"
157080739,"NAF","1702349189","b","100","15400","6100","2023-12-12T02:46:42.143Z","2023-12-12T02:46:42.143Z"
157080738,"NAF","1702349189","b","700","15400","6100","2023-12-12T02:46:42.143Z","2023-12-12T02:46:42.143Z"
157063458,"NAF","1702348540","s","800","15400","2300","2023-12-12T02:35:53.143Z","2023-12-12T02:35:53.143Z"
157063126,"NAF","1702348525","s","200","15400","2300","2023-12-12T02:35:39.131Z","2023-12-12T02:35:39.131Z"
157063125,"NAF","1702348525","s","100","15400","2300","2023-12-12T02:35:39.131Z","2023-12-12T02:35:39.131Z"
157054474,"NAF","1702348135","s","200","15400","2000","2023-12-12T02:29:08.127Z","2023-12-12T02:29:08.127Z"
157038832,"NAF","1702347557","b","300","15450","1800","2023-12-12T02:19:30.151Z","2023-12-12T02:19:30.151Z"
157032240,"NAF","1702347302","s","400","15450","1500","2023-12-12T02:15:14.126Z","2023-12-12T02:15:14.126Z"
