"symbol","time","price","change","vol","total","side"
"DIG","14:45:00",25.1,-0.7,2364100,16642400,
"DIG","14:30:00",25.4,-0.4,1000,14278300,"S"
"DIG","14:29:59",25.4,-0.4,2600,14277300,"S"
"DIG","14:29:59",25.4,-0.4,5100,14274700,"S"
"DIG","14:29:58",25.4,-0.4,10800,14269600,"B"
"DIG","14:29:57",25.4,-0.4,2900,14258800,"B"
"DIG","14:29:57",25.45,-0.35,500,14255900,"S"
"DIG","14:29:56",25.4,-0.4,2000,14255400,"B"
"DIG","14:29:56",25.45,-0.35,100,14253400,"S"
"DIG","14:29:55",25.4,-0.4,1000,14253300,"B"
"DIG","14:29:55",25.45,-0.35,400,14252300,"S"
"DIG","14:29:54",25.4,-0.4,1000,14251900,"B"
"DIG","14:29:53",25.4,-0.4,700,14250900,"B"
"DIG","14:29:52",25.45,-0.35,1300,14250200,"S"
"DIG","14:29:50",25.4,-0.4,500,14248900,"B"
"DIG","14:29:49",25.45,-0.35,100,14248400,"S"
"DIG","14:29:47",25.4,-0.4,5000,14248300,"B"
"DIG","14:29:47",25.45,-0.35,200,14243300,"S"
"DIG","14:29:47",25.45,-0.35,500,14243100,"S"
"DIG","14:29:46",25.4,-0.4,3000,14242600,"B"
"DIG","14:29:46",25.4,-0.4,30000,14239600,"B"
"DIG","14:29:45",25.45,-0.35,100,14209600,"S"
"DIG","14:29:44",25.4,-0.4,14600,14209500,"B"
"DIG","14:29:44",25.45,-0.35,100,14194900,"S"
"DIG","14:29:42",25.45,-0.35,1000,14194800,"S"
"DIG","14:29:40",25.4,-0.4,1800,14193800,"B"
"DIG","14:29:40",25.45,-0.35,900,14192000,"S"
"DIG","14:29:39",25.45,-0.35,2000,14191100,"S"
"DIG","14:29:39",25.45,-0.35,500,14189100,"S"
"DIG","14:29:34",25.5,-0.3,8500,14188600,"S"
"DIG","14:29:34",25.45,-0.35,3500,14180100,"S"
"DIG","14:29:32",25.45,-0.35,500,14176600,"B"
"DIG","14:29:28",25.5,-0.3,4200,14176100,"S"
"DIG","14:29:28",25.45,-0.35,800,14171900,"S"
"DIG","14:29:28",25.4,-0.4,2100,14171100,"B"
"DIG","14:29:27",25.35,-0.45,1500,14169000,"B"
"DIG","14:29:27",25.45,-0.35,4700,14167500,"S"
"DIG","14:29:27",25.4,-0.4,2800,14162800,"S"
"DIG","14:29:26",25.4,-0.4,2200,14160000,"S"
"DIG","14:29:25",25.4,-0.4,5000,14157800,"B"
"DIG","14:29:24",25.45,-0.35,200,14152800,"B"
"DIG","14:29:23",25.5,-0.3,5000,14152600,"S"
"DIG","14:29:22",25.5,-0.3,600,14147600,"S"
"DIG","14:29:21",25.5,-0.3,2000,14147000,"S"
"DIG","14:29:19",25.5,-0.3,200,14145000,"S"
"DIG","14:29:18",25.5,-0.3,400,14144800,"S"
"DIG","14:29:18",25.5,-0.3,2000,14144400,"B"
"DIG","14:29:15",25.4,-0.4,66000,14142400,"B"
"DIG","14:29:15",25.45,-0.35,26400,14076400,"B"
"DIG","14:29:15",25.5,-0.3,10000,14050000,"S"
"DIG","14:29:14",25.45,-0.35,8300,14040000,"B"
"DIG","14:29:14",25.5,-0.3,1700,14031700,"B"
"DIG","14:29:14",25.5,-0.3,800,14030000,"S"
"DIG","14:29:13",25.5,-0.3,100,14029200,"B"
"DIG","14:29:13",25.55,-0.25,84300,14029100,"S"
"DIG","14:29:13",25.5,-0.3,16700,13944800,"S"
"DIG","14:29:12",25.5,-0.3,9000,13928100,"S"
"DIG","14:29:12",25.45,-0.35,1400,13919100,"B"
"DIG","14:29:10",25.5,-0.3,2000,13917700,"S"
"DIG","14:29:09",25.5,-0.3,2000,13915700,"S"
"DIG","14:29:08",25.5,-0.3,5000,13913700,"S"
"DIG","14:29:07",25.5,-0.3,93400,13908700,"B"
"DIG","14:29:05",25.5,-0.3,300,13815300,"B"
"DIG","14:29:04",25.5,-0.3,8000,13815000,"B"
"DIG","14:29:02",25.5,-0.3,6000,13807000,"B"
"DIG","14:29:01",25.5,-0.3,10000,13801000,"B"
"DIG","14:29:01",25.55,-0.25,1000,13791000,"S"
"DIG","14:28:58",25.55,-0.25,2500,13790000,"S"
"DIG","14:28:56",25.5,-0.3,200,13787500,"B"
"DIG","14:28:55",25.5,-0.3,100,13787300,"B"
"DIG","14:28:55",25.55,-0.25,1200,13787200,"S"
"DIG","14:28:53",25.55,-0.25,700,13786000,"S"
"DIG","14:28:52",25.55,-0.25,1900,13785300,"S"
"DIG","14:28:51",25.55,-0.25,4000,13783400,"S"
"DIG","14:28:50",25.55,-0.25,5000,13779400,"S"
"DIG","14:28:48",25.55,-0.25,2000,13774400,"S"
"DIG","14:28:47",25.55,-0.25,9500,13772400,"S"
"DIG","14:28:45",25.55,-0.25,64700,13762900,"B"
"DIG","14:28:45",25.6,-0.2,100,13698200,"S"
"DIG","14:28:44",25.6,-0.2,10000,13698100,"S"
"DIG","14:28:43",25.6,-0.2,3000,13688100,"S"
"DIG","14:28:42",25.6,-0.2,30000,13685100,"S"
"DIG","14:28:40",25.55,-0.25,200,13655100,"B"
"DIG","14:28:38",25.6,-0.2,1000,13654900,"S"
"DIG","14:28:36",25.55,-0.25,500,13653900,"B"
"DIG","14:28:36",25.6,-0.2,2000,13653400,"S"
"DIG","14:28:31",25.55,-0.25,2000,13651400,"B"
"DIG","14:28:30",25.55,-0.25,2000,13649400,"B"
"DIG","14:28:26",25.6,-0.2,5000,13647400,"S"
"DIG","14:28:25",25.55,-0.25,4800,13642400,"S"
"DIG","14:28:25",25.5,-0.3,100,13637600,"B"
"DIG","14:28:24",25.55,-0.25,500,13637500,"S"
"DIG","14:28:21",25.55,-0.25,2000,13637000,"S"
"DIG","14:28:18",25.5,-0.3,2900,13635000,"B"
"DIG","14:28:17",25.5,-0.3,19800,13632100,"S"
"DIG","14:28:17",25.45,-0.35,2500,13612300,"B"
"DIG","14:28:16",25.5,-0.3,2300,13609800,"S"
"DIG","14:28:16",25.5,-0.3,1000,13607500,"S"
"DIG","14:28:16",25.45,-0.35,500,13606500,"B"
"DIG","14:28:15",25.5,-0.3,500,13606000,"S"
"DIG","14:28:14",25.5,-0.3,1500,13605500,"S"
"DIG","14:28:14",25.5,-0.3,600,13604000,"S"
"DIG","14:28:12",25.5,-0.3,100,13603400,"S"
"DIG","14:28:12",25.5,-0.3,2700,13603300,"S"
"DIG","14:28:11",25.5,-0.3,1400,13600600,"S"
"DIG","14:28:10",25.5,-0.3,100,13599200,"S"
"DIG","14:28:10",25.45,-0.35,500,13599100,"B"
"DIG","14:28:09",25.5,-0.3,3000,13598600,"S"
"DIG","14:28:08",25.5,-0.3,100,13595600,"S"
"DIG","14:28:08",25.5,-0.3,10400,13595500,"S"
"DIG","14:28:07",25.45,-0.35,3000,13585100,"B"
"DIG","14:28:07",25.5,-0.3,100,13582100,"S"
"DIG","14:28:07",25.5,-0.3,4300,13582000,"S"
"DIG","14:28:06",25.5,-0.3,1200,13577700,"S"
"DIG","14:28:05",25.5,-0.3,30000,13576500,"S"
"DIG","14:28:05",25.5,-0.3,3000,13546500,"S"
"DIG","14:28:04",25.5,-0.3,500,13543500,"S"
"DIG","14:28:04",25.5,-0.3,3300,13543000,"S"
"DIG","14:28:03",25.5,-0.3,1100,13539700,"S"
"DIG","14:28:03",25.45,-0.35,1000,13538600,"B"
"DIG","14:28:03",25.5,-0.3,1000,13537600,"S"
"DIG","14:28:01",25.5,-0.3,2000,13535600,"S"
"DIG","14:28:00",25.5,-0.3,15000,13533600,"S"
"DIG","14:27:58",25.5,-0.3,500,13518600,"S"
"DIG","14:27:58",25.5,-0.3,1000,13518100,"S"
"DIG","14:27:57",25.5,-0.3,3000,13517100,"S"
"DIG","14:27:56",25.5,-0.3,200,13514100,"S"
"DIG","14:27:55",25.5,-0.3,300,13513900,"S"
"DIG","14:27:53",25.45,-0.35,16000,13513600,"B"
"DIG","14:27:51",25.5,-0.3,2000,13497600,"S"
"DIG","14:27:47",25.5,-0.3,6000,13495600,"S"
"DIG","14:27:43",25.45,-0.35,3300,13489600,"S"
"DIG","14:27:42",25.45,-0.35,2600,13486300,"S"
"DIG","14:27:42",25.45,-0.35,11700,13483700,"S"
"DIG","14:27:41",25.45,-0.35,2000,13472000,"S"
"DIG","14:27:40",25.45,-0.35,300,13470000,"S"
"DIG","14:27:40",25.45,-0.35,100,13469700,"S"
"DIG","14:27:39",25.45,-0.35,4700,13469600,"S"
"DIG","14:27:39",25.45,-0.35,500,13464900,"S"
"DIG","14:27:38",25.45,-0.35,400,13464400,"S"
"DIG","14:27:37",25.45,-0.35,2000,13464000,"S"
"DIG","14:27:36",25.45,-0.35,1000,13462000,"S"
"DIG","14:27:36",25.45,-0.35,3700,13461000,"S"
"DIG","14:27:33",25.4,-0.4,3600,13457300,"B"
"DIG","14:27:31",25.45,-0.35,5700,13453700,"S"
"DIG","14:27:29",25.4,-0.4,2400,13448000,"B"
"DIG","14:27:26",25.45,-0.35,5000,13445600,"S"
"DIG","14:27:24",25.4,-0.4,1900,13440600,"S"
"DIG","14:27:24",25.4,-0.4,5100,13438700,"S"
"DIG","14:27:23",25.4,-0.4,3200,13433600,"S"
"DIG","14:27:22",25.4,-0.4,1000,13430400,"S"
"DIG","14:27:22",25.35,-0.45,27000,13429400,"B"
"DIG","14:27:22",25.4,-0.4,9000,13402400,"S"
"DIG","14:27:21",25.4,-0.4,9000,13393400,"S"
"DIG","14:27:21",25.4,-0.4,2400,13384400,"S"
"DIG","14:27:20",25.35,-0.45,600,13382000,"B"
"DIG","14:27:20",25.4,-0.4,3000,13381400,"S"
"DIG","14:27:18",25.4,-0.4,25200,13378400,"S"
"DIG","14:27:18",25.4,-0.4,6000,13353200,"S"
"DIG","14:27:16",25.4,-0.4,10100,13334100,"S"
"DIG","14:27:15",25.4,-0.4,9000,13324000,"S"
"DIG","14:27:11",25.4,-0.4,1500,13315000,"S"
"DIG","14:27:06",25.35,-0.45,200,13313500,"B"
"DIG","14:26:59",25.35,-0.45,4500,13313300,"B"
"DIG","14:26:57",25.35,-0.45,2300,13308800,"B"
"DIG","14:26:51",25.35,-0.45,7700,13306500,"S"
"DIG","14:26:51",25.35,-0.45,2800,13298800,"S"
"DIG","14:26:50",25.35,-0.45,1100,13296000,"S"
"DIG","14:26:50",25.35,-0.45,1000,13294900,"S"
"DIG","14:26:49",25.35,-0.45,300,13293900,"S"
"DIG","14:26:48",25.35,-0.45,12200,13293600,"S"
"DIG","14:26:47",25.3,-0.5,800,13281400,"B"
"DIG","14:26:46",25.35,-0.45,7500,13280600,"S"
"DIG","14:26:45",25.35,-0.45,2000,13273100,"S"
"DIG","14:26:44",25.35,-0.45,400,13271100,"S"
"DIG","14:26:42",25.35,-0.45,2000,13270700,"S"
"DIG","14:26:42",25.3,-0.5,7000,13268700,"B"
"DIG","14:26:42",25.35,-0.45,200,13261700,"S"
"DIG","14:26:41",25.35,-0.45,2000,13261500,"S"
"DIG","14:26:40",25.35,-0.45,500,13259500,"S"
"DIG","14:26:39",25.35,-0.45,300,13259000,"S"
"DIG","14:26:38",25.3,-0.5,7000,13258700,"B"
"DIG","14:26:37",25.3,-0.5,200,13251700,"B"
"DIG","14:26:36",25.3,-0.5,400,13251500,"B"
"DIG","14:26:35",25.35,-0.45,500,13251100,"S"
"DIG","14:26:34",25.35,-0.45,500,13250600,"S"
"DIG","14:26:33",25.35,-0.45,10300,13250100,"S"
"DIG","14:26:32",25.35,-0.45,200,13239800,"S"
"DIG","14:26:30",25.35,-0.45,100,13239600,"S"
"DIG","14:26:30",25.3,-0.5,500,13239500,"B"
"DIG","14:26:30",25.35,-0.45,900,13239000,"B"
"DIG","14:26:28",25.3,-0.5,7500,13238100,"B"
"DIG","14:26:28",25.35,-0.45,8500,13230600,"B"
"DIG","14:26:27",25.35,-0.45,1000,13222100,"B"
"DIG","14:26:25",25.35,-0.45,2800,13221100,"B"
"DIG","14:26:24",25.35,-0.45,600,13218300,"B"
"DIG","14:26:23",25.35,-0.45,3600,13217700,"B"
"DIG","14:26:22",25.35,-0.45,4700,13214100,"S"
"DIG","14:26:22",25.3,-0.5,3000,13209400,"B"
"DIG","14:26:21",25.35,-0.45,10000,13206400,"S"
"DIG","14:26:21",25.3,-0.5,2000,13196400,"B"
"DIG","14:26:18",25.35,-0.45,4000,13194400,"S"
"DIG","14:26:18",25.3,-0.5,150000,13190400,"B"
"DIG","14:26:16",25.35,-0.45,5500,13040400,"S"
"DIG","14:26:15",25.35,-0.45,1000,13034900,"S"
"DIG","14:26:14",25.35,-0.45,100,13033900,"S"
"DIG","14:26:14",25.35,-0.45,900,13033800,"S"
"DIG","14:26:13",25.35,-0.45,100,13032900,"S"
"DIG","14:26:12",25.3,-0.5,75000,13032800,"B"
"DIG","14:26:12",25.35,-0.45,25000,12957800,"B"
"DIG","14:26:11",25.35,-0.45,1000,12932800,"B"
"DIG","14:26:11",25.35,-0.45,6500,12931800,"B"
"DIG","14:26:10",25.35,-0.45,2000,12925300,"B"
"DIG","14:26:09",25.35,-0.45,500,12923300,"B"
"DIG","14:26:08",25.35,-0.45,1000,12922800,"B"
"DIG","14:26:07",25.35,-0.45,200,12921800,"B"
"DIG","14:26:06",25.4,-0.4,2000,12921600,"S"
"DIG","14:26:05",25.35,-0.45,8800,12919600,"B"
"DIG","14:26:04",25.35,-0.45,100,12910800,"B"
"DIG","14:26:04",25.4,-0.4,3000,12910700,"S"
"DIG","14:26:04",25.35,-0.45,2000,12907700,"B"
"DIG","14:26:02",25.3,-0.5,1200,12905700,"B"
"DIG","14:26:02",25.35,-0.45,1000,12904500,"B"
"DIG","14:26:02",25.3,-0.5,500,12903500,"B"
"DIG","14:26:01",25.3,-0.5,7700,12903000,"B"
"DIG","14:26:01",25.35,-0.45,10100,12895300,"S"
"DIG","14:26:01",25.3,-0.5,10000,12885200,"B"
"DIG","14:26:01",25.35,-0.45,100,12875200,"S"
"DIG","14:25:59",25.3,-0.5,500,12875100,"B"
"DIG","14:25:59",25.35,-0.45,1000,12874600,"S"
"DIG","14:25:57",25.35,-0.45,6200,12873600,"S"
"DIG","14:25:56",25.3,-0.5,300,12867400,"B"
"DIG","14:25:56",25.35,-0.45,1200,12867100,"S"
"DIG","14:25:55",25.35,-0.45,400,12865900,"S"
"DIG","14:25:53",25.35,-0.45,4900,12865500,"B"
"DIG","14:25:52",25.35,-0.45,5000,12860600,"B"
"DIG","14:25:52",25.35,-0.45,600,12855600,"B"
"DIG","14:25:51",25.35,-0.45,8000,12855000,"B"
"DIG","14:25:51",25.35,-0.45,1100,12847000,"B"
"DIG","14:25:48",25.35,-0.45,700,12845900,"B"
"DIG","14:25:47",25.35,-0.45,100,12845200,"B"
"DIG","14:25:46",25.4,-0.4,1000,12845100,"S"
"DIG","14:25:46",25.35,-0.45,300,12844100,"B"
"DIG","14:25:44",25.35,-0.45,500,12843800,"B"
"DIG","14:25:43",25.3,-0.5,2600,12843300,"B"
"DIG","14:25:43",25.35,-0.45,3200,12840700,"B"
"DIG","14:25:42",25.35,-0.45,5900,12837500,"S"
"DIG","14:25:42",25.3,-0.5,400,12831600,"B"
"DIG","14:25:42",25.35,-0.45,100,12831200,"B"
"DIG","14:25:42",25.35,-0.45,900,12831100,"S"
"DIG","14:25:42",25.3,-0.5,1500,12830200,"B"
"DIG","14:25:41",25.35,-0.45,300,12828700,"S"
"DIG","14:25:37",25.3,-0.5,100,12828400,"B"
"DIG","14:25:36",25.3,-0.5,500,12828300,"B"
"DIG","14:25:36",25.35,-0.45,500,12827800,"B"
"DIG","14:25:35",25.3,-0.5,8000,12827300,"B"
"DIG","14:25:35",25.35,-0.45,12000,12819300,"B"
"DIG","14:25:35",25.35,-0.45,500,12807300,"B"
"DIG","14:25:33",25.35,-0.45,500,12806800,"B"
"DIG","14:25:32",25.35,-0.45,800,12806300,"S"
"DIG","14:25:31",25.3,-0.5,1900,12805500,"B"
"DIG","14:25:30",25.35,-0.45,2000,12803600,"S"
"DIG","14:25:29",25.3,-0.5,37300,12801600,"B"
"DIG","14:25:29",25.35,-0.45,5800,12764300,"B"
"DIG","14:25:28",25.35,-0.45,6700,12758500,"S"
"DIG","14:25:27",25.3,-0.5,4000,12751700,"B"
"DIG","14:25:27",25.35,-0.45,200,12747700,"S"
"DIG","14:25:27",25.35,-0.45,12400,12747500,"S"
"DIG","14:25:25",25.35,-0.45,100,12735100,"S"
"DIG","14:25:24",25.35,-0.45,8500,12735000,"S"
"DIG","14:25:24",25.3,-0.5,1000,12726500,"B"
"DIG","14:25:22",25.35,-0.45,4000,12725500,"S"
"DIG","14:25:21",25.35,-0.45,300,12721500,"S"
"DIG","14:25:20",25.35,-0.45,200,12721200,"S"
"DIG","14:25:19",25.35,-0.45,4000,12721000,"S"
"DIG","14:25:19",25.35,-0.45,200,12717000,"S"
"DIG","14:25:18",25.3,-0.5,100,12716800,"B"
"DIG","14:25:18",25.35,-0.45,7400,12716700,"S"
"DIG","14:25:17",25.35,-0.45,100,12709300,"S"
"DIG","14:25:16",25.35,-0.45,1200,12709200,"S"
"DIG","14:25:15",25.35,-0.45,700,12708000,"S"
"DIG","14:25:13",25.35,-0.45,8400,12706800,"S"
"DIG","14:25:13",25.35,-0.45,7500,12698400,"B"
"DIG","14:25:11",25.4,-0.4,200,12690900,"S"
"DIG","14:25:11",25.35,-0.45,3300,12690700,"B"
"DIG","14:25:10",25.35,-0.45,11000,12687400,"B"
"DIG","14:25:09",25.4,-0.4,2000,12676400,"S"
"DIG","14:25:06",25.35,-0.45,18100,12674400,"B"
"DIG","14:25:05",25.35,-0.45,800,12656300,"B"
"DIG","14:25:04",25.4,-0.4,1000,12655500,"S"
"DIG","14:25:02",25.4,-0.4,1000,12654500,"S"
"DIG","14:25:01",25.35,-0.45,1500,12653500,"B"
"DIG","14:25:01",25.4,-0.4,500,12652000,"S"
"DIG","14:25:01",25.35,-0.45,3000,12651500,"B"
"DIG","14:25:01",25.4,-0.4,1000,12648500,"S"
"DIG","14:25:01",25.35,-0.45,11000,12647500,"B"
"DIG","14:24:59",25.35,-0.45,200,12636500,"B"
"DIG","14:24:58",25.35,-0.45,18000,12636300,"B"
"DIG","14:24:56",25.4,-0.4,5000,12618300,"S"
"DIG","14:24:54",25.35,-0.45,3500,12613300,"B"
"DIG","14:24:51",25.35,-0.45,300,12609800,"B"
"DIG","14:24:51",25.4,-0.4,100,12609500,"B"
"DIG","14:24:50",25.4,-0.4,1900,12609400,"S"
"DIG","14:24:50",25.35,-0.45,5000,12607500,"B"
"DIG","14:24:49",25.4,-0.4,14100,12602500,"B"
"DIG","14:24:49",25.4,-0.4,10000,12588400,"B"
"DIG","14:24:48",25.4,-0.4,10700,12578400,"B"
"DIG","14:24:48",25.4,-0.4,500,12567700,"B"
"DIG","14:24:47",25.4,-0.4,4700,12567200,"B"
"DIG","14:24:47",25.45,-0.35,100,12562500,"S"
"DIG","14:24:47",25.4,-0.4,2500,12562400,"B"
"DIG","14:24:45",25.4,-0.4,11700,12559900,"S"
"DIG","14:24:44",25.4,-0.4,500,12548200,"S"
"DIG","14:24:44",25.35,-0.45,30000,12547700,"B"
"DIG","14:24:43",25.4,-0.4,100,12517700,"S"
"DIG","14:24:39",25.4,-0.4,100,12517600,"S"
"DIG","14:24:38",25.4,-0.4,1000,12517500,"S"
"DIG","14:24:37",25.4,-0.4,1000,12516500,"S"
"DIG","14:24:37",25.35,-0.45,2000,12515500,"B"
"DIG","14:24:36",25.4,-0.4,100,12513500,"S"
"DIG","14:24:35",25.4,-0.4,900,12513400,"B"
"DIG","14:24:35",25.45,-0.35,1000,12512500,"S"
"DIG","14:24:32",25.45,-0.35,300,12511500,"S"
"DIG","14:24:29",25.35,-0.45,100,12511200,"B"
"DIG","14:24:29",25.45,-0.35,400,12511100,"S"
"DIG","14:24:28",25.35,-0.45,14200,12510700,"B"
"DIG","14:24:28",25.45,-0.35,2300,12490700,"S"
"DIG","14:24:26",25.45,-0.35,2100,12488400,"S"
"DIG","14:24:24",25.45,-0.35,1000,12486300,"S"
"DIG","14:24:20",25.45,-0.35,1000,12485300,"S"
"DIG","14:24:19",25.45,-0.35,100,12483900,"B"
"DIG","14:24:18",25.35,-0.45,75000,12483800,"B"
"DIG","14:24:18",25.45,-0.35,17700,12401500,"B"
"DIG","14:24:17",25.45,-0.35,1000,12383800,"B"
"DIG","14:24:14",25.45,-0.35,100,12382800,"B"
"DIG","14:24:13",25.45,-0.35,600,12382700,"B"
"DIG","14:24:11",25.45,-0.35,6100,12382100,"B"
"DIG","14:24:10",25.45,-0.35,1100,12376000,"B"
"DIG","14:24:08",25.45,-0.35,100,12374900,"B"
"DIG","14:24:06",25.45,-0.35,5100,12374800,"S"
"DIG","14:24:05",25.5,-0.3,12900,12369700,"S"
"DIG","14:24:05",25.4,-0.4,69500,12356800,"B"
"DIG","14:24:05",25.45,-0.35,500,12287300,"B"
"DIG","14:24:04",25.4,-0.4,48700,12286800,"B"
"DIG","14:24:04",25.45,-0.35,1300,12238100,"B"
"DIG","14:24:03",25.45,-0.35,3000,12236800,"B"
"DIG","14:24:03",25.45,-0.35,1000,12233800,"B"
"DIG","14:24:01",25.45,-0.35,200,12232800,"B"
"DIG","14:23:59",25.5,-0.3,500,12232600,"S"
"DIG","14:23:58",25.45,-0.35,12300,12232100,"B"
"DIG","14:23:56",25.45,-0.35,46200,12219800,"S"
"DIG","14:23:53",25.45,-0.35,1400,12173600,"S"
"DIG","14:23:52",25.4,-0.4,20000,12172200,"B"
"DIG","14:23:50",25.45,-0.35,2000,12152200,"S"
"DIG","14:23:48",25.4,-0.4,300,12150200,"B"
"DIG","14:23:48",25.45,-0.35,400,12149900,"S"
"DIG","14:23:48",25.45,-0.35,2000,12149500,"S"
"DIG","14:23:46",25.45,-0.35,20000,12147500,"S"
"DIG","14:23:45",25.4,-0.4,1100,12127500,"B"
"DIG","14:23:44",25.45,-0.35,200,12126400,"S"
"DIG","14:23:44",25.4,-0.4,200,12126200,"B"
"DIG","14:23:43",25.45,-0.35,100,12126000,"S"
"DIG","14:23:42",25.4,-0.4,100,12125900,"B"
"DIG","14:23:41",25.4,-0.4,100,12125800,"B"
"DIG","14:23:40",25.4,-0.4,100,12125700,"B"
"DIG","14:23:39",25.4,-0.4,7700,12125600,"B"
"DIG","14:23:37",25.4,-0.4,500,12117900,"B"
"DIG","14:23:37",25.45,-0.35,200,12117400,"S"
"DIG","14:23:37",25.4,-0.4,1000,12117200,"B"
"DIG","14:23:34",25.4,-0.4,100,12116200,"B"
"DIG","14:23:32",25.4,-0.4,2000,12116100,"B"
"DIG","14:23:24",25.4,-0.4,600,12114100,"B"
"DIG","14:23:24",25.45,-0.35,100,12113500,"S"
"DIG","14:23:22",25.4,-0.4,100,12113400,"B"
"DIG","14:23:21",25.4,-0.4,8900,12113300,"B"
"DIG","14:23:19",25.4,-0.4,600,12104400,"B"
"DIG","14:23:17",25.4,-0.4,2000,12103800,"B"
"DIG","14:23:17",25.4,-0.4,2000,12101800,"B"
"DIG","14:23:15",25.4,-0.4,100,12099800,"B"
"DIG","14:23:13",25.4,-0.4,300,12099700,"S"
"DIG","14:23:12",25.35,-0.45,500,12099400,"B"
"DIG","14:23:12",25.35,-0.45,5900,12098900,"B"
"DIG","14:23:12",25.4,-0.4,15600,12093000,"B"
"DIG","14:23:11",25.4,-0.4,34400,12077400,"S"
"DIG","14:23:10",25.35,-0.45,2000,12043000,"B"
"DIG","14:23:09",25.4,-0.4,3000,12041000,"S"
"DIG","14:23:09",25.35,-0.45,1500,12038000,"B"
"DIG","14:23:09",25.4,-0.4,5400,12036500,"S"
"DIG","14:23:08",25.35,-0.45,8000,12031100,"B"
"DIG","14:23:07",25.4,-0.4,500,12023100,"S"
"DIG","14:23:03",25.35,-0.45,600,12022600,"B"
"DIG","14:23:02",25.35,-0.45,100,12022000,"B"
"DIG","14:23:01",25.4,-0.4,500,12021900,"S"
"DIG","14:23:01",25.35,-0.45,5000,12021400,"B"
"DIG","14:23:00",25.35,-0.45,100,12016400,"B"
"DIG","14:22:59",25.35,-0.45,1500,12016300,"B"
"DIG","14:22:59",25.4,-0.4,24000,12014800,"S"
"DIG","14:22:58",25.35,-0.45,5000,11990800,"B"
"DIG","14:22:57",25.35,-0.45,100,11985800,"B"
"DIG","14:22:56",25.35,-0.45,2500,11985700,"B"
"DIG","14:22:53",25.35,-0.45,3600,11983200,"B"
"DIG","14:22:52",25.4,-0.4,600,11979600,"S"
"DIG","14:22:52",25.35,-0.45,100,11979000,"B"
"DIG","14:22:50",25.35,-0.45,2200,11978900,"B"
"DIG","14:22:49",25.35,-0.45,100,11976700,"B"
"DIG","14:22:46",25.35,-0.45,1000,11976600,"B"
"DIG","14:22:45",25.35,-0.45,4000,11975600,"B"
"DIG","14:22:45",25.35,-0.45,500,11971600,"B"
"DIG","14:22:43",25.35,-0.45,3800,11971100,"B"
"DIG","14:22:41",25.35,-0.45,3200,11967300,"S"
"DIG","14:22:40",25.35,-0.45,400,11964100,"S"
"DIG","14:22:39",25.35,-0.45,300,11963700,"S"
"DIG","14:22:37",25.35,-0.45,4800,11963400,"B"
"DIG","14:22:36",25.35,-0.45,7100,11958600,"B"
"DIG","14:22:34",25.35,-0.45,2200,11951500,"B"
"DIG","14:22:33",25.35,-0.45,14700,11949300,"B"
"DIG","14:22:31",25.35,-0.45,600,11934600,"B"
"DIG","14:22:30",25.35,-0.45,300,11934000,"B"
"DIG","14:22:30",25.35,-0.45,5100,11933700,"B"
"DIG","14:22:28",25.35,-0.45,2000,11928600,"B"
"DIG","14:22:27",25.35,-0.45,200,11926600,"B"
"DIG","14:22:26",25.35,-0.45,33100,11926400,"S"
"DIG","14:22:23",25.35,-0.45,800,11893300,"S"
"DIG","14:22:22",25.3,-0.5,24000,11892500,"B"
"DIG","14:22:22",25.35,-0.45,2000,11868500,"S"
"DIG","14:22:20",25.35,-0.45,2000,11866500,"S"
"DIG","14:22:20",25.3,-0.5,10000,11864500,"B"
"DIG","14:22:18",25.35,-0.45,1000,11854500,"S"
"DIG","14:22:17",25.35,-0.45,6000,11853500,"S"
"DIG","14:22:16",25.35,-0.45,2100,11847500,"S"
"DIG","14:22:15",25.35,-0.45,3000,11845400,"S"
"DIG","14:22:15",25.35,-0.45,300,11842400,"S"
"DIG","14:22:13",25.35,-0.45,900,11842100,"S"
"DIG","14:22:13",25.35,-0.45,200,11841200,"S"
"DIG","14:22:12",25.35,-0.45,2500,11841000,"S"
"DIG","14:22:11",25.3,-0.5,5000,11838500,"B"
"DIG","14:22:11",25.35,-0.45,10000,11833500,"S"
"DIG","14:22:11",25.35,-0.45,4000,11823500,"B"
"DIG","14:22:10",25.35,-0.45,1000,11819500,"B"
"DIG","14:22:07",25.35,-0.45,1200,11818500,"B"
"DIG","14:22:06",25.35,-0.45,100,11817300,"B"
"DIG","14:22:05",25.35,-0.45,4000,11817200,"B"
"DIG","14:22:04",25.35,-0.45,10000,11813200,"B"
"DIG","14:22:03",25.35,-0.45,2800,11803200,"B"
"DIG","14:22:01",25.35,-0.45,2000,11800400,"B"
"DIG","14:22:00",25.35,-0.45,7200,11798400,"B"
"DIG","14:21:59",25.35,-0.45,20200,11791200,"B"
"DIG","14:21:56",25.35,-0.45,500,11771000,"B"
"DIG","14:21:56",25.35,-0.45,3100,11770500,"B"
"DIG","14:21:55",25.4,-0.4,300,11767400,"S"
"DIG","14:21:54",25.35,-0.45,10100,11767100,"B"
"DIG","14:21:53",25.35,-0.45,200,11757000,"B"
"DIG","14:21:51",25.35,-0.45,10000,11756800,"B"
"DIG","14:21:49",25.35,-0.45,7000,11746800,"B"
"DIG","14:21:49",25.35,-0.45,2500,11739800,"B"
"DIG","14:21:48",25.35,-0.45,3100,11737300,"B"
"DIG","14:21:48",25.35,-0.45,200,11734200,"B"
"DIG","14:21:47",25.35,-0.45,1000,11734000,"B"
"DIG","14:21:46",25.35,-0.45,7800,11733000,"B"
"DIG","14:21:44",25.35,-0.45,500,11725200,"B"
"DIG","14:21:42",25.35,-0.45,13100,11724700,"S"
"DIG","14:21:41",25.3,-0.5,1000,11711600,"B"
"DIG","14:21:40",25.35,-0.45,200,11710600,"S"
"DIG","14:21:40",25.35,-0.45,100,11710400,"S"
"DIG","14:21:39",25.3,-0.5,20000,11710300,"B"
"DIG","14:21:39",25.35,-0.45,500,11690300,"S"
"DIG","14:21:39",25.35,-0.45,800,11689800,"S"
"DIG","14:21:38",25.35,-0.45,1100,11689000,"B"
"DIG","14:21:37",25.4,-0.4,2000,11687900,"S"
"DIG","14:21:37",25.3,-0.5,14200,11685900,"B"
"DIG","14:21:37",25.35,-0.45,1800,11671700,"B"
"DIG","14:21:37",25.35,-0.45,200,11669900,"B"
"DIG","14:21:36",25.3,-0.5,3700,11669700,"B"
"DIG","14:21:36",25.35,-0.45,1300,11666000,"B"
"DIG","14:21:35",25.35,-0.45,1000,11664700,"B"
"DIG","14:21:34",25.35,-0.45,2400,11663700,"S"
"DIG","14:21:34",25.35,-0.45,3000,11661300,"S"
"DIG","14:21:33",25.35,-0.45,1000,11658300,"S"
"DIG","14:21:33",25.3,-0.5,500,11657300,"B"
"DIG","14:21:32",25.3,-0.5,2000,11656800,"B"
"DIG","14:21:32",25.3,-0.5,5000,11654800,"B"
"DIG","14:21:32",25.35,-0.45,100,11649800,"S"
"DIG","14:21:31",25.35,-0.45,10000,11649700,"S"
"DIG","14:21:31",25.35,-0.45,100,11639700,"S"
"DIG","14:21:30",25.35,-0.45,600,11639600,"S"
"DIG","14:21:28",25.35,-0.45,1000,11639000,"B"
"DIG","14:21:28",25.35,-0.45,2200,11638000,"B"
"DIG","14:21:27",25.35,-0.45,3700,11635800,"B"
"DIG","14:21:26",25.35,-0.45,39100,11632100,"B"
"DIG","14:21:24",25.35,-0.45,3500,11593000,"B"
"DIG","14:21:22",25.4,-0.4,100,11589500,"S"
"DIG","14:21:22",25.35,-0.45,20100,11589400,"B"
"DIG","14:21:19",25.35,-0.45,2700,11569300,"B"
"DIG","14:21:18",25.35,-0.45,5000,11566600,"B"
"DIG","14:21:17",25.35,-0.45,5000,11561600,"B"
"DIG","14:21:17",25.4,-0.4,800,11556600,"S"
"DIG","14:21:17",25.35,-0.45,2000,11555800,"B"
"DIG","14:21:17",25.4,-0.4,100,11553800,"S"
"DIG","14:21:15",25.4,-0.4,1000,11553700,"S"
"DIG","14:21:14",25.4,-0.4,3100,11552700,"S"
"DIG","14:21:14",25.35,-0.45,1000,11549600,"B"
"DIG","14:21:12",25.4,-0.4,10000,11548600,"S"
"DIG","14:21:11",25.4,-0.4,100,11538600,"S"
"DIG","14:21:11",25.35,-0.45,500,11538500,"B"
"DIG","14:21:11",25.4,-0.4,2000,11538000,"S"
"DIG","14:21:10",25.4,-0.4,100,11536000,"S"
"DIG","14:21:09",25.4,-0.4,400,11535900,"S"
"DIG","14:21:07",25.4,-0.4,11000,11535500,"S"
"DIG","14:21:06",25.4,-0.4,1100,11524500,"S"
"DIG","14:21:06",25.35,-0.45,500,11523400,"B"
"DIG","14:21:04",25.4,-0.4,5000,11522900,"S"
"DIG","14:21:03",25.35,-0.45,9300,11517900,"B"
"DIG","14:21:00",25.4,-0.4,100,11508600,"S"
"DIG","14:20:59",25.35,-0.45,3000,11508500,"B"
"DIG","14:20:57",25.4,-0.4,1500,11505400,"S"
"DIG","14:20:57",25.35,-0.45,1500,11503900,"B"
"DIG","14:20:56",25.4,-0.4,500,11502400,"S"
"DIG","14:20:55",25.4,-0.4,200,11501900,"S"
"DIG","14:20:54",25.35,-0.45,800,11501700,"B"
"DIG","14:20:54",25.4,-0.4,1900,11500900,"B"
"DIG","14:20:51",25.4,-0.4,1000,11499000,"B"
"DIG","14:20:50",25.4,-0.4,500,11498000,"B"
"DIG","14:20:50",25.45,-0.35,200,11497500,"S"
"DIG","14:20:49",25.45,-0.35,100,11497300,"S"
"DIG","14:20:48",25.45,-0.35,2000,11497200,"S"
"DIG","14:20:47",25.4,-0.4,34900,11495200,"B"
"DIG","14:20:46",25.45,-0.35,100,11460300,"S"
"DIG","14:20:45",25.45,-0.35,200,11460200,"S"
"DIG","14:20:43",25.4,-0.4,300,11460000,"B"
"DIG","14:20:42",25.4,-0.4,5000,11459700,"B"
"DIG","14:20:42",25.45,-0.35,400,11454700,"S"
"DIG","14:20:41",25.4,-0.4,4000,11454300,"B"
"DIG","14:20:40",25.45,-0.35,100,11450300,"S"
"DIG","14:20:39",25.4,-0.4,100,11450200,"B"
"DIG","14:20:39",25.45,-0.35,2900,11450100,"S"
"DIG","14:20:38",25.45,-0.35,900,11447200,"S"
"DIG","14:20:38",25.4,-0.4,5000,11446300,"B"
"DIG","14:20:38",25.45,-0.35,200,11441300,"S"
"DIG","14:20:37",25.4,-0.4,500,11441100,"B"
"DIG","14:20:36",25.4,-0.4,5000,11440600,"B"
"DIG","14:20:33",25.45,-0.35,8700,11435600,"B"
"DIG","14:20:32",25.5,-0.3,100,11426900,"S"
"DIG","14:20:32",25.45,-0.35,1500,11426800,"B"
"DIG","14:20:30",25.5,-0.3,3000,11422300,"S"
"DIG","14:20:30",25.45,-0.35,2500,11419300,"B"
"DIG","14:20:29",25.5,-0.3,1100,11416800,"S"
"DIG","14:20:28",25.5,-0.3,1000,11415700,"S"
"DIG","14:20:27",25.5,-0.3,500,11414700,"S"
"DIG","14:20:27",25.45,-0.35,6200,11414200,"B"
"DIG","14:20:26",25.45,-0.35,5000,11408000,"B"
"DIG","14:20:25",25.5,-0.3,3000,11403000,"S"
"DIG","14:20:25",25.5,-0.3,10000,11400000,"S"
"DIG","14:20:24",25.5,-0.3,2000,11390000,"S"
"DIG","14:20:22",25.5,-0.3,700,11388000,"S"
"DIG","14:20:22",25.5,-0.3,7100,11387300,"B"
"DIG","14:20:21",25.5,-0.3,13200,11380200,"B"
"DIG","14:20:20",25.5,-0.3,3300,11367000,"B"
"DIG","14:20:19",25.5,-0.3,3500,11363700,"B"
"DIG","14:20:18",25.5,-0.3,3000,11360200,"B"
"DIG","14:20:18",25.55,-0.25,100,11357200,"S"
"DIG","14:20:18",25.5,-0.3,150000,11357100,"B"
"DIG","14:20:16",25.5,-0.3,100,11207100,"B"
"DIG","14:20:14",25.55,-0.25,1000,11207000,"S"
"DIG","14:20:14",25.5,-0.3,10000,11206000,"B"
"DIG","14:20:13",25.5,-0.3,4100,11196000,"B"
"DIG","14:20:12",25.55,-0.25,2500,11191900,"S"
"DIG","14:20:10",25.5,-0.3,800,11189400,"B"
"DIG","14:20:09",25.5,-0.3,3400,11188600,"B"
"DIG","14:20:09",25.55,-0.25,1000,11185200,"S"
"DIG","14:20:09",25.5,-0.3,2000,11184200,"B"
"DIG","14:20:08",25.5,-0.3,500,11182200,"B"
"DIG","14:20:07",25.5,-0.3,20000,11181700,"B"
"DIG","14:20:06",25.55,-0.25,2000,11161700,"B"
"DIG","14:20:04",25.55,-0.25,1000,11159700,"B"
"DIG","14:20:04",25.55,-0.25,4200,11158700,"B"
"DIG","14:20:03",25.55,-0.25,43000,11154500,"S"
"DIG","14:19:59",25.55,-0.25,500,11111500,"S"
"DIG","14:19:59",25.55,-0.25,200,11111000,"S"
"DIG","14:19:59",25.5,-0.3,500,11110800,"B"
"DIG","14:19:55",25.5,-0.3,500,11110300,"B"
"DIG","14:19:52",25.5,-0.3,3000,11109800,"B"
"DIG","14:19:50",25.55,-0.25,1000,11106800,"S"
"DIG","14:19:50",25.5,-0.3,10500,11105800,"B"
"DIG","14:19:49",25.55,-0.25,1000,11095300,"S"
"DIG","14:19:47",25.55,-0.25,2000,11094300,"S"
"DIG","14:19:45",25.55,-0.25,1000,11092300,"S"
"DIG","14:19:44",25.55,-0.25,14800,11077400,"S"
"DIG","14:19:44",25.55,-0.25,1000,11062600,"S"
"DIG","14:19:42",25.5,-0.3,6500,11061600,"B"
"DIG","14:19:41",25.5,-0.3,35300,11055100,"B"
"DIG","14:19:41",25.5,-0.3,2500,11019800,"B"
"DIG","14:19:36",25.55,-0.25,100,11017300,"S"
"DIG","14:19:36",25.55,-0.25,18800,11017200,"B"
"DIG","14:19:35",25.55,-0.25,37500,10998400,"B"
"DIG","14:19:34",25.55,-0.25,8100,10960900,"B"
"DIG","14:19:32",25.55,-0.25,10000,10952800,"B"
"DIG","14:19:31",25.55,-0.25,300,10942800,"B"
"DIG","14:19:30",25.6,-0.2,200,10942500,"S"
"DIG","14:19:29",25.55,-0.25,5000,10942300,"B"
"DIG","14:19:28",25.6,-0.2,5000,10937300,"S"
"DIG","14:19:25",25.6,-0.2,200,10932300,"S"
"DIG","14:19:23",25.6,-0.2,300,10932100,"S"
"DIG","14:19:22",25.6,-0.2,2000,10931800,"S"
"DIG","14:19:19",25.6,-0.2,700,10929800,"S"
"DIG","14:19:18",25.55,-0.25,1000,10929100,"B"
"DIG","14:19:18",25.55,-0.25,400,10928100,"B"
"DIG","14:19:16",25.55,-0.25,1000,10927700,"B"
"DIG","14:19:15",25.6,-0.2,1000,10926700,"S"
"DIG","14:19:13",25.6,-0.2,100,10925700,"S"
"DIG","14:19:13",25.55,-0.25,11000,10925600,"B"
"DIG","14:19:09",25.6,-0.2,1000,10914600,"S"
"DIG","14:19:08",25.55,-0.25,3200,10913600,"B"
"DIG","14:19:08",25.6,-0.2,100,10910400,"S"
"DIG","14:19:05",25.55,-0.25,2300,10910300,"B"
"DIG","14:19:03",25.6,-0.2,600,10908000,"S"
"DIG","14:19:02",25.55,-0.25,2500,10907400,"B"
"DIG","14:18:55",25.6,-0.2,200,10904900,"S"
"DIG","14:18:53",25.6,-0.2,1000,10904700,"S"
"DIG","14:18:50",25.6,-0.2,2000,10903700,"S"
"DIG","14:18:48",25.6,-0.2,131600,10901700,"B"
"DIG","14:18:47",25.6,-0.2,2000,10770100,"B"
"DIG","14:18:46",25.6,-0.2,2500,10768100,"B"
"DIG","14:18:46",25.65,-0.15,200,10765600,"S"
"DIG","14:18:46",25.6,-0.2,12700,10765400,"B"
"DIG","14:18:46",25.6,-0.2,39800,10752700,"B"
"DIG","14:18:33",25.65,-0.15,200,10712900,"S"
"DIG","14:18:31",25.6,-0.2,300,10712700,"B"
"DIG","14:18:29",25.6,-0.2,1200,10712400,"B"
"DIG","14:18:26",25.6,-0.2,3500,10711200,"B"
"DIG","14:18:22",25.6,-0.2,3400,10707700,"B"
"DIG","14:18:19",25.6,-0.2,1800,10704300,"B"
"DIG","14:18:11",25.6,-0.2,1100,10702500,"B"
"DIG","14:18:06",25.65,-0.15,300,10701400,"S"
"DIG","14:18:04",25.65,-0.15,500,10701100,"S"
"DIG","14:18:00",25.65,-0.15,30800,10700600,"B"
"DIG","14:17:58",25.65,-0.15,400,10669800,"B"
"DIG","14:17:56",25.65,-0.15,1000,10669400,"B"
"DIG","14:17:55",25.65,-0.15,12000,10668400,"B"
"DIG","14:17:54",25.65,-0.15,100,10656400,"B"
"DIG","14:17:53",25.65,-0.15,16000,10656300,"B"
"DIG","14:17:52",25.65,-0.15,1000,10640300,"B"
"DIG","14:17:52",25.7,-0.1,2000,10639300,"S"
"DIG","14:17:52",25.65,-0.15,2000,10637300,"B"
"DIG","14:17:50",25.65,-0.15,500,10635300,"B"
"DIG","14:17:45",25.65,-0.15,10400,10634800,"B"
"DIG","14:17:44",25.65,-0.15,2400,10624400,"B"
"DIG","14:17:43",25.65,-0.15,62600,10622000,"B"
"DIG","14:17:38",25.65,-0.15,400,10559400,"B"
"DIG","14:17:34",25.7,-0.1,400,10559000,"S"
"DIG","14:17:33",25.7,-0.1,2800,10558600,"S"
"DIG","14:17:33",25.65,-0.15,400,10555800,"B"
"DIG","14:17:28",25.65,-0.15,400,10555400,"B"
"DIG","14:17:23",25.65,-0.15,400,10555000,"B"
"DIG","14:17:16",25.7,-0.1,2000,10554600,"S"
"DIG","14:17:15",25.65,-0.15,400,10552600,"B"
"DIG","14:17:12",25.65,-0.15,200,10552200,"B"
"DIG","14:17:11",25.65,-0.15,400,10552000,"B"
"DIG","14:17:03",25.7,-0.1,5000,10551600,"S"
"DIG","14:17:00",25.65,-0.15,20000,10546600,"B"
"DIG","14:16:58",25.65,-0.15,5000,10526600,"B"
"DIG","14:16:57",25.7,-0.1,1100,10521600,"S"
"DIG","14:16:52",25.65,-0.15,4600,10520500,"B"
"DIG","14:16:52",25.7,-0.1,500,10515900,"S"
"DIG","14:16:48",25.7,-0.1,1000,10515400,"S"
"DIG","14:16:44",25.7,-0.1,7300,10514400,"B"
"DIG","14:16:42",25.7,-0.1,10800,10507100,"B"
"DIG","14:16:41",25.7,-0.1,700,10496300,"B"
"DIG","14:16:37",25.7,-0.1,1000,10495600,"B"
"DIG","14:16:36",25.7,-0.1,500,10494600,"B"
"DIG","14:16:35",25.7,-0.1,4800,10494100,"S"
"DIG","14:16:33",25.7,-0.1,1000,10489300,"S"
"DIG","14:16:31",25.7,-0.1,1000,10488300,"S"
"DIG","14:16:30",25.7,-0.1,1000,10487300,"S"
"DIG","14:16:24",25.65,-0.15,300,10486300,"B"
"DIG","14:16:22",25.7,-0.1,20000,10486000,"B"
"DIG","14:16:21",25.7,-0.1,1000,10466000,"B"
"DIG","14:16:18",25.7,-0.1,800,10465000,"B"
"DIG","14:16:16",25.7,-0.1,200,10464200,"B"
"DIG","14:16:13",25.7,-0.1,1100,10464000,"B"
"DIG","14:16:12",25.7,-0.1,1000,10462900,"B"
"DIG","14:16:09",25.7,-0.1,400,10461900,"B"
"DIG","14:16:07",25.65,-0.15,14300,10461500,"B"
"DIG","14:16:07",25.7,-0.1,700,10447200,"B"
"DIG","14:16:03",25.7,-0.1,300,10446500,"S"
"DIG","14:16:02",25.7,-0.1,20000,10446200,"S"
"DIG","14:15:59",25.7,-0.1,1000,10426200,"S"
"DIG","14:15:55",25.7,-0.1,500,10425200,"S"
"DIG","14:15:54",25.65,-0.15,1500,10424700,"B"
"DIG","14:15:53",25.7,-0.1,800,10423200,"S"
"DIG","14:15:51",25.65,-0.15,5000,10422400,"B"
"DIG","14:15:50",25.7,-0.1,100,10417400,"S"
"DIG","14:15:49",25.7,-0.1,2000,10417300,"S"
"DIG","14:15:47",25.7,-0.1,1000,10415300,"S"
"DIG","14:15:45",25.7,-0.1,2000,10414300,"S"
"DIG","14:15:44",25.7,-0.1,1500,10412300,"S"
"DIG","14:15:43",25.7,-0.1,700,10410800,"S"
"DIG","14:15:40",25.7,-0.1,200,10410100,"S"
"DIG","14:15:37",25.7,-0.1,700,10409900,"S"
"DIG","14:15:32",25.7,-0.1,1000,10409200,"S"
"DIG","14:15:31",25.7,-0.1,1000,10408200,"S"
"DIG","14:15:26",25.7,-0.1,100,10407200,"S"
"DIG","14:15:23",25.7,-0.1,100,10407100,"B"
"DIG","14:15:22",25.65,-0.15,300,10407000,"B"
"DIG","14:15:21",25.65,-0.15,600,10406700,"B"
"DIG","14:15:21",25.7,-0.1,1400,10406100,"B"
"DIG","14:15:20",25.7,-0.1,1000,10404700,"B"
"DIG","14:15:15",25.7,-0.1,5000,10403700,"B"
"DIG","14:15:15",25.7,-0.1,5000,10398700,"B"
"DIG","14:15:10",25.7,-0.1,10000,10393700,"B"
"DIG","14:15:06",25.7,-0.1,5700,10383700,"B"
"DIG","14:14:53",25.7,-0.1,5000,10378000,"B"
"DIG","14:14:49",25.7,-0.1,10000,10373000,"B"
"DIG","14:14:38",25.7,-0.1,3000,10363000,"B"
"DIG","14:14:38",25.75,-0.05,1000,10360000,"S"
"DIG","14:14:35",25.75,-0.05,3400,10359000,"S"
"DIG","14:14:31",25.7,-0.1,5000,10355600,"B"
"DIG","14:14:29",25.75,-0.05,3000,10350600,"S"
"DIG","14:14:27",25.7,-0.1,10000,10347600,"B"
"DIG","14:14:26",25.7,-0.1,60000,10337600,"B"
"DIG","14:14:25",25.75,-0.05,800,10277600,"S"
"DIG","14:14:16",25.7,-0.1,400,10276800,"B"
"DIG","14:14:07",25.75,-0.05,10000,10276400,"S"
"DIG","14:14:06",25.75,-0.05,2000,10266400,"S"
"DIG","14:14:04",25.75,-0.05,800,10264400,"B"
"DIG","14:14:03",25.75,-0.05,4300,10263600,"S"
"DIG","14:14:00",25.75,-0.05,900,10259300,"S"
"DIG","14:13:51",25.7,-0.1,200,10258400,"B"
"DIG","14:13:49",25.75,-0.05,300,10258200,"S"
"DIG","14:13:42",25.75,-0.05,500,10257900,"S"
"DIG","14:13:41",25.75,-0.05,23000,10257400,"B"
"DIG","14:13:35",25.75,-0.05,1000,10234400,"B"
"DIG","14:13:20",25.75,-0.05,2000,10233400,"B"
"DIG","14:13:18",25.75,-0.05,1100,10231400,"B"
"DIG","14:13:11",25.8,0,100,10230300,"S"
"DIG","14:13:11",25.75,-0.05,400,10230200,"B"
"DIG","14:13:09",25.8,0,100,10229800,"S"
"DIG","14:13:00",25.8,0,200,10229700,"S"
"DIG","14:12:47",25.8,0,1000,10229500,"S"
"DIG","14:12:46",25.8,0,200,10228500,"S"
"DIG","14:12:45",25.8,0,5000,10228300,"S"
"DIG","14:12:43",25.8,0,100,10223300,"S"
"DIG","14:12:38",25.8,0,1800,10223200,"S"
"DIG","14:12:37",25.75,-0.05,300,10221400,"B"
"DIG","14:12:32",25.8,0,300,10221100,"S"
"DIG","14:12:15",25.8,0,200,10220800,"S"
"DIG","14:12:10",25.8,0,200,10220600,"S"
"DIG","14:12:09",25.75,-0.05,300,10220400,"B"
"DIG","14:11:55",25.8,0,1000,10220100,"S"
"DIG","14:11:53",25.8,0,1500,10219100,"S"
"DIG","14:11:49",25.8,0,7300,10217600,"S"
"DIG","14:11:48",25.8,0,100,10210300,"S"
"DIG","14:11:41",25.8,0,900,10210200,"S"
"DIG","14:11:37",25.8,0,400,10209300,"S"
"DIG","14:11:27",25.8,0,2000,10208900,"S"
"DIG","14:11:26",25.75,-0.05,1000,10206900,"B"
"DIG","14:11:19",25.8,0,4000,10205900,"S"
"DIG","14:11:18",25.8,0,500,10201900,"S"
"DIG","14:11:09",25.8,0,400,10201400,"S"
"DIG","14:11:06",25.8,0,200,10201000,"S"
"DIG","14:11:05",25.75,-0.05,400,10200800,"B"
"DIG","14:10:43",25.8,0,400,10200400,"B"
"DIG","14:10:43",25.8,0,600,10200000,"S"
"DIG","14:10:37",25.8,0,100,10199400,"S"
"DIG","14:10:36",25.8,0,2300,10199300,"B"
"DIG","14:10:33",25.8,0,2400,10197000,"B"
"DIG","14:10:27",25.8,0,1200,10194600,"B"
"DIG","14:10:27",25.8,0,8800,10193400,"B"
"DIG","14:10:24",25.8,0,4000,10184600,"B"
"DIG","14:10:23",25.85,0.05,700,10180600,"S"
"DIG","14:10:22",25.8,0,3000,10179900,"B"
"DIG","14:10:20",25.8,0,300,10176900,"B"
"DIG","14:10:16",25.8,0,10000,10176600,"B"
"DIG","14:10:15",25.85,0.05,1000,10166600,"S"
"DIG","14:10:13",25.8,0,20000,10165600,"B"
"DIG","14:10:11",25.8,0,5000,10145600,"B"
"DIG","14:10:04",25.8,0,300,10140600,"B"
"DIG","14:10:03",25.8,0,500,10140300,"B"
"DIG","14:10:02",25.8,0,500,10139800,"B"
"DIG","14:10:01",25.85,0.05,500,10139300,"S"
"DIG","14:09:52",25.8,0,400,10138800,"B"
"DIG","14:09:50",25.8,0,1000,10138400,"B"
"DIG","14:09:36",25.85,0.05,100,10137400,"S"
"DIG","14:09:27",25.85,0.05,600,10137300,"S"
"DIG","14:09:22",25.85,0.05,500,10136700,"S"
"DIG","14:09:22",25.85,0.05,400,10136200,"S"
"DIG","14:09:04",25.8,0,4000,10135800,"B"
"DIG","14:09:01",25.8,0,100,10131800,"B"
"DIG","14:08:59",25.8,0,400,10131700,"B"
"DIG","14:08:54",25.85,0.05,500,10131300,"S"
"DIG","14:08:43",25.85,0.05,300,10130800,"S"
"DIG","14:08:18",25.8,0,4700,10130500,"S"
"DIG","14:08:17",25.8,0,5300,10125800,"B"
"DIG","14:08:16",25.85,0.05,2000,10120500,"S"
"DIG","14:08:13",25.8,0,500,10118500,"B"
"DIG","14:08:12",25.8,0,200,10118000,"B"
"DIG","14:08:11",25.8,0,500,10117800,"B"
"DIG","14:07:57",25.8,0,300,10117300,"B"
"DIG","14:07:56",25.8,0,44300,10117000,"S"
"DIG","14:07:28",25.8,0,2000,10072700,"S"
"DIG","14:07:27",25.75,-0.05,1000,10070700,"B"
"DIG","14:07:22",25.75,-0.05,1000,10069700,"B"
"DIG","14:07:21",25.75,-0.05,500,10068700,"B"
"DIG","14:07:19",25.75,-0.05,500,10068200,"B"
"DIG","14:07:18",25.75,-0.05,7400,10067700,"S"
"DIG","14:07:17",25.75,-0.05,200,10060300,"S"
"DIG","14:07:12",25.75,-0.05,800,10060100,"B"
"DIG","14:07:05",25.75,-0.05,200,10059300,"S"
"DIG","14:07:02",25.8,0,2000,10059100,"S"
"DIG","14:07:00",25.75,-0.05,700,10057100,"S"
"DIG","14:06:59",25.75,-0.05,4900,10056400,"S"
"DIG","14:06:58",25.75,-0.05,500,10051500,"S"
"DIG","14:06:57",25.7,-0.1,300,10051000,"B"
"DIG","14:06:57",25.75,-0.05,300,10050700,"S"
"DIG","14:06:56",25.75,-0.05,500,10050400,"S"
"DIG","14:06:53",25.75,-0.05,200,10049900,"S"
"DIG","14:06:52",25.7,-0.1,400,10049700,"B"
"DIG","14:06:52",25.75,-0.05,5000,10049300,"S"
"DIG","14:06:51",25.75,-0.05,1000,10044300,"S"
"DIG","14:06:48",25.75,-0.05,20000,10043300,"S"
"DIG","14:06:40",25.75,-0.05,1400,10023300,"S"
"DIG","14:06:39",25.75,-0.05,1000,10021900,"S"
"DIG","14:06:38",25.75,-0.05,1100,10020900,"S"
"DIG","14:06:32",25.75,-0.05,2000,10019800,"S"
"DIG","14:06:31",25.75,-0.05,1000,10017800,"S"
"DIG","14:06:30",25.75,-0.05,200,10016800,"S"
"DIG","14:06:26",25.75,-0.05,5000,10016600,"S"
"DIG","14:06:24",25.75,-0.05,1000,10011600,"S"
"DIG","14:06:19",25.75,-0.05,5000,10010600,"S"
"DIG","14:06:18",25.75,-0.05,2000,10005600,"S"
"DIG","14:06:17",25.7,-0.1,3000,10003600,"B"
"DIG","14:06:11",25.75,-0.05,100,10000600,"S"
"DIG","14:06:11",25.7,-0.1,1900,10000500,"B"
"DIG","14:06:10",25.75,-0.05,200,9998600,"S"
"DIG","14:06:01",25.75,-0.05,500,9998400,"S"
"DIG","14:06:00",25.75,-0.05,2500,9997900,"S"
"DIG","14:06:00",25.75,-0.05,2000,9995400,"S"
"DIG","14:05:59",25.75,-0.05,12000,9993400,"S"
"DIG","14:05:57",25.7,-0.1,2800,9981400,"B"
"DIG","14:05:53",25.75,-0.05,100,9978600,"S"
"DIG","14:05:50",25.75,-0.05,7000,9978500,"S"
"DIG","14:05:49",25.7,-0.1,5000,9971500,"B"
"DIG","14:05:49",25.75,-0.05,600,9966500,"S"
"DIG","14:05:48",25.75,-0.05,300,9965900,"S"
"DIG","14:05:47",25.75,-0.05,500,9965600,"S"
"DIG","14:05:47",25.7,-0.1,400,9965100,"B"
"DIG","14:05:46",25.7,-0.1,1000,9964700,"B"
"DIG","14:05:46",25.75,-0.05,500,9963700,"S"
"DIG","14:05:34",25.75,-0.05,50000,9963200,"S"
"DIG","14:05:34",25.75,-0.05,500,9913200,"S"
"DIG","14:05:24",25.7,-0.1,800,9912700,"S"
"DIG","14:05:22",25.7,-0.1,50000,9911900,"S"
"DIG","14:05:22",25.7,-0.1,500,9861900,"S"
"DIG","14:05:20",25.7,-0.1,2000,9861400,"S"
"DIG","14:05:20",25.65,-0.15,4000,9859400,"B"
"DIG","14:05:19",25.7,-0.1,2000,9855400,"S"
"DIG","14:05:09",25.65,-0.15,500,9853400,"B"
"DIG","14:05:09",25.65,-0.15,14900,9852900,"S"
"DIG","14:05:08",25.65,-0.15,200,9838000,"S"
"DIG","14:05:08",25.65,-0.15,500,9837800,"S"
"DIG","14:05:07",25.65,-0.15,1100,9837300,"S"
"DIG","14:05:06",25.6,-0.2,31700,9836200,"B"
"DIG","14:05:05",25.65,-0.15,11000,9804500,"S"
"DIG","14:05:04",25.6,-0.2,600,9793500,"B"
"DIG","14:05:04",25.65,-0.15,2000,9792900,"S"
"DIG","14:05:04",25.65,-0.15,2000,9790900,"S"
"DIG","14:05:03",25.65,-0.15,1000,9788900,"S"
"DIG","14:05:01",25.65,-0.15,500,9787900,"S"
"DIG","14:05:00",25.65,-0.15,100,9787400,"S"
"DIG","14:04:59",25.65,-0.15,2600,9787300,"S"
"DIG","14:04:59",25.65,-0.15,100,9784700,"S"
"DIG","14:04:58",25.65,-0.15,3000,9784600,"S"
"DIG","14:04:58",25.65,-0.15,2000,9781600,"S"
"DIG","14:04:57",25.65,-0.15,400,9779600,"S"
"DIG","14:04:56",25.65,-0.15,500,9779200,"S"
"DIG","14:04:56",25.65,-0.15,2600,9778700,"S"
"DIG","14:04:55",25.65,-0.15,2000,9776100,"S"
"DIG","14:04:54",25.65,-0.15,100,9774100,"S"
"DIG","14:04:52",25.65,-0.15,5000,9774000,"S"
"DIG","14:04:51",25.6,-0.2,1000,9769000,"B"
"DIG","14:04:51",25.65,-0.15,100,9768000,"S"
"DIG","14:04:51",25.65,-0.15,800,9767900,"S"
"DIG","14:04:49",25.65,-0.15,100,9767100,"S"
"DIG","14:04:47",25.65,-0.15,100,9767000,"S"
"DIG","14:04:47",25.65,-0.15,100,9766900,"S"
"DIG","14:04:47",25.6,-0.2,300,9766800,"B"
"DIG","14:04:45",25.65,-0.15,2000,9766500,"S"
"DIG","14:04:43",25.65,-0.15,5500,9764500,"S"
"DIG","14:04:42",25.65,-0.15,1000,9759000,"S"
"DIG","14:04:42",25.65,-0.15,5000,9758000,"S"
"DIG","14:04:41",25.65,-0.15,1000,9752700,"S"
"DIG","14:04:39",25.65,-0.15,10000,9751700,"S"
"DIG","14:04:38",25.65,-0.15,700,9741700,"S"
"DIG","14:04:37",25.65,-0.15,100,9741000,"S"
"DIG","14:04:36",25.65,-0.15,100,9740900,"S"
"DIG","14:04:34",25.65,-0.15,3000,9740800,"S"
"DIG","14:04:32",25.65,-0.15,100,9737800,"S"
"DIG","14:04:31",25.65,-0.15,100,9737700,"S"
"DIG","14:04:29",25.65,-0.15,1200,9737600,"S"
"DIG","14:04:27",25.65,-0.15,100,9736400,"S"
"DIG","14:04:26",25.65,-0.15,200,9736300,"S"
"DIG","14:04:25",25.65,-0.15,10000,9736100,"S"
"DIG","14:04:24",25.65,-0.15,5200,9726100,"S"
"DIG","14:04:23",25.6,-0.2,5000,9720900,"B"
"DIG","14:04:23",25.65,-0.15,100,9715900,"S"
"DIG","14:04:23",25.6,-0.2,24600,9715800,"B"
"DIG","14:04:21",25.65,-0.15,1000,9691200,"S"
"DIG","14:04:16",25.65,-0.15,9000,9690200,"S"
"DIG","14:04:13",25.65,-0.15,1000,9681200,"S"
"DIG","14:04:12",25.65,-0.15,500,9680200,"S"
"DIG","14:04:04",25.65,-0.15,100,9679700,"S"
"DIG","14:04:03",25.65,-0.15,1100,9679600,"B"
"DIG","14:04:03",25.7,-0.1,500,9678500,"S"
"DIG","14:04:01",25.65,-0.15,7000,9678000,"B"
"DIG","14:03:57",25.65,-0.15,2600,9671000,"B"
"DIG","14:03:56",25.65,-0.15,1500,9668400,"B"
"DIG","14:03:55",25.65,-0.15,11800,9666900,"B"
"DIG","14:03:53",25.7,-0.1,1000,9655100,"S"
"DIG","14:03:52",25.65,-0.15,20500,9654100,"B"
"DIG","14:03:49",25.65,-0.15,3000,9633600,"B"
"DIG","14:03:48",25.65,-0.15,7000,9630600,"B"
"DIG","14:03:48",25.7,-0.1,1600,9623600,"S"
"DIG","14:03:46",25.7,-0.1,5000,9622000,"S"
"DIG","14:03:44",25.65,-0.15,200,9617000,"B"
"DIG","14:03:42",25.65,-0.15,4000,9616800,"B"
"DIG","14:03:42",25.7,-0.1,8000,9612800,"S"
"DIG","14:03:42",25.65,-0.15,400,9604800,"B"
"DIG","14:03:41",25.7,-0.1,100,9604400,"S"
"DIG","14:03:35",25.7,-0.1,1600,9604300,"S"
"DIG","14:03:28",25.7,-0.1,80500,9602700,"B"
"DIG","14:03:26",25.7,-0.1,1300,9522200,"B"
"DIG","14:03:25",25.7,-0.1,59000,9520900,"B"
"DIG","14:03:24",25.7,-0.1,1000,9461900,"B"
"DIG","14:03:24",25.7,-0.1,700,9460900,"B"
"DIG","14:03:23",25.7,-0.1,300,9460200,"B"
"DIG","14:03:21",25.7,-0.1,1000,9459900,"B"
"DIG","14:03:19",25.7,-0.1,1000,9458900,"B"
"DIG","14:03:15",25.7,-0.1,8100,9457900,"B"
"DIG","14:03:13",25.75,-0.05,2000,9449800,"S"
"DIG","14:03:11",25.7,-0.1,3000,9447800,"B"
"DIG","14:03:09",25.75,-0.05,1000,9444800,"S"
"DIG","14:03:04",25.75,-0.05,100,9443800,"S"
"DIG","14:03:01",25.75,-0.05,100,9443700,"S"
"DIG","14:02:59",25.7,-0.1,200,9443600,"B"
"DIG","14:02:56",25.7,-0.1,500,9443400,"B"
"DIG","14:02:55",25.75,-0.05,2000,9442900,"S"
"DIG","14:02:54",25.7,-0.1,5000,9440900,"B"
"DIG","14:02:53",25.7,-0.1,2000,9435900,"B"
"DIG","14:02:44",25.7,-0.1,5000,9433900,"B"
"DIG","14:02:40",25.7,-0.1,7600,9428900,"B"
"DIG","14:02:39",25.7,-0.1,400,9421300,"B"
"DIG","14:02:36",25.75,-0.05,2000,9420900,"S"
"DIG","14:02:28",25.75,-0.05,100,9418900,"S"
"DIG","14:02:22",25.75,-0.05,100,9418800,"S"
"DIG","14:02:18",25.75,-0.05,1200,9418700,"B"
"DIG","14:02:17",25.75,-0.05,1100,9417500,"B"
"DIG","14:02:16",25.75,-0.05,8000,9416400,"B"
"DIG","14:02:15",25.75,-0.05,3400,9408400,"B"
"DIG","14:02:14",25.75,-0.05,3000,9405000,"B"
"DIG","14:02:14",25.8,0,300,9402000,"S"
"DIG","14:02:14",25.75,-0.05,14600,9401700,"B"
"DIG","14:02:13",25.75,-0.05,5000,9387100,"B"
"DIG","14:02:13",25.75,-0.05,11000,9382100,"B"
"DIG","14:02:11",25.8,0,2000,9371100,"S"
"DIG","14:02:11",25.75,-0.05,47100,9369100,"B"
"DIG","14:02:08",25.75,-0.05,22800,9322000,"B"
"DIG","14:02:05",25.75,-0.05,7000,9299200,"B"
"DIG","14:01:57",25.75,-0.05,300,9292200,"B"
"DIG","14:01:50",25.8,0,1000,9291900,"S"
"DIG","14:01:50",25.75,-0.05,300,9290900,"B"
"DIG","14:01:49",25.75,-0.05,5000,9290600,"B"
"DIG","14:01:48",25.75,-0.05,2500,9285600,"B"
"DIG","14:01:42",25.75,-0.05,20000,9283100,"B"
"DIG","14:01:38",25.75,-0.05,300,9263100,"B"
"DIG","14:01:23",25.75,-0.05,6000,9262800,"B"
"DIG","14:01:19",25.75,-0.05,5000,9256800,"B"
"DIG","14:01:12",25.8,0,300,9251800,"S"
"DIG","14:01:10",25.75,-0.05,1200,9251500,"B"
"DIG","14:01:09",25.75,-0.05,1200,9250300,"B"
"DIG","14:00:34",25.75,-0.05,500,9249100,"B"
"DIG","14:00:32",25.75,-0.05,400,9248600,"B"
"DIG","14:00:30",25.8,0,1000,9248200,"S"
"DIG","14:00:19",25.75,-0.05,800,9247200,"B"
"DIG","13:59:50",25.75,-0.05,3000,9246400,"B"
"DIG","13:59:49",25.8,0,10000,9243400,"S"
"DIG","13:59:45",25.8,0,1000,9233400,"S"
"DIG","13:59:44",25.8,0,400,9232400,"S"
"DIG","13:59:43",25.8,0,4000,9232000,"S"
"DIG","13:59:32",25.8,0,100,9228000,"S"
"DIG","13:59:32",25.75,-0.05,300,9227900,"B"
"DIG","13:59:31",25.8,0,2000,9227600,"S"
"DIG","13:59:29",25.8,0,900,9225600,"B"
"DIG","13:59:28",25.8,0,5600,9224700,"B"
"DIG","13:59:26",25.8,0,1300,9219100,"B"
"DIG","13:59:25",25.8,0,300,9217800,"B"
"DIG","13:59:20",25.8,0,3000,9217500,"B"
"DIG","13:59:11",25.8,0,500,9214500,"B"
"DIG","13:58:54",25.8,0,2000,9214000,"B"
"DIG","13:58:46",25.8,0,2000,9212000,"B"
"DIG","13:58:45",25.8,0,500,9210000,"B"
"DIG","13:58:43",25.8,0,2000,9209500,"B"
"DIG","13:58:42",25.85,0.05,100,9207500,"S"
"DIG","13:58:31",25.8,0,1100,9207400,"B"
"DIG","13:58:30",25.85,0.05,5000,9206300,"S"
"DIG","13:58:29",25.8,0,4500,9201300,"B"
"DIG","13:58:16",25.8,0,1000,9196800,"B"
"DIG","13:58:13",25.8,0,39400,9195800,"B"
"DIG","13:58:12",25.8,0,10600,9156400,"B"
"DIG","13:58:07",25.8,0,3000,9145800,"B"
"DIG","13:58:04",25.8,0,2000,9142800,"B"
"DIG","13:58:01",25.8,0,10300,9140800,"B"
"DIG","13:58:00",25.8,0,9700,9130500,"B"
"DIG","13:57:27",25.8,0,400,9120800,"B"
"DIG","13:57:23",25.8,0,4000,9120400,"B"
"DIG","13:57:20",25.8,0,10000,9116400,"B"
"DIG","13:57:19",25.85,0.05,1000,9106400,"S"
"DIG","13:57:04",25.85,0.05,200,9105400,"B"
"DIG","13:56:59",25.85,0.05,700,9105200,"B"
"DIG","13:56:58",25.85,0.05,1500,9104500,"B"
"DIG","13:56:55",25.85,0.05,300,9103000,"B"
"DIG","13:56:54",25.85,0.05,500,9102700,"B"
"DIG","13:56:52",25.85,0.05,29800,9102200,"S"
"DIG","13:56:47",25.85,0.05,14000,9072400,"S"
"DIG","13:56:36",25.8,0,1000,9058400,"B"
"DIG","13:56:33",25.8,0,5400,9057400,"B"
"DIG","13:56:25",25.8,0,400,9052000,"B"
"DIG","13:55:58",25.8,0,200,9051600,"B"
"DIG","13:55:37",25.8,0,5000,9051400,"B"
"DIG","13:55:30",25.8,0,800,9046400,"B"
"DIG","13:55:21",25.8,0,400,9045600,"B"
"DIG","13:55:08",25.8,0,1000,9045200,"B"
"DIG","13:54:47",25.8,0,1200,9044200,"B"
"DIG","13:54:40",25.8,0,200,9043000,"B"
"DIG","13:54:18",25.8,0,400,9042800,"B"
"DIG","13:54:10",25.8,0,400,9042400,"B"
"DIG","13:54:02",25.8,0,400,9042000,"B"
"DIG","13:54:02",25.85,0.05,500,9041600,"S"
"DIG","13:54:01",25.8,0,100,9041100,"B"
"DIG","13:53:55",25.85,0.05,98600,9041000,"B"
"DIG","13:53:54",25.85,0.05,10000,8942400,"B"
"DIG","13:53:53",25.85,0.05,300,8932400,"B"
"DIG","13:53:50",25.85,0.05,20000,8932100,"B"
"DIG","13:53:46",25.85,0.05,1500,8900100,"B"
"DIG","13:53:45",25.85,0.05,5000,8898600,"B"
"DIG","13:53:42",25.85,0.05,1000,8893600,"B"
"DIG","13:53:41",25.85,0.05,300,8892600,"B"
"DIG","13:53:40",25.85,0.05,1000,8892300,"B"
"DIG","13:53:36",25.85,0.05,10000,8891300,"B"
"DIG","13:53:34",25.85,0.05,3200,8881300,"B"
"DIG","13:53:32",25.85,0.05,1000,8878100,"B"
"DIG","13:53:27",25.85,0.05,8000,8877100,"B"
"DIG","13:53:20",25.85,0.05,1300,8869100,"B"
"DIG","13:53:17",25.85,0.05,200,8867800,"B"
"DIG","13:53:16",25.85,0.05,300,8867600,"B"
"DIG","13:53:08",25.85,0.05,3500,8867300,"B"
"DIG","13:53:06",25.85,0.05,12000,8863800,"B"
"DIG","13:53:00",25.85,0.05,10000,8851800,"B"
"DIG","13:52:59",25.85,0.05,10000,8841800,"B"
"DIG","13:52:48",25.85,0.05,10000,8831800,"B"
"DIG","13:52:47",25.85,0.05,100,8821800,"B"
"DIG","13:52:40",25.85,0.05,5000,8821700,"B"
"DIG","13:52:32",25.85,0.05,2500,8816700,"B"
"DIG","13:52:32",25.85,0.05,2200,8814200,"B"
"DIG","13:52:26",25.85,0.05,10000,8812000,"B"
"DIG","13:52:19",25.85,0.05,300,8802000,"B"
"DIG","13:52:16",25.85,0.05,200,8801700,"B"
"DIG","13:52:13",25.85,0.05,400,8801500,"B"
"DIG","13:51:55",25.85,0.05,4500,8801100,"B"
"DIG","13:51:52",25.85,0.05,1500,8796600,"B"
"DIG","13:51:49",25.85,0.05,48000,8795100,"B"
"DIG","13:51:13",25.85,0.05,2600,8747100,"B"
"DIG","13:51:11",25.85,0.05,300,8744500,"B"
"DIG","13:51:09",25.85,0.05,10000,8744200,"B"
"DIG","13:50:57",25.85,0.05,400,8734200,"B"
"DIG","13:50:48",25.85,0.05,3000,8733800,"B"
"DIG","13:50:43",25.85,0.05,3200,8730800,"B"
"DIG","13:50:42",25.85,0.05,2000,8727600,"B"
"DIG","13:50:39",25.85,0.05,10000,8725600,"B"
"DIG","13:50:16",25.85,0.05,2000,8715600,"B"
"DIG","13:50:10",25.85,0.05,300,8713600,"B"
"DIG","13:50:03",25.9,0.1,700,8713300,"S"
"DIG","13:50:01",25.85,0.05,100,8712600,"B"
"DIG","13:50:00",25.85,0.05,200,8712500,"B"
"DIG","13:49:32",25.85,0.05,1000,8712300,"B"
"DIG","13:49:30",25.9,0.1,300,8711300,"S"
"DIG","13:49:11",25.9,0.1,1000,8711000,"S"
"DIG","13:49:07",25.85,0.05,300,8710000,"B"
"DIG","13:49:04",25.85,0.05,7400,8709700,"B"
"DIG","13:49:04",25.9,0.1,300,8702300,"S"
"DIG","13:48:51",25.9,0.1,800,8702000,"S"
"DIG","13:48:39",25.85,0.05,1000,8701200,"B"
"DIG","13:48:32",25.85,0.05,100,8700200,"B"
"DIG","13:48:32",25.85,0.05,500,8700100,"B"
"DIG","13:48:24",25.85,0.05,500,8699600,"B"
"DIG","13:48:12",25.85,0.05,1000,8689600,"B"
"DIG","13:48:04",25.85,0.05,400,8688600,"B"
"DIG","13:47:29",25.85,0.05,3000,8688200,"B"
"DIG","13:47:22",25.9,0.1,1000,8685200,"S"
"DIG","13:47:14",25.9,0.1,100,8684200,"S"
"DIG","13:47:06",25.9,0.1,1000,8684100,"S"
"DIG","13:47:04",25.85,0.05,300,8683100,"B"
"DIG","13:46:59",25.9,0.1,100,8682800,"S"
"DIG","13:46:45",25.9,0.1,100,8682700,"S"
"DIG","13:46:43",25.85,0.05,500,8682600,"B"
"DIG","13:46:20",25.9,0.1,500,8682100,"S"
"DIG","13:46:16",25.9,0.1,200,8681600,"S"
"DIG","13:46:09",25.9,0.1,300,8681400,"S"
"DIG","13:46:06",25.9,0.1,500,8681100,"S"
"DIG","13:46:03",25.9,0.1,800,8680600,"S"
"DIG","13:46:00",25.85,0.05,400,8679800,"B"
"DIG","13:45:55",25.9,0.1,100,8679400,"S"
"DIG","13:45:51",25.9,0.1,200,8679300,"S"
"DIG","13:45:46",25.9,0.1,300,8679100,"S"
"DIG","13:45:37",25.9,0.1,800,8678800,"S"
"DIG","13:45:04",25.85,0.05,5000,8678000,"B"
"DIG","13:44:56",25.85,0.05,400,8673000,"B"
"DIG","13:44:54",25.85,0.05,700,8672600,"B"
"DIG","13:44:49",25.9,0.1,100,8671900,"S"
"DIG","13:44:33",25.9,0.1,2300,8671800,"S"
"DIG","13:44:25",25.9,0.1,100,8669500,"S"
"DIG","13:44:12",25.9,0.1,9000,8669400,"S"
"DIG","13:43:56",25.85,0.05,300,8660400,"B"
"DIG","13:43:50",25.9,0.1,100,8660100,"S"
"DIG","13:43:48",25.9,0.1,1200,8660000,"S"
"DIG","13:43:44",25.9,0.1,300,8658800,"S"
"DIG","13:43:37",25.9,0.1,500,8658500,"S"
"DIG","13:43:30",25.9,0.1,1000,8658000,"S"
"DIG","13:43:22",25.9,0.1,2700,8657000,"S"
"DIG","13:43:20",25.9,0.1,5000,8654300,"S"
"DIG","13:43:17",25.9,0.1,10100,8649300,"S"
"DIG","13:43:16",25.9,0.1,3100,8639200,"S"
"DIG","13:43:14",25.9,0.1,5000,8636100,"S"
"DIG","13:43:09",25.9,0.1,100,8631100,"S"
"DIG","13:43:03",25.9,0.1,1000,8631000,"S"
"DIG","13:43:02",25.9,0.1,900,8630000,"S"
"DIG","13:42:55",25.85,0.05,300,8629100,"B"
"DIG","13:42:54",25.9,0.1,200,8628800,"S"
"DIG","13:42:49",25.9,0.1,10000,8628600,"S"
"DIG","13:42:49",25.9,0.1,500,8618600,"S"
"DIG","13:42:47",25.9,0.1,10300,8618100,"S"
"DIG","13:42:46",25.9,0.1,5000,8607800,"S"
"DIG","13:42:45",25.9,0.1,500,8602800,"S"
"DIG","13:42:42",25.9,0.1,2500,8602300,"S"
"DIG","13:42:40",25.9,0.1,5000,8599800,"S"
"DIG","13:42:39",25.9,0.1,1000,8594800,"S"
"DIG","13:42:37",25.9,0.1,1000,8593800,"S"
"DIG","13:42:35",25.9,0.1,5100,8592800,"S"
"DIG","13:42:33",25.9,0.1,1100,8587700,"S"
"DIG","13:42:30",25.9,0.1,2000,8586600,"S"
"DIG","13:42:25",25.9,0.1,300,8584600,"S"
"DIG","13:42:24",25.9,0.1,100,8584300,"S"
"DIG","13:42:22",25.9,0.1,600,8584200,"S"
"DIG","13:42:21",25.9,0.1,49300,8583600,"S"
"DIG","13:42:07",25.9,0.1,100,8534300,"S"
"DIG","13:42:05",25.9,0.1,100,8534200,"S"
"DIG","13:42:02",25.9,0.1,100,8534100,"S"
"DIG","13:41:53",25.85,0.05,300,8534000,"B"
"DIG","13:41:27",25.85,0.05,400,8533700,"B"
"DIG","13:41:27",25.9,0.1,100,8533300,"S"
"DIG","13:41:24",25.85,0.05,4000,8533200,"B"
"DIG","13:41:18",25.9,0.1,1000,8529200,"S"
"DIG","13:41:17",25.9,0.1,100,8528200,"S"
"DIG","13:41:15",25.85,0.05,4000,8528100,"B"
"DIG","13:41:14",25.85,0.05,100,8524100,"B"
"DIG","13:41:04",25.9,0.1,200,8524000,"S"
"DIG","13:40:50",25.85,0.05,300,8523800,"B"
"DIG","13:40:30",25.9,0.1,100,8523500,"S"
"DIG","13:39:57",25.9,0.1,100,8523400,"S"
"DIG","13:39:47",25.85,0.05,300,8523300,"B"
"DIG","13:39:42",25.85,0.05,1000,8523000,"B"
"DIG","13:39:40",25.9,0.1,1000,8522000,"S"
"DIG","13:39:24",25.85,0.05,2000,8521000,"B"
"DIG","13:39:21",25.85,0.05,500,8519000,"B"
"DIG","13:39:17",25.85,0.05,500,8518500,"B"
"DIG","13:39:16",25.85,0.05,10000,8518000,"B"
"DIG","13:38:52",25.85,0.05,200,8508000,"B"
"DIG","13:38:44",25.85,0.05,400,8507800,"B"
"DIG","13:38:32",25.9,0.1,800,8507400,"S"
"DIG","13:38:26",25.9,0.1,1600,8506600,"S"
"DIG","13:38:16",25.9,0.1,4000,8505000,"S"
"DIG","13:37:47",25.85,0.05,200,8501000,"B"
"DIG","13:37:39",25.85,0.05,400,8500800,"B"
"DIG","13:37:36",25.9,0.1,300,8500400,"S"
"DIG","13:37:35",25.9,0.1,2700,8500100,"S"
"DIG","13:37:34",25.9,0.1,1000,8497400,"S"
"DIG","13:37:29",25.9,0.1,100,8496400,"S"
"DIG","13:37:28",25.9,0.1,5000,8496300,"S"
"DIG","13:37:22",25.9,0.1,13000,8491300,"S"
"DIG","13:37:21",25.9,0.1,12000,8478300,"S"
"DIG","13:37:21",25.9,0.1,2000,8466300,"S"
"DIG","13:37:15",25.9,0.1,5000,8464300,"S"
"DIG","13:37:12",25.9,0.1,7000,8459300,"S"
"DIG","13:37:02",25.9,0.1,10000,8452300,"S"
"DIG","13:37:00",25.9,0.1,100,8442300,"S"
"DIG","13:36:49",25.9,0.1,100,8442200,"S"
"DIG","13:36:48",25.9,0.1,500,8442100,"S"
"DIG","13:36:42",25.9,0.1,100,8441600,"S"
"DIG","13:36:40",25.9,0.1,400,8441500,"S"
"DIG","13:36:36",25.85,0.05,300,8441100,"B"
"DIG","13:36:31",25.9,0.1,100,8440800,"S"
"DIG","13:36:30",25.85,0.05,500,8440700,"B"
"DIG","13:36:27",25.9,0.1,100,8440200,"S"
"DIG","13:36:26",25.9,0.1,600,8440100,"S"
"DIG","13:36:13",25.9,0.1,2000,8439500,"S"
"DIG","13:36:09",25.85,0.05,100,8437500,"B"
"DIG","13:36:05",25.9,0.1,1000,8437400,"S"
"DIG","13:35:58",25.9,0.1,100,8436400,"S"
"DIG","13:35:36",25.85,0.05,300,8436300,"B"
"DIG","13:35:18",25.85,0.05,200,8436000,"B"
"DIG","13:35:03",25.85,0.05,1000,8435800,"B"
"DIG","13:34:46",25.85,0.05,1000,8434800,"B"
"DIG","13:34:45",25.85,0.05,100,8433800,"B"
"DIG","13:34:33",25.85,0.05,400,8433700,"B"
"DIG","13:34:16",25.85,0.05,100,8433300,"B"
"DIG","13:34:11",25.9,0.1,1000,8433200,"S"
"DIG","13:34:06",25.85,0.05,100,8432200,"B"
"DIG","13:34:05",25.85,0.05,10700,8432100,"S"
"DIG","13:34:04",25.85,0.05,500,8421400,"S"
"DIG","13:34:01",25.85,0.05,2100,8420900,"S"
"DIG","13:34:01",25.85,0.05,16200,8418800,"S"
"DIG","13:34:00",25.85,0.05,600,8402600,"S"
"DIG","13:33:58",25.85,0.05,5900,8402000,"S"
"DIG","13:33:54",25.85,0.05,4000,8396100,"S"
"DIG","13:33:54",25.85,0.05,300,8392100,"S"
"DIG","13:33:53",25.85,0.05,500,8391800,"S"
"DIG","13:33:52",25.85,0.05,15100,8391300,"S"
"DIG","13:33:45",25.85,0.05,1000,8376200,"S"
"DIG","13:33:45",25.85,0.05,500,8375200,"S"
"DIG","13:33:41",25.85,0.05,100,8374700,"S"
"DIG","13:33:40",25.85,0.05,8600,8374600,"S"
"DIG","13:33:38",25.85,0.05,2000,8366000,"S"
"DIG","13:33:35",25.85,0.05,5000,8364000,"S"
"DIG","13:33:33",25.8,0,300,8359000,"B"
"DIG","13:33:29",25.85,0.05,5000,8358700,"S"
"DIG","13:33:22",25.85,0.05,2000,8353700,"S"
"DIG","13:33:20",25.85,0.05,30000,8351700,"S"
"DIG","13:33:18",25.85,0.05,900,8321700,"S"
"DIG","13:33:13",25.85,0.05,1000,8320800,"S"
"DIG","13:33:00",25.85,0.05,500,8319800,"S"
"DIG","13:32:35",25.85,0.05,100,8319300,"S"
"DIG","13:32:31",25.85,0.05,700,8319200,"S"
"DIG","13:32:29",25.8,0,400,8318500,"B"
"DIG","13:32:24",25.8,0,100,8318100,"B"
"DIG","13:32:15",25.85,0.05,500,8318000,"S"
"DIG","13:32:13",25.8,0,200,8317500,"B"
"DIG","13:32:07",25.8,0,1000,8317300,"B"
"DIG","13:32:06",25.8,0,1000,8316300,"B"
"DIG","13:32:06",25.8,0,700,8315300,"B"
"DIG","13:31:59",25.8,0,3000,8314600,"B"
"DIG","13:31:58",25.8,0,64300,8311600,"S"
"DIG","13:31:42",25.8,0,300,8247300,"S"
"DIG","13:31:42",25.75,-0.05,500,8247000,"B"
"DIG","13:31:38",25.75,-0.05,1000,8246500,"B"
"DIG","13:31:31",25.8,0,1000,8245500,"S"
"DIG","13:31:31",25.75,-0.05,2000,8244500,"B"
"DIG","13:31:26",25.75,-0.05,300,8242500,"B"
"DIG","13:31:26",25.75,-0.05,100,8242200,"B"
"DIG","13:31:25",25.8,0,2700,8242100,"S"
"DIG","13:31:20",25.8,0,1000,8239400,"S"
"DIG","13:31:16",25.75,-0.05,1000,8238400,"B"
"DIG","13:31:05",25.8,0,300,8237400,"S"
"DIG","13:31:03",25.8,0,200,8237100,"S"
"DIG","13:30:59",25.8,0,1000,8236900,"S"
"DIG","13:30:55",25.8,0,200,8235900,"S"
"DIG","13:30:53",25.8,0,900,8235700,"S"
"DIG","13:30:49",25.75,-0.05,3000,8234800,"B"
"DIG","13:30:48",25.8,0,200,8231800,"S"
"DIG","13:30:47",25.8,0,1000,8231600,"S"
"DIG","13:30:47",25.75,-0.05,200,8230600,"B"
"DIG","13:30:46",25.8,0,200,8230400,"S"
"DIG","13:30:46",25.75,-0.05,900,8230200,"B"
"DIG","13:30:44",25.8,0,300,8229300,"S"
"DIG","13:30:44",25.75,-0.05,1900,8229000,"B"
"DIG","13:30:41",25.8,0,11600,8227100,"S"
"DIG","13:30:38",25.8,0,6000,8215500,"S"
"DIG","13:30:33",25.8,0,100,8209500,"S"
"DIG","13:30:27",25.8,0,200,8209400,"S"
"DIG","13:30:25",25.75,-0.05,300,8209200,"B"
"DIG","13:30:25",25.75,-0.05,1000,8208900,"B"
"DIG","13:30:23",25.75,-0.05,1000,8207900,"B"
"DIG","13:30:19",25.8,0,500,8206900,"S"
"DIG","13:30:14",25.8,0,100,8206400,"S"
"DIG","13:30:03",25.75,-0.05,1000,8206300,"B"
"DIG","13:30:01",25.8,0,5000,8205300,"S"
"DIG","13:29:43",25.75,-0.05,15100,8200300,"B"
"DIG","13:29:30",25.8,0,100,8185200,"S"
"DIG","13:29:23",25.8,0,200,8185100,"S"
"DIG","13:29:22",25.75,-0.05,500,8184900,"B"
"DIG","13:29:21",25.75,-0.05,400,8184400,"B"
"DIG","13:29:13",25.75,-0.05,900,8184000,"B"
"DIG","13:29:11",25.8,0,100,8183100,"S"
"DIG","13:29:01",25.8,0,1000,8183000,"S"
"DIG","13:28:55",25.8,0,100,8182000,"S"
"DIG","13:28:54",25.8,0,2200,8181900,"S"
"DIG","13:28:52",25.8,0,200,8179700,"S"
"DIG","13:28:37",25.8,0,26300,8179500,"B"
"DIG","13:28:35",25.8,0,500,8153200,"B"
"DIG","13:28:33",25.8,0,1000,8152700,"B"
"DIG","13:28:31",25.8,0,2000,8151700,"B"
"DIG","13:28:29",25.8,0,13700,8149700,"B"
"DIG","13:28:29",25.8,0,1300,8136000,"B"
"DIG","13:28:28",25.8,0,3100,8134700,"B"
"DIG","13:28:25",25.8,0,2200,8131600,"B"
"DIG","13:28:24",25.8,0,5600,8129400,"B"
"DIG","13:28:21",25.8,0,200000,8123800,"B"
"DIG","13:28:21",25.85,0.05,4900,7923800,"S"
"DIG","13:28:20",25.8,0,300,7918900,"B"
"DIG","13:28:16",25.8,0,400,7918600,"B"
"DIG","13:28:14",25.85,0.05,100,7918200,"S"
"DIG","13:28:05",25.8,0,200,7918100,"B"
"DIG","13:28:04",25.8,0,100,7917900,"B"
"DIG","13:28:02",25.8,0,1700,7917800,"B"
"DIG","13:27:50",25.8,0,9700,7916100,"B"
"DIG","13:27:45",25.85,0.05,1400,7906400,"S"
"DIG","13:27:45",25.8,0,100,7905000,"B"
"DIG","13:27:41",25.8,0,12700,7904900,"B"
"DIG","13:27:32",25.8,0,100,7892200,"B"
"DIG","13:27:25",25.8,0,4000,7892100,"B"
"DIG","13:27:23",25.8,0,1400,7888100,"B"
"DIG","13:27:20",25.8,0,1000,7886700,"B"
"DIG","13:27:19",25.8,0,10000,7885700,"B"
"DIG","13:27:14",25.8,0,1000,7875700,"B"
"DIG","13:27:14",25.8,0,300,7874700,"B"
"DIG","13:27:08",25.8,0,10500,7874400,"B"
"DIG","13:27:02",25.8,0,1000,7863900,"B"
"DIG","13:26:57",25.8,0,1000,7862900,"B"
"DIG","13:26:53",25.85,0.05,300,7861900,"S"
"DIG","13:26:52",25.8,0,1000,7861600,"B"
"DIG","13:26:47",25.8,0,2000,7860600,"B"
"DIG","13:26:46",25.85,0.05,100,7858600,"S"
"DIG","13:26:40",25.8,0,1000,7858500,"B"
"DIG","13:26:32",25.85,0.05,100,7857500,"S"
"DIG","13:26:29",25.8,0,13200,7857400,"B"
"DIG","13:26:27",25.8,0,8000,7844200,"B"
"DIG","13:26:13",25.8,0,1200,7836200,"B"
"DIG","13:26:11",25.85,0.05,100,7835000,"S"
"DIG","13:26:08",25.8,0,400,7834900,"B"
"DIG","13:26:06",25.8,0,3000,7834500,"B"
"DIG","13:25:43",25.8,0,200,7831500,"B"
"DIG","13:25:29",25.85,0.05,100,7831300,"S"
"DIG","13:25:26",25.85,0.05,200,7831200,"S"
"DIG","13:25:18",25.85,0.05,100,7831000,"S"
"DIG","13:25:10",25.8,0,100,7830900,"B"
"DIG","13:25:08",25.8,0,300,7830800,"B"
"DIG","13:25:05",25.8,0,100,7830500,"B"
"DIG","13:24:52",25.8,0,3000,7830400,"B"
"DIG","13:24:52",25.85,0.05,100,7827400,"S"
"DIG","13:24:06",25.8,0,300,7827300,"B"
"DIG","13:24:06",25.85,0.05,200,7827000,"S"
"DIG","13:23:56",25.85,0.05,2100,7826800,"S"
"DIG","13:23:54",25.85,0.05,200,7824700,"S"
"DIG","13:23:46",25.85,0.05,100,7824500,"S"
"DIG","13:23:43",25.85,0.05,100,7824400,"S"
"DIG","13:23:39",25.85,0.05,1100,7824300,"S"
"DIG","13:23:37",25.85,0.05,100,7823200,"S"
"DIG","13:23:35",25.8,0,400,7823100,"B"
"DIG","13:23:18",25.85,0.05,1300,7822700,"S"
"DIG","13:23:17",25.85,0.05,11300,7821400,"B"
"DIG","13:23:04",25.85,0.05,300,7810100,"B"
"DIG","13:22:43",25.85,0.05,200,7809800,"B"
"DIG","13:22:33",25.85,0.05,1500,7809600,"B"
"DIG","13:22:28",25.85,0.05,3100,7808100,"S"
"DIG","13:22:24",25.85,0.05,500,7805000,"S"
"DIG","13:22:17",25.85,0.05,100,7804500,"S"
"DIG","13:22:12",25.85,0.05,100,7804400,"S"
"DIG","13:22:07",25.85,0.05,200,7804300,"S"
"DIG","13:22:05",25.85,0.05,300,7804100,"S"
"DIG","13:22:04",25.85,0.05,200,7803800,"S"
"DIG","13:22:04",25.8,0,300,7803600,"B"
"DIG","13:21:57",25.85,0.05,500,7803300,"S"
"DIG","13:21:56",25.85,0.05,100,7802800,"S"
"DIG","13:21:41",25.85,0.05,500,7802700,"S"
"DIG","13:21:34",25.8,0,500,7802200,"B"
"DIG","13:21:34",25.85,0.05,2500,7801700,"B"
"DIG","13:21:27",25.85,0.05,500,7799200,"B"
"DIG","13:21:22",25.85,0.05,200,7798700,"S"
"DIG","13:21:19",25.85,0.05,3000,7798500,"S"
"DIG","13:21:18",25.85,0.05,10000,7795500,"S"
"DIG","13:21:18",25.85,0.05,100,7785500,"S"
"DIG","13:21:14",25.85,0.05,1000,7785400,"S"
"DIG","13:21:04",25.85,0.05,1500,7784400,"S"
"DIG","13:20:59",25.8,0,400,7782900,"B"
"DIG","13:20:57",25.85,0.05,1000,7782500,"S"
"DIG","13:20:45",25.8,0,5000,7781500,"B"
"DIG","13:20:43",25.8,0,1500,7776500,"B"
"DIG","13:20:35",25.85,0.05,300,7775000,"S"
"DIG","13:20:34",25.85,0.05,3300,7774700,"S"
"DIG","13:20:20",25.8,0,10000,7771400,"B"
"DIG","13:20:11",25.85,0.05,1000,7761400,"S"
"DIG","13:20:10",25.85,0.05,700,7760400,"S"
"DIG","13:20:08",25.85,0.05,5000,7759700,"S"
"DIG","13:20:03",25.85,0.05,1000,7754700,"S"
"DIG","13:20:02",25.85,0.05,2500,7753700,"S"
"DIG","13:20:01",25.85,0.05,500,7751200,"S"
"DIG","13:19:58",25.8,0,300,7750700,"B"
"DIG","13:19:56",25.8,0,100,7750400,"B"
"DIG","13:19:41",25.85,0.05,500,7750300,"S"
"DIG","13:19:27",25.85,0.05,200,7749800,"S"
"DIG","13:19:10",25.85,0.05,100,7749600,"S"
"DIG","13:19:00",25.85,0.05,1500,7749500,"S"
"DIG","13:18:58",25.85,0.05,5000,7748000,"S"
"DIG","13:18:57",25.85,0.05,2000,7743000,"S"
"DIG","13:18:54",25.8,0,400,7741000,"B"
"DIG","13:18:49",25.85,0.05,500,7740600,"S"
"DIG","13:18:48",25.85,0.05,1000,7740100,"S"
"DIG","13:18:46",25.85,0.05,28800,7739100,"B"
"DIG","13:18:28",25.85,0.05,55000,7710300,"B"
"DIG","13:18:08",25.85,0.05,500,7655300,"B"
"DIG","13:18:07",25.85,0.05,900,7654800,"B"
"DIG","13:17:53",25.85,0.05,300,7653900,"B"
"DIG","13:17:42",25.85,0.05,3000,7653600,"B"
"DIG","13:17:17",25.9,0.1,100,7650600,"S"
"DIG","13:17:02",25.9,0.1,400,7650500,"S"
"DIG","13:16:59",25.9,0.1,100,7650100,"S"
"DIG","13:16:57",25.9,0.1,16800,7650000,"B"
"DIG","13:16:56",25.9,0.1,4700,7633200,"B"
"DIG","13:16:55",25.9,0.1,25300,7628500,"B"
"DIG","13:16:52",25.9,0.1,300,7603200,"B"
"DIG","13:16:51",25.9,0.1,300,7602900,"B"
"DIG","13:16:45",25.9,0.1,1000,7602600,"B"
"DIG","13:16:43",25.9,0.1,25000,7601600,"B"
"DIG","13:16:18",25.9,0.1,600,7576600,"B"
"DIG","13:16:08",25.95,0.15,100,7576000,"S"
"DIG","13:16:05",25.9,0.1,3000,7575900,"B"
"DIG","13:15:54",25.9,0.1,200,7572900,"B"
"DIG","13:15:48",25.9,0.1,400,7572700,"B"
"DIG","13:15:45",25.9,0.1,300,7572300,"B"
"DIG","13:15:42",25.9,0.1,1000,7572000,"B"
"DIG","13:14:55",25.9,0.1,13200,7571000,"B"
"DIG","13:14:55",25.9,0.1,1800,7557800,"B"
"DIG","13:14:54",25.9,0.1,500,7556000,"B"
"DIG","13:14:46",25.9,0.1,1500,7555500,"B"
"DIG","13:14:45",25.9,0.1,300,7554000,"B"
"DIG","13:14:19",25.9,0.1,1000,7553700,"B"
"DIG","13:13:59",25.9,0.1,200,7552700,"B"
"DIG","13:13:40",25.9,0.1,400,7552500,"B"
"DIG","13:12:51",25.9,0.1,500,7552100,"B"
"DIG","13:12:49",25.95,0.15,1900,7551600,"S"
"DIG","13:12:49",25.9,0.1,100,7549700,"B"
"DIG","13:12:45",25.9,0.1,10000,7549600,"B"
"DIG","13:12:34",25.9,0.1,400,7539600,"B"
"DIG","13:12:23",25.95,0.15,100,7539200,"S"
"DIG","13:12:16",25.95,0.15,5000,7539100,"S"
"DIG","13:12:11",25.95,0.15,1000,7534100,"S"
"DIG","13:12:07",25.95,0.15,200,7533100,"S"
"DIG","13:12:04",25.9,0.1,1200,7532900,"B"
"DIG","13:11:59",25.95,0.15,2000,7531700,"S"
"DIG","13:11:49",25.95,0.15,1000,7529700,"S"
"DIG","13:11:46",25.95,0.15,1000,7528700,"S"
"DIG","13:11:44",25.95,0.15,1000,7527700,"S"
"DIG","13:11:30",25.95,0.15,5000,7526700,"B"
"DIG","13:11:29",25.95,0.15,2000,7521700,"B"
"DIG","13:11:03",25.95,0.15,200,7519700,"B"
"DIG","13:10:58",25.95,0.15,1700,7519500,"B"
"DIG","13:10:33",25.95,0.15,200,7517800,"B"
"DIG","13:10:31",25.95,0.15,100,7517600,"B"
"DIG","13:10:28",25.95,0.15,300,7517500,"B"
"DIG","13:10:26",25.95,0.15,100,7517200,"S"
"DIG","13:10:25",25.95,0.15,300,7517100,"S"
"DIG","13:10:24",25.95,0.15,2000,7516800,"S"
"DIG","13:10:23",25.95,0.15,100,7514800,"S"
"DIG","13:10:21",25.95,0.15,2400,7514700,"S"
"DIG","13:10:20",25.95,0.15,100,7512300,"S"
"DIG","13:10:17",25.95,0.15,500,7512200,"S"
"DIG","13:10:14",25.95,0.15,1000,7511700,"S"
"DIG","13:10:12",25.95,0.15,500,7510700,"S"
"DIG","13:10:03",25.95,0.15,100,7510200,"S"
"DIG","13:09:58",25.95,0.15,300,7510100,"S"
"DIG","13:09:55",25.95,0.15,16400,7509800,"B"
"DIG","13:09:52",25.95,0.15,4700,7493400,"S"
"DIG","13:09:52",25.95,0.15,18300,7488700,"S"
"DIG","13:09:50",25.95,0.15,100,7470400,"S"
"DIG","13:09:43",25.95,0.15,500,7470300,"S"
"DIG","13:09:40",25.95,0.15,400,7469800,"S"
"DIG","13:09:35",25.9,0.1,100,7469400,"B"
"DIG","13:09:34",25.95,0.15,100,7469300,"S"
"DIG","13:09:26",25.95,0.15,1000,7469200,"S"
"DIG","13:09:23",25.9,0.1,400,7468200,"B"
"DIG","13:09:23",25.95,0.15,18400,7467800,"S"
"DIG","13:09:22",25.95,0.15,1000,7449400,"S"
"DIG","13:09:03",25.95,0.15,800,7448400,"S"
"DIG","13:09:01",25.95,0.15,5000,7447600,"S"
"DIG","13:08:28",25.95,0.15,1000,7442600,"S"
"DIG","13:08:20",25.9,0.1,400,7441600,"B"
"DIG","13:08:07",25.9,0.1,1100,7441200,"B"
"DIG","13:08:06",25.95,0.15,500,7440100,"S"
"DIG","13:08:06",25.9,0.1,1500,7439600,"B"
"DIG","13:08:03",25.95,0.15,100,7438100,"S"
"DIG","13:07:36",25.95,0.15,100,7438000,"S"
"DIG","13:07:26",25.9,0.1,100,7437900,"B"
"DIG","13:07:18",25.9,0.1,300,7437800,"B"
"DIG","13:07:15",25.95,0.15,1000,7437500,"S"
"DIG","13:07:05",25.95,0.15,100,7436500,"S"
"DIG","13:07:04",25.95,0.15,1800,7436400,"S"
"DIG","13:07:00",25.95,0.15,7600,7434600,"S"
"DIG","13:06:58",25.95,0.15,100,7427000,"S"
"DIG","13:06:57",25.95,0.15,500,7426900,"S"
"DIG","13:06:51",25.95,0.15,19800,7426400,"B"
"DIG","13:06:46",25.95,0.15,12000,7406600,"S"
"DIG","13:06:45",25.95,0.15,11100,7394600,"S"
"DIG","13:06:41",25.95,0.15,200,7383500,"S"
"DIG","13:06:35",25.9,0.1,3400,7383300,"B"
"DIG","13:06:20",25.95,0.15,3000,7379900,"S"
"DIG","13:06:16",25.95,0.15,5000,7376900,"S"
"DIG","13:06:13",25.9,0.1,400,7371900,"B"
"DIG","13:05:47",25.95,0.15,3000,7371500,"S"
"DIG","13:05:42",25.95,0.15,200,7368500,"S"
"DIG","13:05:39",25.95,0.15,400,7368300,"S"
"DIG","13:05:33",25.95,0.15,100,7367900,"S"
"DIG","13:05:32",25.95,0.15,100,7367800,"S"
"DIG","13:05:27",25.95,0.15,200,7367700,"S"
"DIG","13:05:22",25.95,0.15,100,7367500,"S"
"DIG","13:05:14",25.95,0.15,1000,7367400,"S"
"DIG","13:05:13",25.9,0.1,300,7366400,"B"
"DIG","13:05:10",25.95,0.15,4000,7366100,"S"
"DIG","13:05:10",25.95,0.15,1000,7362100,"S"
"DIG","13:05:07",25.95,0.15,1100,7361100,"S"
"DIG","13:04:52",25.95,0.15,1000,7360000,"S"
"DIG","13:04:38",25.95,0.15,700,7359000,"S"
"DIG","13:04:34",25.95,0.15,500,7358300,"S"
"DIG","13:04:27",25.95,0.15,500,7357800,"S"
"DIG","13:04:17",25.95,0.15,3000,7357300,"S"
"DIG","13:04:17",25.9,0.1,1000,7354300,"B"
"DIG","13:04:09",25.95,0.15,8000,7353300,"S"
"DIG","13:04:08",25.9,0.1,400,7345300,"B"
"DIG","13:03:59",25.95,0.15,200,7344900,"S"
"DIG","13:03:25",25.95,0.15,900,7344700,"S"
"DIG","13:03:11",25.95,0.15,500,7343800,"S"
"DIG","13:03:06",25.9,0.1,300,7343300,"B"
"DIG","13:02:54",25.95,0.15,500,7343000,"S"
"DIG","13:02:47",25.95,0.15,1000,7342500,"S"
"DIG","13:02:44",25.95,0.15,500,7341500,"S"
"DIG","13:02:31",25.95,0.15,5000,7341000,"S"
"DIG","13:02:26",25.95,0.15,700,7336000,"S"
"DIG","13:02:17",25.95,0.15,100,7335300,"S"
"DIG","13:02:03",25.9,0.1,300,7335200,"B"
"DIG","13:01:52",25.95,0.15,200,7334900,"S"
"DIG","13:01:52",25.95,0.15,100,7334700,"S"
"DIG","13:01:37",25.95,0.15,200,7334600,"S"
"DIG","13:01:30",25.95,0.15,300,7334400,"S"
"DIG","13:01:28",25.95,0.15,500,7334100,"S"
"DIG","13:01:26",25.95,0.15,43400,7333600,"B"
"DIG","13:01:22",25.95,0.15,500,7290200,"B"
"DIG","13:01:12",25.95,0.15,3000,7289700,"B"
"DIG","13:01:00",25.95,0.15,400,7286700,"B"
"DIG","13:00:20",25.95,0.15,1000,7286300,"B"
"DIG","13:00:17",25.95,0.15,2000,7285300,"B"
"DIG","13:00:12",25.95,0.15,1300,7283300,"B"
"DIG","13:00:09",25.95,0.15,2000,7282000,"B"
"DIG","13:00:06",25.95,0.15,400,7280000,"B"
"DIG","13:00:05",26,0.2,300,7279600,"S"
"DIG","13:00:03",25.95,0.15,400,7279300,"B"
"DIG","13:00:02",26,0.2,3000,7278900,"S"
"DIG","13:00:01",26,0.2,10000,7275900,"S"
"DIG","13:00:00",26,0.2,100,7265900,"S"
"DIG","13:00:00",25.95,0.15,2000,7265800,"B"
"DIG","11:29:59",25.95,0.15,200,7263800,"B"
"DIG","11:29:58",25.95,0.15,1400,7263600,"B"
"DIG","11:29:51",25.95,0.15,100,7262200,"B"
"DIG","11:29:48",25.95,0.15,1000,7262100,"B"
"DIG","11:29:35",25.95,0.15,5000,7261100,"B"
"DIG","11:29:23",25.95,0.15,3000,7256100,"B"
"DIG","11:29:14",25.95,0.15,2000,7253100,"B"
"DIG","11:28:59",25.95,0.15,100,7251100,"B"
"DIG","11:28:58",25.95,0.15,1500,7251000,"B"
"DIG","11:28:31",25.95,0.15,3000,7249500,"B"
"DIG","11:28:27",25.95,0.15,2800,7246500,"B"
"DIG","11:28:25",25.95,0.15,200,7243700,"B"
"DIG","11:28:13",25.95,0.15,1000,7243500,"B"
"DIG","11:27:50",25.95,0.15,2500,7242500,"B"
"DIG","11:27:23",25.95,0.15,300,7240000,"B"
"DIG","11:27:21",25.95,0.15,100,7239700,"B"
"DIG","11:27:17",25.95,0.15,500,7239600,"B"
"DIG","11:27:16",26,0.2,300,7239100,"S"
"DIG","11:27:16",25.95,0.15,2000,7238800,"B"
"DIG","11:27:07",25.95,0.15,14000,7236800,"B"
"DIG","11:26:34",25.95,0.15,300,7222800,"B"
"DIG","11:26:25",25.95,0.15,1000,7222500,"B"
"DIG","11:26:18",25.95,0.15,400,7221500,"B"
"DIG","11:26:12",25.95,0.15,1000,7221100,"B"
"DIG","11:25:55",25.95,0.15,1200,7220100,"B"
"DIG","11:25:53",25.95,0.15,300,7218900,"B"
"DIG","11:25:50",26,0.2,100,7218600,"S"
"DIG","11:25:31",25.95,0.15,100,7218500,"B"
"DIG","11:25:19",26,0.2,45000,7218400,"S"
"DIG","11:25:13",25.95,0.15,400,7173400,"B"
"DIG","11:24:07",25.95,0.15,400,7173000,"B"
"DIG","11:24:05",25.95,0.15,1000,7172600,"B"
"DIG","11:23:12",26,0.2,500,7171600,"S"
"DIG","11:23:04",25.95,0.15,400,7171100,"B"
"DIG","11:22:54",26,0.2,1500,7170700,"S"
"DIG","11:22:50",26,0.2,2000,7169200,"S"
"DIG","11:22:50",26,0.2,300,7167200,"S"
"DIG","11:22:48",26,0.2,100,7166900,"S"
"DIG","11:22:46",26,0.2,500,7166800,"S"
"DIG","11:22:45",26,0.2,1500,7166300,"S"
"DIG","11:22:38",26,0.2,1000,7164800,"S"
"DIG","11:22:09",26,0.2,500,7163800,"S"
"DIG","11:22:03",26,0.2,1000,7163300,"S"
"DIG","11:22:01",25.95,0.15,200,7162300,"B"
"DIG","11:22:00",25.95,0.15,400,7162100,"B"
"DIG","11:21:38",25.95,0.15,100,7161700,"B"
"DIG","11:21:35",26,0.2,500,7161600,"S"
"DIG","11:21:25",25.95,0.15,3500,7161100,"B"
"DIG","11:21:24",25.95,0.15,3000,7157600,"B"
"DIG","11:20:57",25.95,0.15,300,7154600,"B"
"DIG","11:20:38",26,0.2,300,7154300,"S"
"DIG","11:20:14",25.95,0.15,1000,7154000,"B"
"DIG","11:19:57",25.95,0.15,300,7153000,"B"
"DIG","11:19:50",25.95,0.15,1000,7152700,"B"
"DIG","11:19:44",25.95,0.15,300,7151700,"B"
"DIG","11:19:38",25.95,0.15,4000,7151400,"S"
"DIG","11:19:31",25.95,0.15,1000,7147400,"B"
"DIG","11:19:28",25.95,0.15,2000,7146400,"B"
"DIG","11:19:21",25.95,0.15,77300,7144400,"S"
"DIG","11:19:19",25.95,0.15,500,7067100,"S"
"DIG","11:19:18",25.95,0.15,200,7066600,"S"
"DIG","11:19:13",25.95,0.15,1000,7066400,"S"
"DIG","11:19:09",25.95,0.15,700,7065400,"S"
"DIG","11:19:06",25.95,0.15,13900,7064700,"S"
"DIG","11:18:58",25.95,0.15,200,7050800,"S"
"DIG","11:18:56",25.95,0.15,5000,7050600,"S"
"DIG","11:18:52",25.95,0.15,1000,7045600,"S"
"DIG","11:18:52",25.9,0.1,400,7044600,"B"
"DIG","11:18:42",25.95,0.15,100,7044200,"S"
"DIG","11:18:35",25.95,0.15,10000,7044100,"S"
"DIG","11:18:32",25.95,0.15,200,7034100,"S"
"DIG","11:18:27",25.9,0.1,5000,7033900,"B"
"DIG","11:18:19",25.9,0.1,5000,7028900,"B"
"DIG","11:17:50",25.9,0.1,300,7023900,"B"
"DIG","11:17:42",25.95,0.15,500,7023600,"S"
"DIG","11:17:28",25.95,0.15,3000,7023100,"S"
"DIG","11:17:17",25.95,0.15,2000,7020100,"S"
"DIG","11:16:47",25.9,0.1,300,7018100,"B"
"DIG","11:16:24",25.95,0.15,3000,7017800,"S"
"DIG","11:16:19",25.95,0.15,200,7014800,"S"
"DIG","11:16:12",25.95,0.15,5000,7014600,"S"
"DIG","11:16:09",25.95,0.15,1000,7009600,"S"
"DIG","11:15:59",25.95,0.15,20000,7008600,"S"
"DIG","11:15:44",25.9,0.1,400,6988600,"B"
"DIG","11:15:42",25.95,0.15,300,6988200,"S"
"DIG","11:15:39",25.95,0.15,200,6987900,"S"
"DIG","11:15:37",25.95,0.15,700,6987700,"S"
"DIG","11:14:56",25.95,0.15,1000,6987000,"S"
"DIG","11:14:40",25.9,0.1,400,6986000,"B"
"DIG","11:14:29",25.95,0.15,100,6985600,"S"
"DIG","11:14:20",25.95,0.15,1500,6985500,"S"
"DIG","11:13:43",25.95,0.15,1000,6984000,"S"
"DIG","11:13:40",25.95,0.15,2000,6983000,"S"
"DIG","11:13:35",25.9,0.1,400,6981000,"B"
"DIG","11:12:50",25.9,0.1,100,6980600,"B"
"DIG","11:12:34",25.9,0.1,1300,6980500,"B"
"DIG","11:12:29",25.9,0.1,4000,6979200,"B"
"DIG","11:12:20",25.9,0.1,14400,6975200,"S"
"DIG","11:12:20",25.9,0.1,10000,6960800,"S"
"DIG","11:12:11",25.9,0.1,500,6950800,"S"
"DIG","11:12:10",25.9,0.1,100,6950300,"S"
"DIG","11:12:09",25.9,0.1,300,6950200,"S"
"DIG","11:12:03",25.9,0.1,2000,6949900,"S"
"DIG","11:12:00",25.9,0.1,6500,6947900,"S"
"DIG","11:11:58",25.9,0.1,35900,6941400,"S"
"DIG","11:11:57",25.9,0.1,13200,6905500,"S"
"DIG","11:11:56",25.9,0.1,4000,6892300,"S"
"DIG","11:11:55",25.9,0.1,200,6888300,"S"
"DIG","11:11:54",25.9,0.1,10000,6888100,"S"
"DIG","11:11:48",25.9,0.1,5000,6878100,"S"
"DIG","11:11:40",25.9,0.1,5000,6873100,"S"
"DIG","11:11:35",25.9,0.1,10000,6868100,"S"
"DIG","11:11:32",25.85,0.05,300,6858100,"B"
"DIG","11:11:22",25.9,0.1,2500,6857800,"S"
"DIG","11:11:00",25.9,0.1,1000,6855300,"S"
"DIG","11:10:34",25.9,0.1,100,6854300,"S"
"DIG","11:10:30",25.85,0.05,300,6854200,"B"
"DIG","11:10:03",25.9,0.1,200,6853900,"S"
"DIG","11:09:57",25.9,0.1,400,6853700,"S"
"DIG","11:09:36",25.9,0.1,300,6853300,"S"
"DIG","11:09:35",25.9,0.1,3000,6853000,"S"
"DIG","11:09:33",25.9,0.1,10000,6850000,"S"
"DIG","11:09:28",25.9,0.1,500,6840000,"S"
"DIG","11:09:27",25.9,0.1,1100,6839500,"S"
"DIG","11:09:24",25.85,0.05,400,6838400,"B"
"DIG","11:09:22",25.9,0.1,5000,6838000,"S"
"DIG","11:09:13",25.85,0.05,100,6833000,"B"
"DIG","11:08:55",25.9,0.1,1000,6832900,"S"
"DIG","11:08:40",25.85,0.05,500,6831900,"B"
"DIG","11:08:19",25.85,0.05,400,6831400,"B"
"DIG","11:08:10",25.85,0.05,1000,6831000,"B"
"DIG","11:07:47",25.85,0.05,4000,6830000,"B"
"DIG","11:07:29",25.85,0.05,1100,6826000,"B"
"DIG","11:07:17",25.85,0.05,300,6824900,"B"
"DIG","11:07:06",25.85,0.05,100,6824600,"B"
"DIG","11:06:50",25.85,0.05,300,6824500,"B"
"DIG","11:06:48",25.85,0.05,400,6824200,"B"
"DIG","11:06:14",25.85,0.05,300,6823800,"B"
"DIG","11:06:11",25.85,0.05,2000,6823500,"B"
"DIG","11:05:58",25.85,0.05,2000,6821500,"B"
"DIG","11:05:48",25.85,0.05,1000,6819500,"B"
"DIG","11:05:42",25.85,0.05,3000,6818500,"B"
"DIG","11:05:39",25.85,0.05,1000,6815500,"B"
"DIG","11:05:34",25.85,0.05,1000,6814500,"B"
"DIG","11:05:28",25.85,0.05,1000,6813500,"B"
"DIG","11:05:23",25.85,0.05,2000,6812500,"B"
"DIG","11:05:16",25.85,0.05,1000,6810500,"B"
"DIG","11:05:15",25.85,0.05,9000,6809500,"B"
"DIG","11:05:13",25.85,0.05,300,6800500,"B"
"DIG","11:05:10",25.85,0.05,2000,6800200,"B"
"DIG","11:05:07",25.85,0.05,3000,6798200,"B"
"DIG","11:05:04",25.85,0.05,2000,6795200,"B"
"DIG","11:04:59",25.85,0.05,2500,6793200,"B"
"DIG","11:04:37",25.85,0.05,10000,6790700,"B"
"DIG","11:04:08",25.85,0.05,400,6780700,"B"
"DIG","11:04:05",25.85,0.05,100,6780300,"B"
"DIG","11:03:37",25.85,0.05,1200,6780200,"B"
"DIG","11:03:25",25.85,0.05,200,6779000,"B"
"DIG","11:03:16",25.85,0.05,1000,6778800,"B"
"DIG","11:03:02",25.85,0.05,400,6777800,"B"
"DIG","11:02:48",25.85,0.05,10000,6777400,"B"
"DIG","11:02:37",25.9,0.1,200,6767400,"S"
"DIG","11:02:35",25.85,0.05,500,6767200,"B"
"DIG","11:02:25",25.85,0.05,600,6766700,"B"
"DIG","11:02:03",25.85,0.05,2000,6766100,"B"
"DIG","11:02:03",25.85,0.05,18000,6764100,"B"
"DIG","11:01:56",25.85,0.05,400,6746100,"B"
"DIG","11:01:47",25.85,0.05,2000,6745700,"B"
"DIG","11:01:39",25.85,0.05,20000,6743700,"B"
"DIG","11:01:20",25.85,0.05,10000,6723700,"B"
"DIG","11:01:11",25.85,0.05,10000,6713700,"B"
"DIG","11:01:10",25.9,0.1,500,6703700,"S"
"DIG","11:01:02",25.85,0.05,3800,6703200,"B"
"DIG","11:01:01",25.85,0.05,6200,6699400,"B"
"DIG","11:00:52",25.85,0.05,10000,6693200,"B"
"DIG","11:00:51",25.85,0.05,400,6683200,"B"
"DIG","11:00:48",25.9,0.1,1000,6682800,"S"
"DIG","11:00:45",25.85,0.05,5000,6681800,"B"
"DIG","11:00:43",25.85,0.05,10000,6676800,"B"
"DIG","11:00:38",25.85,0.05,1000,6666800,"B"
"DIG","11:00:33",25.85,0.05,1000,6665800,"B"
"DIG","11:00:13",25.85,0.05,1000,6664800,"B"
"DIG","11:00:07",25.85,0.05,100,6663800,"B"
"DIG","11:00:01",25.85,0.05,10000,6663700,"B"
"DIG","10:59:47",25.85,0.05,400,6653700,"B"
"DIG","10:59:33",25.85,0.05,7000,6653300,"B"
"DIG","10:59:29",25.9,0.1,6000,6646300,"S"
"DIG","10:59:00",25.85,0.05,10900,6640300,"B"
"DIG","10:58:57",25.85,0.05,10000,6629400,"B"
"DIG","10:58:43",25.85,0.05,3000,6619400,"B"
"DIG","10:58:41",25.85,0.05,400,6616400,"B"
"DIG","10:57:55",25.85,0.05,2300,6616000,"S"
"DIG","10:57:53",25.85,0.05,2000,6613700,"S"
"DIG","10:57:52",25.85,0.05,500,6611700,"S"
"DIG","10:57:41",25.85,0.05,50000,6611200,"S"
"DIG","10:57:40",25.85,0.05,100,6561200,"S"
"DIG","10:57:37",25.8,0,400,6561100,"B"
"DIG","10:57:27",25.85,0.05,1000,6560700,"S"
"DIG","10:57:23",25.85,0.05,5000,6559700,"S"
"DIG","10:57:17",25.8,0,1000,6554700,"B"
"DIG","10:57:14",25.85,0.05,2400,6553700,"S"
"DIG","10:57:12",25.85,0.05,11400,6551300,"S"
"DIG","10:56:58",25.85,0.05,2000,6539900,"S"
"DIG","10:56:46",25.85,0.05,1200,6537900,"S"
"DIG","10:56:33",25.8,0,400,6536700,"B"
"DIG","10:56:23",25.85,0.05,500,6536300,"S"
"DIG","10:56:13",25.8,0,1000,6535800,"B"
"DIG","10:55:33",25.8,0,300,6534800,"B"
"DIG","10:55:31",25.8,0,5300,6534500,"B"
"DIG","10:55:26",25.8,0,5000,6529200,"B"
"DIG","10:55:03",25.8,0,10000,6524200,"B"
"DIG","10:54:35",25.8,0,3000,6514200,"B"
"DIG","10:54:35",25.8,0,500,6511200,"B"
"DIG","10:54:31",25.8,0,300,6510700,"B"
"DIG","10:54:28",25.8,0,1000,6510400,"B"
"DIG","10:54:26",25.8,0,1500,6509400,"B"
"DIG","10:54:13",25.8,0,1500,6507900,"B"
"DIG","10:54:03",25.8,0,6000,6506400,"B"
"DIG","10:53:28",25.8,0,400,6500400,"B"
"DIG","10:53:13",25.85,0.05,3100,6500000,"S"
"DIG","10:53:07",25.85,0.05,500,6496900,"S"
"DIG","10:53:06",25.8,0,100,6496400,"B"
"DIG","10:52:57",25.85,0.05,3100,6496300,"B"
"DIG","10:52:57",25.9,0.1,200,6493200,"S"
"DIG","10:52:54",25.85,0.05,900,6493000,"B"
"DIG","10:52:48",25.85,0.05,1000,6492100,"B"
"DIG","10:52:47",25.85,0.05,400,6491100,"B"
"DIG","10:52:46",25.85,0.05,30000,6490700,"B"
"DIG","10:52:30",25.85,0.05,200,6460700,"B"
"DIG","10:52:26",25.85,0.05,300,6460500,"B"
"DIG","10:52:17",25.85,0.05,100,6460200,"B"
"DIG","10:52:10",25.85,0.05,100,6460100,"B"
"DIG","10:51:44",25.85,0.05,500,6460000,"B"
"DIG","10:51:42",25.85,0.05,2000,6459500,"B"
"DIG","10:51:33",25.85,0.05,1000,6457500,"B"
"DIG","10:51:32",25.85,0.05,21200,6456500,"S"
"DIG","10:51:24",25.8,0,400,6435300,"B"
"DIG","10:51:18",25.85,0.05,1800,6434900,"S"
"DIG","10:51:01",25.85,0.05,1000,6433100,"S"
"DIG","10:50:48",25.85,0.05,6000,6432100,"S"
"DIG","10:50:32",25.85,0.05,70600,6426100,"B"
"DIG","10:50:31",25.85,0.05,10000,6355500,"B"
"DIG","10:50:29",25.85,0.05,100,6345500,"B"
"DIG","10:50:27",25.85,0.05,1000,6345400,"B"
"DIG","10:50:25",25.9,0.1,1000,6344400,"S"
"DIG","10:50:24",25.85,0.05,300,6343400,"B"
"DIG","10:50:12",25.85,0.05,16600,6343100,"B"
"DIG","10:50:08",25.85,0.05,200,6326500,"B"
"DIG","10:50:07",25.85,0.05,500,6326300,"B"
"DIG","10:49:52",25.85,0.05,100,6325800,"B"
"DIG","10:49:44",25.85,0.05,4000,6325700,"B"
"DIG","10:49:28",25.85,0.05,600,6321700,"B"
"DIG","10:49:22",25.85,0.05,300,6321100,"B"
"DIG","10:49:21",25.85,0.05,5000,6320800,"B"
"DIG","10:49:17",25.85,0.05,5000,6315800,"B"
"DIG","10:49:13",25.85,0.05,2000,6310800,"B"
"DIG","10:49:04",25.85,0.05,1500,6308800,"B"
"DIG","10:48:20",25.85,0.05,300,6307300,"B"
"DIG","10:48:13",25.9,0.1,200,6307000,"S"
"DIG","10:47:46",25.9,0.1,300,6306800,"S"
"DIG","10:47:46",25.85,0.05,700,6306500,"B"
"DIG","10:47:33",25.85,0.05,100,6305800,"B"
"DIG","10:47:19",25.85,0.05,300,6305700,"B"
"DIG","10:47:13",25.9,0.1,600,6305400,"B"
"DIG","10:47:07",25.9,0.1,1000,6304800,"B"
"DIG","10:46:59",25.9,0.1,400,6303800,"B"
"DIG","10:46:48",25.9,0.1,500,6303400,"B"
"DIG","10:46:36",25.9,0.1,100,6302900,"B"
"DIG","10:46:35",25.9,0.1,3200,6302800,"B"
"DIG","10:46:24",25.9,0.1,6200,6299600,"S"
"DIG","10:46:23",25.9,0.1,100,6293400,"S"
"DIG","10:46:18",25.85,0.05,300,6293300,"B"
"DIG","10:46:17",25.9,0.1,3700,6293000,"B"
"DIG","10:46:16",25.9,0.1,1000,6289300,"B"
"DIG","10:46:08",25.9,0.1,5300,6288300,"S"
"DIG","10:46:05",25.9,0.1,5000,6283000,"S"
"DIG","10:46:01",25.9,0.1,5000,6278000,"S"
"DIG","10:45:52",25.9,0.1,50000,6273000,"S"
"DIG","10:45:44",25.9,0.1,1700,6223000,"S"
"DIG","10:45:38",25.9,0.1,200,6221300,"S"
"DIG","10:45:35",25.9,0.1,100000,6221100,"S"
"DIG","10:45:14",25.85,0.05,400,6121100,"B"
"DIG","10:45:07",25.85,0.05,7000,6120700,"B"
"DIG","10:45:00",25.9,0.1,30000,6113700,"S"
"DIG","10:44:56",25.85,0.05,1700,6083700,"B"
"DIG","10:44:51",25.9,0.1,100,6082000,"S"
"DIG","10:44:42",25.85,0.05,500,6081900,"B"
"DIG","10:44:40",25.85,0.05,100,6081400,"B"
"DIG","10:44:39",25.85,0.05,500,6081300,"B"
"DIG","10:44:10",25.85,0.05,100,6080800,"B"
"DIG","10:44:09",25.85,0.05,300,6080700,"B"
"DIG","10:43:59",25.85,0.05,4700,6080400,"S"
"DIG","10:43:51",25.85,0.05,2000,6075700,"S"
"DIG","10:43:29",25.85,0.05,300,6073700,"S"
"DIG","10:43:26",25.85,0.05,2100,6073400,"B"
"DIG","10:43:13",25.85,0.05,900,6071300,"S"
"DIG","10:43:09",25.85,0.05,100,6070400,"S"
"DIG","10:43:06",25.8,0,400,6070300,"B"
"DIG","10:43:02",25.85,0.05,600,6069900,"S"
"DIG","10:43:01",25.8,0,100,6069300,"B"
"DIG","10:42:54",25.85,0.05,500,6069200,"S"
"DIG","10:42:27",25.85,0.05,3900,6068700,"B"
"DIG","10:42:24",25.85,0.05,1000,6064800,"B"
"DIG","10:42:23",25.85,0.05,1000,6063800,"B"
"DIG","10:42:21",25.85,0.05,7000,6062800,"B"
"DIG","10:42:07",25.85,0.05,25000,6055800,"B"
"DIG","10:42:05",25.85,0.05,300,6030800,"B"
"DIG","10:41:59",25.85,0.05,1000,6030500,"B"
"DIG","10:41:46",25.85,0.05,100,6029500,"B"
"DIG","10:41:45",25.85,0.05,200,6029400,"B"
"DIG","10:41:18",25.85,0.05,3000,6029200,"B"
"DIG","10:41:16",25.85,0.05,25700,6026200,"S"
"DIG","10:41:11",25.85,0.05,24600,6000500,"B"
"DIG","10:41:08",25.85,0.05,100,5975900,"B"
"DIG","10:41:01",25.85,0.05,400,5975800,"B"
"DIG","10:40:45",25.85,0.05,1000,5975400,"B"
"DIG","10:40:44",25.85,0.05,5000,5974400,"B"
"DIG","10:40:35",25.85,0.05,500,5969400,"B"
"DIG","10:40:26",25.85,0.05,5000,5968900,"B"
"DIG","10:40:24",25.85,0.05,4000,5963900,"B"
"DIG","10:40:12",25.85,0.05,2600,5959900,"B"
"DIG","10:40:12",25.85,0.05,2400,5957300,"B"
"DIG","10:40:00",25.85,0.05,300,5954900,"B"
"DIG","10:39:56",25.9,0.1,300,5954600,"S"
"DIG","10:39:55",25.85,0.05,600,5954300,"B"
"DIG","10:39:44",25.85,0.05,1000,5953700,"B"
"DIG","10:39:37",25.85,0.05,5000,5952700,"B"
"DIG","10:39:34",25.85,0.05,4300,5947700,"B"
"DIG","10:39:32",25.85,0.05,24100,5943400,"B"
"DIG","10:39:17",25.85,0.05,2000,5919300,"B"
"DIG","10:39:16",25.85,0.05,6000,5917300,"B"
"DIG","10:39:01",25.85,0.05,1000,5911300,"B"
"DIG","10:38:56",25.85,0.05,400,5910300,"B"
"DIG","10:38:45",25.9,0.1,100,5909900,"S"
"DIG","10:38:39",25.9,0.1,500,5909800,"S"
"DIG","10:38:36",25.85,0.05,1000,5909300,"B"
"DIG","10:38:21",25.9,0.1,2000,5908300,"S"
"DIG","10:38:14",25.85,0.05,2700,5906300,"B"
"DIG","10:38:11",25.85,0.05,18000,5903600,"B"
"DIG","10:38:00",25.9,0.1,500,5885600,"S"
"DIG","10:37:56",25.85,0.05,300,5885100,"B"
"DIG","10:37:46",25.9,0.1,2000,5884800,"S"
"DIG","10:37:39",25.9,0.1,500,5882800,"S"
"DIG","10:37:32",25.9,0.1,5000,5882300,"S"
"DIG","10:37:22",25.9,0.1,100,5877300,"S"
"DIG","10:37:07",25.85,0.05,1500,5877200,"B"
"DIG","10:36:55",25.85,0.05,300,5875700,"B"
"DIG","10:36:23",25.85,0.05,300,5875400,"B"
"DIG","10:36:22",25.9,0.1,500,5875100,"S"
"DIG","10:36:04",25.9,0.1,2000,5874600,"S"
"DIG","10:35:55",25.85,0.05,300,5872600,"B"
"DIG","10:35:27",25.9,0.1,100,5872300,"S"
"DIG","10:35:22",25.9,0.1,100,5872200,"S"
"DIG","10:35:21",25.9,0.1,10000,5872100,"S"
"DIG","10:34:55",25.9,0.1,300,5862100,"S"
"DIG","10:34:51",25.9,0.1,1000,5861800,"S"
"DIG","10:34:50",25.85,0.05,400,5860800,"B"
"DIG","10:34:37",25.9,0.1,500,5860400,"S"
"DIG","10:34:35",25.9,0.1,2400,5859900,"S"
"DIG","10:34:30",25.9,0.1,1000,5857500,"S"
"DIG","10:34:24",25.9,0.1,3000,5856500,"S"
"DIG","10:34:17",25.9,0.1,2000,5853500,"S"
"DIG","10:34:07",25.9,0.1,200,5851500,"S"
"DIG","10:34:06",25.9,0.1,100,5851300,"S"
"DIG","10:33:48",25.9,0.1,2000,5851200,"S"
"DIG","10:33:44",25.85,0.05,400,5849200,"B"
"DIG","10:33:13",25.85,0.05,500,5848800,"B"
"DIG","10:32:50",25.9,0.1,2000,5848300,"S"
"DIG","10:32:43",25.85,0.05,300,5846300,"B"
"DIG","10:32:36",25.9,0.1,100,5846000,"S"
"DIG","10:32:29",25.9,0.1,10000,5845900,"S"
"DIG","10:32:21",25.9,0.1,900,5835900,"S"
"DIG","10:32:19",25.9,0.1,200,5835000,"S"
"DIG","10:32:05",25.85,0.05,10000,5834800,"B"
"DIG","10:31:58",25.85,0.05,1000,5824800,"B"
"DIG","10:31:53",25.9,0.1,400,5823800,"S"
"DIG","10:31:42",25.85,0.05,300,5823400,"B"
"DIG","10:31:40",25.9,0.1,2000,5823100,"S"
"DIG","10:31:38",25.9,0.1,200,5821100,"S"
"DIG","10:31:36",25.85,0.05,200,5820900,"B"
"DIG","10:31:32",25.85,0.05,100,5820700,"B"
"DIG","10:31:31",25.9,0.1,3000,5820600,"S"
"DIG","10:31:27",25.85,0.05,2000,5817600,"B"
"DIG","10:31:22",25.9,0.1,1000,5815600,"S"
"DIG","10:31:21",25.9,0.1,100,5814600,"S"
"DIG","10:31:10",25.85,0.05,400,5814500,"B"
"DIG","10:30:53",25.85,0.05,1000,5814100,"B"
"DIG","10:30:42",25.85,0.05,300,5813100,"B"
"DIG","10:30:38",25.9,0.1,300,5812800,"S"
"DIG","10:30:26",25.85,0.05,3000,5812500,"B"
"DIG","10:30:08",25.85,0.05,500,5809500,"B"
"DIG","10:30:03",25.9,0.1,100,5809000,"S"
"DIG","10:29:59",25.85,0.05,10800,5808900,"B"
"DIG","10:29:56",25.9,0.1,1100,5798100,"S"
"DIG","10:29:46",25.9,0.1,11000,5797000,"S"
"DIG","10:29:42",25.9,0.1,200,5786000,"S"
"DIG","10:29:38",25.85,0.05,400,5785800,"B"
"DIG","10:29:34",25.9,0.1,2600,5785400,"S"
"DIG","10:29:32",25.9,0.1,10000,5782800,"S"
"DIG","10:29:31",25.9,0.1,5000,5772800,"S"
"DIG","10:29:25",25.9,0.1,200,5767800,"S"
"DIG","10:29:17",25.9,0.1,100,5767600,"S"
"DIG","10:29:16",25.9,0.1,1000,5767500,"S"
"DIG","10:28:52",25.9,0.1,100,5766500,"S"
"DIG","10:28:51",25.9,0.1,1700,5766400,"S"
"DIG","10:28:43",25.9,0.1,1000,5764700,"S"
"DIG","10:28:37",25.9,0.1,800,5763700,"S"
"DIG","10:28:37",25.85,0.05,300,5762900,"B"
"DIG","10:28:28",25.9,0.1,20000,5762600,"S"
"DIG","10:28:27",25.9,0.1,200,5742600,"S"
"DIG","10:28:22",25.9,0.1,200,5742400,"S"
"DIG","10:28:20",25.85,0.05,200,5742200,"B"
"DIG","10:28:20",25.9,0.1,5000,5742000,"S"
"DIG","10:28:17",25.9,0.1,200,5737000,"S"
"DIG","10:28:09",25.9,0.1,1500,5736800,"S"
"DIG","10:28:02",25.9,0.1,10000,5735300,"S"
"DIG","10:28:00",25.85,0.05,30000,5725300,"B"
"DIG","10:27:59",25.9,0.1,3000,5695300,"S"
"DIG","10:27:35",25.85,0.05,300,5692300,"B"
"DIG","10:27:32",25.9,0.1,1200,5692000,"S"
"DIG","10:27:25",25.9,0.1,400,5690800,"S"
"DIG","10:27:15",25.9,0.1,800,5690400,"S"
"DIG","10:27:01",25.9,0.1,100,5689600,"S"
"DIG","10:27:00",25.9,0.1,200,5689500,"S"
"DIG","10:26:52",25.85,0.05,10400,5689300,"B"
"DIG","10:26:31",25.85,0.05,400,5678900,"B"
"DIG","10:26:26",25.85,0.05,500,5678500,"B"
"DIG","10:26:19",25.85,0.05,1000,5678000,"B"
"DIG","10:26:11",25.9,0.1,10000,5677000,"S"
"DIG","10:26:03",25.85,0.05,100,5667000,"B"
"DIG","10:26:00",25.9,0.1,200,5666900,"S"
"DIG","10:25:58",25.9,0.1,500,5666700,"S"
"DIG","10:25:57",25.9,0.1,5000,5666200,"S"
"DIG","10:25:57",25.85,0.05,3700,5661200,"B"
"DIG","10:25:51",25.9,0.1,100,5657500,"S"
"DIG","10:25:37",25.9,0.1,2000,5657400,"S"
"DIG","10:25:28",25.85,0.05,400,5655400,"B"
"DIG","10:25:24",25.85,0.05,200,5655000,"B"
"DIG","10:25:19",25.85,0.05,1000,5654800,"B"
"DIG","10:25:17",25.9,0.1,100,5653800,"S"
"DIG","10:25:02",25.85,0.05,6700,5653700,"S"
"DIG","10:25:01",25.85,0.05,1000,5647000,"S"
"DIG","10:25:00",25.85,0.05,3000,5646000,"S"
"DIG","10:24:59",25.85,0.05,100,5643000,"S"
"DIG","10:24:59",25.85,0.05,3000,5642900,"S"
"DIG","10:24:58",25.85,0.05,200,5639900,"S"
"DIG","10:24:56",25.85,0.05,5000,5639700,"S"
"DIG","10:24:54",25.85,0.05,1000,5634700,"S"
"DIG","10:24:52",25.85,0.05,8800,5633700,"S"
"DIG","10:24:52",25.85,0.05,14700,5624900,"S"
"DIG","10:24:45",25.85,0.05,1000,5610200,"S"
"DIG","10:24:38",25.85,0.05,500,5609200,"S"
"DIG","10:24:34",25.8,0,1000,5608700,"B"
"DIG","10:24:33",25.85,0.05,100,5607700,"S"
"DIG","10:24:32",25.85,0.05,1000,5607600,"S"
"DIG","10:24:29",25.8,0,1000,5606600,"B"
"DIG","10:24:27",25.8,0,300,5605600,"B"
"DIG","10:24:25",25.8,0,3000,5605300,"B"
"DIG","10:24:16",25.8,0,37500,5602300,"S"
"DIG","10:24:15",25.8,0,6000,5564800,"S"
"DIG","10:24:15",25.8,0,2000,5558800,"S"
"DIG","10:24:14",25.8,0,16600,5556800,"S"
"DIG","10:24:14",25.8,0,1300,5540200,"S"
"DIG","10:24:12",25.8,0,2000,5538900,"S"
"DIG","10:24:12",25.8,0,10000,5536900,"S"
"DIG","10:24:11",25.8,0,500,5526900,"S"
"DIG","10:24:11",25.8,0,1000,5526400,"S"
"DIG","10:24:10",25.8,0,14500,5522900,"S"
"DIG","10:24:09",25.8,0,35500,5508400,"S"
"DIG","10:24:06",25.8,0,50000,5472900,"S"
"DIG","10:24:05",25.8,0,200,5422900,"S"
"DIG","10:24:03",25.8,0,500,5422700,"S"
"DIG","10:23:58",25.8,0,200,5422200,"S"
"DIG","10:23:54",25.8,0,300,5422000,"S"
"DIG","10:23:53",25.75,-0.05,700,5421700,"B"
"DIG","10:23:53",25.8,0,500,5421000,"S"
"DIG","10:23:51",25.75,-0.05,3700,5420500,"B"
"DIG","10:23:49",25.8,0,100,5416800,"S"
"DIG","10:23:48",25.8,0,4000,5416700,"S"
"DIG","10:23:47",25.8,0,1000,5412700,"S"
"DIG","10:23:46",25.8,0,500,5411700,"S"
"DIG","10:23:40",25.8,0,2000,5411200,"S"
"DIG","10:23:38",25.8,0,400,5409200,"S"
"DIG","10:23:36",25.8,0,300,5408800,"S"
"DIG","10:23:34",25.75,-0.05,500,5408500,"B"
"DIG","10:23:29",25.8,0,16100,5408000,"S"
"DIG","10:23:23",25.75,-0.05,400,5391900,"B"
"DIG","10:23:21",25.8,0,1000,5391500,"S"
"DIG","10:23:15",25.8,0,300,5390500,"S"
"DIG","10:23:14",25.8,0,500,5390200,"S"
"DIG","10:23:12",25.8,0,200,5389700,"S"
"DIG","10:23:10",25.8,0,5000,5389500,"S"
"DIG","10:23:06",25.75,-0.05,200,5384500,"B"
"DIG","10:23:03",25.8,0,1000,5384300,"S"
"DIG","10:22:55",25.8,0,2000,5383300,"S"
"DIG","10:22:52",25.8,0,700,5381300,"S"
"DIG","10:22:42",25.8,0,11000,5380600,"S"
"DIG","10:22:34",25.8,0,100,5369600,"S"
"DIG","10:22:21",25.8,0,500,5369500,"S"
"DIG","10:22:20",25.75,-0.05,5000,5369000,"B"
"DIG","10:22:18",25.75,-0.05,400,5364000,"B"
"DIG","10:22:17",25.8,0,5000,5363600,"S"
"DIG","10:22:12",25.8,0,200,5358600,"S"
"DIG","10:22:07",25.8,0,3000,5358400,"S"
"DIG","10:22:04",25.8,0,1000,5355400,"S"
"DIG","10:21:48",25.8,0,500,5354400,"S"
"DIG","10:21:47",25.75,-0.05,1500,5353900,"B"
"DIG","10:21:33",25.75,-0.05,3000,5352400,"B"
"DIG","10:21:33",25.75,-0.05,5500,5349400,"B"
"DIG","10:21:28",25.75,-0.05,8000,5343900,"B"
"DIG","10:21:27",25.75,-0.05,800,5335900,"B"
"DIG","10:21:22",25.75,-0.05,10600,5335100,"B"
"DIG","10:21:16",25.75,-0.05,8000,5324500,"B"
"DIG","10:21:14",25.75,-0.05,400,5316500,"B"
"DIG","10:21:13",25.75,-0.05,3000,5316100,"B"
"DIG","10:21:13",25.75,-0.05,5000,5313100,"B"
"DIG","10:21:05",25.75,-0.05,1700,5308100,"B"
"DIG","10:20:53",25.75,-0.05,5500,5306400,"B"
"DIG","10:20:49",25.75,-0.05,2000,5300900,"B"
"DIG","10:20:44",25.75,-0.05,5000,5298900,"B"
"DIG","10:20:43",25.75,-0.05,1000,5293900,"B"
"DIG","10:20:42",25.75,-0.05,5500,5292900,"B"
"DIG","10:20:41",25.75,-0.05,5500,5287400,"B"
"DIG","10:20:36",25.8,0,100,5281900,"S"
"DIG","10:20:35",25.75,-0.05,3000,5281800,"B"
"DIG","10:20:26",25.75,-0.05,700,5278800,"B"
"DIG","10:20:22",25.75,-0.05,100,5278100,"B"
"DIG","10:20:18",25.75,-0.05,500,5278000,"B"
"DIG","10:20:14",25.75,-0.05,300,5277500,"B"
"DIG","10:20:12",25.75,-0.05,500,5277200,"B"
"DIG","10:20:12",25.8,0,500,5276700,"S"
"DIG","10:20:11",25.75,-0.05,300,5276200,"B"
"DIG","10:20:10",25.75,-0.05,700,5275900,"B"
"DIG","10:20:01",25.75,-0.05,3000,5275200,"B"
"DIG","10:19:59",25.75,-0.05,1000,5272200,"B"
"DIG","10:19:57",25.8,0,500,5271200,"S"
"DIG","10:19:57",25.8,0,100,5270700,"S"
"DIG","10:19:48",25.8,0,1000,5270600,"S"
"DIG","10:19:46",25.8,0,1000,5269600,"S"
"DIG","10:19:44",25.8,0,1200,5268600,"S"
"DIG","10:19:42",25.75,-0.05,500,5267400,"B"
"DIG","10:19:31",25.8,0,20000,5266900,"S"
"DIG","10:19:31",25.8,0,1000,5246900,"S"
"DIG","10:19:28",25.8,0,300,5245900,"S"
"DIG","10:19:21",25.8,0,200,5245600,"S"
"DIG","10:19:18",25.8,0,26000,5245400,"S"
"DIG","10:19:17",25.8,0,100,5219400,"S"
"DIG","10:19:11",25.8,0,2300,5219300,"B"
"DIG","10:19:10",25.8,0,800,5217000,"B"
"DIG","10:19:10",25.8,0,25100,5216200,"B"
"DIG","10:19:09",25.8,0,174900,5191100,"B"
"DIG","10:19:06",25.8,0,500,5016200,"B"
"DIG","10:19:03",25.8,0,1500,5015700,"B"
"DIG","10:18:57",25.8,0,500,5014200,"B"
"DIG","10:18:55",25.85,0.05,5300,5013700,"S"
"DIG","10:18:55",25.8,0,500,5008400,"B"
"DIG","10:18:54",25.8,0,2500,5007900,"B"
"DIG","10:18:45",25.8,0,4000,5005400,"B"
"DIG","10:18:36",25.8,0,1300,5001400,"B"
"DIG","10:18:34",25.8,0,1000,5000100,"B"
"DIG","10:18:31",25.8,0,7200,4999100,"B"
"DIG","10:18:28",25.8,0,2500,4991900,"B"
"DIG","10:18:26",25.8,0,1000,4989400,"B"
"DIG","10:18:25",25.8,0,7500,4988400,"B"
"DIG","10:18:22",25.8,0,12000,4980900,"B"
"DIG","10:18:13",25.8,0,2000,4968900,"B"
"DIG","10:18:12",25.85,0.05,100,4966900,"S"
"DIG","10:18:08",25.85,0.05,1000,4966800,"S"
"DIG","10:18:08",25.8,0,400,4965800,"B"
"DIG","10:18:05",25.85,0.05,100,4965400,"S"
"DIG","10:18:04",25.8,0,49000,4965300,"B"
"DIG","10:18:02",25.85,0.05,100,4916300,"S"
"DIG","10:18:01",25.8,0,500,4916200,"B"
"DIG","10:17:45",25.85,0.05,300,4915700,"S"
"DIG","10:17:32",25.85,0.05,200,4915400,"S"
"DIG","10:17:28",25.8,0,4500,4915200,"B"
"DIG","10:17:27",25.8,0,500,4910700,"B"
"DIG","10:17:18",25.8,0,2000,4910200,"B"
"DIG","10:17:13",25.8,0,100,4908200,"B"
"DIG","10:17:12",25.8,0,400,4908100,"B"
"DIG","10:17:09",25.8,0,500,4907700,"B"
"DIG","10:17:07",25.8,0,200,4907200,"B"
"DIG","10:17:04",25.8,0,400,4907000,"B"
"DIG","10:16:49",25.85,0.05,5000,4906600,"S"
"DIG","10:16:40",25.85,0.05,100,4901600,"S"
"DIG","10:16:35",25.8,0,500,4901500,"B"
"DIG","10:16:30",25.8,0,1000,4901000,"B"
"DIG","10:16:22",25.8,0,5000,4900000,"B"
"DIG","10:16:05",25.8,0,10000,4895000,"B"
"DIG","10:16:00",25.8,0,200,4885000,"B"
"DIG","10:15:59",25.8,0,400,4884800,"B"
"DIG","10:15:49",25.8,0,900,4884400,"B"
"DIG","10:15:44",25.85,0.05,500,4883500,"S"
"DIG","10:15:42",25.8,0,7000,4883000,"B"
"DIG","10:15:29",25.8,0,1200,4876000,"B"
"DIG","10:15:18",25.85,0.05,2000,4874800,"S"
"DIG","10:15:08",25.85,0.05,1000,4872800,"S"
"DIG","10:15:08",25.8,0,1000,4871800,"B"
"DIG","10:15:02",25.8,0,1000,4870800,"B"
"DIG","10:14:56",25.85,0.05,300,4869800,"S"
"DIG","10:14:55",25.8,0,400,4869500,"B"
"DIG","10:14:43",25.85,0.05,1000,4869100,"S"
"DIG","10:14:42",25.85,0.05,500,4868100,"S"
"DIG","10:14:39",25.85,0.05,4700,4867600,"S"
"DIG","10:14:37",25.85,0.05,100,4862900,"S"
"DIG","10:14:30",25.85,0.05,100,4862800,"S"
"DIG","10:14:23",25.85,0.05,400,4862700,"S"
"DIG","10:14:20",25.85,0.05,5000,4862300,"S"
"DIG","10:14:19",25.8,0,3000,4857300,"B"
"DIG","10:14:19",25.85,0.05,1000,4854300,"S"
"DIG","10:14:15",25.8,0,1000,4853300,"B"
"DIG","10:14:09",25.85,0.05,1000,4852300,"S"
"DIG","10:14:04",25.85,0.05,200,4851300,"S"
"DIG","10:13:56",25.85,0.05,1000,4851100,"S"
"DIG","10:13:55",25.8,0,300,4850100,"B"
"DIG","10:13:52",25.85,0.05,500,4849800,"S"
"DIG","10:13:45",25.8,0,100,4849300,"B"
"DIG","10:13:42",25.85,0.05,100,4849200,"S"
"DIG","10:13:38",25.8,0,400,4849100,"B"
"DIG","10:13:36",25.85,0.05,300,4848700,"S"
"DIG","10:13:33",25.85,0.05,500,4848400,"S"
"DIG","10:13:32",25.85,0.05,1000,4847900,"S"
"DIG","10:13:31",25.85,0.05,300,4846900,"S"
"DIG","10:13:30",25.85,0.05,10000,4846600,"S"
"DIG","10:13:26",25.8,0,500,4836600,"B"
"DIG","10:13:26",25.85,0.05,1000,4836100,"S"
"DIG","10:13:16",25.85,0.05,100,4835100,"S"
"DIG","10:13:14",25.85,0.05,10000,4835000,"S"
"DIG","10:13:11",25.8,0,20000,4825000,"B"
"DIG","10:13:06",25.85,0.05,1000,4805000,"S"
"DIG","10:13:04",25.8,0,1000,4804000,"B"
"DIG","10:13:02",25.85,0.05,100,4803000,"S"
"DIG","10:12:59",25.8,0,7000,4802900,"B"
"DIG","10:12:56",25.85,0.05,900,4795900,"S"
"DIG","10:12:53",25.8,0,300,4795000,"B"
"DIG","10:12:42",25.85,0.05,100,4794700,"S"
"DIG","10:12:38",25.8,0,300,4794600,"B"
"DIG","10:12:33",25.8,0,3800,4794300,"B"
"DIG","10:12:21",25.8,0,7900,4790500,"B"
"DIG","10:12:16",25.8,0,10000,4782600,"B"
"DIG","10:12:06",25.8,0,1000,4772600,"B"
"DIG","10:12:03",25.8,0,2000,4771600,"B"
"DIG","10:12:01",25.8,0,7500,4769600,"B"
"DIG","10:11:55",25.8,0,60000,4762100,"B"
"DIG","10:11:49",25.85,0.05,100,4702100,"S"
"DIG","10:11:48",25.8,0,400,4702000,"B"
"DIG","10:11:32",25.8,0,2500,4701600,"B"
"DIG","10:11:27",25.8,0,2200,4699100,"B"
"DIG","10:11:11",25.85,0.05,17400,4696900,"B"
"DIG","10:11:10",25.85,0.05,27400,4679500,"B"
"DIG","10:11:08",25.85,0.05,2500,4652100,"B"
"DIG","10:11:06",25.85,0.05,1000,4649600,"B"
"DIG","10:11:05",25.85,0.05,2800,4648600,"B"
"DIG","10:10:56",25.85,0.05,300,4645800,"B"
"DIG","10:10:50",25.85,0.05,3000,4645500,"B"
"DIG","10:10:47",25.85,0.05,300,4642500,"B"
"DIG","10:10:44",25.85,0.05,500,4642200,"B"
"DIG","10:10:42",25.9,0.1,100,4641700,"S"
"DIG","10:10:42",25.85,0.05,800,4641600,"B"
"DIG","10:10:38",25.85,0.05,2000,4640800,"B"
"DIG","10:10:35",25.85,0.05,100,4638800,"B"
"DIG","10:10:34",25.85,0.05,500,4638700,"B"
"DIG","10:10:29",25.85,0.05,1000,4638200,"B"
"DIG","10:10:27",25.85,0.05,10000,4637200,"B"
"DIG","10:10:25",25.85,0.05,40000,4627200,"B"
"DIG","10:10:22",25.85,0.05,12000,4587200,"B"
"DIG","10:10:22",25.85,0.05,2000,4575200,"B"
"DIG","10:10:19",25.85,0.05,1000,4573200,"B"
"DIG","10:10:08",25.85,0.05,5000,4572200,"B"
"DIG","10:09:50",25.85,0.05,2000,4567200,"B"
"DIG","10:09:48",25.85,0.05,1000,4565200,"B"
"DIG","10:09:41",25.85,0.05,400,4564200,"B"
"DIG","10:09:37",25.85,0.05,8000,4563800,"B"
"DIG","10:09:33",25.9,0.1,800,4555800,"S"
"DIG","10:09:31",25.85,0.05,1900,4555000,"B"
"DIG","10:09:29",25.85,0.05,1000,4553100,"B"
"DIG","10:08:56",25.9,0.1,106700,4552100,"B"
"DIG","10:08:53",25.9,0.1,15000,4445400,"B"
"DIG","10:08:50",25.9,0.1,20000,4430400,"B"
"DIG","10:08:48",25.9,0.1,3000,4410400,"B"
"DIG","10:08:44",25.9,0.1,20000,4407400,"B"
"DIG","10:08:40",25.9,0.1,300,4387400,"B"
"DIG","10:08:31",25.9,0.1,900,4387100,"B"
"DIG","10:08:27",25.9,0.1,1000,4386200,"B"
"DIG","10:08:26",25.9,0.1,500,4385200,"B"
"DIG","10:08:26",25.9,0.1,100,4384700,"B"
"DIG","10:08:17",25.9,0.1,2000,4384600,"B"
"DIG","10:07:51",25.9,0.1,500,4382600,"B"
"DIG","10:07:48",25.9,0.1,500,4382100,"B"
"DIG","10:07:38",25.9,0.1,300,4381600,"B"
"DIG","10:07:31",25.9,0.1,2200,4381300,"B"
"DIG","10:07:26",25.95,0.15,200,4379100,"S"
"DIG","10:07:18",25.95,0.15,100,4378900,"S"
"DIG","10:07:17",25.95,0.15,500,4378800,"S"
"DIG","10:07:15",25.95,0.15,200,4378300,"S"
"DIG","10:07:14",25.9,0.1,100,4378100,"B"
"DIG","10:07:10",25.95,0.15,300,4378000,"S"
"DIG","10:06:56",25.95,0.15,500,4377700,"S"
"DIG","10:06:56",25.95,0.15,100,4377200,"S"
"DIG","10:06:54",25.9,0.1,300,4377100,"B"
"DIG","10:06:52",25.9,0.1,1300,4376800,"B"
"DIG","10:06:41",25.95,0.15,4600,4375500,"S"
