"symbol","time","price","change","vol","total","side"
"DXS","14:45:00",7.41,-0.15,212100,1649300,
"DXS","14:29:55",7.5,-0.06,700,1437200,"B"
"DXS","14:29:54",7.5,-0.06,2100,1436500,"S"
"DXS","14:29:53",7.5,-0.06,500,1434400,"S"
"DXS","14:29:45",7.5,-0.06,3000,1433900,"S"
"DXS","14:29:39",7.5,-0.06,300,1430900,"S"
"DXS","14:29:39",7.5,-0.06,4100,1430600,"B"
"DXS","14:29:38",7.5,-0.06,700,1426500,"B"
"DXS","14:29:24",7.5,-0.06,300,1425800,"B"
"DXS","14:29:21",7.5,-0.06,700,1425500,"S"
"DXS","14:29:19",7.5,-0.06,100,1424800,"S"
"DXS","14:29:07",7.5,-0.06,1000,1424700,"S"
"DXS","14:29:01",7.5,-0.06,11200,1423700,"B"
"DXS","14:28:13",7.5,-0.06,100,1412500,"S"
"DXS","14:28:06",7.5,-0.06,2000,1412400,"S"
"DXS","14:28:05",7.5,-0.06,1900,1410400,"B"
"DXS","14:27:57",7.49,-0.07,2700,1408500,"B"
"DXS","14:27:57",7.5,-0.06,2400,1405800,"B"
"DXS","14:27:55",7.5,-0.06,1700,1403400,"S"
"DXS","14:27:55",7.5,-0.06,500,1401700,"S"
"DXS","14:27:52",7.5,-0.06,100,1401200,"S"
"DXS","14:27:49",7.5,-0.06,1000,1401100,"S"
"DXS","14:27:47",7.5,-0.06,200,1400100,"S"
"DXS","14:27:46",7.5,-0.06,200,1399900,"S"
"DXS","14:27:41",7.5,-0.06,300,1399700,"S"
"DXS","14:27:33",7.5,-0.06,500,1399400,"S"
"DXS","14:27:29",7.5,-0.06,5500,1398900,"S"
"DXS","14:27:29",7.49,-0.07,5500,1393400,"S"
"DXS","14:27:28",7.49,-0.07,1500,1387900,"B"
"DXS","14:27:10",7.49,-0.07,1000,1386400,"S"
"DXS","14:27:07",7.49,-0.07,100,1385400,"S"
"DXS","14:27:07",7.49,-0.07,1000,1385300,"S"
"DXS","14:27:01",7.49,-0.07,100,1384300,"S"
"DXS","14:27:00",7.49,-0.07,1300,1384200,"S"
"DXS","14:26:58",7.48,-0.08,3200,1382900,"S"
"DXS","14:26:57",7.48,-0.08,1500,1379700,"B"
"DXS","14:26:54",7.49,-0.07,500,1378200,"S"
"DXS","14:26:53",7.49,-0.07,1000,1377700,"S"
"DXS","14:26:30",7.48,-0.08,200,1376700,"S"
"DXS","14:26:24",7.48,-0.08,200,1376500,"S"
"DXS","14:26:16",7.48,-0.08,200,1376300,"S"
"DXS","14:26:13",7.45,-0.11,2100,1376100,"B"
"DXS","14:26:09",7.45,-0.11,1100,1374000,"B"
"DXS","14:26:01",7.45,-0.11,300,1372900,"B"
"DXS","14:25:47",7.45,-0.11,10200,1372600,"B"
"DXS","14:25:47",7.46,-0.1,7500,1362400,"B"
"DXS","14:25:47",7.48,-0.08,2300,1354900,"B"
"DXS","14:25:36",7.48,-0.08,600,1352600,"B"
"DXS","14:25:34",7.48,-0.08,200,1352000,"B"
"DXS","14:25:22",7.48,-0.08,7000,1351800,"B"
"DXS","14:24:44",7.49,-0.07,1000,1344800,"S"
"DXS","14:24:43",7.49,-0.07,1500,1343800,"S"
"DXS","14:24:30",7.49,-0.07,6100,1342300,"S"
"DXS","14:24:23",7.49,-0.07,500,1336200,"S"
"DXS","14:24:22",7.48,-0.08,100,1335700,"B"
"DXS","14:24:19",7.48,-0.08,1900,1335600,"B"
"DXS","14:24:16",7.48,-0.08,3000,1333700,"B"
"DXS","14:24:13",7.49,-0.07,500,1330700,"S"
"DXS","14:24:12",7.49,-0.07,100,1330200,"S"
"DXS","14:23:53",7.49,-0.07,1000,1330100,"S"
"DXS","14:23:49",7.48,-0.08,1000,1329100,"B"
"DXS","14:23:37",7.49,-0.07,1000,1328100,"S"
"DXS","14:23:27",7.49,-0.07,200,1327100,"S"
"DXS","14:22:50",7.49,-0.07,100,1326900,"S"
"DXS","14:22:42",7.49,-0.07,6900,1326800,"B"
"DXS","14:22:34",7.49,-0.07,100,1319900,"B"
"DXS","14:22:30",7.49,-0.07,1500,1319800,"B"
"DXS","14:22:28",7.49,-0.07,100,1318300,"B"
"DXS","14:22:27",7.49,-0.07,300,1318200,"B"
"DXS","14:22:11",7.49,-0.07,1500,1317900,"B"
"DXS","14:22:00",7.5,-0.06,100,1316400,"S"
"DXS","14:21:37",7.48,-0.08,1000,1316300,"B"
"DXS","14:21:06",7.48,-0.08,2600,1315300,"B"
"DXS","14:20:45",7.5,-0.06,100,1312700,"S"
"DXS","14:20:43",7.5,-0.06,200,1312600,"S"
"DXS","14:20:40",7.5,-0.06,10000,1312400,"S"
"DXS","14:20:30",7.5,-0.06,700,1302400,"S"
"DXS","14:20:05",7.5,-0.06,100,1301700,"S"
"DXS","14:19:38",7.5,-0.06,3600,1301600,"B"
"DXS","14:19:32",7.5,-0.06,3000,1298000,"B"
"DXS","14:19:12",7.5,-0.06,100,1295000,"B"
"DXS","14:19:12",7.51,-0.05,400,1294900,"B"
"DXS","14:18:17",7.48,-0.08,400,1294500,"S"
"DXS","14:18:06",7.48,-0.08,100,1294100,"S"
"DXS","14:18:03",7.45,-0.11,900,1294000,"B"
"DXS","14:18:03",7.46,-0.1,500,1293100,"B"
"DXS","14:18:03",7.47,-0.09,800,1292600,"B"
"DXS","14:18:03",7.48,-0.08,100,1291800,"B"
"DXS","14:18:03",7.49,-0.07,1100,1291700,"B"
"DXS","14:18:03",7.5,-0.06,57500,1290600,"B"
"DXS","14:18:02",7.5,-0.06,9300,1233100,"B"
"DXS","14:18:02",7.51,-0.05,1100,1223800,"B"
"DXS","14:18:02",7.52,-0.04,1400,1222700,"B"
"DXS","14:18:02",7.54,-0.02,2100,1221300,"B"
"DXS","14:18:02",7.55,-0.01,1800,1219200,"B"
"DXS","14:17:43",7.56,0,200,1217400,"S"
"DXS","14:17:35",7.55,-0.01,2100,1217200,"B"
"DXS","14:16:23",7.56,0,2100,1215100,"B"
"DXS","14:16:04",7.56,0,100,1213000,"B"
"DXS","14:15:52",7.56,0,3000,1212900,"B"
"DXS","14:15:43",7.56,0,2000,1209900,"B"
"DXS","14:15:41",7.56,0,13000,1207900,"B"
"DXS","14:15:31",7.56,0,17000,1194900,"B"
"DXS","14:15:31",7.57,0.01,3000,1177900,"B"
"DXS","14:13:14",7.57,0.01,100,1174900,"B"
"DXS","14:12:56",7.56,0,5100,1174800,"B"
"DXS","14:12:37",7.56,0,200,1169700,"B"
"DXS","14:11:45",7.56,0,600,1169500,"B"
"DXS","14:11:16",7.56,0,700,1168900,"B"
"DXS","14:11:16",7.57,0.01,400,1168200,"B"
"DXS","14:08:34",7.56,0,500,1167800,"B"
"DXS","14:08:01",7.55,-0.01,100,1167300,"B"
"DXS","14:07:42",7.55,-0.01,100,1167200,"B"
"DXS","14:06:19",7.55,-0.01,300,1167100,"S"
"DXS","14:06:14",7.54,-0.02,1800,1166800,"S"
"DXS","14:05:59",7.54,-0.02,500,1165000,"S"
"DXS","14:05:08",7.52,-0.04,100,1164500,"S"
"DXS","14:05:07",7.52,-0.04,100,1164400,"S"
"DXS","14:04:58",7.52,-0.04,200,1164300,"S"
"DXS","14:04:47",7.52,-0.04,200,1164100,"S"
"DXS","14:04:44",7.52,-0.04,500,1163900,"S"
"DXS","14:04:36",7.52,-0.04,300,1163400,"S"
"DXS","14:04:20",7.51,-0.05,500,1163100,"B"
"DXS","14:04:14",7.51,-0.05,5000,1162600,"B"
"DXS","14:04:09",7.52,-0.04,100,1157600,"S"
"DXS","14:04:07",7.53,-0.03,500,1157500,"B"
"DXS","14:03:52",7.54,-0.02,100,1157000,"S"
"DXS","14:03:42",7.54,-0.02,200,1156900,"S"
"DXS","14:03:41",7.54,-0.02,7700,1156700,"B"
"DXS","14:03:41",7.55,-0.01,200,1149000,"S"
"DXS","14:03:35",7.54,-0.02,6400,1148800,"B"
"DXS","14:03:34",7.55,-0.01,69500,1142400,"B"
"DXS","14:03:30",7.55,-0.01,100,1072900,"B"
"DXS","14:03:24",7.55,-0.01,50000,1072800,"B"
"DXS","14:02:41",7.55,-0.01,2000,1022800,"B"
"DXS","14:02:37",7.55,-0.01,6100,1020800,"B"
"DXS","14:02:25",7.55,-0.01,8000,1014700,"B"
"DXS","14:02:16",7.56,0,900,1006700,"S"
"DXS","14:01:39",7.56,0,2500,1005800,"B"
"DXS","14:01:03",7.56,0,100,1003300,"B"
"DXS","14:00:45",7.56,0,4800,1003200,"B"
"DXS","14:00:14",7.56,0,6700,998400,"B"
"DXS","13:59:28",7.56,0,2000,991700,"S"
"DXS","13:59:16",7.56,0,7700,989700,"B"
"DXS","13:59:16",7.58,0.02,300,982000,"B"
"DXS","13:58:46",7.58,0.02,700,981700,"B"
"DXS","13:57:32",7.56,0,18800,981000,"B"
"DXS","13:57:30",7.58,0.02,200,961000,"B"
"DXS","13:57:14",7.58,0.02,200,960800,"B"
"DXS","13:56:50",7.58,0.02,800,960600,"B"
"DXS","13:55:29",7.6,0.04,100,959800,"S"
"DXS","13:55:28",7.58,0.02,5300,959700,"B"
"DXS","13:55:28",7.59,0.03,3200,954400,"B"
"DXS","13:55:05",7.6,0.04,200,951200,"S"
"DXS","13:54:03",7.59,0.03,100,951000,"S"
"DXS","13:53:41",7.59,0.03,100,950900,"S"
"DXS","13:52:41",7.58,0.02,400,950800,"B"
"DXS","13:52:41",7.59,0.03,100,950400,"B"
"DXS","13:50:43",7.6,0.04,100,950300,"S"
"DXS","13:50:01",7.6,0.04,3300,950200,"S"
"DXS","13:49:46",7.6,0.04,4400,946900,"B"
"DXS","13:49:17",7.61,0.05,200,942500,"S"
"DXS","13:49:16",7.6,0.04,10000,942300,"B"
"DXS","13:49:11",7.61,0.05,500,932300,"B"
"DXS","13:48:37",7.62,0.06,2000,931800,"S"
"DXS","13:47:00",7.62,0.06,200,929800,"S"
"DXS","13:46:50",7.62,0.06,1000,929600,"S"
"DXS","13:46:30",7.62,0.06,800,928600,"S"
"DXS","13:44:43",7.62,0.06,200,927800,"S"
"DXS","13:44:09",7.62,0.06,5000,927600,"S"
"DXS","13:44:05",7.62,0.06,100,922600,"S"
"DXS","13:43:54",7.62,0.06,3000,922500,"S"
"DXS","13:43:21",7.62,0.06,4600,919500,"S"
"DXS","13:42:12",7.62,0.06,1000,914900,"S"
"DXS","13:41:54",7.61,0.05,600,913900,"B"
"DXS","13:40:35",7.61,0.05,100,913300,"B"
"DXS","13:39:43",7.61,0.05,2600,913200,"S"
"DXS","13:39:16",7.61,0.05,500,910600,"S"
"DXS","13:38:19",7.61,0.05,1000,910100,"B"
"DXS","13:37:24",7.62,0.06,500,909100,"S"
"DXS","13:36:45",7.62,0.06,1000,908600,"S"
"DXS","13:35:59",7.61,0.05,100,907600,"S"
"DXS","13:35:18",7.6,0.04,6000,907500,"S"
"DXS","13:35:15",7.59,0.03,300,901500,"B"
"DXS","13:35:01",7.59,0.03,100,901200,"B"
"DXS","13:32:25",7.59,0.03,1000,901100,"B"
"DXS","13:32:20",7.6,0.04,1800,900100,"S"
"DXS","13:29:34",7.58,0.02,200,898300,"B"
"DXS","13:29:16",7.58,0.02,700,898100,"B"
"DXS","13:29:09",7.58,0.02,500,897400,"B"
"DXS","13:28:50",7.58,0.02,200,896900,"B"
"DXS","13:28:04",7.58,0.02,1200,896700,"B"
"DXS","13:27:42",7.58,0.02,4300,895500,"B"
"DXS","13:27:42",7.59,0.03,700,891200,"B"
"DXS","13:27:36",7.59,0.03,1000,890500,"B"
"DXS","13:24:44",7.6,0.04,15200,889500,"B"
"DXS","13:23:37",7.61,0.05,2000,874300,"B"
"DXS","13:23:36",7.61,0.05,3100,872300,"B"
"DXS","13:23:34",7.61,0.05,200,869200,"B"
"DXS","13:22:18",7.62,0.06,100,869000,"S"
"DXS","13:21:52",7.62,0.06,1900,868900,"S"
"DXS","13:21:39",7.62,0.06,18800,867000,"B"
"DXS","13:21:10",7.62,0.06,1400,848200,"S"
"DXS","13:20:34",7.62,0.06,4700,846800,"B"
"DXS","13:19:56",7.62,0.06,400,842100,"B"
"DXS","13:19:28",7.62,0.06,400,841700,"S"
"DXS","13:19:10",7.62,0.06,400,841300,"S"
"DXS","13:18:12",7.62,0.06,13200,840900,"B"
"DXS","13:18:01",7.62,0.06,5200,827700,"B"
"DXS","13:17:42",7.62,0.06,3400,822500,"B"
"DXS","13:17:37",7.62,0.06,500,819100,"B"
"DXS","13:17:08",7.63,0.07,100,818600,"S"
"DXS","13:16:09",7.62,0.06,200,818500,"B"
"DXS","13:15:31",7.63,0.07,14200,818300,"B"
"DXS","13:15:31",7.64,0.08,200,804100,"B"
"DXS","13:13:32",7.63,0.07,400,803900,"B"
"DXS","13:13:09",7.64,0.08,1000,803500,"B"
"DXS","13:12:42",7.64,0.08,10000,802500,"B"
"DXS","13:11:37",7.64,0.08,100,792500,"B"
"DXS","13:10:28",7.65,0.09,100,792400,"B"
"DXS","13:09:51",7.65,0.09,200,792300,"B"
"DXS","13:08:58",7.65,0.09,15000,792100,"B"
"DXS","13:07:50",7.65,0.09,4000,777100,"B"
"DXS","13:07:29",7.65,0.09,200,773100,"B"
"DXS","13:06:47",7.65,0.09,2100,772900,"B"
"DXS","13:06:01",7.65,0.09,100,770800,"B"
"DXS","13:05:31",7.65,0.09,2700,770700,"S"
"DXS","13:05:31",7.64,0.08,1600,768000,"S"
"DXS","13:04:34",7.63,0.07,600,766400,"B"
"DXS","13:04:29",7.64,0.08,4800,765800,"B"
"DXS","13:03:03",7.64,0.08,200,761000,"B"
"DXS","13:02:44",7.65,0.09,300,760800,"S"
"DXS","13:01:41",7.65,0.09,500,760500,"S"
"DXS","13:00:11",7.65,0.09,100,760000,"B"
"DXS","13:00:04",7.66,0.1,1000,759900,"S"
"DXS","13:00:02",7.66,0.1,300,758900,"S"
"DXS","13:00:02",7.65,0.09,1000,758600,"S"
"DXS","13:00:01",7.62,0.06,1700,757600,"B"
"DXS","13:00:01",7.63,0.07,4000,755900,"B"
"DXS","13:00:01",7.64,0.08,14400,751900,"B"
"DXS","13:00:00",7.66,0.1,100,737500,"S"
"DXS","11:29:26",7.66,0.1,1000,737400,"B"
"DXS","11:29:25",7.66,0.1,9000,736400,"B"
"DXS","11:28:59",7.67,0.11,10000,727400,"S"
"DXS","11:27:36",7.67,0.11,1400,717400,"S"
"DXS","11:22:53",7.67,0.11,300,716000,"S"
"DXS","11:21:20",7.67,0.11,1000,715700,"S"
"DXS","11:20:10",7.67,0.11,100,714700,"B"
"DXS","11:19:24",7.68,0.12,100,714600,"S"
"DXS","11:18:12",7.68,0.12,3900,714500,"S"
"DXS","11:18:12",7.67,0.11,1100,710600,"S"
"DXS","11:18:09",7.67,0.11,1000,709500,"S"
"DXS","11:17:51",7.67,0.11,3000,708500,"S"
"DXS","11:16:41",7.66,0.1,700,705500,"S"
"DXS","11:16:23",7.66,0.1,10000,704800,"S"
"DXS","11:16:16",7.65,0.09,800,694800,"B"
"DXS","11:15:18",7.65,0.09,100,694000,"B"
"DXS","11:15:02",7.65,0.09,1200,693900,"S"
"DXS","11:13:22",7.65,0.09,4500,692700,"B"
"DXS","11:12:11",7.65,0.09,100,688200,"B"
"DXS","11:12:10",7.65,0.09,5400,688100,"S"
"DXS","11:11:54",7.65,0.09,12800,682700,"S"
"DXS","11:11:39",7.65,0.09,5000,669900,"S"
"DXS","11:11:39",7.64,0.08,100,664900,"S"
"DXS","11:11:39",7.63,0.07,300,664800,"S"
"DXS","11:11:38",7.63,0.07,200,664500,"S"
"DXS","11:11:11",7.63,0.07,100,664300,"S"
"DXS","11:10:25",7.62,0.06,1000,664200,"S"
"DXS","11:10:23",7.61,0.05,7200,663200,"S"
"DXS","11:10:09",7.61,0.05,1000,656000,"S"
"DXS","11:09:59",7.6,0.04,200,655000,"B"
"DXS","11:09:39",7.6,0.04,34300,654800,"S"
"DXS","11:09:38",7.59,0.03,1000,620500,"B"
"DXS","11:09:07",7.6,0.04,200,619500,"S"
"DXS","11:08:29",7.59,0.03,200,619300,"B"
"DXS","11:07:17",7.59,0.03,400,619100,"B"
"DXS","11:06:38",7.6,0.04,1000,618700,"S"
"DXS","11:03:53",7.59,0.03,500,617700,"B"
"DXS","11:03:26",7.59,0.03,100,617200,"B"
"DXS","11:03:21",7.59,0.03,500,617100,"B"
"DXS","10:54:48",7.59,0.03,100,616600,"S"
"DXS","10:54:18",7.59,0.03,200,616500,"S"
"DXS","10:53:55",7.59,0.03,200,616300,"B"
"DXS","10:53:13",7.59,0.03,100,616100,"B"
"DXS","10:53:09",7.59,0.03,100,616000,"B"
"DXS","10:52:01",7.59,0.03,100,615900,"B"
"DXS","10:49:57",7.58,0.02,4200,615800,"B"
"DXS","10:48:46",7.58,0.02,100,611600,"B"
"DXS","10:46:55",7.58,0.02,900,611500,"B"
"DXS","10:43:35",7.58,0.02,4800,610600,"B"
"DXS","10:42:58",7.58,0.02,3000,605800,"B"
"DXS","10:42:34",7.58,0.02,500,602800,"B"
"DXS","10:42:03",7.59,0.03,200,602300,"B"
"DXS","10:41:47",7.59,0.03,1000,602100,"B"
"DXS","10:41:46",7.59,0.03,100,601100,"B"
"DXS","10:41:10",7.59,0.03,500,601000,"B"
"DXS","10:39:42",7.6,0.04,1500,600500,"B"
"DXS","10:39:24",7.6,0.04,200,599000,"B"
"DXS","10:38:20",7.6,0.04,100,598800,"B"
"DXS","10:37:42",7.6,0.04,2100,598700,"S"
"DXS","10:37:04",7.58,0.02,100,596600,"B"
"DXS","10:36:48",7.58,0.02,100,596500,"B"
"DXS","10:36:43",7.6,0.04,4000,596400,"S"
"DXS","10:34:14",7.58,0.02,100,592400,"B"
"DXS","10:32:39",7.6,0.04,500,592300,"S"
"DXS","10:31:43",7.6,0.04,3700,591800,"S"
"DXS","10:31:14",7.6,0.04,9700,588100,"S"
"DXS","10:31:14",7.59,0.03,300,578400,"S"
"DXS","10:30:49",7.6,0.04,2500,578100,"S"
"DXS","10:30:49",7.59,0.03,500,575600,"S"
"DXS","10:30:08",7.59,0.03,1900,575100,"B"
"DXS","10:29:49",7.59,0.03,800,573200,"S"
"DXS","10:29:30",7.54,-0.02,800,572400,"B"
"DXS","10:29:30",7.55,-0.01,6100,571600,"B"
"DXS","10:29:30",7.56,0,2800,565500,"B"
"DXS","10:29:30",7.58,0.02,300,562700,"B"
"DXS","10:28:48",7.58,0.02,1000,562400,"S"
"DXS","10:27:53",7.56,0,200,561400,"B"
"DXS","10:27:28",7.56,0,4000,561200,"B"
"DXS","10:27:01",7.56,0,3000,557200,"B"
"DXS","10:25:48",7.56,0,100,554200,"B"
"DXS","10:25:31",7.56,0,300,554100,"S"
"DXS","10:25:20",7.56,0,2000,553800,"S"
"DXS","10:25:04",7.56,0,300,551800,"S"
"DXS","10:24:22",7.55,-0.01,5500,551500,"B"
"DXS","10:24:08",7.55,-0.01,1500,546000,"S"
"DXS","10:24:07",7.54,-0.02,20000,544500,"B"
"DXS","10:23:56",7.55,-0.01,500,524500,"S"
"DXS","10:23:33",7.55,-0.01,400,524000,"S"
"DXS","10:22:43",7.54,-0.02,9000,523600,"B"
"DXS","10:22:19",7.54,-0.02,100,514600,"B"
"DXS","10:22:16",7.55,-0.01,1000,514500,"S"
"DXS","10:22:05",7.55,-0.01,2600,513500,"S"
"DXS","10:22:02",7.55,-0.01,500,510900,"S"
"DXS","10:22:02",7.55,-0.01,5000,510400,"S"
"DXS","10:21:56",7.55,-0.01,1700,505400,"S"
"DXS","10:19:57",7.55,-0.01,1000,503700,"S"
"DXS","10:19:42",7.54,-0.02,400,502700,"B"
"DXS","10:19:35",7.54,-0.02,500,502300,"B"
"DXS","10:19:25",7.54,-0.02,2000,501800,"B"
"DXS","10:19:12",7.55,-0.01,700,499800,"B"
"DXS","10:18:35",7.55,-0.01,5900,499100,"B"
"DXS","10:18:32",7.55,-0.01,400,493200,"B"
"DXS","10:18:31",7.55,-0.01,2000,492800,"B"
"DXS","10:18:27",7.55,-0.01,300,490800,"B"
"DXS","10:18:18",7.55,-0.01,10000,490500,"B"
"DXS","10:17:56",7.55,-0.01,800,480500,"S"
"DXS","10:17:46",7.55,-0.01,800,479700,"S"
"DXS","10:16:16",7.55,-0.01,2000,478900,"S"
"DXS","10:15:54",7.55,-0.01,1500,476900,"B"
"DXS","10:14:32",7.55,-0.01,5000,475400,"B"
"DXS","10:14:23",7.55,-0.01,3000,470400,"S"
"DXS","10:13:41",7.55,-0.01,200,467400,"S"
"DXS","10:13:39",7.55,-0.01,12200,467200,"B"
"DXS","10:13:09",7.55,-0.01,600,455000,"B"
"DXS","10:13:01",7.56,0,6800,454400,"B"
"DXS","10:12:56",7.56,0,20000,447600,"B"
"DXS","10:12:38",7.56,0,5000,427600,"B"
"DXS","10:12:37",7.57,0.01,5000,422600,"B"
"DXS","10:12:27",7.57,0.01,100,417600,"B"
"DXS","10:11:45",7.57,0.01,500,417500,"B"
"DXS","10:11:32",7.58,0.02,3200,417000,"B"
"DXS","10:11:32",7.58,0.02,100,413800,"B"
"DXS","10:10:38",7.58,0.02,5100,413700,"B"
"DXS","10:10:34",7.58,0.02,8000,408600,"B"
"DXS","10:09:37",7.59,0.03,500,400600,"B"
"DXS","10:09:37",7.59,0.03,700,400100,"B"
"DXS","10:09:20",7.59,0.03,1000,399400,"B"
"DXS","10:08:42",7.6,0.04,200,398400,"S"
"DXS","10:08:31",7.59,0.03,2000,398200,"B"
"DXS","10:08:22",7.59,0.03,300,396200,"B"
"DXS","10:07:52",7.59,0.03,1000,395900,"B"
"DXS","10:06:51",7.59,0.03,200,394900,"B"
"DXS","10:05:46",7.59,0.03,200,394700,"B"
"DXS","10:05:33",7.59,0.03,100,394500,"B"
"DXS","10:03:47",7.59,0.03,100,394400,"B"
"DXS","10:03:45",7.6,0.04,1900,394300,"B"
"DXS","10:03:27",7.6,0.04,3300,392400,"B"
"DXS","10:02:12",7.6,0.04,300,389100,"B"
"DXS","10:01:22",7.61,0.05,100,388800,"B"
"DXS","09:59:48",7.61,0.05,3000,388700,"B"
"DXS","09:59:45",7.62,0.06,3000,385700,"S"
"DXS","09:59:22",7.61,0.05,5000,382700,"B"
"DXS","09:58:18",7.61,0.05,1000,377700,"B"
"DXS","09:54:06",7.62,0.06,400,376700,"S"
"DXS","09:54:05",7.61,0.05,100,376300,"B"
"DXS","09:53:50",7.62,0.06,5000,376200,"S"
"DXS","09:53:36",7.62,0.06,10000,371200,"S"
"DXS","09:52:31",7.61,0.05,200,361200,"B"
"DXS","09:51:50",7.61,0.05,6900,361000,"B"
"DXS","09:51:10",7.61,0.05,900,354100,"S"
"DXS","09:50:43",7.61,0.05,100,353200,"S"
"DXS","09:50:23",7.62,0.06,100,353100,"S"
"DXS","09:49:57",7.62,0.06,100,353000,"S"
"DXS","09:49:49",7.62,0.06,2000,352900,"S"
"DXS","09:49:36",7.62,0.06,100,350900,"S"
"DXS","09:49:01",7.62,0.06,1000,350800,"S"
"DXS","09:47:05",7.62,0.06,100,349800,"S"
"DXS","09:46:34",7.62,0.06,100,349700,"S"
"DXS","09:45:29",7.62,0.06,2000,349600,"S"
"DXS","09:44:53",7.6,0.04,500,347600,"B"
"DXS","09:44:51",7.62,0.06,4500,347100,"S"
"DXS","09:43:50",7.6,0.04,3900,342600,"S"
"DXS","09:43:21",7.58,0.02,100,337600,"B"
"DXS","09:42:55",7.58,0.02,600,337500,"S"
"DXS","09:42:10",7.58,0.02,400,336900,"B"
"DXS","09:42:04",7.58,0.02,200,336500,"B"
"DXS","09:41:55",7.58,0.02,200,336300,"B"
"DXS","09:40:29",7.59,0.03,100,336100,"S"
"DXS","09:39:26",7.59,0.03,700,336000,"B"
"DXS","09:38:59",7.59,0.03,1800,335300,"B"
"DXS","09:38:47",7.6,0.04,100,333500,"S"
"DXS","09:38:45",7.59,0.03,600,333400,"B"
"DXS","09:38:20",7.6,0.04,100,332800,"S"
"DXS","09:37:54",7.59,0.03,1000,332700,"B"
"DXS","09:37:50",7.59,0.03,10000,331700,"B"
"DXS","09:37:49",7.59,0.03,300,321700,"B"
"DXS","09:37:48",7.6,0.04,200,321400,"S"
"DXS","09:37:35",7.6,0.04,1800,321200,"S"
"DXS","09:36:54",7.59,0.03,4000,319400,"B"
"DXS","09:36:39",7.59,0.03,3400,315400,"B"
"DXS","09:36:10",7.59,0.03,29000,312000,"B"
"DXS","09:36:09",7.59,0.03,1500,283000,"B"
"DXS","09:35:55",7.6,0.04,4300,262000,"B"
"DXS","09:35:55",7.61,0.05,700,257700,"B"
"DXS","09:35:44",7.61,0.05,200,257000,"B"
"DXS","09:35:33",7.61,0.05,1200,256800,"S"
"DXS","09:35:23",7.6,0.04,1200,255600,"B"
"DXS","09:35:07",7.6,0.04,700,254400,"B"
"DXS","09:34:51",7.61,0.05,100,253700,"S"
"DXS","09:34:49",7.61,0.05,2700,253600,"B"
"DXS","09:34:45",7.61,0.05,5000,250900,"B"
"DXS","09:34:33",7.62,0.06,2000,245900,"S"
"DXS","09:34:18",7.61,0.05,30000,243900,"B"
"DXS","09:34:06",7.61,0.05,5000,213900,"B"
"DXS","09:34:04",7.62,0.06,2000,208900,"S"
"DXS","09:33:10",7.62,0.06,2000,206900,"S"
"DXS","09:33:03",7.62,0.06,3300,204900,"B"
"DXS","09:32:59",7.62,0.06,6000,201600,"B"
"DXS","09:32:52",7.62,0.06,100,195600,"B"
"DXS","09:32:49",7.62,0.06,5000,195500,"B"
"DXS","09:32:34",7.62,0.06,1000,190500,"B"
"DXS","09:32:29",7.62,0.06,5000,189500,"B"
"DXS","09:31:41",7.62,0.06,300,184500,"B"
"DXS","09:31:14",7.61,0.05,900,184200,"B"
"DXS","09:31:14",7.62,0.06,1100,183300,"B"
"DXS","09:30:36",7.61,0.05,200,182200,"B"
"DXS","09:30:22",7.61,0.05,100,182000,"B"
"DXS","09:30:22",7.62,0.06,500,181900,"B"
"DXS","09:30:02",7.61,0.05,1000,181400,"B"
"DXS","09:28:07",7.65,0.09,200,180400,"S"
"DXS","09:28:01",7.64,0.08,400,180200,"B"
"DXS","09:28:00",7.64,0.08,3000,179800,"B"
"DXS","09:27:49",7.64,0.08,300,176800,"B"
"DXS","09:27:23",7.65,0.09,300,176500,"S"
"DXS","09:26:25",7.65,0.09,200,176200,"S"
"DXS","09:26:09",7.65,0.09,800,176000,"B"
"DXS","09:26:08",7.67,0.11,9600,175200,"B"
"DXS","09:26:08",7.67,0.11,400,165600,"S"
"DXS","09:26:02",7.65,0.09,2500,165200,"B"
"DXS","09:25:54",7.65,0.09,6000,162700,"B"
"DXS","09:25:39",7.65,0.09,7200,156700,"B"
"DXS","09:25:38",7.65,0.09,900,149500,"B"
"DXS","09:25:38",7.66,0.1,1900,148600,"B"
"DXS","09:25:16",7.67,0.11,1200,146700,"B"
"DXS","09:25:03",7.68,0.12,200,145500,"S"
"DXS","09:24:37",7.68,0.12,3000,145300,"S"
"DXS","09:24:37",7.67,0.11,500,142300,"B"
"DXS","09:24:31",7.67,0.11,200,141800,"B"
"DXS","09:23:06",7.68,0.12,600,141600,"S"
"DXS","09:22:48",7.67,0.11,100,141000,"B"
"DXS","09:22:21",7.68,0.12,1000,140900,"S"
"DXS","09:22:07",7.68,0.12,13000,139900,"B"
"DXS","09:21:00",7.69,0.13,4400,126900,"B"
"DXS","09:20:55",7.69,0.13,900,122500,"B"
"DXS","09:20:52",7.69,0.13,4000,121600,"B"
"DXS","09:20:41",7.69,0.13,1300,117600,"S"
"DXS","09:20:38",7.69,0.13,600,116300,"S"
"DXS","09:20:28",7.69,0.13,5000,115700,"S"
"DXS","09:20:22",7.69,0.13,3000,110700,"S"
"DXS","09:20:12",7.69,0.13,2100,107700,"B"
"DXS","09:19:59",7.69,0.13,4000,105600,"B"
"DXS","09:19:54",7.69,0.13,200,101600,"S"
"DXS","09:19:49",7.69,0.13,300,101400,"B"
"DXS","09:19:48",7.69,0.13,2900,101100,"S"
"DXS","09:19:45",7.69,0.13,2100,98200,"B"
"DXS","09:19:40",7.69,0.13,17600,96100,"S"
"DXS","09:19:16",7.69,0.13,2400,78500,"B"
"DXS","09:19:05",7.69,0.13,500,76100,"B"
"DXS","09:18:52",7.69,0.13,7100,75600,"S"
"DXS","09:18:26",7.65,0.09,300,68500,"S"
"DXS","09:18:26",7.65,0.09,100,68200,"S"
"DXS","09:18:22",7.64,0.08,100,68100,"B"
"DXS","09:18:22",7.65,0.09,500,68000,"S"
"DXS","09:18:20",7.65,0.09,100,67500,"S"
"DXS","09:18:20",7.65,0.09,5000,67400,"S"
"DXS","09:18:14",7.65,0.09,600,62400,"S"
"DXS","09:18:11",7.65,0.09,3400,61800,"B"
"DXS","09:18:08",7.69,0.13,900,58400,"S"
"DXS","09:18:02",7.65,0.09,5000,57500,"B"
"DXS","09:17:50",7.69,0.13,2200,52500,"S"
"DXS","09:17:50",7.68,0.12,2200,50300,"S"
"DXS","09:17:50",7.67,0.11,100,48100,"S"
"DXS","09:17:50",7.65,0.09,500,48000,"S"
"DXS","09:17:41",7.65,0.09,6100,47500,"S"
"DXS","09:17:41",7.64,0.08,500,41400,"S"
"DXS","09:17:30",7.65,0.09,2400,40900,"S"
"DXS","09:17:25",7.65,0.09,2000,38500,"S"
"DXS","09:17:05",7.65,0.09,200,36500,"S"
"DXS","09:17:04",7.65,0.09,3700,36300,"B"
"DXS","09:17:04",7.65,0.09,4900,32600,"B"
"DXS","09:17:04",7.66,0.1,100,27700,"B"
"DXS","09:16:56",7.66,0.1,600,27600,"B"
"DXS","09:16:52",7.66,0.1,200,27000,"B"
"DXS","09:15:46",7.65,0.09,100,26800,"B"
"DXS","09:15:26",7.65,0.09,500,26700,"S"
"DXS","09:15:21",7.65,0.09,100,26200,"S"
"DXS","09:15:00",7.65,0.09,26100,26100,
