"symbol","time","price","change","vol","total","side"
"KDH","14:45:00",30.65,-0.55,94800,1547400,
"KDH","14:29:14",30.2,-1,8600,1452600,"B"
"KDH","14:29:14",30.3,-0.9,400,1444000,"B"
"KDH","14:29:12",30.6,-0.6,1400,1443600,"S"
"KDH","14:29:12",30.45,-0.75,500,1442200,"S"
"KDH","14:29:12",30.4,-0.8,100,1441700,"S"
"KDH","14:29:08",30.3,-0.9,12200,1441600,"S"
"KDH","14:29:08",30.25,-0.95,400,1429400,"S"
"KDH","14:29:06",30.25,-0.95,200,1429000,"S"
"KDH","14:29:05",30.25,-0.95,2400,1428800,"B"
"KDH","14:29:04",30.25,-0.95,300,1426400,"B"
"KDH","14:29:03",30.3,-0.9,500,1426100,"S"
"KDH","14:28:51",30.3,-0.9,1100,1425600,"S"
"KDH","14:28:49",30.25,-0.95,900,1424500,"B"
"KDH","14:28:49",30.3,-0.9,200,1423600,"S"
"KDH","14:28:47",30.3,-0.9,1000,1423400,"S"
"KDH","14:28:42",30.3,-0.9,1000,1422400,"S"
"KDH","14:28:41",30.3,-0.9,300,1421400,"S"
"KDH","14:28:30",30.3,-0.9,100,1421100,"S"
"KDH","14:28:28",30.3,-0.9,200,1421000,"S"
"KDH","14:28:24",30.3,-0.9,200,1420800,"S"
"KDH","14:28:18",30.4,-0.8,600,1420600,"S"
"KDH","14:28:03",30.4,-0.8,100,1420000,"S"
"KDH","14:28:03",30.35,-0.85,900,1419900,"S"
"KDH","14:27:57",30.35,-0.85,100,1419000,"S"
"KDH","14:27:48",30.4,-0.8,4000,1418900,"B"
"KDH","14:27:48",30.6,-0.6,4900,1414900,"S"
"KDH","14:27:48",30.45,-0.75,800,1410000,"S"
"KDH","14:27:34",30.4,-0.8,6500,1409200,"B"
"KDH","14:27:26",30.45,-0.75,100,1402700,"S"
"KDH","14:27:25",30.45,-0.75,1600,1402600,"B"
"KDH","14:27:23",30.45,-0.75,1000,1401000,"B"
"KDH","14:27:02",30.6,-0.6,500,1400000,"S"
"KDH","14:27:00",30.45,-0.75,5000,1399500,"B"
"KDH","14:26:49",30.5,-0.7,100,1393500,"B"
"KDH","14:26:46",30.5,-0.7,2000,1393400,"B"
"KDH","14:26:41",30.45,-0.75,800,1391400,"B"
"KDH","14:26:39",30.5,-0.7,200,1390400,"B"
"KDH","14:26:35",30.5,-0.7,600,1390200,"S"
"KDH","14:26:06",30.45,-0.75,1900,1389600,"S"
"KDH","14:25:56",30.45,-0.75,1800,1387700,"S"
"KDH","14:25:30",30.45,-0.75,100,1385900,"S"
"KDH","14:25:25",30.2,-1,2000,1385800,"B"
"KDH","14:25:24",30.2,-1,200,1383800,"B"
"KDH","14:25:23",30.2,-1,400,1383600,"B"
"KDH","14:25:15",30.2,-1,800,1383200,"S"
"KDH","14:25:10",30.15,-1.05,1100,1382400,"B"
"KDH","14:25:09",30.2,-1,300,1381300,"S"
"KDH","14:25:08",30.2,-1,9000,1381000,"B"
"KDH","14:25:06",30.25,-0.95,500,1372000,"S"
"KDH","14:25:05",30.2,-1,2000,1371500,"B"
"KDH","14:25:03",30.25,-0.95,300,1369500,"S"
"KDH","14:24:54",30.2,-1,1000,1369200,"B"
"KDH","14:24:53",30.2,-1,2000,1368200,"B"
"KDH","14:24:44",30.2,-1,1000,1366200,"B"
"KDH","14:24:43",30.2,-1,1000,1365200,"B"
"KDH","14:24:39",30.2,-1,100,1364200,"B"
"KDH","14:24:37",30.25,-0.95,600,1364100,"S"
"KDH","14:24:36",30.15,-1.05,1000,1363500,"B"
"KDH","14:24:36",30.2,-1,600,1362500,"B"
"KDH","14:24:27",30.15,-1.05,2200,1361900,"B"
"KDH","14:24:24",30.15,-1.05,1800,1359700,"B"
"KDH","14:24:24",30.2,-1,200,1357900,"B"
"KDH","14:24:08",30.15,-1.05,2400,1357700,"B"
"KDH","14:24:08",30.2,-1,600,1355300,"B"
"KDH","14:24:04",30.25,-0.95,300,1354700,"S"
"KDH","14:23:55",30.2,-1,3000,1354400,"B"
"KDH","14:23:45",30.2,-1,400,1351400,"B"
"KDH","14:23:40",30.2,-1,100,1351000,"B"
"KDH","14:23:40",30.25,-0.95,900,1350900,"B"
"KDH","14:23:35",30.25,-0.95,900,1350000,"B"
"KDH","14:23:32",30.25,-0.95,200,1349100,"B"
"KDH","14:23:21",30.2,-1,5000,1348900,"B"
"KDH","14:23:17",30.2,-1,1000,1343900,"S"
"KDH","14:23:16",30.2,-1,100,1342900,"S"
"KDH","14:23:15",30.15,-1.05,600,1342800,"B"
"KDH","14:23:15",30.2,-1,100,1342200,"S"
"KDH","14:23:15",30.15,-1.05,2000,1342100,"B"
"KDH","14:23:11",30.15,-1.05,1000,1335100,"B"
"KDH","14:23:11",30.2,-1,15000,1334100,"S"
"KDH","14:23:09",30.2,-1,2000,1319100,"S"
"KDH","14:23:07",30.2,-1,200,1317100,"S"
"KDH","14:23:01",30.2,-1,1000,1316900,"S"
"KDH","14:22:53",30.15,-1.05,900,1315900,"B"
"KDH","14:22:47",30.2,-1,500,1315000,"S"
"KDH","14:22:46",30.2,-1,300,1314500,"S"
"KDH","14:22:43",30.15,-1.05,1500,1314200,"B"
"KDH","14:22:38",30.2,-1,1000,1312700,"S"
"KDH","14:22:36",30.2,-1,5000,1311700,"S"
"KDH","14:22:30",30.15,-1.05,800,1306700,"S"
"KDH","14:22:23",30.15,-1.05,100,1305900,"S"
"KDH","14:22:22",30.15,-1.05,1000,1305800,"S"
"KDH","14:22:17",30.15,-1.05,100,1304800,"S"
"KDH","14:22:11",30.1,-1.1,700,1304700,"B"
"KDH","14:22:11",30.15,-1.05,200,1304000,"B"
"KDH","14:22:02",30.2,-1,100,1303800,"S"
"KDH","14:21:50",30.1,-1.1,2900,1303700,"S"
"KDH","14:21:43",30.1,-1.1,200,1300800,"B"
"KDH","14:21:40",30.05,-1.15,200,1300600,"B"
"KDH","14:21:40",30.1,-1.1,2800,1300400,"B"
"KDH","14:21:39",30.1,-1.1,2000,1297600,"B"
"KDH","14:21:36",30.1,-1.1,400,1295600,"B"
"KDH","14:21:29",30.05,-1.15,1000,1295200,"B"
"KDH","14:21:27",30.05,-1.15,1000,1294200,"B"
"KDH","14:21:26",30.05,-1.15,2000,1293200,"B"
"KDH","14:21:26",30.2,-1,1500,1291200,"S"
"KDH","14:21:26",30.1,-1.1,3500,1289700,"S"
"KDH","14:21:23",30.1,-1.1,300,1286200,"S"
"KDH","14:21:22",30.05,-1.15,600,1285900,"B"
"KDH","14:21:19",30.05,-1.15,500,1285300,"B"
"KDH","14:21:15",30.05,-1.15,800,1284800,"B"
"KDH","14:21:13",30.2,-1,100,1284000,"S"
"KDH","14:21:12",30.05,-1.15,3000,1283900,"B"
"KDH","14:21:12",30.05,-1.15,600,1280900,"B"
"KDH","14:21:12",30.1,-1.1,6400,1280300,"B"
"KDH","14:21:10",30.2,-1,1600,1273900,"S"
"KDH","14:21:09",30.1,-1.1,200,1272300,"B"
"KDH","14:21:07",30.1,-1.1,3000,1272100,"B"
"KDH","14:21:06",30.1,-1.1,300,1269100,"B"
"KDH","14:21:01",30.1,-1.1,100,1268800,"B"
"KDH","14:21:01",30.15,-1.05,200,1268700,"B"
"KDH","14:20:59",30.2,-1,500,1268500,"S"
"KDH","14:20:56",30.1,-1.1,600,1268000,"B"
"KDH","14:20:54",30.1,-1.1,500,1267400,"B"
"KDH","14:20:54",30.15,-1.05,1000,1266900,"B"
"KDH","14:20:52",30.2,-1,100,1265900,"S"
"KDH","14:20:50",30.2,-1,1000,1265800,"S"
"KDH","14:20:48",30.2,-1,600,1264800,"S"
"KDH","14:20:47",30.15,-1.05,1000,1264200,"B"
"KDH","14:20:43",30.2,-1,12300,1263200,"B"
"KDH","14:20:42",30.2,-1,500,1250900,"B"
"KDH","14:20:42",30.25,-0.95,3000,1250400,"B"
"KDH","14:20:40",30.3,-0.9,100,1247400,"S"
"KDH","14:20:39",30.3,-0.9,900,1247300,"B"
"KDH","14:20:37",30.35,-0.85,100,1246400,"S"
"KDH","14:20:37",30.3,-0.9,800,1246300,"B"
"KDH","14:20:36",30.3,-0.9,3000,1245500,"B"
"KDH","14:20:34",30.3,-0.9,3600,1242500,"B"
"KDH","14:20:33",30.35,-0.85,200,1238900,"S"
"KDH","14:20:27",30.3,-0.9,400,1238700,"B"
"KDH","14:20:27",30.35,-0.85,1600,1238300,"B"
"KDH","14:20:24",30.35,-0.85,400,1236700,"B"
"KDH","14:20:22",30.35,-0.85,1500,1236300,"B"
"KDH","14:20:22",30.4,-0.8,500,1234800,"B"
"KDH","14:20:13",30.3,-0.9,4800,1234300,"B"
"KDH","14:20:13",30.35,-0.85,100,1229500,"B"
"KDH","14:20:13",30.4,-0.8,100,1229400,"B"
"KDH","14:20:05",30.45,-0.75,800,1229300,"B"
"KDH","14:20:03",30.5,-0.7,200,1228500,"S"
"KDH","14:20:02",30.45,-0.75,300,1228300,"S"
"KDH","14:20:01",30.3,-0.9,4800,1228000,"B"
"KDH","14:20:01",30.35,-0.85,2400,1223200,"B"
"KDH","14:20:01",30.4,-0.8,5500,1220800,"B"
"KDH","14:20:01",30.4,-0.8,4700,1215300,"B"
"KDH","14:20:01",30.45,-0.75,100,1210600,"B"
"KDH","14:20:00",30.45,-0.75,6000,1210500,"B"
"KDH","14:20:00",30.45,-0.75,600,1204500,"B"
"KDH","14:19:58",30.45,-0.75,500,1203900,"B"
"KDH","14:19:57",30.45,-0.75,400,1203400,"B"
"KDH","14:19:57",30.5,-0.7,300,1203000,"S"
"KDH","14:19:55",30.45,-0.75,100,1202700,"B"
"KDH","14:19:54",30.45,-0.75,1600,1202600,"B"
"KDH","14:19:54",30.5,-0.7,400,1201000,"B"
"KDH","14:19:53",30.5,-0.7,900,1200600,"B"
"KDH","14:19:51",30.5,-0.7,3300,1199700,"B"
"KDH","14:19:51",30.5,-0.7,500,1196400,"B"
"KDH","14:19:49",30.5,-0.7,1600,1195900,"B"
"KDH","14:19:46",30.5,-0.7,3500,1194300,"B"
"KDH","14:19:44",30.5,-0.7,5000,1190800,"B"
"KDH","14:19:43",30.5,-0.7,6100,1185800,"B"
"KDH","14:19:42",30.5,-0.7,8600,1179700,"B"
"KDH","14:19:33",30.5,-0.7,5000,1171100,"B"
"KDH","14:19:32",30.55,-0.65,1000,1166100,"S"
"KDH","14:19:31",30.5,-0.7,13200,1165100,"B"
"KDH","14:19:25",30.5,-0.7,400,1151900,"B"
"KDH","14:19:23",30.55,-0.65,1000,1151500,"S"
"KDH","14:19:23",30.5,-0.7,800,1150500,"B"
"KDH","14:19:19",30.5,-0.7,900,1149700,"B"
"KDH","14:19:15",30.5,-0.7,1000,1148800,"B"
"KDH","14:19:11",30.5,-0.7,600,1147800,"B"
"KDH","14:19:08",30.5,-0.7,11600,1147200,"B"
"KDH","14:19:01",30.5,-0.7,100,1135600,"B"
"KDH","14:19:00",30.5,-0.7,700,1135500,"B"
"KDH","14:18:56",30.5,-0.7,5000,1134800,"B"
"KDH","14:18:51",30.55,-0.65,200,1129800,"S"
"KDH","14:18:49",30.5,-0.7,5000,1129600,"B"
"KDH","14:18:44",30.6,-0.6,2000,1124600,"S"
"KDH","14:18:44",30.5,-0.7,25100,1122600,"B"
"KDH","14:18:44",30.55,-0.65,4900,1097500,"B"
"KDH","14:18:40",30.6,-0.6,100,1092600,"S"
"KDH","14:18:15",30.55,-0.65,800,1092500,"B"
"KDH","14:18:13",30.55,-0.65,300,1091700,"B"
"KDH","14:18:10",30.55,-0.65,2000,1091400,"B"
"KDH","14:17:57",30.6,-0.6,500,1089400,"B"
"KDH","14:17:52",30.6,-0.6,1100,1088900,"B"
"KDH","14:17:20",30.6,-0.6,400,1087800,"B"
"KDH","14:17:06",30.55,-0.65,900,1087400,"B"
"KDH","14:17:05",30.55,-0.65,1100,1086500,"B"
"KDH","14:17:05",30.6,-0.6,100,1085400,"B"
"KDH","14:16:58",30.55,-0.65,6000,1085300,"B"
"KDH","14:16:49",30.55,-0.65,1900,1079300,"B"
"KDH","14:16:22",30.55,-0.65,300,1077400,"B"
"KDH","14:16:22",30.6,-0.6,600,1077100,"B"
"KDH","14:16:17",30.6,-0.6,2000,1076500,"B"
"KDH","14:16:06",30.6,-0.6,1000,1074500,"B"
"KDH","14:16:00",30.6,-0.6,1000,1073500,"B"
"KDH","14:15:52",30.6,-0.6,1800,1072500,"B"
"KDH","14:15:45",30.6,-0.6,100,1070700,"B"
"KDH","14:15:40",30.6,-0.6,900,1070600,"B"
"KDH","14:15:27",30.6,-0.6,19600,1069700,"B"
"KDH","14:15:27",30.65,-0.55,10400,1050100,"B"
"KDH","14:14:58",30.65,-0.55,1000,1039700,"B"
"KDH","14:14:15",30.65,-0.55,900,1038700,"B"
"KDH","14:14:04",30.65,-0.55,1600,1037800,"B"
"KDH","14:13:57",30.7,-0.5,400,1036200,"B"
"KDH","14:13:53",30.7,-0.5,1000,1035800,"B"
"KDH","14:13:46",30.7,-0.5,600,1034800,"S"
"KDH","14:13:38",30.7,-0.5,100,1034200,"S"
"KDH","14:13:32",30.7,-0.5,600,1034100,"S"
"KDH","14:13:00",30.7,-0.5,500,1033500,"S"
"KDH","14:12:46",30.65,-0.55,2000,1033000,"B"
"KDH","14:12:43",30.65,-0.55,900,1031000,"B"
"KDH","14:12:23",30.65,-0.55,4200,1030100,"B"
"KDH","14:12:14",30.7,-0.5,100,1025900,"B"
"KDH","14:11:59",30.7,-0.5,900,1025800,"B"
"KDH","14:11:18",30.65,-0.55,1000,1024900,"B"
"KDH","14:10:59",30.65,-0.55,900,1023900,"B"
"KDH","14:10:34",30.65,-0.55,900,1023000,"B"
"KDH","14:10:25",30.65,-0.55,900,1022100,"B"
"KDH","14:09:52",30.65,-0.55,800,1021200,"B"
"KDH","14:09:52",30.7,-0.5,100,1020400,"B"
"KDH","14:09:50",30.7,-0.5,900,1020300,"B"
"KDH","14:09:28",30.65,-0.55,2100,1019400,"S"
"KDH","14:09:18",30.6,-0.6,900,1017300,"B"
"KDH","14:09:10",30.65,-0.55,3200,1016400,"B"
"KDH","14:09:08",30.65,-0.55,1000,1013200,"B"
"KDH","14:08:44",30.65,-0.55,900,1012200,"B"
"KDH","14:08:35",30.8,-0.4,1000,1011300,"S"
"KDH","14:08:15",30.8,-0.4,2200,1010300,"S"
"KDH","14:08:11",30.65,-0.55,900,1008100,"B"
"KDH","14:07:44",30.6,-0.6,900,1007200,"B"
"KDH","14:07:37",30.6,-0.6,900,1006300,"B"
"KDH","14:07:28",30.8,-0.4,2200,1005400,"S"
"KDH","14:07:03",30.6,-0.6,1300,1003200,"B"
"KDH","14:07:03",30.65,-0.55,500,1001900,"B"
"KDH","14:07:01",30.8,-0.4,2200,1001400,"S"
"KDH","14:06:49",30.65,-0.55,1500,999200,"S"
"KDH","14:06:48",30.6,-0.6,6100,997700,"B"
"KDH","14:06:43",30.65,-0.55,300,991600,"S"
"KDH","14:06:31",30.65,-0.55,400,991300,"B"
"KDH","14:06:31",30.8,-0.4,2200,990900,"S"
"KDH","14:06:29",30.65,-0.55,800,988700,"B"
"KDH","14:06:18",30.8,-0.4,700,987900,"S"
"KDH","14:06:18",30.7,-0.5,1500,987200,"S"
"KDH","14:05:56",30.6,-0.6,800,985700,"B"
"KDH","14:05:49",30.8,-0.4,2200,984900,"S"
"KDH","14:05:33",30.6,-0.6,100,982700,"B"
"KDH","14:05:21",30.6,-0.6,800,982600,"B"
"KDH","14:05:19",30.8,-0.4,500,981800,"S"
"KDH","14:05:19",30.75,-0.45,1700,981300,"S"
"KDH","14:04:50",30.6,-0.6,800,979600,"B"
"KDH","14:04:50",30.65,-0.55,100,978800,"B"
"KDH","14:04:47",30.6,-0.6,900,978700,"B"
"KDH","14:04:09",30.6,-0.6,800,977800,"B"
"KDH","14:04:06",30.6,-0.6,300,977000,"B"
"KDH","14:04:06",30.65,-0.55,400,976700,"B"
"KDH","14:03:40",30.65,-0.55,800,976300,"S"
"KDH","14:03:35",30.6,-0.6,900,975500,"B"
"KDH","14:03:35",30.65,-0.55,1000,974600,"S"
"KDH","14:03:34",30.65,-0.55,1000,973600,"S"
"KDH","14:03:26",30.65,-0.55,700,972600,"B"
"KDH","14:03:22",30.65,-0.55,800,971900,"B"
"KDH","14:03:13",30.75,-0.45,2200,971100,"S"
"KDH","14:02:55",30.75,-0.45,500,968900,"S"
"KDH","14:02:55",30.65,-0.55,1700,968400,"S"
"KDH","14:02:49",30.65,-0.55,800,966700,"B"
"KDH","14:02:36",30.75,-0.45,1500,965900,"S"
"KDH","14:02:36",30.7,-0.5,700,964400,"S"
"KDH","14:02:32",30.65,-0.55,200,963700,"B"
"KDH","14:02:19",30.6,-0.6,100,963500,"B"
"KDH","14:02:15",30.6,-0.6,800,963400,"B"
"KDH","14:02:12",30.7,-0.5,2200,962600,"S"
"KDH","14:01:58",30.6,-0.6,900,960400,"B"
"KDH","14:01:40",30.6,-0.6,800,959500,"B"
"KDH","14:01:07",30.6,-0.6,800,958700,"B"
"KDH","14:00:59",30.65,-0.55,500,957900,"S"
"KDH","14:00:58",30.65,-0.55,1000,957400,"S"
"KDH","14:00:47",30.6,-0.6,1000,956400,"B"
"KDH","14:00:33",30.6,-0.6,800,955400,"B"
"KDH","14:00:30",30.6,-0.6,900,954600,"B"
"KDH","14:00:00",30.6,-0.6,800,953700,"B"
"KDH","13:59:48",30.6,-0.6,100,952900,"B"
"KDH","13:59:48",30.65,-0.55,900,952800,"B"
"KDH","13:59:29",30.65,-0.55,3100,951900,"B"
"KDH","13:59:27",30.65,-0.55,800,948800,"B"
"KDH","13:59:04",30.65,-0.55,1100,948000,"B"
"KDH","13:58:54",30.65,-0.55,700,946900,"B"
"KDH","13:58:24",30.65,-0.55,1000,946200,"B"
"KDH","13:58:20",30.65,-0.55,700,945200,"B"
"KDH","13:58:11",30.65,-0.55,1000,944500,"B"
"KDH","13:57:46",30.65,-0.55,700,943500,"B"
"KDH","13:57:29",30.65,-0.55,900,942800,"B"
"KDH","13:57:22",30.65,-0.55,700,941900,"B"
"KDH","13:57:12",30.65,-0.55,700,941200,"B"
"KDH","13:56:52",30.65,-0.55,400,940500,"B"
"KDH","13:56:46",30.65,-0.55,900,940100,"B"
"KDH","13:56:38",30.65,-0.55,700,939200,"B"
"KDH","13:56:05",30.65,-0.55,700,938500,"B"
"KDH","13:56:04",30.65,-0.55,900,937800,"B"
"KDH","13:55:31",30.65,-0.55,800,936900,"B"
"KDH","13:55:20",30.65,-0.55,1100,936100,"B"
"KDH","13:54:53",30.65,-0.55,700,935000,"B"
"KDH","13:54:34",30.65,-0.55,1100,934300,"B"
"KDH","13:54:19",30.65,-0.55,700,933200,"B"
"KDH","13:53:45",30.65,-0.55,700,932500,"B"
"KDH","13:53:41",30.65,-0.55,900,931800,"B"
"KDH","13:53:12",30.65,-0.55,700,930900,"B"
"KDH","13:53:01",30.7,-0.5,200,930200,"S"
"KDH","13:52:58",30.65,-0.55,1000,930000,"B"
"KDH","13:52:37",30.65,-0.55,700,929000,"B"
"KDH","13:52:14",30.65,-0.55,100,928300,"B"
"KDH","13:52:14",30.7,-0.5,900,928200,"B"
"KDH","13:52:04",30.7,-0.5,800,927300,"B"
"KDH","13:51:42",30.7,-0.5,300,926500,"B"
"KDH","13:51:29",30.7,-0.5,900,926200,"B"
"KDH","13:51:26",30.7,-0.5,800,925300,"B"
"KDH","13:51:23",30.7,-0.5,1000,924500,"B"
"KDH","13:51:19",30.7,-0.5,500,923500,"B"
"KDH","13:51:11",30.7,-0.5,800,923000,"B"
"KDH","13:50:46",30.65,-0.55,100,922200,"B"
"KDH","13:50:37",30.65,-0.55,2000,922100,"B"
"KDH","13:50:31",30.65,-0.55,600,920100,"B"
"KDH","13:50:01",30.65,-0.55,900,919500,"B"
"KDH","13:49:58",30.65,-0.55,600,918600,"B"
"KDH","13:49:55",30.65,-0.55,200,918000,"B"
"KDH","13:49:24",30.65,-0.55,600,917800,"B"
"KDH","13:49:19",30.65,-0.55,900,917200,"B"
"KDH","13:49:10",30.7,-0.5,800,916300,"B"
"KDH","13:48:50",30.7,-0.5,600,915500,"B"
"KDH","13:48:37",30.7,-0.5,1200,914900,"B"
"KDH","13:48:18",30.7,-0.5,600,913700,"B"
"KDH","13:47:45",30.7,-0.5,1600,913100,"B"
"KDH","13:47:28",30.7,-0.5,2600,911500,"S"
"KDH","13:47:16",30.7,-0.5,400,908900,"B"
"KDH","13:47:11",30.7,-0.5,600,908500,"B"
"KDH","13:47:04",30.8,-0.4,1000,907900,"S"
"KDH","13:47:03",30.8,-0.4,200,906900,"S"
"KDH","13:47:03",30.7,-0.5,300,906700,"S"
"KDH","13:46:55",30.65,-0.55,300,906400,"B"
"KDH","13:46:39",30.7,-0.5,200,905500,"B"
"KDH","13:46:38",30.7,-0.5,600,905300,"B"
"KDH","13:46:17",30.7,-0.5,2000,904700,"B"
"KDH","13:46:14",30.7,-0.5,1000,902700,"B"
"KDH","13:46:04",30.7,-0.5,600,901700,"B"
"KDH","13:45:31",30.65,-0.55,600,901100,"B"
"KDH","13:45:28",30.65,-0.55,1000,900500,"B"
"KDH","13:44:57",30.65,-0.55,100,899500,"B"
"KDH","13:44:57",30.7,-0.5,500,899400,"B"
"KDH","13:44:45",30.7,-0.5,1000,898900,"B"
"KDH","13:44:23",30.7,-0.5,600,897900,"B"
"KDH","13:43:57",30.65,-0.55,800,897300,"B"
"KDH","13:43:55",30.7,-0.5,900,896400,"S"
"KDH","13:43:49",30.65,-0.55,600,895500,"B"
"KDH","13:43:36",30.7,-0.5,100,894900,"S"
"KDH","13:43:16",30.65,-0.55,600,894800,"B"
"KDH","13:43:15",30.65,-0.55,1000,894200,"B"
"KDH","13:42:43",30.65,-0.55,600,893200,"B"
"KDH","13:42:10",30.65,-0.55,700,892600,"B"
"KDH","13:41:46",30.65,-0.55,1000,891900,"B"
"KDH","13:41:40",30.65,-0.55,100,890900,"B"
"KDH","13:41:32",30.65,-0.55,600,890800,"B"
"KDH","13:41:28",30.6,-0.6,500,890200,"B"
"KDH","13:41:04",30.6,-0.6,900,889700,"B"
"KDH","13:40:58",30.6,-0.6,600,888800,"B"
"KDH","13:40:49",30.6,-0.6,23700,888200,"B"
"KDH","13:40:49",30.65,-0.55,6300,864500,"B"
"KDH","13:40:25",30.65,-0.55,600,858200,"B"
"KDH","13:40:23",30.65,-0.55,900,857600,"B"
"KDH","13:39:51",30.65,-0.55,600,856700,"B"
"KDH","13:39:41",30.65,-0.55,900,856100,"B"
"KDH","13:39:36",30.65,-0.55,600,855200,"B"
"KDH","13:39:16",30.65,-0.55,500,854600,"B"
"KDH","13:39:16",30.7,-0.5,100,854100,"B"
"KDH","13:38:58",30.65,-0.55,1000,854000,"B"
"KDH","13:38:43",30.65,-0.55,600,853000,"B"
"KDH","13:38:14",30.65,-0.55,1000,852400,"B"
"KDH","13:38:09",30.65,-0.55,600,851400,"B"
"KDH","13:37:36",30.65,-0.55,600,850800,"B"
"KDH","13:37:27",30.65,-0.55,1000,850200,"B"
"KDH","13:37:02",30.65,-0.55,600,849200,"B"
"KDH","13:36:38",30.65,-0.55,1000,848600,"B"
"KDH","13:36:29",30.65,-0.55,600,847600,"B"
"KDH","13:36:10",30.65,-0.55,500,847000,"B"
"KDH","13:36:05",30.8,-0.4,1100,846500,"S"
"KDH","13:35:56",30.65,-0.55,900,845400,"B"
"KDH","13:35:55",30.65,-0.55,500,844500,"B"
"KDH","13:35:55",30.75,-0.45,100,844000,"B"
"KDH","13:35:23",30.65,-0.55,600,843900,"B"
"KDH","13:35:14",30.65,-0.55,900,843300,"B"
"KDH","13:34:49",30.65,-0.55,600,842400,"B"
"KDH","13:34:41",30.65,-0.55,1000,841800,"S"
"KDH","13:34:30",30.65,-0.55,100,840800,"S"
"KDH","13:34:25",30.65,-0.55,1000,840700,"S"
"KDH","13:34:25",30.65,-0.55,1000,839700,"S"
"KDH","13:34:20",30.65,-0.55,1000,838700,"S"
"KDH","13:34:18",30.65,-0.55,1000,837700,"S"
"KDH","13:34:16",30.6,-0.6,600,836700,"B"
"KDH","13:34:12",30.65,-0.55,15700,836100,"B"
"KDH","13:34:12",30.7,-0.5,200,820400,"B"
"KDH","13:33:47",30.65,-0.55,900,820200,"B"
"KDH","13:33:43",30.65,-0.55,100,819300,"B"
"KDH","13:33:43",30.7,-0.5,500,819200,"B"
"KDH","13:33:40",30.8,-0.4,100,818700,"S"
"KDH","13:33:10",30.65,-0.55,600,818600,"B"
"KDH","13:33:04",30.65,-0.55,900,818000,"B"
"KDH","13:32:36",30.65,-0.55,600,817100,"B"
"KDH","13:32:21",30.65,-0.55,800,816500,"B"
"KDH","13:32:21",30.7,-0.5,100,815700,"B"
"KDH","13:32:03",30.65,-0.55,600,815600,"B"
"KDH","13:32:00",30.8,-0.4,1400,815000,"S"
"KDH","13:31:59",30.65,-0.55,100,813600,"B"
"KDH","13:31:40",30.65,-0.55,1000,813500,"B"
"KDH","13:31:30",30.65,-0.55,600,812500,"B"
"KDH","13:30:55",30.65,-0.55,1500,811900,"B"
"KDH","13:30:21",30.65,-0.55,200,810400,"B"
"KDH","13:30:21",30.7,-0.5,400,810200,"B"
"KDH","13:30:18",30.7,-0.5,1000,809800,"B"
"KDH","13:30:13",30.7,-0.5,900,808800,"B"
"KDH","13:29:48",30.7,-0.5,600,807900,"B"
"KDH","13:29:31",30.7,-0.5,1000,807300,"B"
"KDH","13:29:15",30.7,-0.5,600,806300,"B"
"KDH","13:29:10",30.7,-0.5,900,805700,"S"
"KDH","13:28:49",30.65,-0.55,1000,804800,"B"
"KDH","13:28:46",30.7,-0.5,100,803800,"B"
"KDH","13:28:45",30.7,-0.5,3000,803700,"B"
"KDH","13:28:42",30.7,-0.5,600,800700,"B"
"KDH","13:28:09",30.7,-0.5,700,800100,"B"
"KDH","13:28:02",30.7,-0.5,1000,799400,"B"
"KDH","13:27:54",30.7,-0.5,600,798400,"B"
"KDH","13:27:37",30.8,-0.4,100,797800,"S"
"KDH","13:27:22",30.8,-0.4,200,797700,"S"
"KDH","13:27:21",30.7,-0.5,600,797500,"B"
"KDH","13:27:19",30.7,-0.5,1000,796900,"B"
"KDH","13:26:48",30.7,-0.5,600,795900,"B"
"KDH","13:26:32",30.7,-0.5,1000,795300,"B"
"KDH","13:26:15",30.7,-0.5,8400,794300,"B"
"KDH","13:26:14",30.7,-0.5,600,785900,"B"
"KDH","13:25:46",30.7,-0.5,900,785300,"B"
"KDH","13:25:41",30.7,-0.5,600,784400,"B"
"KDH","13:25:17",30.7,-0.5,400,783800,"B"
"KDH","13:25:08",30.7,-0.5,600,783400,"B"
"KDH","13:25:03",30.7,-0.5,1000,782800,"B"
"KDH","13:24:35",30.7,-0.5,600,781800,"B"
"KDH","13:24:18",30.7,-0.5,900,781200,"B"
"KDH","13:24:05",30.7,-0.5,500,780300,"B"
"KDH","13:24:02",30.7,-0.5,600,779800,"B"
"KDH","13:23:34",30.7,-0.5,700,779200,"B"
"KDH","13:23:34",30.75,-0.45,200,778500,"B"
"KDH","13:23:29",30.75,-0.45,600,778300,"B"
"KDH","13:23:11",30.75,-0.45,1000,777700,"B"
"KDH","13:23:04",30.75,-0.45,1000,776700,"B"
"KDH","13:22:55",30.75,-0.45,600,775700,"B"
"KDH","13:22:52",30.75,-0.45,1000,775100,"B"
"KDH","13:22:22",30.75,-0.45,600,774100,"B"
"KDH","13:22:08",30.75,-0.45,1100,773500,"B"
"KDH","13:21:48",30.75,-0.45,600,772400,"B"
"KDH","13:21:24",30.75,-0.45,1000,771800,"B"
"KDH","13:21:16",30.75,-0.45,900,770800,"B"
"KDH","13:21:15",30.75,-0.45,600,769900,"B"
"KDH","13:20:42",30.75,-0.45,600,769300,"B"
"KDH","13:20:34",30.75,-0.45,1000,768700,"B"
"KDH","13:20:09",30.75,-0.45,600,767700,"B"
"KDH","13:19:50",30.75,-0.45,900,767100,"B"
"KDH","13:19:36",30.75,-0.45,500,766200,"B"
"KDH","13:19:08",30.75,-0.45,900,765700,"B"
"KDH","13:19:03",30.75,-0.45,500,764800,"B"
"KDH","13:18:47",30.8,-0.4,1100,764300,"S"
"KDH","13:18:31",30.75,-0.45,500,763200,"B"
"KDH","13:18:25",30.75,-0.45,900,762700,"B"
"KDH","13:17:57",30.75,-0.45,500,761800,"B"
"KDH","13:17:27",30.8,-0.4,2000,761300,"S"
"KDH","13:17:24",30.75,-0.45,500,759300,"B"
"KDH","13:16:52",30.8,-0.4,400,758800,"B"
"KDH","13:16:50",30.8,-0.4,500,758400,"B"
"KDH","13:16:17",30.8,-0.4,1100,757900,"S"
"KDH","13:16:16",30.75,-0.45,1600,756800,"B"
"KDH","13:15:42",30.75,-0.45,500,755200,"B"
"KDH","13:15:30",30.8,-0.4,500,754700,"S"
"KDH","13:15:09",30.75,-0.45,500,754200,"B"
"KDH","13:15:05",30.8,-0.4,500,753700,"B"
"KDH","13:14:44",30.75,-0.45,900,753200,"B"
"KDH","13:14:36",30.8,-0.4,500,752300,"B"
"KDH","13:14:28",30.8,-0.4,1000,751800,"B"
"KDH","13:14:22",30.8,-0.4,2000,750800,"B"
"KDH","13:14:04",30.8,-0.4,500,748800,"B"
"KDH","13:14:02",30.8,-0.4,1000,748300,"B"
"KDH","13:13:30",30.8,-0.4,500,747300,"B"
"KDH","13:13:20",30.75,-0.45,700,746800,"B"
"KDH","13:13:20",30.8,-0.4,200,746100,"B"
"KDH","13:13:07",30.8,-0.4,9800,745900,"S"
"KDH","13:12:58",30.75,-0.45,500,736100,"B"
"KDH","13:12:36",30.75,-0.45,900,735600,"B"
"KDH","13:12:25",30.7,-0.5,100,734700,"B"
"KDH","13:12:25",30.75,-0.45,400,734600,"B"
"KDH","13:12:07",30.75,-0.45,600,734200,"S"
"KDH","13:11:55",30.7,-0.5,900,733600,"B"
"KDH","13:11:51",30.7,-0.5,500,732700,"B"
"KDH","13:11:31",30.75,-0.45,300,732200,"S"
"KDH","13:11:18",30.7,-0.5,500,731900,"B"
"KDH","13:11:14",30.7,-0.5,900,731400,"B"
"KDH","13:11:08",30.75,-0.45,1000,730500,"S"
"KDH","13:11:06",30.7,-0.5,1000,729500,"B"
"KDH","13:10:45",30.7,-0.5,500,728500,"B"
"KDH","13:10:30",30.7,-0.5,1000,728000,"B"
"KDH","13:10:13",30.7,-0.5,500,727000,"B"
"KDH","13:09:50",30.7,-0.5,800,726500,"B"
"KDH","13:09:50",30.75,-0.45,100,725700,"B"
"KDH","13:09:40",30.75,-0.45,500,725600,"B"
"KDH","13:09:08",30.75,-0.45,900,725100,"B"
"KDH","13:09:06",30.75,-0.45,500,724200,"B"
"KDH","13:08:33",30.7,-0.5,500,723700,"B"
"KDH","13:08:33",30.8,-0.4,200,723200,"S"
"KDH","13:08:27",30.7,-0.5,300,723000,"B"
"KDH","13:08:27",30.75,-0.45,700,722700,"B"
"KDH","13:08:21",30.8,-0.4,800,722000,"S"
"KDH","13:08:00",30.75,-0.45,500,721200,"B"
"KDH","13:07:54",30.8,-0.4,200,720700,"S"
"KDH","13:07:44",30.75,-0.45,900,720500,"B"
"KDH","13:07:26",30.75,-0.45,500,719600,"B"
"KDH","13:07:01",30.75,-0.45,900,719100,"B"
"KDH","13:06:54",30.75,-0.45,500,718200,"B"
"KDH","13:06:20",30.75,-0.45,500,717700,"B"
"KDH","13:06:19",30.75,-0.45,900,717200,"B"
"KDH","13:05:48",30.75,-0.45,600,716300,"B"
"KDH","13:05:37",30.75,-0.45,900,715700,"B"
"KDH","13:05:34",30.75,-0.45,600,714800,"B"
"KDH","13:05:09",30.75,-0.45,500,714200,"B"
"KDH","13:05:09",30.8,-0.4,100,713700,"B"
"KDH","13:04:59",30.8,-0.4,900,713600,"S"
"KDH","13:04:55",30.75,-0.45,900,712700,"B"
"KDH","13:04:54",30.75,-0.45,600,711800,"B"
"KDH","13:04:39",30.75,-0.45,600,711200,"B"
"KDH","13:04:14",30.75,-0.45,500,710600,"B"
"KDH","13:04:13",30.75,-0.45,1000,710100,"B"
"KDH","13:04:03",30.75,-0.45,500,709100,"B"
"KDH","13:03:31",30.75,-0.45,900,708600,"B"
"KDH","13:03:30",30.75,-0.45,500,707700,"B"
"KDH","13:02:58",30.75,-0.45,500,707200,"B"
"KDH","13:02:48",30.75,-0.45,900,706700,"B"
"KDH","13:02:22",30.75,-0.45,500,705800,"B"
"KDH","13:02:04",30.75,-0.45,700,705300,"B"
"KDH","13:02:04",30.8,-0.4,500,704600,"B"
"KDH","13:01:50",30.8,-0.4,500,704100,"B"
"KDH","13:01:17",30.8,-0.4,600,703600,"B"
"KDH","13:01:12",30.8,-0.4,900,703000,"B"
"KDH","13:00:30",30.8,-0.4,1200,702100,"B"
"KDH","13:00:07",30.9,-0.3,100,700900,"S"
"KDH","13:00:01",30.9,-0.3,100,700800,"S"
"KDH","11:29:45",30.9,-0.3,500,700700,"S"
"KDH","11:29:34",30.75,-0.45,1000,700200,"B"
"KDH","11:29:29",30.75,-0.45,500,699200,"B"
"KDH","11:29:07",30.75,-0.45,3700,698700,"B"
"KDH","11:28:50",30.75,-0.45,900,695000,"B"
"KDH","11:28:31",30.75,-0.45,1200,694100,"B"
"KDH","11:28:09",30.75,-0.45,900,692900,"B"
"KDH","11:27:58",30.75,-0.45,700,692000,"B"
"KDH","11:27:58",30.8,-0.4,500,691300,"B"
"KDH","11:27:24",30.75,-0.45,500,690800,"B"
"KDH","11:27:24",30.8,-0.4,700,690300,"B"
"KDH","11:26:56",30.8,-0.4,1200,689600,"S"
"KDH","11:26:51",30.75,-0.45,1200,688400,"B"
"KDH","11:26:43",30.75,-0.45,1000,687200,"B"
"KDH","11:26:41",30.8,-0.4,1700,686200,"B"
"KDH","11:26:18",30.8,-0.4,1200,684500,"B"
"KDH","11:25:58",30.8,-0.4,600,683300,"S"
"KDH","11:25:46",30.75,-0.45,1200,682700,"B"
"KDH","11:25:45",30.8,-0.4,100,681500,"S"
"KDH","11:25:36",30.8,-0.4,3000,681400,"S"
"KDH","11:25:33",30.8,-0.4,100,678400,"S"
"KDH","11:25:18",30.8,-0.4,100,678300,"S"
"KDH","11:25:12",30.75,-0.45,1200,678200,"B"
"KDH","11:24:54",30.75,-0.45,1100,677000,"S"
"KDH","11:24:53",30.75,-0.45,1000,675900,"S"
"KDH","11:24:38",30.7,-0.5,1100,674900,"B"
"KDH","11:24:37",30.75,-0.45,1900,673800,"B"
"KDH","11:24:36",30.75,-0.45,900,671900,"B"
"KDH","11:24:05",30.75,-0.45,1100,671000,"B"
"KDH","11:23:32",30.75,-0.45,1100,669900,"B"
"KDH","11:23:09",30.75,-0.45,900,668800,"B"
"KDH","11:22:59",30.75,-0.45,1000,667900,"B"
"KDH","11:22:56",30.8,-0.4,100,666900,"S"
"KDH","11:22:50",30.8,-0.4,500,666800,"S"
"KDH","11:22:49",30.8,-0.4,400,666300,"B"
"KDH","11:22:47",30.8,-0.4,1000,665900,"B"
"KDH","11:22:32",30.8,-0.4,600,664900,"B"
"KDH","11:22:26",30.75,-0.45,1000,664300,"B"
"KDH","11:22:25",30.75,-0.45,1000,663300,"B"
"KDH","11:22:01",30.75,-0.45,2000,662300,"B"
"KDH","11:21:53",30.75,-0.45,400,660300,"B"
"KDH","11:21:43",30.8,-0.4,900,659300,"B"
"KDH","11:21:32",30.95,-0.25,3800,658400,"S"
"KDH","11:21:32",30.9,-0.3,1000,654600,"S"
"KDH","11:21:32",30.85,-0.35,200,653600,"S"
"KDH","11:21:20",30.8,-0.4,1000,653400,"B"
"KDH","11:21:01",30.75,-0.45,1000,652400,"B"
"KDH","11:20:46",30.75,-0.45,1000,651400,"B"
"KDH","11:20:15",30.75,-0.45,900,650400,"B"
"KDH","11:20:13",30.75,-0.45,700,649500,"B"
"KDH","11:20:13",30.8,-0.4,300,648800,"B"
"KDH","11:19:40",30.75,-0.45,600,648500,"B"
"KDH","11:19:40",30.8,-0.4,500,647900,"B"
"KDH","11:19:32",30.75,-0.45,500,647400,"B"
"KDH","11:19:32",30.8,-0.4,400,646900,"B"
"KDH","11:19:30",30.85,-0.35,600,646500,"S"
"KDH","11:19:27",30.8,-0.4,100,645900,"B"
"KDH","11:19:23",30.85,-0.35,1000,645800,"S"
"KDH","11:19:02",30.75,-0.45,900,644800,"B"
"KDH","11:18:49",30.75,-0.45,1000,643900,"B"
"KDH","11:18:29",30.75,-0.45,900,642900,"B"
"KDH","11:18:05",30.75,-0.45,900,642000,"B"
"KDH","11:17:56",30.75,-0.45,900,641100,"B"
"KDH","11:17:24",30.75,-0.45,900,640200,"B"
"KDH","11:17:23",30.75,-0.45,600,639300,"B"
"KDH","11:17:23",30.8,-0.4,300,638700,"B"
"KDH","11:16:50",30.75,-0.45,900,638400,"B"
"KDH","11:16:23",30.85,-0.35,1100,637500,"B"
"KDH","11:16:18",30.85,-0.35,1900,636400,"S"
"KDH","11:16:17",30.75,-0.45,800,634500,"B"
"KDH","11:16:17",30.8,-0.4,100,633700,"B"
"KDH","11:15:59",30.8,-0.4,1000,633600,"B"
"KDH","11:15:44",30.8,-0.4,900,632600,"B"
"KDH","11:15:11",30.7,-0.5,600,631700,"B"
"KDH","11:15:11",30.75,-0.45,400,631100,"B"
"KDH","11:14:35",30.75,-0.45,300,630700,"B"
"KDH","11:14:35",30.8,-0.4,600,630400,"B"
"KDH","11:14:33",30.8,-0.4,4400,629800,"S"
"KDH","11:14:00",30.8,-0.4,100,625400,"S"
"KDH","11:13:59",30.75,-0.45,900,625300,"B"
"KDH","11:13:44",30.8,-0.4,1200,624400,"B"
"KDH","11:13:27",30.8,-0.4,900,623200,"B"
"KDH","11:13:11",30.8,-0.4,900,622300,"B"
"KDH","11:12:55",30.8,-0.4,900,621400,"B"
"KDH","11:12:28",30.8,-0.4,400,620500,"B"
"KDH","11:12:28",30.9,-0.3,500,620100,"B"
"KDH","11:12:21",30.8,-0.4,900,619600,"B"
"KDH","11:12:10",31,-0.2,200,618700,"S"
"KDH","11:12:10",30.95,-0.25,2900,618500,"S"
"KDH","11:12:10",30.85,-0.35,1900,615600,"S"
"KDH","11:11:55",30.8,-0.4,300,613700,"S"
"KDH","11:11:48",30.75,-0.45,900,613400,"B"
"KDH","11:11:46",30.75,-0.45,1000,612500,"B"
"KDH","11:11:31",30.8,-0.4,1000,611500,"S"
"KDH","11:11:22",30.8,-0.4,600,610500,"B"
"KDH","11:11:16",30.8,-0.4,900,609900,"B"
"KDH","11:11:04",30.8,-0.4,900,609000,"B"
"KDH","11:10:43",30.8,-0.4,900,608100,"B"
"KDH","11:10:15",30.8,-0.4,700,607200,"S"
"KDH","11:10:11",30.75,-0.45,800,606500,"B"
"KDH","11:10:03",30.8,-0.4,1000,605700,"S"
"KDH","11:09:57",30.75,-0.45,600,604700,"S"
"KDH","11:09:38",30.7,-0.5,1800,604100,"B"
"KDH","11:09:28",30.75,-0.45,200,602300,"S"
"KDH","11:09:06",30.7,-0.5,800,602100,"B"
"KDH","11:08:55",30.75,-0.45,1100,601300,"S"
"KDH","11:08:54",30.65,-0.55,100,600200,"B"
"KDH","11:08:54",30.7,-0.5,800,600100,"B"
"KDH","11:08:34",30.7,-0.5,800,599300,"B"
"KDH","11:08:12",30.7,-0.5,900,598500,"B"
"KDH","11:08:01",30.7,-0.5,800,597600,"B"
"KDH","11:07:29",30.7,-0.5,800,596800,"B"
"KDH","11:07:15",30.7,-0.5,1500,596000,"S"
"KDH","11:06:55",30.65,-0.55,800,594500,"B"
"KDH","11:06:49",30.7,-0.5,1400,593700,"B"
"KDH","11:06:47",30.7,-0.5,1000,592300,"B"
"KDH","11:06:28",30.7,-0.5,100,591300,"B"
"KDH","11:06:24",30.7,-0.5,800,591200,"B"
"KDH","11:05:59",30.7,-0.5,400,590400,"S"
"KDH","11:05:53",30.7,-0.5,1000,590000,"S"
"KDH","11:05:51",30.65,-0.55,800,589000,"B"
"KDH","11:05:36",30.65,-0.55,200,588200,"B"
"KDH","11:05:35",30.65,-0.55,1800,588000,"B"
"KDH","11:05:30",30.65,-0.55,2000,586200,"B"
"KDH","11:05:22",30.7,-0.5,1600,584200,"B"
"KDH","11:05:20",30.7,-0.5,1100,582600,"B"
"KDH","11:05:18",30.7,-0.5,800,581500,"B"
"KDH","11:04:45",30.7,-0.5,900,580700,"B"
"KDH","11:04:33",30.7,-0.5,900,579800,"B"
"KDH","11:04:08",30.7,-0.5,800,578900,"B"
"KDH","11:03:51",30.7,-0.5,800,578100,"B"
"KDH","11:03:51",30.75,-0.45,100,577300,"B"
"KDH","11:03:36",30.7,-0.5,800,577200,"B"
"KDH","11:03:19",30.7,-0.5,1000,576400,"B"
"KDH","11:03:09",30.7,-0.5,300,575400,"B"
"KDH","11:03:09",30.75,-0.45,600,575100,"B"
"KDH","11:03:03",30.75,-0.45,800,574500,"B"
"KDH","11:02:30",30.75,-0.45,700,573700,"B"
"KDH","11:02:30",30.8,-0.4,100,573000,"B"
"KDH","11:02:26",30.75,-0.45,100,572900,"B"
"KDH","11:02:14",30.85,-0.35,200,572800,"S"
"KDH","11:01:57",30.75,-0.45,800,572600,"B"
"KDH","11:01:45",30.75,-0.45,400,571800,"S"
"KDH","11:01:42",30.7,-0.5,900,571400,"B"
"KDH","11:01:28",30.75,-0.45,1000,570500,"S"
"KDH","11:01:24",30.7,-0.5,800,569500,"B"
"KDH","11:00:51",30.65,-0.55,900,568700,"B"
"KDH","11:00:47",30.75,-0.45,500,567800,"S"
"KDH","11:00:47",30.7,-0.5,6500,567300,"S"
"KDH","11:00:34",30.7,-0.5,1000,560800,"S"
"KDH","11:00:30",30.7,-0.5,2000,559800,"S"
"KDH","11:00:20",30.7,-0.5,100,557800,"S"
"KDH","11:00:18",30.65,-0.55,900,557700,"B"
"KDH","11:00:12",30.65,-0.55,800,556800,"B"
"KDH","10:59:40",30.65,-0.55,800,556000,"B"
"KDH","10:59:35",30.65,-0.55,1000,555200,"B"
"KDH","10:59:07",30.65,-0.55,800,554200,"B"
"KDH","10:58:52",30.65,-0.55,900,553400,"B"
"KDH","10:58:35",30.65,-0.55,800,552500,"B"
"KDH","10:58:10",30.65,-0.55,900,551700,"B"
"KDH","10:58:02",30.7,-0.5,1200,550800,"S"
"KDH","10:58:02",30.65,-0.55,800,549600,"B"
"KDH","10:57:29",30.65,-0.55,800,548800,"B"
"KDH","10:57:27",30.65,-0.55,900,548000,"B"
"KDH","10:56:57",30.6,-0.6,100,547100,"B"
"KDH","10:56:56",30.6,-0.6,800,547000,"B"
"KDH","10:56:46",30.6,-0.6,900,546200,"B"
"KDH","10:56:19",30.6,-0.6,100,545300,"B"
"KDH","10:56:19",30.65,-0.55,700,545200,"B"
"KDH","10:56:05",30.65,-0.55,200,544500,"B"
"KDH","10:56:04",30.6,-0.6,800,544300,"B"
"KDH","10:56:04",30.65,-0.55,200,543500,"B"
"KDH","10:55:47",30.65,-0.55,900,543300,"B"
"KDH","10:55:32",30.6,-0.6,800,542400,"B"
"KDH","10:55:31",30.6,-0.6,1000,541600,"B"
"KDH","10:55:19",30.6,-0.6,800,540600,"B"
"KDH","10:55:19",30.65,-0.55,100,539800,"B"
"KDH","10:54:59",30.6,-0.6,600,539700,"B"
"KDH","10:54:59",30.65,-0.55,200,539100,"B"
"KDH","10:54:38",30.6,-0.6,900,538900,"B"
"KDH","10:54:26",30.65,-0.55,800,538000,"B"
"KDH","10:54:17",30.7,-0.5,800,537200,"S"
"KDH","10:54:10",30.7,-0.5,1000,536400,"S"
"KDH","10:53:58",30.65,-0.55,1200,535400,"S"
"KDH","10:53:57",30.6,-0.6,1000,534200,"B"
"KDH","10:53:54",30.6,-0.6,800,533200,"B"
"KDH","10:53:48",30.65,-0.55,100,532400,"S"
"KDH","10:53:15",30.6,-0.6,800,532300,"B"
"KDH","10:53:10",30.6,-0.6,1000,531500,"B"
"KDH","10:53:08",30.65,-0.55,100,530500,"S"
"KDH","10:52:42",30.6,-0.6,800,530400,"B"
"KDH","10:52:33",30.65,-0.55,100,529600,"S"
"KDH","10:52:31",30.65,-0.55,1900,529500,"B"
"KDH","10:52:28",30.65,-0.55,200,527600,"B"
"KDH","10:52:28",30.65,-0.55,100,527400,"B"
"KDH","10:52:26",30.65,-0.55,900,527300,"B"
"KDH","10:52:13",30.65,-0.55,400,526400,"B"
"KDH","10:52:09",30.65,-0.55,800,526000,"B"
"KDH","10:51:43",30.65,-0.55,900,525200,"B"
"KDH","10:51:37",30.65,-0.55,1000,524300,"B"
"KDH","10:51:00",30.65,-0.55,1100,523300,"B"
"KDH","10:50:58",30.65,-0.55,800,522200,"B"
"KDH","10:50:44",30.65,-0.55,200,521400,"B"
"KDH","10:50:43",30.65,-0.55,500,521200,"B"
"KDH","10:50:12",30.65,-0.55,900,520700,"B"
"KDH","10:50:11",30.65,-0.55,700,519800,"B"
"KDH","10:49:39",30.65,-0.55,700,519100,"B"
"KDH","10:49:30",30.65,-0.55,900,518400,"B"
"KDH","10:49:06",30.65,-0.55,700,517500,"B"
"KDH","10:48:47",30.65,-0.55,1100,516800,"B"
"KDH","10:48:34",30.65,-0.55,800,515700,"B"
"KDH","10:48:28",30.7,-0.5,20200,514900,"B"
"KDH","10:47:56",30.7,-0.5,900,494700,"B"
"KDH","10:47:55",30.7,-0.5,400,493800,"B"
"KDH","10:47:55",30.75,-0.45,300,493400,"B"
"KDH","10:47:41",30.75,-0.45,1000,493100,"B"
"KDH","10:47:22",30.75,-0.45,800,492100,"B"
"KDH","10:47:14",30.7,-0.5,600,491300,"B"
"KDH","10:47:14",30.75,-0.45,400,490700,"B"
"KDH","10:46:45",30.75,-0.45,800,490300,"B"
"KDH","10:46:31",30.75,-0.45,900,489500,"B"
"KDH","10:46:27",30.85,-0.35,800,488600,"S"
"KDH","10:46:06",30.7,-0.5,800,487800,"B"
"KDH","10:45:53",30.7,-0.5,600,487000,"B"
"KDH","10:45:49",30.7,-0.5,900,486400,"B"
"KDH","10:45:28",30.7,-0.5,700,485500,"B"
"KDH","10:45:07",30.7,-0.5,300,484800,"B"
"KDH","10:45:07",30.75,-0.45,700,484500,"B"
"KDH","10:44:56",30.75,-0.45,700,483800,"B"
"KDH","10:44:23",30.75,-0.45,800,483100,"B"
"KDH","10:44:22",30.75,-0.45,900,482300,"B"
"KDH","10:43:47",30.75,-0.45,700,481400,"B"
"KDH","10:43:40",30.75,-0.45,900,480700,"B"
"KDH","10:43:14",30.75,-0.45,800,479800,"B"
"KDH","10:42:58",30.75,-0.45,900,479000,"B"
"KDH","10:42:35",30.75,-0.45,700,478100,"B"
"KDH","10:42:17",30.75,-0.45,1000,477400,"B"
"KDH","10:42:03",30.75,-0.45,500,476400,"B"
"KDH","10:42:03",30.8,-0.4,200,475900,"B"
"KDH","10:41:30",30.75,-0.45,700,475700,"B"
"KDH","10:40:58",30.75,-0.45,400,475000,"B"
"KDH","10:40:58",30.8,-0.4,300,474600,"B"
"KDH","10:40:56",30.8,-0.4,1700,474300,"S"
"KDH","10:40:50",30.75,-0.45,1000,472600,"B"
"KDH","10:40:26",30.8,-0.4,100,471600,"S"
"KDH","10:40:26",30.75,-0.45,1700,471500,"B"
"KDH","10:40:19",30.75,-0.45,1000,469800,"B"
"KDH","10:40:02",30.8,-0.4,100,468800,"B"
"KDH","10:39:53",30.8,-0.4,700,468700,"B"
"KDH","10:39:49",30.8,-0.4,1300,468000,"S"
"KDH","10:39:21",30.75,-0.45,700,466700,"B"
"KDH","10:39:20",30.8,-0.4,100,466000,"S"
"KDH","10:39:12",30.8,-0.4,2000,465900,"S"
"KDH","10:38:48",30.75,-0.45,700,463900,"B"
"KDH","10:38:37",30.75,-0.45,900,463200,"B"
"KDH","10:38:36",30.8,-0.4,100,462300,"S"
"KDH","10:38:16",30.75,-0.45,600,462200,"B"
"KDH","10:38:16",30.8,-0.4,100,461600,"B"
"KDH","10:38:11",30.8,-0.4,500,461500,"B"
"KDH","10:38:06",30.8,-0.4,1000,461000,"B"
"KDH","10:37:43",30.8,-0.4,700,460000,"B"
"KDH","10:37:16",30.8,-0.4,4400,459300,"S"
"KDH","10:37:11",30.75,-0.45,700,454900,"B"
"KDH","10:37:09",30.8,-0.4,10000,454200,"S"
"KDH","10:37:02",30.7,-0.5,900,444200,"B"
"KDH","10:36:55",30.8,-0.4,3000,443300,"S"
"KDH","10:36:48",30.8,-0.4,2000,440300,"S"
"KDH","10:36:38",30.7,-0.5,700,438300,"B"
"KDH","10:36:38",30.75,-0.45,100,437600,"B"
"KDH","10:36:20",30.7,-0.5,600,437500,"B"
"KDH","10:36:20",30.75,-0.45,300,436900,"B"
"KDH","10:36:01",30.75,-0.45,700,436600,"B"
"KDH","10:35:39",30.8,-0.4,100,435900,"S"
"KDH","10:35:36",30.75,-0.45,1000,435800,"B"
"KDH","10:35:08",30.8,-0.4,100,434800,"S"
"KDH","10:35:02",30.8,-0.4,1300,434700,"B"
"KDH","10:34:44",30.8,-0.4,2000,433400,"B"
"KDH","10:34:25",30.8,-0.4,1700,431400,"S"
"KDH","10:34:11",30.8,-0.4,100,429700,"S"
"KDH","10:34:08",30.7,-0.5,100,429600,"B"
"KDH","10:34:08",30.75,-0.45,900,429500,"B"
"KDH","10:34:03",30.75,-0.45,300,428600,"B"
"KDH","10:33:22",30.7,-0.5,200,428300,"B"
"KDH","10:33:22",30.75,-0.45,800,428100,"B"
"KDH","10:33:20",30.8,-0.4,100,427300,"S"
"KDH","10:32:37",30.75,-0.45,900,427200,"B"
"KDH","10:32:27",30.85,-0.35,200,426300,"S"
"KDH","10:31:55",30.7,-0.5,1000,426100,"B"
"KDH","10:31:37",30.7,-0.5,8600,425100,"B"
"KDH","10:31:37",30.75,-0.45,17100,416500,"B"
"KDH","10:31:37",30.8,-0.4,14300,399400,"B"
"KDH","10:31:11",30.8,-0.4,1000,385100,"B"
"KDH","10:30:54",30.85,-0.35,400,384100,"B"
"KDH","10:30:53",30.85,-0.35,700,383700,"B"
"KDH","10:30:43",30.85,-0.35,2000,383000,"B"
"KDH","10:30:26",30.8,-0.4,600,381000,"B"
"KDH","10:30:26",30.85,-0.35,300,380400,"B"
"KDH","10:30:21",30.85,-0.35,700,380100,"B"
"KDH","10:29:49",30.85,-0.35,700,379400,"B"
"KDH","10:29:43",30.85,-0.35,900,378700,"B"
"KDH","10:29:18",30.85,-0.35,1000,377800,"B"
"KDH","10:29:17",30.85,-0.35,700,376800,"B"
"KDH","10:29:09",30.85,-0.35,1000,376100,"B"
"KDH","10:29:00",30.85,-0.35,1000,375100,"B"
"KDH","10:29:00",30.85,-0.35,900,374100,"B"
"KDH","10:28:48",30.85,-0.35,500,373200,"B"
"KDH","10:28:44",30.85,-0.35,800,372700,"B"
"KDH","10:28:38",30.95,-0.25,200,371900,"S"
"KDH","10:28:18",30.85,-0.35,1000,371700,"B"
"KDH","10:28:07",30.85,-0.35,700,370700,"B"
"KDH","10:28:00",30.95,-0.25,200,370000,"S"
"KDH","10:27:57",30.95,-0.25,300,369800,"S"
"KDH","10:27:35",30.85,-0.35,900,369500,"B"
"KDH","10:27:34",30.85,-0.35,1200,368600,"B"
"KDH","10:27:02",30.85,-0.35,700,367400,"B"
"KDH","10:26:51",30.85,-0.35,900,366700,"B"
"KDH","10:26:31",30.85,-0.35,700,365800,"B"
"KDH","10:25:57",30.85,-0.35,700,365100,"B"
"KDH","10:25:39",30.85,-0.35,1000,364400,"S"
"KDH","10:25:38",30.85,-0.35,200,363400,"S"
"KDH","10:25:31",30.85,-0.35,1000,363200,"S"
"KDH","10:25:06",30.8,-0.4,1100,362200,"S"
"KDH","10:25:04",30.8,-0.4,100,361100,"S"
"KDH","10:24:58",30.8,-0.4,1000,361000,"S"
"KDH","10:24:49",30.75,-0.45,1000,360000,"B"
"KDH","10:24:44",30.75,-0.45,1000,359000,"B"
"KDH","10:24:41",30.8,-0.4,5000,358000,"B"
"KDH","10:23:58",30.8,-0.4,900,353000,"B"
"KDH","10:22:57",30.8,-0.4,3900,352100,"S"
"KDH","10:22:46",30.8,-0.4,1000,348200,"S"
"KDH","10:22:31",30.8,-0.4,200,347200,"S"
"KDH","10:22:30",30.75,-0.45,900,347000,"B"
"KDH","10:22:11",30.8,-0.4,2800,346100,"S"
"KDH","10:22:06",30.8,-0.4,2500,343300,"B"
"KDH","10:21:47",30.8,-0.4,1200,340800,"B"
"KDH","10:21:23",30.8,-0.4,1000,339600,"B"
"KDH","10:21:12",30.8,-0.4,200,338600,"B"
"KDH","10:20:55",30.8,-0.4,900,338400,"B"
"KDH","10:20:21",30.85,-0.35,500,337500,"B"
"KDH","10:20:03",30.85,-0.35,500,337000,"S"
"KDH","10:19:57",30.85,-0.35,100,336500,"B"
"KDH","10:19:36",30.85,-0.35,2400,336400,"S"
"KDH","10:19:32",30.8,-0.4,1000,334000,"B"
"KDH","10:19:15",30.8,-0.4,1000,333000,"B"
"KDH","10:18:47",30.8,-0.4,900,332000,"B"
"KDH","10:18:20",30.85,-0.35,100,331100,"B"
"KDH","10:18:05",30.85,-0.35,900,331000,"B"
"KDH","10:17:48",30.85,-0.35,600,330100,"B"
"KDH","10:17:23",30.85,-0.35,900,329500,"B"
"KDH","10:17:15",30.85,-0.35,600,328600,"B"
"KDH","10:17:03",30.85,-0.35,300,328000,"B"
"KDH","10:16:43",30.85,-0.35,100,327700,"B"
"KDH","10:16:43",30.9,-0.3,500,327600,"B"
"KDH","10:16:21",30.85,-0.35,600,327100,"S"
"KDH","10:16:10",30.85,-0.35,500,326500,"B"
"KDH","10:16:09",30.85,-0.35,500,326000,"S"
"KDH","10:16:01",30.85,-0.35,1000,325500,"S"
"KDH","10:16:00",30.85,-0.35,100,324500,"S"
"KDH","10:15:55",30.8,-0.4,1000,324400,"B"
"KDH","10:15:50",30.8,-0.4,1000,323400,"B"
"KDH","10:15:30",30.8,-0.4,4400,322400,"B"
"KDH","10:15:11",30.8,-0.4,4000,318000,"B"
"KDH","10:15:10",30.8,-0.4,7300,314000,"B"
"KDH","10:15:09",30.8,-0.4,700,306700,"B"
"KDH","10:15:09",30.85,-0.35,200,306000,"B"
"KDH","10:15:06",30.85,-0.35,600,305800,"B"
"KDH","10:14:40",30.85,-0.35,2500,305200,"B"
"KDH","10:14:33",30.85,-0.35,500,302700,"B"
"KDH","10:14:33",30.9,-0.3,100,302200,"B"
"KDH","10:14:26",30.85,-0.35,800,302100,"B"
"KDH","10:14:26",30.9,-0.3,100,301300,"B"
"KDH","10:14:01",30.9,-0.3,600,301200,"B"
"KDH","10:14:00",30.95,-0.25,500,300600,"S"
"KDH","10:13:59",30.9,-0.3,15000,300100,"B"
"KDH","10:13:45",30.9,-0.3,900,285100,"B"
"KDH","10:13:29",30.9,-0.3,600,284200,"B"
"KDH","10:12:57",30.9,-0.3,600,283600,"B"
"KDH","10:12:42",30.95,-0.25,2200,283000,"B"
"KDH","10:12:25",30.95,-0.25,600,280800,"B"
"KDH","10:12:18",30.95,-0.25,900,280200,"B"
"KDH","10:12:03",30.95,-0.25,800,279300,"B"
"KDH","10:11:53",30.95,-0.25,600,278500,"B"
"KDH","10:11:36",30.95,-0.25,900,277900,"B"
"KDH","10:11:21",30.95,-0.25,600,277000,"B"
"KDH","10:10:54",30.95,-0.25,900,276400,"B"
"KDH","10:10:50",30.95,-0.25,700,275500,"B"
"KDH","10:10:46",30.95,-0.25,2900,274800,"S"
"KDH","10:10:13",30.9,-0.3,1000,271900,"B"
"KDH","10:10:11",30.9,-0.3,600,270900,"B"
"KDH","10:09:39",30.9,-0.3,500,270300,"B"
"KDH","10:09:39",30.95,-0.25,100,269800,"B"
"KDH","10:09:30",30.95,-0.25,900,269700,"B"
"KDH","10:09:27",30.9,-0.3,300,268800,"B"
"KDH","10:09:25",30.9,-0.3,300,268500,"B"
"KDH","10:09:07",30.9,-0.3,600,268200,"B"
"KDH","10:08:48",30.9,-0.3,900,267600,"B"
"KDH","10:08:35",30.9,-0.3,600,266700,"B"
"KDH","10:08:15",30.9,-0.3,1800,266100,"B"
"KDH","10:08:05",30.9,-0.3,900,264300,"B"
"KDH","10:08:03",30.9,-0.3,400,263400,"B"
"KDH","10:08:03",30.95,-0.25,200,263000,"B"
"KDH","10:07:31",30.9,-0.3,500,262800,"B"
"KDH","10:07:31",30.95,-0.25,100,262300,"B"
"KDH","10:07:29",30.95,-0.25,1800,262200,"B"
"KDH","10:07:23",30.95,-0.25,1000,260400,"B"
"KDH","10:07:14",30.95,-0.25,1000,259400,"B"
"KDH","10:06:59",30.95,-0.25,700,258400,"B"
"KDH","10:06:41",31,-0.2,5000,257700,"S"
"KDH","10:06:39",30.95,-0.25,900,252700,"B"
"KDH","10:06:23",30.95,-0.25,700,251800,"B"
"KDH","10:06:07",30.95,-0.25,700,251100,"B"
"KDH","10:06:07",30.95,-0.25,2000,250400,"B"
"KDH","10:05:58",30.95,-0.25,900,248400,"B"
"KDH","10:05:30",30.95,-0.25,600,247500,"B"
"KDH","10:05:23",31,-0.2,2000,246900,"B"
"KDH","10:05:15",30.95,-0.25,800,244900,"B"
"KDH","10:05:15",31,-0.2,200,244100,"B"
"KDH","10:04:58",31,-0.2,600,243900,"B"
"KDH","10:04:45",31,-0.2,500,243300,"B"
"KDH","10:04:41",31,-0.2,1000,242800,"B"
"KDH","10:04:30",31,-0.2,900,241800,"B"
"KDH","10:04:26",31,-0.2,700,240900,"B"
"KDH","10:03:50",31,-0.2,700,240200,"B"
"KDH","10:03:49",31,-0.2,900,239500,"B"
"KDH","10:03:41",31,-0.2,300,238600,"B"
"KDH","10:03:21",31,-0.2,1000,238300,"B"
"KDH","10:03:14",31,-0.2,1000,237300,"B"
"KDH","10:03:12",31,-0.2,600,236300,"B"
"KDH","10:03:05",31,-0.2,1000,235700,"B"
"KDH","10:02:54",31.05,-0.15,2100,234700,"B"
"KDH","10:02:40",31.05,-0.15,600,232600,"B"
"KDH","10:02:21",31.05,-0.15,1000,232000,"B"
"KDH","10:02:07",31.05,-0.15,600,231000,"B"
"KDH","10:01:38",31.1,-0.1,900,230400,"B"
"KDH","10:01:35",31.1,-0.1,700,229500,"B"
"KDH","10:01:33",31.15,-0.05,500,228800,"S"
"KDH","10:00:58",31.05,-0.15,700,228300,"B"
"KDH","10:00:55",31.05,-0.15,100,227600,"B"
"KDH","10:00:55",31.1,-0.1,800,227500,"B"
"KDH","10:00:44",31.1,-0.1,600,226700,"B"
"KDH","10:00:11",31.1,-0.1,600,226100,"B"
"KDH","09:59:58",31.15,-0.05,100,225500,"S"
"KDH","09:59:58",31.1,-0.1,1900,225400,"S"
"KDH","09:59:39",30.9,-0.3,600,223500,"B"
"KDH","09:59:33",31.15,-0.05,900,222900,"S"
"KDH","09:59:33",31,-0.2,1100,222000,"S"
"KDH","09:59:32",30.9,-0.3,100,220900,"B"
"KDH","09:59:32",31,-0.2,15400,220800,"B"
"KDH","09:59:32",31,-0.2,200,205400,"B"
"KDH","09:59:31",31.05,-0.15,400,204700,"B"
"KDH","09:59:31",31.1,-0.1,500,204300,"B"
"KDH","09:59:28",31.1,-0.1,15000,203800,"B"
"KDH","09:59:15",31.15,-0.05,17500,188800,"B"
"KDH","09:59:07",31.15,-0.05,600,171300,"B"
"KDH","09:58:59",31.2,0,4200,170700,"B"
"KDH","09:58:50",31.2,0,900,166500,"B"
"KDH","09:58:34",31.2,0,600,165600,"B"
"KDH","09:58:08",31.2,0,1000,165000,"B"
"KDH","09:58:03",31.2,0,700,164000,"B"
"KDH","09:57:51",31.2,0,1800,163300,"B"
"KDH","09:57:24",31.2,0,700,161500,"B"
"KDH","09:57:22",31.2,0,1100,160800,"B"
"KDH","09:56:48",31.2,0,600,159700,"B"
"KDH","09:56:32",31.2,0,900,159100,"B"
"KDH","09:56:16",31.2,0,700,158200,"B"
"KDH","09:55:51",31.2,0,900,157500,"B"
"KDH","09:55:39",31.2,0,700,156600,"B"
"KDH","09:55:07",31.2,0,1000,155900,"B"
"KDH","09:55:01",31.2,0,600,154900,"B"
"KDH","09:53:41",31.2,0,900,154300,"B"
"KDH","09:53:26",31.2,0,100,153400,"B"
"KDH","09:52:59",31.2,0,100,153300,"B"
"KDH","09:52:59",31.25,0.05,800,153200,"B"
"KDH","09:52:17",31.25,0.05,900,152400,"B"
"KDH","09:51:50",31.25,0.05,300,151500,"S"
"KDH","09:51:42",31.25,0.05,2000,151200,"B"
"KDH","09:51:35",31.2,0,500,149200,"B"
"KDH","09:51:35",31.25,0.05,500,148700,"B"
"KDH","09:51:25",31.25,0.05,1800,148200,"B"
"KDH","09:50:53",31.25,0.05,800,146400,"B"
"KDH","09:50:12",31.25,0.05,1000,145600,"B"
"KDH","09:50:12",31.25,0.05,5000,144600,"B"
"KDH","09:49:29",31.25,0.05,900,139600,"B"
"KDH","09:48:46",31.25,0.05,900,138700,"B"
"KDH","09:48:03",31.25,0.05,900,137800,"B"
"KDH","09:47:51",31.25,0.05,500,136900,"B"
"KDH","09:46:34",31.3,0.1,100,136400,"S"
"KDH","09:46:17",31.3,0.1,500,136300,"S"
"KDH","09:44:32",31.3,0.1,200,135800,"S"
"KDH","09:43:24",31.3,0.1,100,135600,"S"
"KDH","09:42:55",31.25,0.05,1300,135500,"S"
"KDH","09:42:43",31.25,0.05,700,134200,"B"
"KDH","09:42:42",31.25,0.05,2000,133500,"B"
"KDH","09:39:52",31.25,0.05,200,131500,"B"
"KDH","09:38:43",31.25,0.05,500,131300,"B"
"KDH","09:38:38",31.25,0.05,500,130800,"B"
"KDH","09:38:14",31.3,0.1,100,130300,"S"
"KDH","09:37:48",31.25,0.05,500,130200,"B"
"KDH","09:37:44",31.3,0.1,100,129700,"S"
"KDH","09:37:22",31.25,0.05,200,129600,"B"
"KDH","09:36:15",31.25,0.05,100,129400,"B"
"KDH","09:35:41",31.25,0.05,4000,129300,"B"
"KDH","09:34:52",31.25,0.05,3300,125300,"S"
"KDH","09:34:48",31.2,0,300,122000,"B"
"KDH","09:33:23",31.25,0.05,200,121700,"S"
"KDH","09:32:13",31.25,0.05,500,121500,"B"
"KDH","09:32:07",31.25,0.05,300,121000,"B"
"KDH","09:32:04",31.25,0.05,2000,120700,"B"
"KDH","09:31:36",31.2,0,12600,118700,"B"
"KDH","09:31:36",31.25,0.05,400,106100,"B"
"KDH","09:31:35",31.25,0.05,600,105700,"S"
"KDH","09:31:22",31.25,0.05,500,105100,"S"
"KDH","09:31:15",31.2,0,6700,104600,"B"
"KDH","09:31:15",31.25,0.05,3300,97900,"B"
"KDH","09:30:59",31.25,0.05,3400,94600,"S"
"KDH","09:30:56",31.25,0.05,1000,91200,"S"
"KDH","09:30:36",31.25,0.05,10000,90200,"S"
"KDH","09:30:23",31.25,0.05,200,80200,"S"
"KDH","09:30:14",31.25,0.05,3000,80000,"S"
"KDH","09:28:17",31.25,0.05,200,77000,"S"
"KDH","09:26:20",31.25,0.05,200,76800,"B"
"KDH","09:26:17",31.25,0.05,1500,76600,"B"
"KDH","09:26:10",31.25,0.05,5000,75100,"B"
"KDH","09:26:05",31.25,0.05,3000,70100,"B"
"KDH","09:25:54",31.25,0.05,200,67100,"B"
"KDH","09:25:41",31.25,0.05,1100,66900,"S"
"KDH","09:25:38",31.25,0.05,100,65800,"S"
"KDH","09:25:33",31.25,0.05,1500,65700,"S"
"KDH","09:25:26",31.25,0.05,23000,64200,"B"
"KDH","09:25:22",31.25,0.05,2000,41200,"B"
"KDH","09:25:03",31.3,0.1,200,39200,"S"
"KDH","09:21:56",31.3,0.1,700,39000,"S"
"KDH","09:21:14",31.3,0.1,1500,38300,"B"
"KDH","09:21:11",31.3,0.1,3000,36800,"B"
"KDH","09:20:59",31.3,0.1,5500,33800,"S"
"KDH","09:20:51",31.25,0.05,1400,28300,"B"
"KDH","09:20:08",31.3,0.1,2000,26900,"S"
"KDH","09:19:57",31.25,0.05,300,24900,"B"
"KDH","09:19:26",31.25,0.05,500,24600,"B"
"KDH","09:18:51",31.3,0.1,300,24100,"S"
"KDH","09:18:49",31.3,0.1,400,23800,"B"
"KDH","09:18:46",31.3,0.1,4000,23400,"B"
"KDH","09:18:10",31.35,0.15,200,19400,"S"
"KDH","09:16:33",31.35,0.15,200,19200,"S"
"KDH","09:16:30",31.35,0.15,3100,19000,"B"
"KDH","09:16:16",31.35,0.15,6900,15900,"S"
"KDH","09:16:13",31.35,0.15,500,9000,"S"
"KDH","09:15:40",31.3,0.1,1000,8500,"B"
"KDH","09:15:19",31.3,0.1,2000,7500,"B"
"KDH","09:15:00",31.3,0.1,5500,5500,
