"symbol","time","price","change","vol","total","side"
"NKG","14:45:02",22.8,0.1,642400,7706900,
"NKG","14:29:59",22.9,0.2,1000,7064500,"S"
"NKG","14:29:59",22.9,0.2,5000,7063500,"S"
"NKG","14:29:55",22.9,0.2,20000,7058500,"S"
"NKG","14:29:52",22.85,0.15,1500,7038500,"B"
"NKG","14:29:51",22.9,0.2,22000,7037000,"S"
"NKG","14:29:51",22.9,0.2,100,7015000,"S"
"NKG","14:29:50",22.9,0.2,200,7014900,"S"
"NKG","14:29:48",22.9,0.2,500,7014700,"S"
"NKG","14:29:46",22.9,0.2,5000,7014200,"S"
"NKG","14:29:45",22.85,0.15,5000,7009200,"B"
"NKG","14:29:45",22.9,0.2,1000,7004200,"S"
"NKG","14:29:44",22.85,0.15,600,7003200,"B"
"NKG","14:29:41",22.9,0.2,1000,7002600,"S"
"NKG","14:29:39",22.9,0.2,10000,7001600,"S"
"NKG","14:29:38",22.9,0.2,4400,6991600,"S"
"NKG","14:29:37",22.9,0.2,4400,6987200,"S"
"NKG","14:29:35",22.9,0.2,500,6982800,"S"
"NKG","14:29:34",22.9,0.2,200,6982300,"S"
"NKG","14:29:33",22.9,0.2,300,6982100,"S"
"NKG","14:29:31",22.9,0.2,3300,6981800,"S"
"NKG","14:29:30",22.85,0.15,1300,6978500,"B"
"NKG","14:29:28",22.9,0.2,400,6977200,"S"
"NKG","14:29:24",22.85,0.15,3200,6976800,"B"
"NKG","14:29:21",22.9,0.2,900,6973600,"S"
"NKG","14:29:20",22.9,0.2,700,6972700,"S"
"NKG","14:29:19",22.9,0.2,100,6972000,"S"
"NKG","14:29:14",22.9,0.2,700,6971900,"S"
"NKG","14:29:14",22.9,0.2,500,6971200,"S"
"NKG","14:29:13",22.9,0.2,300,6970700,"S"
"NKG","14:29:12",22.9,0.2,500,6970400,"S"
"NKG","14:29:10",22.9,0.2,400,6969900,"S"
"NKG","14:29:08",22.9,0.2,500,6969500,"B"
"NKG","14:29:07",22.9,0.2,1000,6969000,"B"
"NKG","14:29:07",22.95,0.25,4500,6968000,"S"
"NKG","14:29:07",22.9,0.2,500,6963500,"B"
"NKG","14:29:07",22.95,0.25,400,6963000,"S"
"NKG","14:29:05",22.95,0.25,4400,6960300,"S"
"NKG","14:29:04",22.95,0.25,3000,6955900,"S"
"NKG","14:29:01",22.95,0.25,300,6952900,"S"
"NKG","14:29:01",22.9,0.2,2000,6952600,"B"
"NKG","14:28:58",22.9,0.2,1000,6950600,"B"
"NKG","14:28:57",22.9,0.2,100,6949600,"B"
"NKG","14:28:52",22.95,0.25,4400,6949500,"S"
"NKG","14:28:51",22.95,0.25,400,6945100,"S"
"NKG","14:28:50",22.95,0.25,9700,6944700,"S"
"NKG","14:28:49",22.95,0.25,400,6935000,"S"
"NKG","14:28:47",22.95,0.25,200,6934600,"S"
"NKG","14:28:46",22.95,0.25,500,6934400,"S"
"NKG","14:28:43",22.95,0.25,300,6933900,"S"
"NKG","14:28:42",22.95,0.25,3700,6933600,"S"
"NKG","14:28:42",22.9,0.2,1000,6929900,"B"
"NKG","14:28:38",22.95,0.25,1000,6928900,"S"
"NKG","14:28:34",22.95,0.25,4400,6927900,"S"
"NKG","14:28:28",22.95,0.25,200,6923500,"S"
"NKG","14:28:27",22.9,0.2,100,6923300,"S"
"NKG","14:28:26",22.95,0.25,300,6923200,"S"
"NKG","14:28:25",22.95,0.25,300,6922900,"S"
"NKG","14:28:24",22.9,0.2,600,6922600,"S"
"NKG","14:28:22",22.9,0.2,2000,6922000,"S"
"NKG","14:28:21",22.9,0.2,200,6920000,"S"
"NKG","14:28:20",22.9,0.2,1000,6919800,"S"
"NKG","14:28:19",22.9,0.2,200,6918800,"S"
"NKG","14:28:17",22.9,0.2,4400,6918600,"S"
"NKG","14:28:15",22.9,0.2,500,6914200,"S"
"NKG","14:28:10",22.9,0.2,300,6913700,"S"
"NKG","14:28:09",22.9,0.2,3000,6913400,"S"
"NKG","14:28:07",22.9,0.2,16000,6910400,"S"
"NKG","14:28:03",22.85,0.15,500,6894400,"B"
"NKG","14:28:02",22.9,0.2,4000,6893900,"S"
"NKG","14:27:58",22.85,0.15,500,6889900,"B"
"NKG","14:27:57",22.85,0.15,15400,6889400,"S"
"NKG","14:27:57",22.8,0.1,200,6874000,"B"
"NKG","14:27:57",22.85,0.15,100,6873800,"S"
"NKG","14:27:55",22.8,0.1,1200,6873700,"B"
"NKG","14:27:54",22.85,0.15,2300,6872500,"S"
"NKG","14:27:53",22.85,0.15,2100,6870200,"S"
"NKG","14:27:51",22.85,0.15,200,6868100,"S"
"NKG","14:27:50",22.85,0.15,5000,6867900,"S"
"NKG","14:27:48",22.8,0.1,100,6862900,"B"
"NKG","14:27:47",22.85,0.15,100,6862800,"S"
"NKG","14:27:46",22.85,0.15,1600,6862700,"S"
"NKG","14:27:41",22.85,0.15,1000,6861100,"S"
"NKG","14:27:26",22.8,0.1,300,6860100,"B"
"NKG","14:27:24",22.8,0.1,100,6859800,"B"
"NKG","14:27:18",22.8,0.1,1300,6859700,"S"
"NKG","14:27:16",22.8,0.1,100,6858400,"S"
"NKG","14:27:16",22.8,0.1,10000,6858300,"S"
"NKG","14:27:14",22.8,0.1,1000,6848300,"S"
"NKG","14:27:14",22.8,0.1,3200,6847300,"S"
"NKG","14:27:11",22.8,0.1,20000,6844100,"S"
"NKG","14:27:10",22.8,0.1,5000,6824100,"S"
"NKG","14:27:10",22.8,0.1,400,6819100,"S"
"NKG","14:27:08",22.8,0.1,1900,6818700,"S"
"NKG","14:27:07",22.8,0.1,1500,6816800,"S"
"NKG","14:27:05",22.8,0.1,5000,6815300,"S"
"NKG","14:27:02",22.8,0.1,1200,6810300,"S"
"NKG","14:27:02",22.8,0.1,4000,6809100,"S"
"NKG","14:27:00",22.8,0.1,1500,6805100,"S"
"NKG","14:26:53",22.8,0.1,3000,6803600,"S"
"NKG","14:26:40",22.75,0.05,300,6800600,"B"
"NKG","14:26:38",22.8,0.1,30000,6800300,"S"
"NKG","14:26:38",22.8,0.1,2000,6770300,"S"
"NKG","14:26:36",22.8,0.1,200,6768300,"S"
"NKG","14:26:34",22.75,0.05,200,6768100,"B"
"NKG","14:26:32",22.8,0.1,21800,6767900,"B"
"NKG","14:26:30",22.8,0.1,2000,6746100,"B"
"NKG","14:26:29",22.8,0.1,12200,6744100,"S"
"NKG","14:26:27",22.7,0,10000,6731900,"B"
"NKG","14:26:26",22.7,0,44900,6721800,"B"
"NKG","14:26:26",22.75,0.05,5100,6676900,"B"
"NKG","14:26:25",22.7,0,200,6671800,"B"
"NKG","14:26:25",22.75,0.05,300,6671600,"B"
"NKG","14:26:25",22.8,0.1,2200,6671300,"S"
"NKG","14:26:15",22.75,0.05,300,6669100,"B"
"NKG","14:26:14",22.75,0.05,3000,6668800,"B"
"NKG","14:26:11",22.75,0.05,1000,6665800,"B"
"NKG","14:26:10",22.75,0.05,2000,6664800,"B"
"NKG","14:26:08",22.75,0.05,3000,6662800,"B"
"NKG","14:26:07",22.75,0.05,4300,6659800,"S"
"NKG","14:26:03",22.75,0.05,500,6655500,"S"
"NKG","14:26:02",22.7,0,4900,6655000,"S"
"NKG","14:26:02",22.7,0,2000,6650100,"S"
"NKG","14:26:02",22.65,-0.05,400,6648100,"B"
"NKG","14:26:01",22.7,0,10100,6647700,"B"
"NKG","14:25:59",22.7,0,2000,6637600,"B"
"NKG","14:25:58",22.75,0.05,100,6635600,"S"
"NKG","14:25:55",22.75,0.05,10000,6635500,"S"
"NKG","14:25:51",22.7,0,20000,6625500,"B"
"NKG","14:25:49",22.75,0.05,200,6605500,"S"
"NKG","14:25:48",22.7,0,20200,6596600,"S"
"NKG","14:25:47",22.7,0,10000,6576400,"S"
"NKG","14:25:46",22.7,0,2000,6566400,"S"
"NKG","14:25:46",22.7,0,1100,6564400,"S"
"NKG","14:25:45",22.7,0,500,6563300,"S"
"NKG","14:25:43",22.7,0,20000,6562800,"S"
"NKG","14:25:43",22.7,0,300,6542800,"S"
"NKG","14:25:40",22.7,0,100,6542500,"S"
"NKG","14:25:37",22.7,0,300,6542400,"S"
"NKG","14:25:34",22.7,0,2000,6542100,"S"
"NKG","14:25:34",22.7,0,2200,6540100,"S"
"NKG","14:25:32",22.7,0,2700,6537900,"S"
"NKG","14:25:29",22.7,0,2000,6535200,"S"
"NKG","14:25:28",22.7,0,3000,6533200,"S"
"NKG","14:25:27",22.7,0,200,6530200,"S"
"NKG","14:25:27",22.7,0,1000,6530000,"S"
"NKG","14:25:25",22.7,0,500,6529000,"S"
"NKG","14:25:25",22.65,-0.05,500,6528500,"B"
"NKG","14:25:24",22.7,0,3000,6528000,"S"
"NKG","14:25:23",22.7,0,500,6525000,"S"
"NKG","14:25:22",22.7,0,100,6524500,"S"
"NKG","14:25:21",22.7,0,500,6524400,"S"
"NKG","14:25:19",22.7,0,600,6523900,"S"
"NKG","14:25:19",22.65,-0.05,100,6523300,"B"
"NKG","14:25:18",22.7,0,1000,6523200,"S"
"NKG","14:25:17",22.7,0,3000,6522200,"S"
"NKG","14:25:16",22.7,0,1100,6519200,"S"
"NKG","14:25:16",22.65,-0.05,1200,6518100,"B"
"NKG","14:25:16",22.7,0,10000,6516900,"S"
"NKG","14:25:14",22.7,0,10000,6506900,"S"
"NKG","14:25:14",22.65,-0.05,2000,6496900,"B"
"NKG","14:25:13",22.65,-0.05,10000,6494900,"B"
"NKG","14:25:08",22.7,0,100,6484900,"S"
"NKG","14:25:07",22.7,0,10100,6484800,"S"
"NKG","14:25:07",22.7,0,100,6474700,"S"
"NKG","14:25:05",22.65,-0.05,6200,6474600,"B"
"NKG","14:25:04",22.7,0,5000,6468400,"S"
"NKG","14:25:02",22.7,0,300,6463400,"S"
"NKG","14:25:01",22.7,0,8000,6463100,"S"
"NKG","14:24:58",22.65,-0.05,1000,6455100,"B"
"NKG","14:24:58",22.65,-0.05,12400,6454100,"B"
"NKG","14:24:58",22.7,0,30000,6441700,"S"
"NKG","14:24:54",22.65,-0.05,30000,6411700,"B"
"NKG","14:24:53",22.65,-0.05,5000,6381700,"B"
"NKG","14:24:51",22.7,0,2000,6376700,"S"
"NKG","14:24:50",22.7,0,2000,6374700,"S"
"NKG","14:24:47",22.65,-0.05,200,6372700,"B"
"NKG","14:24:47",22.65,-0.05,800,6372500,"B"
"NKG","14:24:45",22.65,-0.05,2000,6371700,"B"
"NKG","14:24:45",22.7,0,700,6369700,"S"
"NKG","14:24:40",22.7,0,3000,6369000,"S"
"NKG","14:24:35",22.7,0,6600,6366000,"S"
"NKG","14:24:31",22.65,-0.05,300,6359400,"B"
"NKG","14:24:26",22.65,-0.05,100,6359100,"B"
"NKG","14:24:23",22.65,-0.05,500,6359000,"B"
"NKG","14:24:16",22.65,-0.05,700,6358500,"B"
"NKG","14:24:14",22.65,-0.05,2500,6357800,"B"
"NKG","14:24:12",22.65,-0.05,5500,6355300,"S"
"NKG","14:24:09",22.65,-0.05,100,6349800,"S"
"NKG","14:24:07",22.65,-0.05,900,6349700,"S"
"NKG","14:24:06",22.65,-0.05,6900,6348800,"S"
"NKG","14:24:04",22.65,-0.05,100,6341900,"S"
"NKG","14:24:03",22.65,-0.05,10400,6341800,"S"
"NKG","14:24:02",22.65,-0.05,200,6331400,"S"
"NKG","14:24:01",22.65,-0.05,1200,6331200,"S"
"NKG","14:23:59",22.65,-0.05,1000,6330000,"S"
"NKG","14:23:54",22.65,-0.05,5000,6329000,"S"
"NKG","14:23:53",22.6,-0.1,500,6324000,"B"
"NKG","14:23:47",22.65,-0.05,1100,6323500,"S"
"NKG","14:23:46",22.65,-0.05,40100,6322400,"B"
"NKG","14:23:42",22.65,-0.05,1000,6282300,"B"
"NKG","14:23:40",22.7,0,600,6281300,"S"
"NKG","14:23:40",22.65,-0.05,200,6280700,"B"
"NKG","14:23:38",22.65,-0.05,2000,6280500,"B"
"NKG","14:23:34",22.65,-0.05,5000,6278500,"B"
"NKG","14:23:26",22.7,0,100,6273500,"S"
"NKG","14:23:25",22.65,-0.05,1000,6273400,"B"
"NKG","14:23:22",22.65,-0.05,200,6272400,"B"
"NKG","14:23:21",22.7,0,1000,6272200,"S"
"NKG","14:23:20",22.65,-0.05,5500,6271200,"B"
"NKG","14:23:11",22.65,-0.05,51500,6265700,"B"
"NKG","14:23:11",22.65,-0.05,700,6214200,"B"
"NKG","14:23:10",22.7,0,200,6213500,"S"
"NKG","14:23:09",22.7,0,100,6213300,"S"
"NKG","14:23:08",22.7,0,500,6213200,"S"
"NKG","14:23:07",22.7,0,100,6212700,"S"
"NKG","14:23:01",22.7,0,1000,6212600,"S"
"NKG","14:23:01",22.65,-0.05,4000,6211600,"B"
"NKG","14:22:48",22.7,0,500,6207600,"S"
"NKG","14:22:47",22.65,-0.05,10200,6207100,"S"
"NKG","14:22:45",22.6,-0.1,10000,6196900,"B"
"NKG","14:22:45",22.65,-0.05,100,6186900,"B"
"NKG","14:22:43",22.65,-0.05,900,6186800,"B"
"NKG","14:22:42",22.6,-0.1,10700,6185900,"B"
"NKG","14:22:42",22.65,-0.05,300,6175200,"B"
"NKG","14:22:41",22.7,0,200,6174900,"S"
"NKG","14:22:40",22.7,0,1500,6174700,"S"
"NKG","14:22:37",22.65,-0.05,1100,6168200,"S"
"NKG","14:22:36",22.65,-0.05,900,6167100,"B"
"NKG","14:22:34",22.65,-0.05,4900,6166200,"B"
"NKG","14:22:33",22.65,-0.05,4200,6161300,"S"
"NKG","14:22:32",22.65,-0.05,3800,6157100,"B"
"NKG","14:22:29",22.65,-0.05,10000,6153300,"B"
"NKG","14:22:27",22.65,-0.05,1500,6143300,"B"
"NKG","14:22:26",22.65,-0.05,100,6141800,"B"
"NKG","14:22:25",22.65,-0.05,1200,6141700,"B"
"NKG","14:22:24",22.65,-0.05,11000,6140500,"B"
"NKG","14:22:19",22.65,-0.05,200,6129500,"B"
"NKG","14:22:14",22.65,-0.05,4000,6129300,"B"
"NKG","14:22:11",22.65,-0.05,10000,6125300,"B"
"NKG","14:22:11",22.65,-0.05,2300,6115300,"B"
"NKG","14:22:08",22.65,-0.05,500,6113000,"B"
"NKG","14:22:03",22.65,-0.05,4000,6112500,"B"
"NKG","14:22:02",22.7,0,100,6108500,"S"
"NKG","14:21:58",22.65,-0.05,500,6108400,"B"
"NKG","14:21:56",22.65,-0.05,50000,6107900,"B"
"NKG","14:21:50",22.7,0,200,6057900,"S"
"NKG","14:21:50",22.65,-0.05,2000,6057700,"B"
"NKG","14:21:49",22.65,-0.05,700,6055700,"B"
"NKG","14:21:44",22.65,-0.05,1000,6055000,"B"
"NKG","14:21:43",22.7,0,100,6054000,"S"
"NKG","14:21:39",22.65,-0.05,4000,6053900,"B"
"NKG","14:21:36",22.65,-0.05,200,6049900,"B"
"NKG","14:21:35",22.7,0,200,6049700,"S"
"NKG","14:21:31",22.7,0,1000,6049500,"S"
"NKG","14:21:29",22.65,-0.05,500,6048500,"B"
"NKG","14:21:26",22.65,-0.05,11900,6048000,"B"
"NKG","14:21:12",22.65,-0.05,1100,6036100,"B"
"NKG","14:21:05",22.7,0,2000,6035000,"S"
"NKG","14:21:04",22.65,-0.05,3000,6033000,"B"
"NKG","14:20:55",22.65,-0.05,2000,6030000,"B"
"NKG","14:20:51",22.7,0,3000,6028000,"S"
"NKG","14:20:49",22.7,0,5000,6025000,"S"
"NKG","14:20:47",22.65,-0.05,100,6020000,"B"
"NKG","14:20:46",22.65,-0.05,1100,6019900,"B"
"NKG","14:20:45",22.65,-0.05,50000,6018800,"B"
"NKG","14:20:45",22.7,0,1900,5968800,"S"
"NKG","14:20:45",22.65,-0.05,500,5966900,"B"
"NKG","14:20:43",22.65,-0.05,600,5966400,"B"
"NKG","14:20:42",22.7,0,3800,5965800,"S"
"NKG","14:20:37",22.65,-0.05,500,5962000,"B"
"NKG","14:20:37",22.7,0,2500,5961500,"B"
"NKG","14:20:34",22.7,0,200,5959000,"B"
"NKG","14:20:29",22.65,-0.05,4800,5958800,"B"
"NKG","14:20:29",22.7,0,42200,5954000,"B"
"NKG","14:20:27",22.7,0,100,5911800,"B"
"NKG","14:20:25",22.75,0.05,2000,5911700,"S"
"NKG","14:20:25",22.7,0,1500,5909700,"B"
"NKG","14:20:24",22.7,0,4300,5908200,"B"
"NKG","14:20:21",22.7,0,300,5903900,"B"
"NKG","14:20:20",22.7,0,5000,5903600,"B"
"NKG","14:20:08",22.7,0,3100,5898600,"S"
"NKG","14:20:06",22.7,0,600,5895500,"S"
"NKG","14:20:03",22.7,0,2000,5894900,"S"
"NKG","14:20:01",22.7,0,400,5892900,"S"
"NKG","14:20:00",22.7,0,3000,5892500,"S"
"NKG","14:19:58",22.7,0,100,5889500,"S"
"NKG","14:19:55",22.7,0,3000,5889400,"S"
"NKG","14:19:52",22.7,0,1100,5886400,"S"
"NKG","14:19:52",22.7,0,1900,5885300,"B"
"NKG","14:19:51",22.7,0,5000,5883400,"B"
"NKG","14:19:50",22.7,0,51300,5878400,"B"
"NKG","14:19:45",22.7,0,200,5827100,"B"
"NKG","14:19:43",22.7,0,1100,5826900,"B"
"NKG","14:19:42",22.7,0,800,5825800,"B"
"NKG","14:19:40",22.7,0,2000,5825000,"B"
"NKG","14:19:36",22.7,0,4000,5823000,"B"
"NKG","14:19:32",22.7,0,2000,5819000,"B"
"NKG","14:19:31",22.75,0.05,1500,5817000,"S"
"NKG","14:19:23",22.75,0.05,1000,5815500,"S"
"NKG","14:19:22",22.7,0,3000,5814500,"B"
"NKG","14:19:21",22.7,0,17000,5811500,"B"
"NKG","14:19:19",22.7,0,100000,5794500,"B"
"NKG","14:19:14",22.75,0.05,10000,5694500,"S"
"NKG","14:19:04",22.75,0.05,1000,5684500,"S"
"NKG","14:19:03",22.75,0.05,500,5683500,"S"
"NKG","14:18:54",22.75,0.05,6900,5683000,"B"
"NKG","14:18:50",22.75,0.05,22500,5676100,"B"
"NKG","14:18:46",22.75,0.05,5000,5653600,"B"
"NKG","14:18:43",22.75,0.05,900,5648600,"B"
"NKG","14:18:42",22.75,0.05,30000,5647700,"B"
"NKG","14:18:33",22.75,0.05,6400,5617700,"B"
"NKG","14:18:03",22.8,0.1,1000,5611300,"S"
"NKG","14:17:59",22.75,0.05,10000,5610300,"B"
"NKG","14:17:52",22.8,0.1,200,5600300,"S"
"NKG","14:17:51",22.8,0.1,100,5600100,"S"
"NKG","14:17:40",22.8,0.1,3000,5600000,"S"
"NKG","14:17:35",22.8,0.1,500,5597000,"S"
"NKG","14:17:24",22.8,0.1,1000,5596500,"S"
"NKG","14:17:20",22.8,0.1,10000,5595500,"S"
"NKG","14:17:17",22.8,0.1,600,5585500,"S"
"NKG","14:17:05",22.8,0.1,1000,5584900,"S"
"NKG","14:16:57",22.8,0.1,100,5583900,"S"
"NKG","14:16:50",22.8,0.1,300,5583800,"S"
"NKG","14:16:46",22.8,0.1,3000,5583500,"S"
"NKG","14:16:44",22.8,0.1,1000,5580500,"S"
"NKG","14:16:42",22.8,0.1,300,5579500,"S"
"NKG","14:16:41",22.8,0.1,1000,5579200,"S"
"NKG","14:16:41",22.8,0.1,100,5578200,"S"
"NKG","14:16:39",22.8,0.1,2000,5578100,"S"
"NKG","14:16:34",22.8,0.1,200,5576100,"S"
"NKG","14:16:33",22.8,0.1,1000,5575900,"S"
"NKG","14:16:33",22.8,0.1,4100,5574900,"B"
"NKG","14:16:23",22.85,0.15,400,5570800,"S"
"NKG","14:16:20",22.8,0.1,5000,5570400,"B"
"NKG","14:15:55",22.8,0.1,3900,5565400,"B"
"NKG","14:15:48",22.8,0.1,20000,5561500,"B"
"NKG","14:15:47",22.8,0.1,50000,5541500,"B"
"NKG","14:15:39",22.85,0.15,71800,5491500,"B"
"NKG","14:15:31",22.9,0.2,900,5419700,"S"
"NKG","14:15:15",22.9,0.2,100,5418800,"S"
"NKG","14:15:13",22.9,0.2,100,5418700,"S"
"NKG","14:15:13",22.9,0.2,500,5418600,"S"
"NKG","14:14:58",22.9,0.2,500,5418100,"S"
"NKG","14:14:56",22.9,0.2,200,5417600,"S"
"NKG","14:14:53",22.9,0.2,10000,5417400,"S"
"NKG","14:14:48",22.9,0.2,1200,5407400,"S"
"NKG","14:14:47",22.9,0.2,100,5406200,"S"
"NKG","14:14:34",22.9,0.2,1000,5406100,"S"
"NKG","14:14:32",22.9,0.2,200,5405100,"S"
"NKG","14:14:22",22.9,0.2,1300,5404900,"S"
"NKG","14:14:20",22.9,0.2,1000,5403600,"S"
"NKG","14:13:51",22.9,0.2,2200,5402600,"B"
"NKG","14:13:25",22.95,0.25,2000,5400400,"S"
"NKG","14:13:18",22.9,0.2,20000,5398400,"B"
"NKG","14:12:51",22.95,0.25,500,5378400,"S"
"NKG","14:12:46",22.95,0.25,200,5377900,"S"
"NKG","14:12:34",22.95,0.25,400,5377700,"S"
"NKG","14:12:21",22.95,0.25,600,5377300,"S"
"NKG","14:12:20",22.95,0.25,4500,5376700,"S"
"NKG","14:12:01",22.9,0.2,2300,5372200,"B"
"NKG","14:11:53",22.9,0.2,200,5369900,"B"
"NKG","14:11:27",22.95,0.25,2000,5369700,"S"
"NKG","14:11:17",22.95,0.25,300,5367700,"S"
"NKG","14:10:54",22.95,0.25,100,5367400,"S"
"NKG","14:10:27",22.95,0.25,1500,5367300,"S"
"NKG","14:10:27",22.9,0.2,1500,5365800,"S"
"NKG","14:10:25",22.9,0.2,100,5364300,"S"
"NKG","14:10:21",22.9,0.2,1000,5364200,"S"
"NKG","14:10:19",22.9,0.2,3000,5363200,"S"
"NKG","14:10:16",22.9,0.2,200,5360200,"S"
"NKG","14:10:15",22.9,0.2,1800,5360000,"S"
"NKG","14:10:14",22.9,0.2,1000,5358200,"S"
"NKG","14:10:09",22.9,0.2,20000,5357200,"S"
"NKG","14:10:06",22.9,0.2,800,5337200,"S"
"NKG","14:10:06",22.9,0.2,1000,5336400,"S"
"NKG","14:10:04",22.9,0.2,2000,5335400,"S"
"NKG","14:10:00",22.9,0.2,600,5333400,"S"
"NKG","14:09:55",22.9,0.2,900,5332800,"S"
"NKG","14:09:55",22.9,0.2,1000,5331900,"S"
"NKG","14:09:54",22.9,0.2,2000,5330900,"S"
"NKG","14:09:52",22.9,0.2,1000,5328900,"S"
"NKG","14:09:49",22.9,0.2,10000,5327900,"S"
"NKG","14:09:48",22.9,0.2,200,5317900,"S"
"NKG","14:09:41",22.9,0.2,8500,5317700,"S"
"NKG","14:09:29",22.9,0.2,2000,5309200,"S"
"NKG","14:09:27",22.9,0.2,5000,5307200,"S"
"NKG","14:09:22",22.9,0.2,200,5302200,"S"
"NKG","14:08:49",22.85,0.15,100,5302000,"B"
"NKG","14:08:47",22.9,0.2,1000,5301900,"S"
"NKG","14:08:35",22.85,0.15,300,5300900,"S"
"NKG","14:08:29",22.85,0.15,2000,5300600,"S"
"NKG","14:08:29",22.85,0.15,100,5298600,"S"
"NKG","14:08:28",22.85,0.15,1000,5298500,"S"
"NKG","14:08:27",22.85,0.15,2000,5297500,"S"
"NKG","14:08:25",22.85,0.15,37700,5295500,"S"
"NKG","14:08:24",22.85,0.15,1400,5257800,"S"
"NKG","14:08:17",22.85,0.15,500,5256400,"S"
"NKG","14:08:15",22.85,0.15,800,5255900,"S"
"NKG","14:08:06",22.8,0.1,100,5255100,"B"
"NKG","14:08:03",22.85,0.15,100,5255000,"S"
"NKG","14:07:59",22.85,0.15,2000,5254900,"S"
"NKG","14:07:56",22.85,0.15,10000,5252900,"S"
"NKG","14:07:46",22.8,0.1,100,5242900,"B"
"NKG","14:07:41",22.85,0.15,10000,5242800,"S"
"NKG","14:07:38",22.85,0.15,1500,5232800,"S"
"NKG","14:07:37",22.8,0.1,2000,5231300,"B"
"NKG","14:07:32",22.85,0.15,2000,5229300,"S"
"NKG","14:07:31",22.85,0.15,10000,5227300,"S"
"NKG","14:07:29",22.85,0.15,200,5217300,"S"
"NKG","14:07:27",22.85,0.15,800,5217100,"S"
"NKG","14:07:24",22.85,0.15,100,5216300,"S"
"NKG","14:07:18",22.85,0.15,200,5216200,"S"
"NKG","14:07:16",22.85,0.15,300,5216000,"S"
"NKG","14:07:01",22.85,0.15,800,5215700,"S"
"NKG","14:06:31",22.85,0.15,800,5214900,"S"
"NKG","14:06:27",22.8,0.1,9000,5214100,"B"
"NKG","14:06:25",22.85,0.15,19600,5205100,"B"
"NKG","14:06:17",22.9,0.2,800,5185500,"S"
"NKG","14:06:10",22.9,0.2,500,5184700,"S"
"NKG","14:06:04",22.85,0.15,200,5184200,"B"
"NKG","14:05:55",22.9,0.2,100,5184000,"S"
"NKG","14:05:50",22.85,0.15,200,5183900,"B"
"NKG","14:05:49",22.9,0.2,800,5183700,"S"
"NKG","14:05:44",22.9,0.2,100,5182900,"S"
"NKG","14:05:38",22.85,0.15,6400,5182800,"S"
"NKG","14:05:37",22.85,0.15,100,5176400,"S"
"NKG","14:05:31",22.85,0.15,10000,5176300,"S"
"NKG","14:05:18",22.85,0.15,800,5166300,"S"
"NKG","14:05:15",22.8,0.1,10000,5165500,"B"
"NKG","14:05:10",22.8,0.1,2000,5155500,"B"
"NKG","14:05:06",22.8,0.1,50000,5153500,"B"
"NKG","14:05:03",22.85,0.15,2000,5103500,"S"
"NKG","14:05:00",22.85,0.15,1000,5101500,"S"
"NKG","14:04:44",22.8,0.1,3400,5100500,"S"
"NKG","14:04:42",22.8,0.1,1100,5097100,"B"
"NKG","14:04:39",22.8,0.1,10000,5096000,"S"
"NKG","14:04:38",22.75,0.05,700,5086000,"B"
"NKG","14:04:36",22.8,0.1,15000,5085300,"S"
"NKG","14:04:35",22.75,0.05,15000,5070300,"B"
"NKG","14:04:30",22.8,0.1,200,5055300,"S"
"NKG","14:04:25",22.75,0.05,14600,5055100,"B"
"NKG","14:04:14",22.8,0.1,100,5040500,"S"
"NKG","14:04:12",22.75,0.05,100,5040400,"B"
"NKG","14:04:04",22.75,0.05,100,5040300,"B"
"NKG","14:04:04",22.8,0.1,100,5040200,"S"
"NKG","14:04:00",22.75,0.05,600,5040100,"B"
"NKG","14:03:47",22.75,0.05,5700,5039500,"B"
"NKG","14:03:38",22.75,0.05,1900,5033800,"B"
"NKG","14:03:34",22.75,0.05,1000,5031900,"B"
"NKG","14:03:30",22.75,0.05,500,5030900,"B"
"NKG","14:03:30",22.8,0.1,1000,5030400,"S"
"NKG","14:03:25",22.8,0.1,100,5029400,"S"
"NKG","14:03:17",22.8,0.1,100,5029300,"S"
"NKG","14:03:15",22.8,0.1,25500,5029200,"B"
"NKG","14:03:13",22.85,0.15,800,5003700,"S"
"NKG","14:03:10",22.8,0.1,1000,5002900,"B"
"NKG","14:03:09",22.8,0.1,10000,5001900,"B"
"NKG","14:03:01",22.8,0.1,2000,4991900,"B"
"NKG","14:02:56",22.8,0.1,1500,4989900,"B"
"NKG","14:02:56",22.8,0.1,400,4988400,"B"
"NKG","14:02:54",22.85,0.15,800,4988000,"S"
"NKG","14:02:35",22.85,0.15,800,4987200,"S"
"NKG","14:02:31",22.8,0.1,1000,4986400,"B"
"NKG","14:02:11",22.85,0.15,800,4985400,"S"
"NKG","14:02:07",22.8,0.1,1300,4984600,"B"
"NKG","14:02:06",22.8,0.1,200,4983300,"B"
"NKG","14:01:52",22.8,0.1,3100,4983100,"B"
"NKG","14:01:48",22.85,0.15,1000,4980000,"S"
"NKG","14:01:46",22.85,0.15,1000,4979000,"S"
"NKG","14:01:44",22.85,0.15,500,4978000,"S"
"NKG","14:01:36",22.85,0.15,3000,4977500,"S"
"NKG","14:01:31",22.85,0.15,700,4974500,"S"
"NKG","14:01:17",22.85,0.15,1500,4973800,"S"
"NKG","14:01:17",22.8,0.1,500,4972300,"B"
"NKG","14:01:11",22.85,0.15,500,4971800,"S"
"NKG","14:00:56",22.8,0.1,7000,4971300,"B"
"NKG","14:00:43",22.8,0.1,3000,4964300,"B"
"NKG","14:00:38",22.85,0.15,5000,4961300,"S"
"NKG","14:00:33",22.8,0.1,1600,4956300,"B"
"NKG","14:00:32",22.8,0.1,1000,4954700,"B"
"NKG","14:00:31",22.85,0.15,4000,4953700,"S"
"NKG","14:00:22",22.8,0.1,100,4949700,"B"
"NKG","14:00:19",22.85,0.15,100,4949600,"S"
"NKG","13:59:56",22.85,0.15,200,4949500,"S"
"NKG","13:59:55",22.85,0.15,100,4949300,"S"
"NKG","13:59:50",22.85,0.15,100,4949200,"S"
"NKG","13:59:48",22.8,0.1,1000,4949100,"B"
"NKG","13:59:44",22.85,0.15,100,4948100,"S"
"NKG","13:59:38",22.85,0.15,100,4948000,"S"
"NKG","13:59:31",22.85,0.15,9700,4947900,"S"
"NKG","13:59:30",22.85,0.15,200,4938200,"S"
"NKG","13:59:30",22.85,0.15,300,4938000,"S"
"NKG","13:59:29",22.85,0.15,31500,4937700,"B"
"NKG","13:59:25",22.9,0.2,5000,4906200,"S"
"NKG","13:59:24",22.9,0.2,8000,4901200,"S"
"NKG","13:59:22",22.9,0.2,5000,4893200,"S"
"NKG","13:59:21",22.9,0.2,200,4888200,"S"
"NKG","13:59:18",22.85,0.15,9000,4888000,"B"
"NKG","13:59:07",22.9,0.2,1000,4879000,"S"
"NKG","13:59:02",22.85,0.15,2000,4878000,"B"
"NKG","13:58:52",22.9,0.2,5000,4876000,"S"
"NKG","13:58:49",22.9,0.2,32100,4871000,"B"
"NKG","13:58:25",22.9,0.2,100,4838900,"B"
"NKG","13:58:22",22.9,0.2,1000,4838800,"B"
"NKG","13:57:55",22.9,0.2,300,4837800,"S"
"NKG","13:57:45",22.9,0.2,10700,4837500,"B"
"NKG","13:57:18",22.95,0.25,10000,4826800,"S"
"NKG","13:56:47",22.9,0.2,1600,4816800,"S"
"NKG","13:56:45",22.9,0.2,17500,4815200,"B"
"NKG","13:56:16",22.95,0.25,400,4797700,"S"
"NKG","13:55:54",22.9,0.2,100,4797300,"B"
"NKG","13:55:45",22.95,0.25,100,4797200,"S"
"NKG","13:55:26",22.95,0.25,300,4797100,"S"
"NKG","13:55:23",22.9,0.2,5000,4796800,"B"
"NKG","13:55:20",22.9,0.2,1000,4791800,"B"
"NKG","13:55:15",22.9,0.2,4700,4790800,"B"
"NKG","13:54:57",22.9,0.2,9000,4786100,"B"
"NKG","13:54:56",22.9,0.2,2000,4777100,"B"
"NKG","13:54:24",22.9,0.2,1000,4775100,"B"
"NKG","13:54:18",22.9,0.2,1000,4774100,"B"
"NKG","13:54:17",22.95,0.25,2600,4773100,"S"
"NKG","13:54:03",22.9,0.2,200,4770500,"B"
"NKG","13:53:45",22.9,0.2,200,4770300,"B"
"NKG","13:53:33",22.9,0.2,200,4770100,"B"
"NKG","13:53:22",22.9,0.2,900,4769900,"B"
"NKG","13:52:03",22.9,0.2,10000,4769000,"B"
"NKG","13:51:56",22.95,0.25,4700,4759000,"B"
"NKG","13:51:48",22.95,0.25,50000,4754300,"B"
"NKG","13:51:40",22.95,0.25,13400,4704300,"B"
"NKG","13:51:40",22.95,0.25,2100,4690900,"B"
"NKG","13:51:18",23,0.3,37700,4688800,"B"
"NKG","13:51:16",23,0.3,6000,4651100,"B"
"NKG","13:51:00",23,0.3,100,4645100,"B"
"NKG","13:50:47",23,0.3,2000,4645000,"B"
"NKG","13:50:28",23,0.3,400,4643000,"B"
"NKG","13:50:26",23,0.3,300,4642600,"B"
"NKG","13:49:53",23.05,0.35,300,4642300,"S"
"NKG","13:49:39",23,0.3,100,4642000,"B"
"NKG","13:48:59",23,0.3,1000,4641900,"B"
"NKG","13:48:50",23,0.3,1000,4640900,"B"
"NKG","13:48:24",23.05,0.35,100,4639900,"S"
"NKG","13:48:21",23,0.3,10000,4639800,"B"
"NKG","13:48:12",23,0.3,3000,4629800,"B"
"NKG","13:48:09",23,0.3,300,4626800,"B"
"NKG","13:48:06",23,0.3,2000,4626500,"B"
"NKG","13:47:48",23,0.3,100,4624500,"B"
"NKG","13:47:45",23,0.3,100,4624400,"B"
"NKG","13:47:32",23,0.3,100,4624300,"B"
"NKG","13:46:42",23,0.3,1000,4624200,"B"
"NKG","13:46:29",23,0.3,100,4623200,"B"
"NKG","13:46:13",23.05,0.35,5000,4623100,"S"
"NKG","13:46:09",23,0.3,100,4618100,"B"
"NKG","13:45:58",23.05,0.35,200,4618000,"S"
"NKG","13:45:54",23.05,0.35,1000,4617800,"S"
"NKG","13:45:46",23.05,0.35,1200,4616800,"B"
"NKG","13:45:28",23.1,0.4,700,4615600,"S"
"NKG","13:45:07",23.1,0.4,1700,4614900,"S"
"NKG","13:45:04",23.05,0.35,19000,4613200,"B"
"NKG","13:44:40",23.05,0.35,500,4589200,"B"
"NKG","13:44:38",23.05,0.35,1800,4588700,"B"
"NKG","13:44:24",23.05,0.35,1000,4586900,"B"
"NKG","13:44:17",23,0.3,3000,4585900,"B"
"NKG","13:44:10",23.05,0.35,14400,4582900,"S"
"NKG","13:44:05",23.05,0.35,20000,4568500,"S"
"NKG","13:43:57",23,0.3,111900,4548500,"S"
"NKG","13:43:56",23,0.3,500,4436600,"S"
"NKG","13:43:23",23,0.3,500,4436100,"S"
"NKG","13:42:22",23,0.3,400,4435600,"S"
"NKG","13:42:13",23,0.3,4000,4435200,"S"
"NKG","13:42:11",22.9,0.2,600,4431200,"B"
"NKG","13:42:11",22.95,0.25,400,4430600,"B"
"NKG","13:41:48",23,0.3,18900,4430200,"S"
"NKG","13:41:48",22.95,0.25,21100,4411300,"S"
"NKG","13:41:45",22.95,0.25,200,4390200,"S"
"NKG","13:41:39",22.95,0.25,100,4390000,"S"
"NKG","13:41:35",22.95,0.25,1000,4389900,"S"
"NKG","13:41:27",22.95,0.25,77700,4388900,"B"
"NKG","13:40:43",22.95,0.25,100,4311200,"B"
"NKG","13:39:56",23,0.3,500,4311100,"S"
"NKG","13:39:18",23,0.3,100,4310600,"S"
"NKG","13:39:14",22.95,0.25,1000,4310500,"B"
"NKG","13:38:39",22.95,0.25,300,4309500,"B"
"NKG","13:38:18",22.95,0.25,500,4309200,"B"
"NKG","13:38:08",22.95,0.25,100,4308700,"B"
"NKG","13:36:45",22.95,0.25,100,4308600,"B"
"NKG","13:36:09",23,0.3,100,4308500,"S"
"NKG","13:36:04",23,0.3,400,4308400,"S"
"NKG","13:34:57",23,0.3,5900,4308000,"B"
"NKG","13:34:49",23,0.3,100,4302100,"B"
"NKG","13:34:32",23,0.3,500,4302000,"B"
"NKG","13:34:16",23,0.3,400,4301500,"B"
"NKG","13:34:06",23,0.3,6500,4301100,"S"
"NKG","13:34:03",23,0.3,500,4294600,"S"
"NKG","13:34:01",23,0.3,3500,4294100,"S"
"NKG","13:33:40",23,0.3,1000,4290600,"S"
"NKG","13:33:27",23,0.3,200,4289600,"S"
"NKG","13:33:26",23,0.3,10000,4289400,"S"
"NKG","13:33:23",23,0.3,500,4279400,"S"
"NKG","13:33:05",23,0.3,8800,4278900,"S"
"NKG","13:32:56",22.95,0.25,1400,4270100,"B"
"NKG","13:32:51",23,0.3,1000,4268700,"S"
"NKG","13:32:35",22.95,0.25,6400,4267700,"S"
"NKG","13:32:32",22.95,0.25,20000,4261300,"S"
"NKG","13:32:13",22.95,0.25,4000,4241300,"S"
"NKG","13:32:10",22.95,0.25,8000,4237300,"S"
"NKG","13:32:09",22.9,0.2,1400,4229300,"B"
"NKG","13:32:06",22.95,0.25,300,4227900,"S"
"NKG","13:31:44",22.95,0.25,2300,4227600,"S"
"NKG","13:31:26",22.9,0.2,10000,4225300,"S"
"NKG","13:31:24",22.9,0.2,1800,4215300,"S"
"NKG","13:30:58",22.9,0.2,28400,4213500,"B"
"NKG","13:30:55",22.9,0.2,7000,4185100,"B"
"NKG","13:30:47",22.9,0.2,700,4178100,"B"
"NKG","13:30:38",22.9,0.2,500,4177400,"B"
"NKG","13:30:23",22.9,0.2,200,4176900,"B"
"NKG","13:30:21",22.9,0.2,3800,4176700,"B"
"NKG","13:30:13",22.95,0.25,500,4172900,"S"
"NKG","13:29:57",22.9,0.2,5000,4172400,"B"
"NKG","13:29:24",22.9,0.2,5000,4167400,"B"
"NKG","13:28:35",22.9,0.2,100,4162400,"B"
"NKG","13:28:26",22.9,0.2,5000,4162300,"B"
"NKG","13:28:21",22.9,0.2,500,4157300,"B"
"NKG","13:28:10",22.9,0.2,100,4156800,"B"
"NKG","13:27:53",22.9,0.2,1300,4156700,"B"
"NKG","13:27:47",22.95,0.25,100,4155400,"S"
"NKG","13:27:43",22.9,0.2,2000,4155300,"B"
"NKG","13:27:36",22.9,0.2,100,4153300,"B"
"NKG","13:27:23",22.9,0.2,1200,4153200,"B"
"NKG","13:27:12",22.9,0.2,5000,4152000,"B"
"NKG","13:26:58",22.9,0.2,2700,4147000,"B"
"NKG","13:26:49",22.9,0.2,300,4144300,"B"
"NKG","13:26:44",22.9,0.2,500,4144000,"B"
"NKG","13:26:34",22.9,0.2,1600,4143500,"B"
"NKG","13:26:31",22.9,0.2,400,4141900,"B"
"NKG","13:26:05",22.9,0.2,400,4141500,"B"
"NKG","13:25:59",22.9,0.2,100,4141100,"B"
"NKG","13:25:54",22.9,0.2,500,4141000,"B"
"NKG","13:25:52",22.95,0.25,1000,4140500,"S"
"NKG","13:25:04",22.95,0.25,1000,4139500,"S"
"NKG","13:24:57",22.95,0.25,300,4138500,"S"
"NKG","13:24:47",22.95,0.25,1000,4138200,"S"
"NKG","13:24:44",22.95,0.25,1100,4137200,"S"
"NKG","13:24:42",22.9,0.2,200,4136100,"B"
"NKG","13:24:18",22.95,0.25,200,4135900,"S"
"NKG","13:23:53",22.9,0.2,500,4135700,"B"
"NKG","13:23:50",22.9,0.2,3000,4135200,"B"
"NKG","13:23:18",22.95,0.25,500,4132200,"S"
"NKG","13:22:40",22.9,0.2,100,4131700,"B"
"NKG","13:22:28",22.9,0.2,500,4131600,"B"
"NKG","13:22:15",22.9,0.2,2000,4131100,"B"
"NKG","13:22:10",22.9,0.2,300,4129100,"B"
"NKG","13:21:53",22.9,0.2,2000,4128800,"B"
"NKG","13:21:41",22.95,0.25,200,4126800,"S"
"NKG","13:21:19",22.95,0.25,600,4126600,"B"
"NKG","13:21:17",22.95,0.25,1000,4126000,"B"
"NKG","13:21:06",22.95,0.25,500,4125000,"B"
"NKG","13:20:59",22.95,0.25,1000,4124500,"B"
"NKG","13:20:26",22.95,0.25,6000,4123500,"S"
"NKG","13:20:04",22.95,0.25,200,4117500,"S"
"NKG","13:19:59",22.9,0.2,500,4117300,"B"
"NKG","13:19:58",22.95,0.25,100,4116800,"S"
"NKG","13:19:52",22.95,0.25,200,4116700,"S"
"NKG","13:19:19",22.95,0.25,5000,4116500,"S"
"NKG","13:19:05",22.95,0.25,500,4111500,"S"
"NKG","13:19:02",22.9,0.2,3500,4111000,"B"
"NKG","13:18:58",22.95,0.25,2000,4107500,"S"
"NKG","13:18:47",22.95,0.25,400,4105500,"S"
"NKG","13:18:46",22.9,0.2,100,4105100,"B"
"NKG","13:18:45",22.9,0.2,2000,4105000,"B"
"NKG","13:18:44",22.95,0.25,10000,4103000,"S"
"NKG","13:18:12",22.95,0.25,3300,4093000,"B"
"NKG","13:18:09",22.95,0.25,200,4089700,"B"
"NKG","13:18:02",22.95,0.25,13800,4089500,"B"
"NKG","13:18:00",22.95,0.25,3000,4075700,"B"
"NKG","13:17:47",22.95,0.25,10000,4072700,"B"
"NKG","13:17:33",22.95,0.25,2000,4062700,"B"
"NKG","13:17:27",22.95,0.25,1000,4060700,"B"
"NKG","13:17:25",22.95,0.25,5000,4059700,"B"
"NKG","13:16:52",22.95,0.25,3000,4054700,"B"
"NKG","13:16:45",22.95,0.25,100,4051700,"B"
"NKG","13:16:40",22.95,0.25,200,4051600,"B"
"NKG","13:16:14",22.95,0.25,500,4051400,"B"
"NKG","13:16:10",23,0.3,100,4050900,"S"
"NKG","13:15:50",23,0.3,300,4050800,"S"
"NKG","13:15:37",23,0.3,2500,4050500,"B"
"NKG","13:15:37",23.05,0.35,3000,4048000,"S"
"NKG","13:15:36",23,0.3,10000,4045000,"B"
"NKG","13:15:33",23,0.3,600,4035000,"B"
"NKG","13:15:33",23,0.3,500,4034400,"B"
"NKG","13:15:27",23,0.3,20000,4033900,"B"
"NKG","13:15:25",23,0.3,3000,4013900,"B"
"NKG","13:15:06",23,0.3,1100,4010900,"B"
"NKG","13:15:04",23,0.3,10000,4009800,"B"
"NKG","13:14:50",23,0.3,1000,3999800,"B"
"NKG","13:14:13",23,0.3,10000,3998800,"B"
"NKG","13:14:08",23.05,0.35,800,3988800,"S"
"NKG","13:14:04",23.05,0.35,100,3988000,"S"
"NKG","13:13:39",23.05,0.35,5000,3987900,"S"
"NKG","13:13:16",23,0.3,1000,3982900,"B"
"NKG","13:13:05",23,0.3,300,3981900,"B"
"NKG","13:13:03",23.05,0.35,800,3981600,"S"
"NKG","13:12:48",23,0.3,100,3980800,"B"
"NKG","13:12:32",23,0.3,4200,3980700,"S"
"NKG","13:12:31",23,0.3,1000,3976500,"S"
"NKG","13:12:05",23,0.3,1000,3975500,"S"
"NKG","13:11:55",23,0.3,9000,3974500,"S"
"NKG","13:11:25",22.95,0.25,1500,3965500,"B"
"NKG","13:11:12",23,0.3,100,3964000,"S"
"NKG","13:11:11",23,0.3,16200,3963900,"B"
"NKG","13:10:50",23,0.3,2300,3947700,"B"
"NKG","13:10:50",23.05,0.35,800,3945400,"B"
"NKG","13:10:50",23.05,0.35,1200,3944600,"B"
"NKG","13:10:48",23.05,0.35,8000,3943400,"B"
"NKG","13:10:46",23.05,0.35,200,3935400,"B"
"NKG","13:10:43",23.05,0.35,1000,3935200,"B"
"NKG","13:10:42",23.05,0.35,1000,3934200,"B"
"NKG","13:10:40",23.05,0.35,6000,3933200,"B"
"NKG","13:10:39",23.05,0.35,30000,3927200,"B"
"NKG","13:10:11",23.05,0.35,500,3897200,"B"
"NKG","13:10:05",23.1,0.4,2000,3896700,"S"
"NKG","13:09:40",23.05,0.35,100,3894700,"B"
"NKG","13:09:31",23.05,0.35,500,3894600,"B"
"NKG","13:09:23",23.05,0.35,100,3894100,"B"
"NKG","13:08:45",23.05,0.35,1000,3894000,"B"
"NKG","13:08:34",23.05,0.35,600,3893000,"B"
"NKG","13:08:02",23.05,0.35,300,3892400,"B"
"NKG","13:08:00",23.05,0.35,100,3892100,"S"
"NKG","13:07:50",23.05,0.35,700,3892000,"S"
"NKG","13:07:49",23.05,0.35,12900,3891300,"S"
"NKG","13:07:43",23.05,0.35,4000,3878400,"S"
"NKG","13:07:08",23.05,0.35,500,3874400,"S"
"NKG","13:07:07",23,0.3,1000,3873900,"B"
"NKG","13:06:46",23,0.3,500,3872900,"B"
"NKG","13:05:53",23,0.3,23900,3872400,"S"
"NKG","13:05:37",22.95,0.25,4700,3848500,"B"
"NKG","13:05:28",23,0.3,200,3843800,"S"
"NKG","13:05:23",23,0.3,500,3843600,"S"
"NKG","13:05:01",23,0.3,500,3843100,"S"
"NKG","13:04:52",22.95,0.25,300,3842600,"B"
"NKG","13:04:36",23,0.3,100,3842300,"S"
"NKG","13:04:27",22.95,0.25,300,3842200,"B"
"NKG","13:03:48",22.95,0.25,100,3841900,"B"
"NKG","13:02:50",22.95,0.25,100,3841800,"B"
"NKG","13:02:38",23,0.3,9500,3841700,"B"
"NKG","13:02:36",23,0.3,1000,3832200,"B"
"NKG","13:02:32",23,0.3,5000,3831200,"B"
"NKG","13:02:31",23,0.3,20000,3826200,"B"
"NKG","13:02:25",23,0.3,20000,3806200,"B"
"NKG","13:02:07",23,0.3,27500,3786200,"B"
"NKG","13:01:51",23.05,0.35,1000,3758700,"S"
"NKG","13:01:48",23.05,0.35,200,3757700,"S"
"NKG","13:01:06",23.05,0.35,1000,3757500,"S"
"NKG","13:00:26",23.05,0.35,10400,3756500,"S"
"NKG","13:00:24",23.05,0.35,6700,3746100,"B"
"NKG","13:00:18",23.05,0.35,1000,3739400,"B"
"NKG","13:00:13",23.05,0.35,2000,3738400,"B"
"NKG","13:00:11",23.05,0.35,6600,3736400,"S"
"NKG","13:00:11",23,0.3,1000,3729800,"B"
"NKG","13:00:10",23,0.3,2500,3728800,"B"
"NKG","13:00:08",23,0.3,4300,3726300,"B"
"NKG","13:00:07",23.05,0.35,100,3722000,"S"
"NKG","13:00:03",23.05,0.35,100,3721900,"S"
"NKG","13:00:02",23,0.3,5000,3721800,"B"
"NKG","13:00:01",23,0.3,500,3716800,"B"
"NKG","13:00:00",23,0.3,1100,3716300,"B"
"NKG","11:29:36",23,0.3,4000,3715200,"B"
"NKG","11:29:21",23.05,0.35,500,3711200,"S"
"NKG","11:29:19",23.05,0.35,900,3710700,"S"
"NKG","11:28:03",23.05,0.35,100,3709800,"S"
"NKG","11:27:57",23.05,0.35,500,3709700,"S"
"NKG","11:27:29",23.05,0.35,300,3709200,"B"
"NKG","11:27:15",23.05,0.35,500,3708900,"B"
"NKG","11:26:57",23.05,0.35,500,3708400,"B"
"NKG","11:26:50",23.05,0.35,100,3707900,"B"
"NKG","11:26:49",23.05,0.35,5000,3707800,"B"
"NKG","11:26:47",23.05,0.35,1000,3702800,"B"
"NKG","11:26:32",23.05,0.35,1000,3701800,"B"
"NKG","11:26:03",23.05,0.35,1000,3700800,"B"
"NKG","11:25:51",23.05,0.35,500,3699800,"B"
"NKG","11:25:48",23.05,0.35,200,3699300,"B"
"NKG","11:25:39",23.05,0.35,100,3699100,"B"
"NKG","11:25:30",23.05,0.35,1400,3699000,"S"
"NKG","11:25:24",23.05,0.35,5000,3697600,"S"
"NKG","11:24:56",23.05,0.35,4500,3692600,"B"
"NKG","11:24:13",23.05,0.35,500,3688100,"B"
"NKG","11:24:10",23.05,0.35,3000,3687600,"B"
"NKG","11:24:09",23.05,0.35,100,3684600,"B"
"NKG","11:24:06",23.05,0.35,4000,3684500,"B"
"NKG","11:24:05",23.05,0.35,1000,3680500,"B"
"NKG","11:23:53",23.05,0.35,1100,3679500,"S"
"NKG","11:23:38",23.05,0.35,1000,3678400,"S"
"NKG","11:23:35",23.05,0.35,200,3677400,"B"
"NKG","11:23:35",23.1,0.4,300,3677200,"S"
"NKG","11:23:32",23.05,0.35,10000,3676900,"B"
"NKG","11:23:31",23.05,0.35,500,3666900,"B"
"NKG","11:23:12",23.05,0.35,500,3666400,"B"
"NKG","11:22:55",23.05,0.35,1000,3665900,"B"
"NKG","11:22:48",23.05,0.35,300,3664900,"B"
"NKG","11:22:44",23.05,0.35,4000,3664600,"B"
"NKG","11:22:29",23.05,0.35,100,3660600,"B"
"NKG","11:22:20",23.05,0.35,2000,3660500,"B"
"NKG","11:22:14",23.1,0.4,200,3658500,"S"
"NKG","11:22:05",23.1,0.4,1000,3658300,"S"
"NKG","11:21:47",23.1,0.4,4000,3657300,"S"
"NKG","11:21:39",23.05,0.35,100,3653300,"B"
"NKG","11:21:06",23.1,0.4,1800,3653200,"S"
"NKG","11:21:06",23.05,0.35,300,3651400,"S"
"NKG","11:21:04",23.05,0.35,9700,3651100,"B"
"NKG","11:21:01",23.1,0.4,300,3641400,"S"
"NKG","11:20:50",23.05,0.35,10000,3641100,"B"
"NKG","11:20:47",23.1,0.4,1000,3631100,"S"
"NKG","11:20:47",23.1,0.4,100,3630100,"S"
"NKG","11:20:26",23.1,0.4,4400,3630000,"S"
"NKG","11:20:11",23.1,0.4,200,3625600,"S"
"NKG","11:20:06",23.05,0.35,1000,3625400,"B"
"NKG","11:20:03",23.05,0.35,10000,3624400,"B"
"NKG","11:19:43",23.05,0.35,10000,3614400,"B"
"NKG","11:19:35",23.05,0.35,100,3604400,"B"
"NKG","11:19:29",23.1,0.4,300,3604300,"S"
"NKG","11:19:24",23.05,0.35,19600,3604000,"S"
"NKG","11:19:19",23.05,0.35,2000,3584400,"S"
"NKG","11:19:12",23.05,0.35,1000,3582400,"S"
"NKG","11:19:09",23.05,0.35,500,3581400,"S"
"NKG","11:19:05",23.05,0.35,100,3580900,"S"
"NKG","11:19:00",23.05,0.35,2000,3580800,"S"
"NKG","11:18:45",23,0.3,500,3578800,"B"
"NKG","11:18:33",23,0.3,15000,3578300,"S"
"NKG","11:18:31",23,0.3,75000,3563300,"S"
"NKG","11:18:27",23,0.3,5000,3488300,"S"
"NKG","11:18:25",23,0.3,500,3483300,"S"
"NKG","11:18:13",23,0.3,10000,3482800,"S"
"NKG","11:18:07",22.95,0.25,200,3472800,"B"
"NKG","11:18:02",22.95,0.25,1000,3472600,"B"
"NKG","11:17:27",22.95,0.25,5000,3471600,"B"
"NKG","11:17:19",22.95,0.25,3500,3466600,"B"
"NKG","11:17:08",22.95,0.25,500,3463100,"S"
"NKG","11:17:07",22.95,0.25,5500,3462600,"B"
"NKG","11:17:05",23,0.3,1000,3457100,"S"
"NKG","11:17:00",23,0.3,1000,3456100,"S"
"NKG","11:16:56",22.95,0.25,1000,3455100,"B"
"NKG","11:16:46",22.95,0.25,2000,3454100,"S"
"NKG","11:16:45",22.95,0.25,1000,3452100,"B"
"NKG","11:16:37",22.95,0.25,26400,3451100,"S"
"NKG","11:16:01",22.9,0.2,1000,3424700,"B"
"NKG","11:15:47",22.9,0.2,36000,3423700,"S"
"NKG","11:15:46",22.9,0.2,200,3387700,"S"
"NKG","11:15:42",22.9,0.2,200,3387500,"S"
"NKG","11:15:36",22.9,0.2,1200,3387300,"S"
"NKG","11:15:33",22.9,0.2,3000,3386100,"S"
"NKG","11:15:31",22.9,0.2,59400,3383100,"S"
"NKG","11:15:24",22.9,0.2,2000,3323700,"S"
"NKG","11:15:19",22.9,0.2,1000,3321700,"S"
"NKG","11:15:19",22.85,0.15,1000,3320700,"B"
"NKG","11:15:14",22.9,0.2,10000,3319700,"S"
"NKG","11:15:13",22.9,0.2,1000,3309700,"S"
"NKG","11:15:00",22.9,0.2,1000,3308700,"S"
"NKG","11:14:59",22.9,0.2,1000,3307700,"S"
"NKG","11:14:23",22.9,0.2,1500,3306700,"S"
"NKG","11:14:06",22.9,0.2,7600,3305200,"S"
"NKG","11:14:00",22.9,0.2,100,3297600,"S"
"NKG","11:13:52",22.9,0.2,11100,3297500,"S"
"NKG","11:12:50",22.85,0.15,1000,3286400,"B"
"NKG","11:12:37",22.9,0.2,800,3285400,"S"
"NKG","11:12:26",22.85,0.15,2600,3284600,"B"
"NKG","11:12:01",22.9,0.2,400,3282000,"S"
"NKG","11:11:56",22.85,0.15,300,3281600,"B"
"NKG","11:11:29",22.9,0.2,1000,3281300,"S"
"NKG","11:11:27",22.9,0.2,100,3280300,"S"
"NKG","11:11:11",22.9,0.2,100,3280200,"S"
"NKG","11:11:09",22.9,0.2,100,3280100,"S"
"NKG","11:11:05",22.85,0.15,8500,3280000,"B"
"NKG","11:10:25",22.9,0.2,100,3271500,"S"
"NKG","11:10:22",22.85,0.15,1500,3271400,"B"
"NKG","11:09:54",22.9,0.2,1000,3269900,"S"
"NKG","11:09:01",22.9,0.2,3600,3268900,"S"
"NKG","11:08:57",22.9,0.2,500,3265300,"S"
"NKG","11:08:55",22.9,0.2,400,3264800,"S"
"NKG","11:08:54",22.9,0.2,100,3264400,"S"
"NKG","11:08:48",22.9,0.2,100,3264300,"S"
"NKG","11:08:30",22.9,0.2,32000,3264200,"S"
"NKG","11:06:55",22.85,0.15,3000,3232200,"B"
"NKG","11:06:47",22.85,0.15,10000,3229200,"B"
"NKG","11:06:02",22.85,0.15,2000,3219200,"B"
"NKG","11:05:39",22.9,0.2,5000,3217200,"S"
"NKG","11:05:32",22.9,0.2,1000,3212200,"S"
"NKG","11:05:02",22.85,0.15,100,3211200,"B"
"NKG","11:04:26",22.9,0.2,100,3211100,"S"
"NKG","11:04:04",22.9,0.2,800,3211000,"S"
"NKG","11:04:03",22.9,0.2,200,3210200,"S"
"NKG","11:03:50",22.9,0.2,100,3210000,"S"
"NKG","11:03:11",22.9,0.2,100,3209900,"S"
"NKG","11:03:00",22.9,0.2,1000,3209800,"S"
"NKG","11:02:54",22.85,0.15,1400,3208800,"B"
"NKG","11:02:52",22.9,0.2,100,3207400,"S"
"NKG","11:02:41",22.9,0.2,32000,3207300,"S"
"NKG","11:02:30",22.9,0.2,100,3175300,"S"
"NKG","11:01:51",22.9,0.2,1500,3175200,"S"
"NKG","11:01:47",22.9,0.2,100,3173700,"S"
"NKG","11:01:15",22.9,0.2,400,3173600,"S"
"NKG","11:01:07",22.9,0.2,100,3173200,"S"
"NKG","11:00:53",22.85,0.15,200,3173100,"B"
"NKG","11:00:30",22.85,0.15,2500,3172900,"B"
"NKG","11:00:21",22.85,0.15,100,3170400,"B"
"NKG","11:00:15",22.85,0.15,500,3170300,"B"
"NKG","11:00:09",22.85,0.15,2000,3169800,"B"
"NKG","11:00:05",22.9,0.2,5000,3167800,"S"
"NKG","10:59:57",22.85,0.15,23700,3162800,"S"
"NKG","10:59:34",22.85,0.15,1000,3139100,"S"
"NKG","10:59:03",22.8,0.1,12000,3138100,"B"
"NKG","10:58:42",22.85,0.15,200,3126100,"S"
"NKG","10:58:28",22.85,0.15,600,3125900,"S"
"NKG","10:58:27",22.85,0.15,100,3125300,"S"
"NKG","10:58:27",22.85,0.15,500,3125200,"S"
"NKG","10:58:09",22.8,0.1,1100,3124700,"B"
"NKG","10:57:42",22.8,0.1,4700,3123600,"S"
"NKG","10:57:41",22.8,0.1,2100,3118900,"S"
"NKG","10:57:36",22.8,0.1,200,3116800,"S"
"NKG","10:57:21",22.8,0.1,500,3116600,"S"
"NKG","10:56:21",22.8,0.1,1000,3116100,"S"
"NKG","10:56:19",22.8,0.1,2700,3115100,"B"
"NKG","10:55:36",22.8,0.1,200,3112400,"B"
"NKG","10:55:28",22.8,0.1,2100,3112200,"S"
"NKG","10:55:20",22.8,0.1,3500,3110100,"B"
"NKG","10:55:16",22.8,0.1,3000,3106600,"B"
"NKG","10:55:15",22.8,0.1,1000,3103600,"B"
"NKG","10:55:10",22.8,0.1,900,3102600,"B"
"NKG","10:55:09",22.8,0.1,5000,3101700,"B"
"NKG","10:55:06",22.8,0.1,6100,3096700,"B"
"NKG","10:54:50",22.8,0.1,10000,3090600,"B"
"NKG","10:54:27",22.8,0.1,5000,3080600,"B"
"NKG","10:54:03",22.8,0.1,10000,3075600,"B"
"NKG","10:53:56",22.8,0.1,5000,3065600,"B"
"NKG","10:53:49",22.8,0.1,15200,3060600,"B"
"NKG","10:53:48",22.8,0.1,1800,3045400,"B"
"NKG","10:53:42",22.8,0.1,10000,3043600,"B"
"NKG","10:53:37",22.8,0.1,2000,3033600,"B"
"NKG","10:53:34",22.85,0.15,12600,3031600,"S"
"NKG","10:53:33",22.8,0.1,4700,3019000,"B"
"NKG","10:53:30",22.8,0.1,500,3014300,"B"
"NKG","10:53:29",22.8,0.1,3600,3013800,"B"
"NKG","10:53:21",22.8,0.1,300,3010200,"B"
"NKG","10:53:00",22.8,0.1,600,3009900,"B"
"NKG","10:51:29",22.8,0.1,3000,3009300,"B"
"NKG","10:51:05",22.8,0.1,300,3006300,"B"
"NKG","10:50:57",22.8,0.1,200,3006000,"B"
"NKG","10:50:42",22.8,0.1,500,3005800,"B"
"NKG","10:50:40",22.8,0.1,200,3005300,"B"
"NKG","10:50:38",22.8,0.1,200,3005100,"B"
"NKG","10:50:21",22.8,0.1,2000,3004900,"B"
"NKG","10:49:51",22.85,0.15,3000,3002900,"S"
"NKG","10:49:25",22.85,0.15,600,2999900,"S"
"NKG","10:49:16",22.8,0.1,5000,2999300,"B"
"NKG","10:49:03",22.85,0.15,300,2994300,"S"
"NKG","10:47:53",22.85,0.15,200,2994000,"S"
"NKG","10:47:41",22.85,0.15,500,2993800,"B"
"NKG","10:47:37",22.85,0.15,5000,2993300,"B"
"NKG","10:47:34",22.85,0.15,500,2988300,"B"
"NKG","10:47:31",22.85,0.15,1000,2987800,"B"
"NKG","10:47:29",22.85,0.15,1000,2986800,"B"
"NKG","10:47:14",22.85,0.15,3500,2985800,"B"
"NKG","10:47:06",22.9,0.2,200,2982300,"S"
"NKG","10:47:02",22.85,0.15,2000,2982100,"B"
"NKG","10:46:52",22.9,0.2,1100,2980100,"S"
"NKG","10:46:41",22.85,0.15,300,2979000,"B"
"NKG","10:46:33",22.85,0.15,2000,2978700,"B"
"NKG","10:46:27",22.85,0.15,2000,2976700,"B"
"NKG","10:46:17",22.85,0.15,800,2974700,"B"
"NKG","10:46:10",22.85,0.15,2000,2973900,"B"
"NKG","10:45:49",22.85,0.15,2500,2971900,"B"
"NKG","10:45:12",22.85,0.15,300,2969400,"B"
"NKG","10:45:11",22.85,0.15,1600,2969100,"S"
"NKG","10:45:00",22.8,0.1,1500,2967500,"B"
"NKG","10:44:42",22.85,0.15,900,2966000,"B"
"NKG","10:44:12",22.85,0.15,100,2965100,"S"
"NKG","10:43:52",22.85,0.15,500,2965000,"S"
"NKG","10:43:49",22.85,0.15,10000,2964500,"S"
"NKG","10:43:46",22.85,0.15,2000,2954500,"S"
"NKG","10:43:07",22.85,0.15,1500,2952500,"S"
"NKG","10:42:52",22.85,0.15,9600,2951000,"B"
"NKG","10:42:42",22.85,0.15,500,2941400,"B"
"NKG","10:42:38",22.85,0.15,10000,2940900,"B"
"NKG","10:42:32",22.85,0.15,10000,2930900,"B"
"NKG","10:42:32",22.85,0.15,2000,2920900,"B"
"NKG","10:42:13",22.85,0.15,4000,2918900,"B"
"NKG","10:41:57",22.85,0.15,3500,2914900,"B"
"NKG","10:41:54",22.85,0.15,5000,2911400,"B"
"NKG","10:41:39",22.85,0.15,100,2906400,"B"
"NKG","10:41:38",22.85,0.15,1000,2906300,"B"
"NKG","10:41:36",22.9,0.2,1000,2905300,"S"
"NKG","10:41:26",22.85,0.15,3200,2904300,"B"
"NKG","10:41:15",22.85,0.15,500,2901100,"B"
"NKG","10:41:14",22.85,0.15,100,2900600,"B"
"NKG","10:41:09",22.85,0.15,300,2900500,"B"
"NKG","10:40:25",22.85,0.15,200,2900200,"B"
"NKG","10:40:22",22.9,0.2,2300,2900000,"S"
"NKG","10:40:14",22.85,0.15,15000,2897700,"B"
"NKG","10:40:12",22.85,0.15,500,2882700,"B"
"NKG","10:40:07",22.85,0.15,1000,2882200,"B"
"NKG","10:40:00",22.85,0.15,500,2881200,"B"
"NKG","10:39:55",22.9,0.2,1000,2880700,"S"
"NKG","10:39:32",22.85,0.15,10000,2879700,"B"
"NKG","10:39:08",22.9,0.2,5000,2869700,"S"
"NKG","10:38:57",22.85,0.15,100,2864700,"B"
"NKG","10:38:40",22.85,0.15,100,2864600,"B"
"NKG","10:38:17",22.85,0.15,500,2864500,"B"
"NKG","10:38:03",22.9,0.2,4700,2864000,"S"
"NKG","10:37:49",22.85,0.15,1000,2859300,"B"
"NKG","10:37:17",22.85,0.15,9000,2858300,"S"
"NKG","10:37:16",22.85,0.15,300,2849300,"S"
"NKG","10:37:12",22.85,0.15,29300,2849000,"S"
"NKG","10:37:11",22.85,0.15,4000,2819700,"S"
"NKG","10:37:07",22.85,0.15,7400,2815700,"B"
"NKG","10:37:05",22.85,0.15,4000,2808300,"B"
"NKG","10:37:01",22.9,0.2,2000,2804300,"S"
"NKG","10:36:51",22.85,0.15,300,2802300,"B"
"NKG","10:36:46",22.9,0.2,10000,2802000,"S"
"NKG","10:36:24",22.85,0.15,100,2792000,"B"
"NKG","10:36:17",22.85,0.15,1000,2791900,"B"
"NKG","10:35:53",22.85,0.15,3000,2790900,"B"
"NKG","10:35:38",22.85,0.15,12100,2787900,"B"
"NKG","10:35:37",22.85,0.15,2900,2775800,"B"
"NKG","10:35:19",22.85,0.15,100,2772900,"S"
"NKG","10:35:14",22.85,0.15,2900,2772800,"B"
"NKG","10:34:46",22.85,0.15,100,2769900,"B"
"NKG","10:34:38",22.85,0.15,400,2769800,"B"
"NKG","10:34:25",22.85,0.15,14600,2769400,"S"
"NKG","10:34:17",22.85,0.15,500,2754800,"S"
"NKG","10:34:15",22.85,0.15,1000,2754300,"S"
"NKG","10:34:09",22.85,0.15,41200,2753300,"S"
"NKG","10:34:06",22.85,0.15,3000,2712100,"S"
"NKG","10:34:03",22.85,0.15,2200,2709100,"S"
"NKG","10:34:01",22.85,0.15,1000,2706900,"S"
"NKG","10:33:57",22.85,0.15,100,2705900,"S"
"NKG","10:33:50",22.85,0.15,100,2705800,"S"
"NKG","10:33:44",22.85,0.15,2000,2705700,"S"
"NKG","10:33:38",22.85,0.15,900,2703700,"S"
"NKG","10:33:34",22.85,0.15,12000,2702800,"S"
"NKG","10:33:33",22.85,0.15,100,2690800,"S"
"NKG","10:33:24",22.85,0.15,1000,2690700,"S"
"NKG","10:33:18",22.8,0.1,10000,2689700,"B"
"NKG","10:33:10",22.8,0.1,300,2679700,"B"
"NKG","10:33:05",22.8,0.1,200,2679400,"B"
"NKG","10:32:52",22.8,0.1,1000,2679200,"B"
"NKG","10:32:46",22.8,0.1,300,2678200,"B"
"NKG","10:32:42",22.8,0.1,300,2677900,"B"
"NKG","10:32:35",22.8,0.1,1000,2677600,"B"
"NKG","10:32:14",22.8,0.1,1000,2676600,"B"
"NKG","10:32:08",22.8,0.1,300,2675600,"B"
"NKG","10:32:05",22.8,0.1,2000,2675300,"B"
"NKG","10:31:53",22.8,0.1,9000,2673300,"B"
"NKG","10:31:16",22.8,0.1,32600,2664300,"S"
"NKG","10:31:15",22.8,0.1,5000,2631700,"S"
"NKG","10:30:29",22.8,0.1,100,2626700,"S"
"NKG","10:30:23",22.8,0.1,4300,2626600,"S"
"NKG","10:30:11",22.8,0.1,3000,2622300,"S"
"NKG","10:30:10",22.8,0.1,100,2619300,"S"
"NKG","10:30:05",22.8,0.1,2000,2619200,"S"
"NKG","10:29:23",22.8,0.1,500,2617200,"S"
"NKG","10:29:09",22.8,0.1,200,2616700,"S"
"NKG","10:28:49",22.8,0.1,500,2616500,"S"
"NKG","10:28:46",22.8,0.1,10000,2616000,"S"
"NKG","10:28:34",22.75,0.05,6000,2606000,"B"
"NKG","10:27:23",22.75,0.05,3000,2600000,"B"
"NKG","10:27:12",22.75,0.05,2000,2597000,"B"
"NKG","10:26:58",22.75,0.05,500,2595000,"B"
"NKG","10:26:48",22.75,0.05,6100,2594500,"S"
"NKG","10:26:47",22.75,0.05,1000,2588400,"S"
"NKG","10:26:46",22.75,0.05,1000,2587400,"S"
"NKG","10:26:44",22.75,0.05,7000,2586400,"S"
"NKG","10:26:38",22.75,0.05,1000,2579400,"S"
"NKG","10:26:36",22.75,0.05,100,2578400,"S"
"NKG","10:26:35",22.75,0.05,10000,2578300,"S"
"NKG","10:26:29",22.75,0.05,200,2568300,"S"
"NKG","10:26:25",22.75,0.05,5000,2568100,"S"
"NKG","10:26:17",22.75,0.05,100,2563100,"S"
"NKG","10:26:11",22.75,0.05,4200,2563000,"S"
"NKG","10:26:10",22.75,0.05,800,2558800,"S"
"NKG","10:26:09",22.75,0.05,500,2558000,"S"
"NKG","10:26:06",22.75,0.05,400,2557500,"S"
"NKG","10:26:05",22.75,0.05,200,2557100,"S"
"NKG","10:25:56",22.75,0.05,2000,2556900,"S"
"NKG","10:25:51",22.75,0.05,2000,2554900,"S"
"NKG","10:25:49",22.75,0.05,100,2552900,"S"
"NKG","10:25:46",22.75,0.05,1000,2552800,"S"
"NKG","10:25:37",22.75,0.05,100,2551800,"S"
"NKG","10:25:35",22.75,0.05,10000,2551700,"S"
"NKG","10:25:23",22.75,0.05,7000,2541700,"S"
"NKG","10:25:14",22.75,0.05,200,2534700,"S"
"NKG","10:25:12",22.7,0,500,2534500,"B"
"NKG","10:25:10",22.75,0.05,1000,2534000,"S"
"NKG","10:24:49",22.75,0.05,500,2533000,"S"
"NKG","10:24:41",22.7,0,20900,2532500,"S"
"NKG","10:24:37",22.7,0,100,2511600,"S"
"NKG","10:24:31",22.7,0,1200,2511500,"S"
"NKG","10:24:28",22.7,0,200,2510300,"S"
"NKG","10:24:19",22.7,0,100,2510100,"S"
"NKG","10:24:18",22.7,0,4000,2510000,"S"
"NKG","10:24:18",22.7,0,5600,2506000,"S"
"NKG","10:24:14",22.7,0,4700,2500400,"S"
"NKG","10:24:11",22.7,0,29300,2495700,"S"
"NKG","10:24:01",22.65,-0.05,800,2466400,"B"
"NKG","10:24:00",22.7,0,1100,2465600,"S"
"NKG","10:24:00",22.7,0,100,2464500,"S"
"NKG","10:23:59",22.7,0,2700,2464400,"S"
"NKG","10:23:48",22.7,0,5000,2461700,"S"
"NKG","10:23:40",22.7,0,1000,2456700,"S"
"NKG","10:23:31",22.7,0,500,2455700,"S"
"NKG","10:23:27",22.7,0,3000,2455200,"S"
"NKG","10:23:18",22.65,-0.05,1300,2452200,"B"
"NKG","10:23:16",22.65,-0.05,400,2450900,"B"
"NKG","10:23:00",22.65,-0.05,5000,2450500,"B"
"NKG","10:22:51",22.65,-0.05,3000,2445500,"B"
"NKG","10:22:45",22.65,-0.05,1100,2442500,"B"
"NKG","10:22:41",22.65,-0.05,1400,2441400,"B"
"NKG","10:22:38",22.65,-0.05,4000,2440000,"B"
"NKG","10:22:33",22.65,-0.05,5000,2436000,"B"
"NKG","10:22:20",22.65,-0.05,1000,2431000,"B"
"NKG","10:22:20",22.65,-0.05,1000,2430000,"B"
"NKG","10:22:11",22.65,-0.05,1000,2429000,"B"
"NKG","10:22:03",22.65,-0.05,100,2428000,"B"
"NKG","10:21:51",22.65,-0.05,5000,2427900,"B"
"NKG","10:21:50",22.6,-0.1,4500,2422900,"B"
"NKG","10:21:50",22.65,-0.05,500,2418400,"B"
"NKG","10:21:50",22.65,-0.05,500,2417900,"S"
"NKG","10:21:48",22.65,-0.05,100,2417400,"S"
"NKG","10:21:31",22.6,-0.1,10000,2417300,"B"
"NKG","10:21:27",22.65,-0.05,1200,2407300,"S"
"NKG","10:21:26",22.65,-0.05,1600,2406100,"B"
"NKG","10:21:21",22.65,-0.05,400,2404500,"S"
"NKG","10:21:20",22.65,-0.05,300,2404100,"B"
"NKG","10:21:19",22.65,-0.05,200,2403800,"B"
"NKG","10:21:08",22.65,-0.05,600,2403600,"B"
"NKG","10:21:04",22.65,-0.05,500,2403000,"B"
"NKG","10:20:57",22.65,-0.05,5000,2402500,"B"
"NKG","10:20:39",22.65,-0.05,6300,2397500,"S"
"NKG","10:20:31",22.65,-0.05,100,2391200,"S"
"NKG","10:20:30",22.6,-0.1,100,2391100,"B"
"NKG","10:20:26",22.6,-0.1,700,2391000,"B"
"NKG","10:20:22",22.6,-0.1,5000,2390300,"B"
"NKG","10:20:22",22.65,-0.05,5000,2385300,"S"
"NKG","10:20:18",22.65,-0.05,2000,2380300,"S"
"NKG","10:20:12",22.65,-0.05,1100,2378300,"S"
"NKG","10:20:10",22.65,-0.05,1000,2377200,"S"
"NKG","10:20:08",22.6,-0.1,600,2376200,"B"
"NKG","10:20:01",22.6,-0.1,100,2375600,"B"
"NKG","10:19:46",22.65,-0.05,200,2375500,"S"
"NKG","10:19:42",22.6,-0.1,3400,2375300,"B"
"NKG","10:19:38",22.65,-0.05,200,2371900,"S"
"NKG","10:19:31",22.65,-0.05,100,2371700,"S"
"NKG","10:19:31",22.6,-0.1,200,2371600,"B"
"NKG","10:19:26",22.6,-0.1,20000,2371400,"B"
"NKG","10:19:22",22.65,-0.05,200,2351400,"S"
"NKG","10:19:16",22.65,-0.05,600,2351200,"S"
"NKG","10:19:15",22.6,-0.1,500,2350600,"B"
"NKG","10:19:15",22.6,-0.1,200,2350100,"B"
"NKG","10:19:15",22.65,-0.05,500,2349900,"S"
"NKG","10:19:07",22.65,-0.05,1000,2349400,"S"
"NKG","10:19:05",22.65,-0.05,100,2348400,"S"
"NKG","10:19:04",22.65,-0.05,800,2348300,"S"
"NKG","10:19:01",22.65,-0.05,1000,2347500,"S"
"NKG","10:18:51",22.65,-0.05,500,2346500,"S"
"NKG","10:18:50",22.65,-0.05,9700,2346000,"B"
"NKG","10:18:46",22.65,-0.05,1000,2336300,"B"
"NKG","10:18:45",22.65,-0.05,5000,2335300,"B"
"NKG","10:18:40",22.65,-0.05,5600,2330300,"B"
"NKG","10:18:39",22.65,-0.05,5000,2324700,"B"
"NKG","10:18:30",22.65,-0.05,1000,2319700,"B"
"NKG","10:18:27",22.65,-0.05,1000,2318700,"B"
"NKG","10:18:20",22.65,-0.05,35000,2317700,"B"
"NKG","10:18:13",22.65,-0.05,500,2282700,"B"
"NKG","10:17:56",22.65,-0.05,1000,2282200,"B"
"NKG","10:17:55",22.65,-0.05,1800,2281200,"B"
"NKG","10:17:47",22.65,-0.05,10000,2279400,"B"
"NKG","10:17:22",22.65,-0.05,9000,2269400,"B"
"NKG","10:17:00",22.65,-0.05,500,2260400,"B"
"NKG","10:16:57",22.65,-0.05,100,2259900,"B"
"NKG","10:16:56",22.65,-0.05,1000,2259800,"B"
"NKG","10:16:54",22.65,-0.05,700,2258800,"B"
"NKG","10:16:54",22.7,0,300,2258100,"S"
"NKG","10:16:49",22.7,0,700,2257800,"B"
"NKG","10:16:48",22.7,0,3000,2257100,"B"
"NKG","10:16:43",22.7,0,9600,2254100,"B"
"NKG","10:16:42",22.7,0,400,2244500,"B"
"NKG","10:16:38",22.7,0,200,2244100,"B"
"NKG","10:16:37",22.7,0,500,2243900,"B"
"NKG","10:16:35",22.7,0,200,2243400,"B"
"NKG","10:16:34",22.7,0,200,2243200,"B"
"NKG","10:16:26",22.7,0,200,2243000,"B"
"NKG","10:16:17",22.7,0,200,2242800,"B"
"NKG","10:16:06",22.7,0,3000,2242600,"B"
"NKG","10:15:59",22.7,0,900,2239600,"B"
"NKG","10:15:57",22.75,0.05,100,2238700,"S"
"NKG","10:15:27",22.75,0.05,200,2238600,"S"
"NKG","10:15:13",22.75,0.05,100,2238400,"S"
"NKG","10:15:05",22.7,0,10000,2238300,"B"
"NKG","10:14:54",22.75,0.05,1000,2228300,"S"
"NKG","10:14:42",22.7,0,5000,2227300,"B"
"NKG","10:14:34",22.7,0,2000,2222300,"B"
"NKG","10:14:26",22.7,0,500,2220300,"B"
"NKG","10:14:15",22.7,0,100,2219800,"B"
"NKG","10:14:08",22.7,0,1100,2219700,"B"
"NKG","10:14:07",22.7,0,1000,2218600,"S"
"NKG","10:14:04",22.7,0,4000,2217600,"B"
"NKG","10:14:03",22.7,0,6000,2213600,"S"
"NKG","10:14:00",22.7,0,100,2207600,"S"
"NKG","10:13:58",22.7,0,300,2207500,"S"
"NKG","10:13:58",22.7,0,1000,2207200,"S"
"NKG","10:13:58",22.65,-0.05,1000,2206200,"B"
"NKG","10:13:57",22.7,0,5000,2205200,"S"
"NKG","10:13:56",22.7,0,400,2200200,"S"
"NKG","10:13:55",22.7,0,500,2199800,"S"
"NKG","10:13:47",22.7,0,100,2199300,"S"
"NKG","10:13:45",22.7,0,1000,2199200,"S"
"NKG","10:13:40",22.7,0,3000,2198200,"S"
"NKG","10:13:35",22.7,0,500,2195200,"S"
"NKG","10:13:12",22.7,0,700,2194700,"B"
"NKG","10:13:11",22.7,0,9000,2194000,"B"
"NKG","10:13:08",22.7,0,1500,2185000,"B"
"NKG","10:13:05",22.7,0,5000,2183500,"B"
"NKG","10:13:03",22.7,0,100,2178500,"B"
"NKG","10:13:00",22.7,0,3000,2178400,"B"
"NKG","10:12:57",22.7,0,700,2175400,"B"
"NKG","10:12:55",22.7,0,5600,2174700,"B"
"NKG","10:12:55",22.7,0,9400,2169100,"B"
"NKG","10:12:49",22.7,0,100,2159700,"B"
"NKG","10:12:48",22.7,0,4000,2159600,"B"
"NKG","10:12:46",22.7,0,3400,2155600,"B"
"NKG","10:12:40",22.7,0,800,2152200,"B"
"NKG","10:12:36",22.7,0,500,2151400,"B"
"NKG","10:12:28",22.7,0,3300,2150900,"B"
"NKG","10:12:26",22.7,0,5600,2147600,"B"
"NKG","10:12:25",22.7,0,24400,2142000,"B"
"NKG","10:12:24",22.7,0,2200,2117600,"B"
"NKG","10:12:21",22.7,0,15000,2115400,"B"
"NKG","10:12:14",22.7,0,19800,2100400,"B"
"NKG","10:12:12",22.7,0,100,2080600,"B"
"NKG","10:12:04",22.7,0,2000,2080500,"B"
"NKG","10:11:58",22.7,0,5000,2078500,"B"
"NKG","10:11:55",22.7,0,500,2073500,"B"
"NKG","10:11:48",22.7,0,20000,2073000,"B"
"NKG","10:11:48",22.75,0.05,500,2053000,"S"
"NKG","10:11:47",22.7,0,1700,2052500,"B"
"NKG","10:11:38",22.7,0,2000,2050800,"B"
"NKG","10:11:33",22.7,0,1000,2048800,"B"
"NKG","10:11:28",22.75,0.05,200,2047800,"S"
"NKG","10:11:17",22.7,0,15000,2047600,"B"
"NKG","10:11:15",22.75,0.05,100,2032600,"S"
"NKG","10:11:14",22.7,0,30000,2032500,"B"
"NKG","10:10:58",22.7,0,2000,2002500,"B"
"NKG","10:10:56",22.7,0,300,2000500,"B"
"NKG","10:10:52",22.75,0.05,1000,2000200,"S"
"NKG","10:10:47",22.7,0,500,1999200,"B"
"NKG","10:10:47",22.75,0.05,100,1998700,"S"
"NKG","10:10:47",22.7,0,2500,1998600,"B"
"NKG","10:10:47",22.7,0,1500,1996100,"B"
"NKG","10:10:47",22.75,0.05,500,1994600,"S"
"NKG","10:10:40",22.75,0.05,200,1994100,"S"
"NKG","10:10:32",22.75,0.05,57200,1993900,"B"
"NKG","10:10:30",22.75,0.05,5000,1936700,"B"
"NKG","10:10:25",22.75,0.05,100,1931700,"B"
"NKG","10:10:25",22.75,0.05,10000,1931600,"B"
"NKG","10:10:22",22.75,0.05,1000,1921600,"B"
"NKG","10:10:21",22.75,0.05,100,1920600,"B"
"NKG","10:10:19",22.75,0.05,21000,1920500,"B"
"NKG","10:10:15",22.75,0.05,16000,1899500,"B"
"NKG","10:10:12",22.75,0.05,4100,1883500,"B"
"NKG","10:10:06",22.75,0.05,500,1879400,"B"
"NKG","10:09:50",22.75,0.05,200,1878900,"B"
"NKG","10:09:48",22.75,0.05,1500,1878700,"B"
"NKG","10:09:29",22.75,0.05,900,1877200,"B"
"NKG","10:09:28",22.75,0.05,2000,1876300,"B"
"NKG","10:09:20",22.75,0.05,500,1874300,"B"
"NKG","10:09:09",22.75,0.05,800,1873800,"B"
"NKG","10:08:50",22.75,0.05,2000,1873000,"B"
"NKG","10:08:39",22.8,0.1,1300,1871000,"S"
"NKG","10:08:38",22.75,0.05,2000,1869700,"B"
"NKG","10:08:36",22.8,0.1,1000,1867700,"S"
"NKG","10:08:26",22.8,0.1,500,1866700,"S"
"NKG","10:08:12",22.8,0.1,200,1866200,"S"
"NKG","10:08:12",22.8,0.1,5000,1866000,"S"
"NKG","10:08:09",22.8,0.1,10000,1861000,"S"
"NKG","10:07:49",22.8,0.1,200,1851000,"S"
"NKG","10:07:48",22.8,0.1,300,1850800,"S"
"NKG","10:06:52",22.8,0.1,100,1850500,"S"
"NKG","10:06:45",22.8,0.1,100,1850400,"S"
"NKG","10:06:31",22.8,0.1,1000,1850300,"S"
"NKG","10:06:26",22.8,0.1,400,1849300,"S"
"NKG","10:06:17",22.8,0.1,500,1848900,"S"
"NKG","10:05:54",22.75,0.05,6000,1848400,"B"
"NKG","10:05:43",22.8,0.1,100,1842400,"S"
"NKG","10:05:12",22.8,0.1,1000,1842300,"S"
"NKG","10:05:09",22.8,0.1,1000,1841300,"S"
"NKG","10:05:08",22.8,0.1,800,1840300,"S"
"NKG","10:04:49",22.8,0.1,3000,1839500,"S"
"NKG","10:04:46",22.8,0.1,4000,1836500,"S"
"NKG","10:03:56",22.8,0.1,2000,1832500,"S"
"NKG","10:03:47",22.8,0.1,300,1830500,"S"
"NKG","10:03:40",22.8,0.1,700,1830200,"S"
"NKG","10:03:37",22.8,0.1,500,1829500,"S"
"NKG","10:03:30",22.8,0.1,10000,1829000,"S"
"NKG","10:03:24",22.8,0.1,1000,1819000,"S"
"NKG","10:03:01",22.75,0.05,5800,1818000,"B"
"NKG","10:02:37",22.75,0.05,600,1812200,"B"
"NKG","10:02:34",22.8,0.1,2500,1811600,"S"
"NKG","10:02:25",22.75,0.05,300,1809100,"B"
"NKG","10:01:43",22.75,0.05,1000,1808800,"B"
"NKG","10:01:40",22.8,0.1,1000,1807800,"S"
"NKG","10:01:39",22.8,0.1,200,1806800,"S"
"NKG","10:01:36",22.75,0.05,10000,1806600,"B"
"NKG","10:01:16",22.75,0.05,10000,1796600,"B"
"NKG","10:01:11",22.75,0.05,500,1786600,"B"
"NKG","10:01:00",22.75,0.05,1000,1786100,"B"
"NKG","10:00:51",22.8,0.1,800,1785100,"S"
"NKG","10:00:42",22.75,0.05,100,1784300,"B"
"NKG","10:00:36",22.8,0.1,300,1784200,"S"
"NKG","10:00:29",22.75,0.05,5000,1783900,"B"
"NKG","10:00:06",22.75,0.05,1000,1778900,"B"
"NKG","09:59:50",22.8,0.1,2300,1777900,"B"
"NKG","09:59:49",22.8,0.1,9000,1775600,"B"
"NKG","09:59:36",22.8,0.1,3000,1766600,"B"
"NKG","09:59:35",22.8,0.1,5000,1763600,"B"
"NKG","09:59:34",22.8,0.1,10000,1758600,"B"
"NKG","09:59:17",22.8,0.1,10000,1748600,"B"
"NKG","09:58:39",22.8,0.1,11000,1738600,"B"
"NKG","09:58:14",22.8,0.1,5200,1727600,"B"
"NKG","09:58:08",22.85,0.15,500,1722400,"S"
"NKG","09:57:57",22.85,0.15,100,1721900,"S"
"NKG","09:57:56",22.8,0.1,300,1721800,"B"
"NKG","09:57:34",22.85,0.15,100,1721500,"S"
"NKG","09:57:28",22.85,0.15,6800,1721400,"B"
"NKG","09:57:27",22.85,0.15,4200,1714600,"S"
"NKG","09:57:26",22.85,0.15,5000,1710400,"S"
"NKG","09:57:02",22.8,0.1,200,1705400,"B"
"NKG","09:56:50",22.8,0.1,200,1705200,"B"
"NKG","09:56:20",22.85,0.15,300,1705000,"S"
"NKG","09:56:19",22.85,0.15,600,1704700,"S"
"NKG","09:56:04",22.85,0.15,200,1704100,"S"
"NKG","09:55:58",22.85,0.15,800,1703900,"S"
"NKG","09:55:38",22.85,0.15,1000,1703100,"S"
"NKG","09:55:30",22.85,0.15,100,1702100,"S"
"NKG","09:55:20",22.8,0.1,200,1702000,"B"
"NKG","09:55:18",22.85,0.15,3300,1701800,"B"
"NKG","09:54:54",22.85,0.15,500,1698500,"S"
"NKG","09:54:54",22.85,0.15,9700,1698000,"S"
"NKG","09:54:52",22.85,0.15,100,1688300,"S"
"NKG","09:54:51",22.85,0.15,100,1688200,"S"
"NKG","09:54:48",22.85,0.15,1300,1688100,"S"
"NKG","09:54:37",22.85,0.15,500,1686800,"S"
"NKG","09:54:34",22.85,0.15,1000,1686300,"S"
"NKG","09:54:23",22.85,0.15,2000,1685300,"S"
"NKG","09:53:49",22.85,0.15,200,1683300,"S"
"NKG","09:53:37",22.8,0.1,46600,1683100,"B"
"NKG","09:53:24",22.85,0.15,1000,1636500,"S"
"NKG","09:53:23",22.85,0.15,100,1635500,"S"
"NKG","09:53:20",22.85,0.15,2000,1635400,"S"
"NKG","09:52:11",22.8,0.1,1000,1633400,"B"
"NKG","09:52:05",22.85,0.15,200,1632400,"S"
"NKG","09:52:04",22.85,0.15,100,1632200,"S"
"NKG","09:51:58",22.85,0.15,2000,1632100,"S"
"NKG","09:51:43",22.85,0.15,6000,1630100,"S"
"NKG","09:51:35",22.85,0.15,200,1624100,"S"
"NKG","09:51:33",22.85,0.15,400,1623900,"S"
"NKG","09:51:32",22.85,0.15,200,1623500,"S"
"NKG","09:51:27",22.85,0.15,5000,1623300,"S"
"NKG","09:51:11",22.85,0.15,5000,1618300,"S"
"NKG","09:50:58",22.85,0.15,2000,1613300,"S"
"NKG","09:50:46",22.85,0.15,4100,1611300,"B"
"NKG","09:50:39",22.85,0.15,7100,1607200,"S"
"NKG","09:50:37",22.85,0.15,400,1600100,"S"
"NKG","09:50:37",22.85,0.15,100,1599700,"S"
"NKG","09:50:28",22.85,0.15,2000,1599600,"S"
"NKG","09:50:26",22.85,0.15,100,1597600,"S"
"NKG","09:50:18",22.85,0.15,20100,1597500,"S"
"NKG","09:50:12",22.85,0.15,5000,1577400,"S"
"NKG","09:50:10",22.85,0.15,5000,1572400,"S"
"NKG","09:50:03",22.85,0.15,20000,1567400,"S"
"NKG","09:49:59",22.8,0.1,5000,1547400,"B"
"NKG","09:49:56",22.85,0.15,15000,1542400,"S"
"NKG","09:49:45",22.8,0.1,200,1527400,"B"
"NKG","09:49:38",22.85,0.15,300,1527200,"S"
"NKG","09:49:27",22.85,0.15,5000,1526900,"S"
"NKG","09:49:18",22.85,0.15,200,1521900,"S"
"NKG","09:49:00",22.85,0.15,300,1521700,"S"
"NKG","09:48:49",22.85,0.15,100,1521400,"S"
"NKG","09:48:25",22.85,0.15,9000,1521300,"S"
"NKG","09:48:12",22.85,0.15,100,1512300,"S"
"NKG","09:48:04",22.85,0.15,2000,1512200,"S"
"NKG","09:48:04",22.85,0.15,500,1510200,"S"
"NKG","09:47:56",22.85,0.15,300,1509700,"S"
"NKG","09:47:53",22.8,0.1,500,1509400,"B"
"NKG","09:47:18",22.8,0.1,1000,1508900,"B"
"NKG","09:46:36",22.8,0.1,8000,1507900,"S"
"NKG","09:46:33",22.8,0.1,5000,1499900,"S"
"NKG","09:46:32",22.8,0.1,3000,1494900,"S"
"NKG","09:46:24",22.8,0.1,100,1491900,"S"
"NKG","09:46:13",22.8,0.1,500,1491800,"S"
"NKG","09:46:12",22.8,0.1,2000,1491300,"S"
"NKG","09:45:58",22.8,0.1,3700,1489300,"B"
"NKG","09:45:44",22.8,0.1,1000,1485600,"B"
"NKG","09:45:34",22.8,0.1,10000,1484600,"B"
"NKG","09:45:30",22.8,0.1,300,1474600,"B"
"NKG","09:45:12",22.8,0.1,16100,1474300,"B"
"NKG","09:45:11",22.8,0.1,3900,1458200,"B"
"NKG","09:45:10",22.85,0.15,100,1454300,"S"
"NKG","09:44:38",22.8,0.1,1000,1454200,"B"
"NKG","09:44:14",22.8,0.1,100,1453200,"B"
"NKG","09:44:09",22.85,0.15,3000,1453100,"S"
"NKG","09:43:36",22.85,0.15,1000,1450100,"S"
"NKG","09:43:31",22.85,0.15,1000,1449100,"S"
"NKG","09:43:19",22.85,0.15,5000,1448100,"S"
"NKG","09:43:18",22.85,0.15,1000,1443100,"S"
"NKG","09:43:01",22.85,0.15,300,1442100,"S"
"NKG","09:42:58",22.8,0.1,1000,1441800,"B"
"NKG","09:42:50",22.85,0.15,400,1440800,"S"
"NKG","09:42:13",22.8,0.1,1000,1440400,"B"
"NKG","09:41:47",22.8,0.1,1800,1439400,"S"
"NKG","09:41:46",22.8,0.1,600,1437600,"S"
"NKG","09:41:43",22.8,0.1,200,1437000,"S"
"NKG","09:41:31",22.8,0.1,20000,1436800,"S"
"NKG","09:41:21",22.8,0.1,7000,1416800,"S"
"NKG","09:41:20",22.8,0.1,6000,1409800,"S"
"NKG","09:41:17",22.8,0.1,100,1403800,"S"
"NKG","09:41:14",22.8,0.1,5000,1403700,"S"
"NKG","09:41:05",22.8,0.1,500,1398700,"S"
"NKG","09:41:04",22.8,0.1,100,1398200,"S"
"NKG","09:41:01",22.8,0.1,2000,1398100,"S"
"NKG","09:40:44",22.8,0.1,32200,1396100,"B"
"NKG","09:40:44",22.8,0.1,2000,1363900,"B"
"NKG","09:40:38",22.8,0.1,5000,1361900,"B"
"NKG","09:40:37",22.85,0.15,500,1356900,"S"
"NKG","09:40:33",22.8,0.1,5000,1356400,"B"
"NKG","09:40:32",22.8,0.1,5000,1351400,"B"
"NKG","09:39:54",22.8,0.1,2000,1346400,"B"
"NKG","09:39:50",22.8,0.1,2100,1344400,"B"
"NKG","09:39:20",22.8,0.1,1000,1342300,"B"
"NKG","09:39:18",22.8,0.1,5000,1341300,"B"
"NKG","09:39:08",22.8,0.1,100,1336300,"B"
"NKG","09:39:01",22.8,0.1,500,1336200,"B"
"NKG","09:38:56",22.8,0.1,6200,1335700,"S"
"NKG","09:38:44",22.75,0.05,500,1329500,"B"
"NKG","09:38:43",22.75,0.05,1000,1329000,"B"
"NKG","09:38:41",22.8,0.1,5300,1328000,"B"
"NKG","09:38:36",22.8,0.1,500,1322700,"B"
"NKG","09:38:29",22.8,0.1,4000,1322200,"B"
"NKG","09:38:27",22.8,0.1,1500,1318200,"B"
"NKG","09:38:24",22.8,0.1,20000,1316700,"B"
"NKG","09:38:18",22.8,0.1,100,1296700,"B"
"NKG","09:38:17",22.8,0.1,5000,1296600,"B"
"NKG","09:38:17",22.8,0.1,1000,1291600,"B"
"NKG","09:38:15",22.8,0.1,30000,1290600,"B"
"NKG","09:38:05",22.8,0.1,3000,1260600,"B"
"NKG","09:37:55",22.85,0.15,10000,1257600,"S"
"NKG","09:37:47",22.85,0.15,1000,1247600,"S"
"NKG","09:37:44",22.85,0.15,3000,1246600,"S"
"NKG","09:37:29",22.85,0.15,3900,1243600,"S"
"NKG","09:37:27",22.85,0.15,300,1239700,"S"
"NKG","09:37:16",22.85,0.15,200,1239400,"S"
"NKG","09:37:10",22.85,0.15,8000,1239200,"S"
"NKG","09:37:03",22.8,0.1,2900,1231200,"B"
"NKG","09:36:42",22.8,0.1,100,1228300,"B"
"NKG","09:36:34",22.85,0.15,100,1228200,"S"
"NKG","09:36:18",22.85,0.15,100,1228100,"S"
"NKG","09:36:11",22.85,0.15,1000,1228000,"S"
"NKG","09:35:52",22.85,0.15,500,1227000,"S"
"NKG","09:35:50",22.8,0.1,100,1226500,"B"
"NKG","09:35:49",22.85,0.15,1000,1226400,"S"
"NKG","09:35:48",22.85,0.15,7400,1225400,"B"
"NKG","09:35:46",22.85,0.15,1500,1218000,"B"
"NKG","09:35:40",22.85,0.15,300,1216500,"B"
"NKG","09:35:27",22.85,0.15,1300,1216200,"S"
"NKG","09:35:21",22.85,0.15,3500,1214900,"S"
"NKG","09:35:01",22.85,0.15,1000,1211400,"S"
"NKG","09:34:57",22.85,0.15,10000,1210400,"S"
"NKG","09:34:46",22.85,0.15,1000,1200400,"S"
"NKG","09:34:43",22.85,0.15,200,1199400,"S"
"NKG","09:34:39",22.85,0.15,100,1199200,"S"
"NKG","09:34:30",22.85,0.15,10000,1199100,"S"
"NKG","09:34:22",22.8,0.1,12000,1189100,"B"
"NKG","09:34:22",22.85,0.15,300,1177100,"S"
"NKG","09:34:21",22.85,0.15,2000,1176800,"S"
"NKG","09:34:12",22.85,0.15,2200,1174800,"B"
"NKG","09:34:11",22.85,0.15,10000,1172600,"B"
"NKG","09:33:52",22.85,0.15,2000,1162600,"B"
"NKG","09:33:50",22.85,0.15,1000,1160600,"B"
"NKG","09:33:48",22.85,0.15,2000,1159600,"B"
"NKG","09:33:44",22.85,0.15,1000,1157600,"B"
"NKG","09:33:35",22.85,0.15,200,1156600,"B"
"NKG","09:33:27",22.85,0.15,5000,1156400,"B"
"NKG","09:33:23",22.85,0.15,100,1151400,"B"
"NKG","09:33:21",22.85,0.15,7400,1151300,"B"
"NKG","09:33:15",22.85,0.15,3000,1143900,"B"
"NKG","09:33:14",22.85,0.15,100,1140900,"B"
"NKG","09:33:03",22.85,0.15,10000,1140800,"B"
"NKG","09:32:49",22.85,0.15,2900,1130800,"B"
"NKG","09:32:32",22.85,0.15,2000,1127900,"B"
"NKG","09:32:30",22.85,0.15,5000,1125900,"B"
"NKG","09:32:14",22.85,0.15,1000,1120900,"B"
"NKG","09:32:07",22.9,0.2,500,1119900,"S"
"NKG","09:32:06",22.9,0.2,1000,1119400,"S"
"NKG","09:32:06",22.85,0.15,2500,1118400,"B"
"NKG","09:32:05",22.85,0.15,800,1115900,"B"
"NKG","09:31:59",22.9,0.2,200,1115100,"S"
"NKG","09:31:33",22.85,0.15,100,1114900,"B"
"NKG","09:31:32",22.85,0.15,1500,1114800,"B"
"NKG","09:31:17",22.85,0.15,1000,1113300,"B"
"NKG","09:31:12",22.85,0.15,300,1112300,"B"
"NKG","09:30:56",22.85,0.15,200,1112000,"B"
"NKG","09:30:53",22.9,0.2,500,1111800,"S"
"NKG","09:30:52",22.9,0.2,300,1111300,"S"
"NKG","09:30:51",22.9,0.2,1000,1111000,"S"
"NKG","09:30:50",22.9,0.2,2000,1110000,"S"
"NKG","09:30:41",22.9,0.2,300,1108000,"S"
"NKG","09:30:38",22.9,0.2,1000,1107700,"S"
"NKG","09:30:33",22.85,0.15,1000,1106700,"B"
"NKG","09:30:20",22.85,0.15,2000,1105700,"B"
"NKG","09:30:00",22.9,0.2,100,1103700,"S"
"NKG","09:29:49",22.85,0.15,100,1103600,"B"
"NKG","09:29:46",22.85,0.15,1000,1103500,"B"
"NKG","09:29:39",22.9,0.2,1300,1102500,"S"
"NKG","09:29:19",22.9,0.2,1600,1101200,"S"
"NKG","09:29:15",22.85,0.15,100,1099600,"B"
"NKG","09:29:12",22.85,0.15,10000,1099500,"B"
"NKG","09:28:58",22.85,0.15,10000,1089500,"B"
"NKG","09:28:36",22.85,0.15,100,1079500,"B"
"NKG","09:28:12",22.85,0.15,100,1079400,"B"
"NKG","09:28:07",22.9,0.2,6000,1079300,"S"
"NKG","09:27:52",22.9,0.2,200,1073300,"S"
"NKG","09:27:40",22.9,0.2,100,1073100,"S"
"NKG","09:27:36",22.9,0.2,1000,1073000,"S"
"NKG","09:27:29",22.9,0.2,5000,1072000,"S"
"NKG","09:27:15",22.9,0.2,500,1067000,"S"
"NKG","09:27:07",22.9,0.2,500,1066500,"S"
"NKG","09:27:03",22.85,0.15,2000,1066000,"B"
"NKG","09:26:59",22.85,0.15,74500,1064000,"S"
"NKG","09:26:56",22.85,0.15,1000,989500,"S"
"NKG","09:26:42",22.85,0.15,200,988500,"S"
"NKG","09:26:42",22.85,0.15,500,988300,"S"
"NKG","09:26:34",22.85,0.15,500,987800,"S"
"NKG","09:26:29",22.85,0.15,600,987300,"B"
"NKG","09:26:28",22.85,0.15,2300,986700,"B"
"NKG","09:26:23",22.85,0.15,16300,984400,"B"
"NKG","09:26:14",22.9,0.2,300,968100,"S"
"NKG","09:26:10",22.9,0.2,200,967800,"S"
"NKG","09:25:57",22.85,0.15,6000,967600,"B"
"NKG","09:25:54",22.9,0.2,100,961600,"S"
"NKG","09:25:49",22.9,0.2,1000,961500,"S"
"NKG","09:25:47",22.9,0.2,3100,960500,"B"
"NKG","09:25:43",22.9,0.2,1900,957400,"S"
"NKG","09:25:36",22.9,0.2,400,955500,"S"
"NKG","09:25:30",22.9,0.2,500,955100,"S"
"NKG","09:25:28",22.9,0.2,300,954600,"S"
"NKG","09:25:23",22.9,0.2,300,954300,"B"
"NKG","09:25:20",22.9,0.2,4900,954000,"S"
"NKG","09:25:15",22.9,0.2,500,949100,"S"
"NKG","09:25:13",22.9,0.2,100,948600,"S"
"NKG","09:25:12",22.9,0.2,2200,948500,"B"
"NKG","09:25:10",22.9,0.2,800,946300,"B"
"NKG","09:25:10",22.95,0.25,1000,945500,"S"
"NKG","09:25:07",22.9,0.2,10000,944500,"B"
"NKG","09:25:01",22.9,0.2,11700,934500,"B"
"NKG","09:24:57",22.9,0.2,100,922800,"B"
"NKG","09:24:49",22.9,0.2,3000,922700,"B"
"NKG","09:24:48",22.9,0.2,1000,919700,"B"
"NKG","09:24:47",22.95,0.25,1000,918700,"S"
"NKG","09:24:44",22.9,0.2,1500,917700,"B"
"NKG","09:24:41",22.95,0.25,3000,916200,"S"
"NKG","09:24:37",22.9,0.2,5000,913200,"B"
"NKG","09:24:36",22.95,0.25,500,908200,"S"
"NKG","09:24:35",22.9,0.2,3000,907700,"B"
"NKG","09:24:32",22.95,0.25,5000,904700,"S"
"NKG","09:24:30",22.95,0.25,800,899700,"S"
"NKG","09:24:24",22.95,0.25,1000,898900,"S"
"NKG","09:24:11",22.9,0.2,2000,897900,"B"
"NKG","09:24:05",22.9,0.2,500,895900,"B"
"NKG","09:24:00",22.95,0.25,600,895400,"S"
"NKG","09:23:39",22.95,0.25,3400,894800,"S"
"NKG","09:23:31",22.95,0.25,17300,891400,"B"
"NKG","09:23:30",22.95,0.25,200,874100,"B"
"NKG","09:23:26",22.95,0.25,300,873900,"B"
"NKG","09:23:26",22.95,0.25,5000,873600,"B"
"NKG","09:23:17",22.95,0.25,400,868600,"B"
"NKG","09:23:11",23,0.3,1000,868200,"S"
"NKG","09:23:07",23,0.3,2000,867200,"S"
"NKG","09:23:06",23,0.3,5300,865200,"B"
"NKG","09:23:04",23,0.3,7000,859900,"B"
"NKG","09:23:03",23,0.3,500,852900,"B"
"NKG","09:23:00",23,0.3,17500,852400,"B"
"NKG","09:22:55",23,0.3,35000,834900,"B"
"NKG","09:22:52",23,0.3,50000,799900,"B"
"NKG","09:22:51",23,0.3,3000,749900,"B"
"NKG","09:22:50",23,0.3,10000,746900,"B"
"NKG","09:22:33",23.05,0.35,200,736900,"S"
"NKG","09:22:33",23,0.3,900,736700,"B"
"NKG","09:22:31",23,0.3,30000,735800,"B"
"NKG","09:22:27",23,0.3,500,705800,"B"
"NKG","09:22:24",23.05,0.35,500,705300,"S"
"NKG","09:22:22",23,0.3,1000,704800,"B"
"NKG","09:22:17",23,0.3,100,703800,"B"
"NKG","09:22:15",23,0.3,100,703700,"B"
"NKG","09:22:08",23,0.3,100,703600,"B"
"NKG","09:21:55",23,0.3,5000,703500,"B"
"NKG","09:21:54",23,0.3,10000,698500,"B"
"NKG","09:21:53",23,0.3,100,688500,"B"
"NKG","09:21:49",23,0.3,900,688400,"B"
"NKG","09:21:48",23,0.3,100,687500,"B"
"NKG","09:21:43",23,0.3,2000,687400,"B"
"NKG","09:21:41",23,0.3,700,685400,"B"
"NKG","09:21:39",23.05,0.35,3000,684700,"S"
"NKG","09:21:18",23,0.3,3000,681700,"B"
"NKG","09:21:17",23,0.3,5000,678700,"B"
"NKG","09:21:14",23.05,0.35,300,673700,"S"
"NKG","09:21:08",23,0.3,2000,673400,"B"
"NKG","09:21:07",23.05,0.35,100,671400,"S"
"NKG","09:21:06",23.05,0.35,7500,671300,"S"
"NKG","09:20:57",23.05,0.35,10000,663800,"S"
"NKG","09:20:51",23,0.3,4000,653800,"B"
"NKG","09:20:48",23.05,0.35,1000,649800,"S"
"NKG","09:20:46",23.05,0.35,500,648800,"S"
"NKG","09:20:28",23.05,0.35,500,648300,"S"
"NKG","09:20:25",23.05,0.35,1000,647800,"S"
"NKG","09:20:24",23.05,0.35,5000,646800,"S"
"NKG","09:20:23",23.05,0.35,500,641800,"S"
"NKG","09:20:18",23.05,0.35,1000,641300,"S"
"NKG","09:20:14",23.05,0.35,2500,640300,"S"
"NKG","09:20:12",23,0.3,200,637800,"B"
"NKG","09:20:12",23.05,0.35,200,637600,"S"
"NKG","09:20:11",23.05,0.35,1000,637400,"S"
"NKG","09:20:06",23.05,0.35,100,636400,"S"
"NKG","09:20:05",23.05,0.35,500,636300,"S"
"NKG","09:20:02",23,0.3,500,635800,"B"
"NKG","09:20:00",23.05,0.35,13800,635300,"S"
"NKG","09:20:00",23,0.3,100,621500,"B"
"NKG","09:19:57",23,0.3,2000,621400,"B"
"NKG","09:19:47",23.05,0.35,200,619400,"S"
"NKG","09:19:44",23,0.3,2500,619200,"B"
"NKG","09:19:40",23.05,0.35,1000,616700,"S"
"NKG","09:19:36",23,0.3,500,615700,"B"
"NKG","09:19:33",23.05,0.35,1000,615200,"S"
"NKG","09:19:25",23.05,0.35,10000,614200,"S"
"NKG","09:19:24",23,0.3,300,604200,"B"
"NKG","09:19:22",23.05,0.35,200,603900,"S"
"NKG","09:19:18",23.05,0.35,200,603700,"S"
"NKG","09:19:15",23.05,0.35,300,603500,"S"
"NKG","09:19:10",23.05,0.35,3200,603200,"S"
"NKG","09:18:57",23.05,0.35,7000,600000,"S"
"NKG","09:18:38",23.05,0.35,500,593000,"S"
"NKG","09:18:34",23,0.3,200,592500,"B"
"NKG","09:18:30",23,0.3,30800,592300,"B"
"NKG","09:18:29",23.05,0.35,200,561500,"S"
"NKG","09:18:21",23.05,0.35,1000,561300,"S"
"NKG","09:18:15",23.05,0.35,1000,560300,"S"
"NKG","09:18:14",23.05,0.35,300,559300,"S"
"NKG","09:18:12",23,0.3,10000,559000,"B"
"NKG","09:18:06",23.05,0.35,10000,549000,"S"
"NKG","09:17:57",23.05,0.35,1500,539000,"B"
"NKG","09:17:50",23.1,0.4,1000,537500,"S"
"NKG","09:17:49",23.05,0.35,700,536500,"B"
"NKG","09:17:47",23.05,0.35,1800,535800,"S"
"NKG","09:17:46",23.05,0.35,8000,534000,"S"
"NKG","09:17:39",23.05,0.35,10900,526000,"B"
"NKG","09:17:37",23.05,0.35,200,515100,"B"
"NKG","09:17:35",23.05,0.35,1000,514900,"B"
"NKG","09:17:31",23.05,0.35,600,513900,"B"
"NKG","09:17:31",23.05,0.35,1000,513200,"B"
"NKG","09:17:26",23.05,0.35,300,512200,"B"
"NKG","09:17:21",23.05,0.35,2500,511900,"B"
"NKG","09:17:20",23.05,0.35,200,509400,"B"
"NKG","09:17:18",23.05,0.35,300,509200,"B"
"NKG","09:17:17",23.05,0.35,500,508900,"B"
"NKG","09:17:17",23.05,0.35,3000,508400,"B"
"NKG","09:17:15",23.05,0.35,2000,505400,"B"
"NKG","09:17:10",23.05,0.35,1000,503400,"B"
"NKG","09:17:04",23.05,0.35,5000,502400,"B"
"NKG","09:17:02",23.1,0.4,500,497400,"S"
"NKG","09:16:59",23.05,0.35,900,496900,"B"
"NKG","09:16:57",23.1,0.4,1300,496000,"S"
"NKG","09:16:56",23.1,0.4,500,494700,"S"
"NKG","09:16:50",23.1,0.4,3000,494200,"S"
"NKG","09:16:44",23.1,0.4,1000,491200,"S"
"NKG","09:16:43",23.1,0.4,500,490200,"S"
"NKG","09:16:41",23.15,0.45,10000,489700,"S"
"NKG","09:16:40",23.1,0.4,3900,479700,"B"
"NKG","09:16:39",23.1,0.4,50000,475800,"B"
"NKG","09:16:37",23.15,0.45,400,425800,"S"
"NKG","09:16:36",23.1,0.4,1100,425400,"B"
"NKG","09:16:36",23.1,0.4,200,424300,"B"
"NKG","09:16:35",23.1,0.4,20000,424100,"B"
"NKG","09:16:35",23.1,0.4,4000,404100,"B"
"NKG","09:16:32",23.15,0.45,2700,400100,"S"
"NKG","09:16:30",23.1,0.4,500,397400,"B"
"NKG","09:16:29",23.1,0.4,25000,396900,"B"
"NKG","09:16:28",23.1,0.4,500,371900,"B"
"NKG","09:16:21",23.1,0.4,5000,371400,"B"
"NKG","09:16:20",23.15,0.45,100,366400,"S"
"NKG","09:16:19",23.1,0.4,200,366300,"B"
"NKG","09:16:17",23.1,0.4,4000,366100,"B"
"NKG","09:16:16",23.15,0.45,200,362100,"S"
"NKG","09:16:15",23.1,0.4,2000,361900,"B"
"NKG","09:16:04",23.1,0.4,100,359900,"B"
"NKG","09:16:02",23.15,0.45,200,359800,"S"
"NKG","09:15:55",23.1,0.4,300,359600,"B"
"NKG","09:15:55",23.1,0.4,1500,359300,"B"
"NKG","09:15:54",23.1,0.4,2400,357800,"B"
"NKG","09:15:37",23.15,0.45,2000,355400,"S"
"NKG","09:15:36",23.1,0.4,5000,353400,"B"
"NKG","09:15:31",23.1,0.4,5000,348400,"B"
"NKG","09:15:30",23.1,0.4,500,343400,"B"
"NKG","09:15:28",23.1,0.4,600,342900,"B"
"NKG","09:15:11",23.1,0.4,15000,342300,"B"
"NKG","09:15:02",23.1,0.4,327300,327300,
