"symbol","time","price","change","vol","total","side"
"SHS","14:55:28",18.2,0,100,18354100,
"SHS","14:54:45",18.2,0,100,18354000,
"SHS","14:52:05",18.2,0,1000,18353900,
"SHS","14:47:05",18.2,0,2000,18352900,
"SHS","14:46:18",18.2,0,300,18350900,
"SHS","14:45:47",18.2,0,300,18350600,
"SHS","14:45:03",18.2,0,902100,18350300,
"SHS","14:30:00",18.3,0.1,1000,17448200,
"SHS","14:29:58",18.3,0.1,5000,17447200,
"SHS","14:29:57",18.2,0,15000,17442200,
"SHS","14:29:54",18.3,0.1,9900,17427200,
"SHS","14:29:52",18.2,0,2000,17417300,
"SHS","14:29:50",18.3,0.1,2000,17415300,
"SHS","14:29:47",18.3,0.1,8500,17413300,
"SHS","14:29:44",18.3,0.1,300,17404800,
"SHS","14:29:43",18.3,0.1,400,17404500,
"SHS","14:29:41",18.3,0.1,3500,17404100,
"SHS","14:29:40",18.2,0,11800,17400600,
"SHS","14:29:39",18.3,0.1,5000,17388800,
"SHS","14:29:37",18.2,0,6000,17383800,
"SHS","14:29:35",18.3,0.1,1100,17377800,
"SHS","14:29:34",18.3,0.1,26800,17376700,
"SHS","14:29:32",18.3,0.1,1000,17349900,
"SHS","14:29:31",18.3,0.1,1000,17348900,
"SHS","14:29:30",18.2,0,200,17347900,
"SHS","14:29:29",18.2,0,500,17347700,
"SHS","14:29:28",18.3,0.1,1000,17347200,
"SHS","14:29:24",18.2,0,1100,17346200,
"SHS","14:29:23",18.3,0.1,500,17345100,
"SHS","14:29:21",18.3,0.1,600,17344600,
"SHS","14:29:17",18.3,0.1,1400,17344000,
"SHS","14:29:13",18.3,0.1,3000,17342600,
"SHS","14:29:12",18.3,0.1,3000,17339600,
"SHS","14:29:11",18.3,0.1,1500,17336600,
"SHS","14:29:09",18.3,0.1,11000,17335100,
"SHS","14:29:07",18.3,0.1,1000,17324100,
"SHS","14:29:05",18.3,0.1,10000,17323100,
"SHS","14:29:04",18.3,0.1,1400,17313100,
"SHS","14:29:03",18.3,0.1,2000,17311700,
"SHS","14:28:57",18.3,0.1,4600,17309700,
"SHS","14:28:55",18.3,0.1,300,17305100,
"SHS","14:28:52",18.3,0.1,500,17304800,
"SHS","14:28:50",18.2,0,21000,17304300,
"SHS","14:28:49",18.3,0.1,1000,17283300,
"SHS","14:28:48",18.3,0.1,1000,17282300,
"SHS","14:28:47",18.3,0.1,300,17281300,
"SHS","14:28:46",18.3,0.1,15200,17281000,
"SHS","14:28:45",18.3,0.1,1000,17265800,
"SHS","14:28:43",18.3,0.1,100,17264800,
"SHS","14:28:41",18.3,0.1,11200,17264700,
"SHS","14:28:39",18.2,0,10000,17253500,
"SHS","14:28:38",18.2,0,10100,17243500,
"SHS","14:28:37",18.3,0.1,3000,17233400,
"SHS","14:28:36",18.3,0.1,18200,17230400,
"SHS","14:28:34",18.3,0.1,1000,17212200,
"SHS","14:28:32",18.3,0.1,1000,17211200,
"SHS","14:28:31",18.3,0.1,11300,17210200,
"SHS","14:28:28",18.3,0.1,3400,17198900,
"SHS","14:28:27",18.3,0.1,1100,17195500,
"SHS","14:28:26",18.3,0.1,300,17194400,
"SHS","14:28:19",18.3,0.1,200,17194100,
"SHS","14:28:14",18.3,0.1,200,17193900,
"SHS","14:28:12",18.3,0.1,600,17193700,
"SHS","14:28:11",18.2,0,7100,17193100,
"SHS","14:28:10",18.3,0.1,1000,17186000,
"SHS","14:28:09",18.3,0.1,4300,17185000,
"SHS","14:28:07",18.3,0.1,2000,17180700,
"SHS","14:27:52",18.3,0.1,5000,17178700,
"SHS","14:27:51",18.2,0,200,17173700,
"SHS","14:27:49",18.2,0,11000,17173500,
"SHS","14:27:48",18.3,0.1,2000,17162500,
"SHS","14:27:39",18.2,0,300,17160500,
"SHS","14:27:34",18.3,0.1,1000,17160200,
"SHS","14:27:32",18.3,0.1,2000,17159200,
"SHS","14:27:29",18.3,0.1,100,17157200,
"SHS","14:27:28",18.3,0.1,900,17157100,
"SHS","14:27:27",18.2,0,5000,17156200,
"SHS","14:27:21",18.3,0.1,10000,17151200,
"SHS","14:27:19",18.3,0.1,1500,17141200,
"SHS","14:27:14",18.3,0.1,8000,17139700,
"SHS","14:27:13",18.3,0.1,2000,17131700,
"SHS","14:27:11",18.2,0,5000,17129700,
"SHS","14:27:10",18.2,0,20000,17124700,
"SHS","14:27:06",18.3,0.1,100,17104700,
"SHS","14:27:02",18.2,0,2000,17104600,
"SHS","14:26:59",18.3,0.1,100,17102600,
"SHS","14:26:57",18.2,0,4000,17102500,
"SHS","14:26:55",18.2,0,2000,17098500,
"SHS","14:26:52",18.2,0,600,17096500,
"SHS","14:26:48",18.2,0,3000,17095900,
"SHS","14:26:46",18.2,0,22500,17092900,
"SHS","14:26:43",18.2,0,600,17070400,
"SHS","14:26:42",18.2,0,1000,17069800,
"SHS","14:26:41",18.2,0,100,17068800,
"SHS","14:26:40",18.2,0,50900,17068700,
"SHS","14:26:39",18.2,0,25300,17017800,
"SHS","14:26:38",18.2,0,1400,16992500,
"SHS","14:26:37",18.2,0,12900,16991100,
"SHS","14:26:36",18.2,0,7600,16978200,
"SHS","14:26:35",18.2,0,2000,16970600,
"SHS","14:26:34",18.2,0,800,16968600,
"SHS","14:26:33",18.2,0,4000,16967800,
"SHS","14:26:32",18.2,0,10200,16963800,
"SHS","14:26:31",18.2,0,8000,16953600,
"SHS","14:26:30",18.2,0,700,16945600,
"SHS","14:26:29",18.2,0,1900,16944900,
"SHS","14:26:28",18.2,0,100,16943000,
"SHS","14:26:27",18.2,0,1300,16942900,
"SHS","14:26:26",18.2,0,1000,16941600,
"SHS","14:26:25",18.2,0,1000,16940600,
"SHS","14:26:22",18.2,0,3300,16939600,
"SHS","14:26:21",18.2,0,300,16936300,
"SHS","14:26:20",18.2,0,2300,16936000,
"SHS","14:26:19",18.2,0,1000,16933700,
"SHS","14:26:18",18.2,0,2000,16932700,
"SHS","14:26:16",18.2,0,5400,16930700,
"SHS","14:26:15",18.2,0,1500,16925300,
"SHS","14:26:14",18.2,0,200,16923800,
"SHS","14:26:13",18.2,0,19600,16923600,
"SHS","14:26:12",18.2,0,24100,16904000,
"SHS","14:26:11",18.2,0,13900,16879900,
"SHS","14:26:07",18.2,0,2000,16866000,
"SHS","14:26:06",18.2,0,30000,16864000,
"SHS","14:26:04",18.2,0,2000,16834000,
"SHS","14:26:03",18.2,0,300,16832000,
"SHS","14:26:02",18.2,0,400,16831700,
"SHS","14:25:59",18.2,0,10400,16831300,
"SHS","14:25:57",18.2,0,100,16820900,
"SHS","14:25:56",18.2,0,1000,16820800,
"SHS","14:25:55",18.2,0,100,16819800,
"SHS","14:25:53",18.2,0,4100,16819700,
"SHS","14:25:51",18.2,0,1000,16815600,
"SHS","14:25:50",18.2,0,200,16814600,
"SHS","14:25:49",18.2,0,1000,16814400,
"SHS","14:25:48",18.2,0,500,16813400,
"SHS","14:25:47",18.1,-0.1,1000,16812900,
"SHS","14:25:44",18.2,0,100,16811900,
"SHS","14:25:42",18.2,0,2000,16811800,
"SHS","14:25:41",18.2,0,700,16809800,
"SHS","14:25:40",18.2,0,8000,16809100,
"SHS","14:25:39",18.1,-0.1,2000,16801100,
"SHS","14:25:37",18.2,0,400,16799100,
"SHS","14:25:36",18.2,0,30000,16798700,
"SHS","14:25:35",18.2,0,1000,16768700,
"SHS","14:25:34",18.2,0,1000,16767700,
"SHS","14:25:33",18.1,-0.1,3600,16766700,
"SHS","14:25:32",18.2,0,600,16763100,
"SHS","14:25:30",18.2,0,1000,16762500,
"SHS","14:25:29",18.2,0,1000,16761500,
"SHS","14:25:28",18.2,0,11100,16760500,
"SHS","14:25:27",18.2,0,300,16749400,
"SHS","14:25:26",18.2,0,2000,16749100,
"SHS","14:25:24",18.2,0,11200,16747100,
"SHS","14:25:23",18.2,0,5800,16735900,
"SHS","14:25:22",18.2,0,4800,16730100,
"SHS","14:25:21",18.2,0,1000,16725300,
"SHS","14:25:19",18.2,0,3400,16724300,
"SHS","14:25:18",18.2,0,1000,16720900,
"SHS","14:25:17",18.2,0,2000,16719900,
"SHS","14:25:15",18.2,0,46000,16717900,
"SHS","14:25:12",18.2,0,3300,16671900,
"SHS","14:25:11",18.2,0,800,16668600,
"SHS","14:25:10",18.2,0,1000,16667800,
"SHS","14:25:09",18.2,0,8000,16666800,
"SHS","14:25:06",18.2,0,21700,16658800,
"SHS","14:25:05",18.2,0,1500,16637100,
"SHS","14:25:04",18.2,0,100,16635600,
"SHS","14:25:03",18.2,0,2100,16635500,
"SHS","14:25:01",18.2,0,13800,16633400,
"SHS","14:25:00",18.2,0,14400,16619600,
"SHS","14:24:58",18.2,0,5500,16605200,
"SHS","14:24:56",18.2,0,5000,16599700,
"SHS","14:24:54",18.2,0,96700,16594700,
"SHS","14:24:53",18.2,0,20000,16498000,
"SHS","14:24:51",18.2,0,4100,16478000,
"SHS","14:24:50",18.2,0,5700,16473900,
"SHS","14:24:49",18.1,-0.1,4300,16468200,
"SHS","14:24:48",18.2,0,2000,16463900,
"SHS","14:24:47",18.2,0,5400,16461900,
"SHS","14:24:46",18.2,0,12700,16456500,
"SHS","14:24:45",18.1,-0.1,134300,16443800,
"SHS","14:24:44",18.2,0,22300,16309500,
"SHS","14:24:43",18.2,0,50100,16287200,
"SHS","14:24:42",18.2,0,1500,16237100,
"SHS","14:24:40",18.2,0,2600,16235600,
"SHS","14:24:39",18.2,0,400,16233000,
"SHS","14:24:38",18.2,0,8700,16232600,
"SHS","14:24:37",18.1,-0.1,1000,16223900,
"SHS","14:24:36",18.1,-0.1,4300,16222900,
"SHS","14:24:35",18.2,0,10000,16218600,
"SHS","14:24:34",18.2,0,3700,16208600,
"SHS","14:24:33",18.1,-0.1,3200,16204900,
"SHS","14:24:31",18.2,0,1900,16201700,
"SHS","14:24:28",18.2,0,5200,16199800,
"SHS","14:24:27",18.1,-0.1,1200,16194600,
"SHS","14:24:26",18.2,0,1000,16193400,
"SHS","14:24:25",18.2,0,100,16192400,
"SHS","14:24:22",18.2,0,15500,16192300,
"SHS","14:24:20",18.1,-0.1,100,16176800,
"SHS","14:24:18",18.2,0,600,16176700,
"SHS","14:24:17",18.2,0,200,16176100,
"SHS","14:24:16",18.2,0,200,16175900,
"SHS","14:24:15",18.2,0,300,16175700,
"SHS","14:24:14",18.1,-0.1,11300,16175400,
"SHS","14:24:11",18.2,0,100,16164100,
"SHS","14:24:10",18.2,0,1000,16164000,
"SHS","14:24:08",18.2,0,10000,16163000,
"SHS","14:24:07",18.2,0,100,16153000,
"SHS","14:24:05",18.1,-0.1,20000,16152900,
"SHS","14:24:04",18.2,0,1000,16132900,
"SHS","14:24:03",18.2,0,2000,16131900,
"SHS","14:24:02",18.1,-0.1,1000,16129900,
"SHS","14:24:01",18.1,-0.1,3100,16128900,
"SHS","14:24:00",18.2,0,400,16125800,
"SHS","14:23:54",18.2,0,1000,16125400,
"SHS","14:23:53",18.2,0,500,16124400,
"SHS","14:23:50",18.1,-0.1,1000,16123900,
"SHS","14:23:46",18.1,-0.1,200,16122900,
"SHS","14:23:45",18.1,-0.1,100,16122700,
"SHS","14:23:44",18.2,0,500,16122600,
"SHS","14:23:42",18.1,-0.1,1100,16122100,
"SHS","14:23:41",18.2,0,1000,16121000,
"SHS","14:23:39",18.1,-0.1,4000,16120000,
"SHS","14:23:38",18.2,0,200,16116000,
"SHS","14:23:37",18.2,0,2400,16115800,
"SHS","14:23:36",18.2,0,200,16113400,
"SHS","14:23:32",18.1,-0.1,1300,16113200,
"SHS","14:23:31",18.2,0,100,16111900,
"SHS","14:23:30",18.1,-0.1,1300,16111800,
"SHS","14:23:28",18.2,0,2500,16110500,
"SHS","14:23:26",18.2,0,100,16108000,
"SHS","14:23:25",18.1,-0.1,5500,16107900,
"SHS","14:23:20",18.2,0,500,16102400,
"SHS","14:23:19",18.2,0,1000,16101900,
"SHS","14:23:18",18.2,0,300,16100900,
"SHS","14:23:15",18.2,0,5300,16100600,
"SHS","14:23:14",18.1,-0.1,6000,16095300,
"SHS","14:23:11",18.2,0,54900,16089300,
"SHS","14:23:09",18.2,0,200,16034400,
"SHS","14:23:08",18.2,0,4000,16034200,
"SHS","14:23:07",18.2,0,100,16030200,
"SHS","14:23:06",18.2,0,14100,16030100,
"SHS","14:22:58",18.2,0,4000,16016000,
"SHS","14:22:57",18.2,0,10000,16012000,
"SHS","14:22:55",18.2,0,10000,16002000,
"SHS","14:22:45",18.2,0,300,15992000,
"SHS","14:22:39",18.1,-0.1,10000,15991700,
"SHS","14:22:38",18.1,-0.1,1000,15981700,
"SHS","14:22:37",18.1,-0.1,6000,15980700,
"SHS","14:22:31",18.1,-0.1,2000,15974700,
"SHS","14:22:28",18.1,-0.1,10000,15972700,
"SHS","14:22:26",18.2,0,1000,15962700,
"SHS","14:22:25",18.1,-0.1,8400,15961700,
"SHS","14:22:22",18.2,0,5000,15953300,
"SHS","14:22:21",18.2,0,1100,15948300,
"SHS","14:22:19",18.2,0,200,15947200,
"SHS","14:22:14",18.1,-0.1,3700,15947000,
"SHS","14:22:13",18.1,-0.1,1300,15943300,
"SHS","14:22:11",18.1,-0.1,1100,15942000,
"SHS","14:22:06",18.1,-0.1,800,15940900,
"SHS","14:22:01",18.1,-0.1,1500,15940100,
"SHS","14:22:00",18.2,0,100,15938600,
"SHS","14:21:59",18.1,-0.1,1000,15938500,
"SHS","14:21:58",18.1,-0.1,5000,15937500,
"SHS","14:21:56",18.1,-0.1,700,15932500,
"SHS","14:21:51",18.2,0,200,15931800,
"SHS","14:21:50",18.1,-0.1,10000,15931600,
"SHS","14:21:39",18.1,-0.1,1000,15921600,
"SHS","14:21:38",18.1,-0.1,500,15920600,
"SHS","14:21:35",18.1,-0.1,3400,15920100,
"SHS","14:21:34",18.1,-0.1,2000,15916700,
"SHS","14:21:32",18.2,0,2500,15914700,
"SHS","14:21:30",18.1,-0.1,7000,15912200,
"SHS","14:21:29",18.1,-0.1,1000,15905200,
"SHS","14:21:28",18.1,-0.1,100,15904200,
"SHS","14:21:27",18.1,-0.1,1000,15904100,
"SHS","14:21:21",18.1,-0.1,400,15903100,
"SHS","14:21:20",18.1,-0.1,2100,15902700,
"SHS","14:21:18",18.2,0,3000,15900600,
"SHS","14:21:17",18.1,-0.1,200,15897600,
"SHS","14:21:15",18.1,-0.1,900,15895700,
"SHS","14:21:12",18.1,-0.1,3000,15894800,
"SHS","14:21:10",18.1,-0.1,100,15891800,
"SHS","14:21:06",18.1,-0.1,5000,15891700,
"SHS","14:21:05",18.2,0,3000,15886700,
"SHS","14:21:03",18.1,-0.1,100,15883700,
"SHS","14:21:02",18.1,-0.1,100,15883600,
"SHS","14:21:00",18.1,-0.1,300,15883500,
"SHS","14:20:59",18.1,-0.1,3000,15883200,
"SHS","14:20:57",18.1,-0.1,1000,15880200,
"SHS","14:20:55",18.2,0,3300,15879200,
"SHS","14:20:53",18.1,-0.1,2000,15875900,
"SHS","14:20:50",18.1,-0.1,6600,15873900,
"SHS","14:20:47",18.1,-0.1,1000,15867300,
"SHS","14:20:45",18.1,-0.1,10200,15866300,
"SHS","14:20:40",18.1,-0.1,3600,15856100,
"SHS","14:20:38",18.1,-0.1,2200,15852500,
"SHS","14:20:37",18.2,0,100,15850300,
"SHS","14:20:36",18.1,-0.1,2000,15850200,
"SHS","14:20:33",18.1,-0.1,12400,15848200,
"SHS","14:20:32",18.1,-0.1,2200,15835800,
"SHS","14:20:26",18.1,-0.1,8000,15833600,
"SHS","14:20:25",18.1,-0.1,300,15825600,
"SHS","14:20:16",18.1,-0.1,100,15825300,
"SHS","14:20:15",18.1,-0.1,400,15825200,
"SHS","14:20:08",18.2,0,10000,15824800,
"SHS","14:20:06",18.2,0,138500,15814800,
"SHS","14:20:05",18.2,0,55000,15676300,
"SHS","14:20:04",18.2,0,7000,15621300,
"SHS","14:20:03",18.2,0,72400,15614300,
"SHS","14:20:02",18.2,0,5200,15541900,
"SHS","14:20:00",18.2,0,19900,15536700,
"SHS","14:19:59",18.2,0,11700,15516800,
"SHS","14:19:57",18.2,0,183000,15505100,
"SHS","14:19:56",18.2,0,3900,15322100,
"SHS","14:19:55",18.2,0,1000,15318200,
"SHS","14:19:54",18.2,0,16000,15317200,
"SHS","14:19:53",18.2,0,200,15301200,
"SHS","14:19:52",18.2,0,500,15301000,
"SHS","14:19:51",18.2,0,40000,15300500,
"SHS","14:19:50",18.2,0,11500,15260500,
"SHS","14:19:49",18.2,0,10000,15249000,
"SHS","14:19:48",18.2,0,1000,15239000,
"SHS","14:19:47",18.2,0,5000,15238000,
"SHS","14:19:46",18.2,0,500,15233000,
"SHS","14:19:45",18.2,0,45000,15232500,
"SHS","14:19:43",18.2,0,105000,15187500,
"SHS","14:19:42",18.2,0,1000,15082500,
"SHS","14:19:40",18.2,0,1000,15081500,
"SHS","14:19:39",18.2,0,41000,15080500,
"SHS","14:19:34",18.2,0,10000,15039500,
"SHS","14:19:33",18.2,0,10100,15029500,
"SHS","14:19:32",18.2,0,5000,15019400,
"SHS","14:19:31",18.2,0,2300,15014400,
"SHS","14:19:29",18.2,0,1700,15012100,
"SHS","14:19:27",18.2,0,20000,15010400,
"SHS","14:19:24",18.2,0,1300,14990400,
"SHS","14:19:16",18.2,0,1000,14989100,
"SHS","14:19:14",18.2,0,300,14988100,
"SHS","14:19:11",18.2,0,1000,14987800,
"SHS","14:19:07",18.2,0,100,14986800,
"SHS","14:19:04",18.2,0,3000,14986700,
"SHS","14:19:02",18.2,0,6500,14983700,
"SHS","14:18:58",18.2,0,18000,14977200,
"SHS","14:18:56",18.2,0,100,14959200,
"SHS","14:18:52",18.2,0,800,14959100,
"SHS","14:18:51",18.2,0,12000,14958300,
"SHS","14:18:50",18.2,0,1500,14946300,
"SHS","14:18:42",18.2,0,7000,14944800,
"SHS","14:18:30",18.3,0.1,1000,14937800,
"SHS","14:18:27",18.2,0,2000,14936800,
"SHS","14:18:25",18.3,0.1,1000,14934800,
"SHS","14:18:20",18.2,0,200,14933800,
"SHS","14:18:15",18.2,0,400,14933600,
"SHS","14:18:12",18.2,0,700,14933200,
"SHS","14:18:11",18.2,0,400,14932500,
"SHS","14:18:10",18.2,0,251000,14932100,
"SHS","14:18:03",18.2,0,20000,14681100,
"SHS","14:17:57",18.2,0,3000,14661100,
"SHS","14:17:42",18.2,0,6000,14658100,
"SHS","14:17:38",18.2,0,5000,14652100,
"SHS","14:17:31",18.2,0,200,14647100,
"SHS","14:17:30",18.3,0.1,5000,14646900,
"SHS","14:17:19",18.3,0.1,500,14641900,
"SHS","14:17:08",18.2,0,15300,14641400,
"SHS","14:16:56",18.3,0.1,100,14626100,
"SHS","14:16:54",18.2,0,1000,14626000,
"SHS","14:16:52",18.2,0,100,14625000,
"SHS","14:16:38",18.3,0.1,100,14624900,
"SHS","14:16:33",18.2,0,12900,14624800,
"SHS","14:16:27",18.3,0.1,200,14611900,
"SHS","14:16:21",18.3,0.1,3800,14611700,
"SHS","14:16:10",18.3,0.1,200,14607900,
"SHS","14:16:06",18.2,0,400,14607700,
"SHS","14:15:58",18.3,0.1,500,14607300,
"SHS","14:15:57",18.3,0.1,100,14606800,
"SHS","14:15:55",18.3,0.1,700,14606700,
"SHS","14:15:38",18.3,0.1,1000,14606000,
"SHS","14:15:34",18.3,0.1,1000,14605000,
"SHS","14:15:23",18.3,0.1,100,14604000,
"SHS","14:15:22",18.3,0.1,1000,14603900,
"SHS","14:15:17",18.3,0.1,3000,14602900,
"SHS","14:15:11",18.3,0.1,100,14599900,
"SHS","14:15:05",18.3,0.1,3500,14599800,
"SHS","14:15:01",18.2,0,100,14596300,
"SHS","14:15:00",18.2,0,400,14596200,
"SHS","14:14:46",18.2,0,4500,14595800,
"SHS","14:14:45",18.2,0,500,14591300,
"SHS","14:14:44",18.3,0.1,100,14590800,
"SHS","14:14:34",18.3,0.1,5000,14590700,
"SHS","14:14:30",18.2,0,400,14585700,
"SHS","14:14:29",18.2,0,500,14585300,
"SHS","14:14:25",18.3,0.1,500,14584800,
"SHS","14:14:16",18.2,0,1500,14584300,
"SHS","14:14:10",18.3,0.1,300,14582800,
"SHS","14:14:03",18.3,0.1,100,14582500,
"SHS","14:14:01",18.3,0.1,36700,14582400,
"SHS","14:14:00",18.3,0.1,600,14545700,
"SHS","14:13:59",18.3,0.1,300,14545100,
"SHS","14:13:58",18.3,0.1,300,14544800,
"SHS","14:13:57",18.3,0.1,70000,14544500,
"SHS","14:13:52",18.3,0.1,15000,14474500,
"SHS","14:13:48",18.3,0.1,9000,14459500,
"SHS","14:13:46",18.3,0.1,1500,14450500,
"SHS","14:13:42",18.3,0.1,500,14449000,
"SHS","14:13:41",18.3,0.1,900,14448500,
"SHS","14:13:35",18.3,0.1,2000,14447600,
"SHS","14:13:26",18.3,0.1,2200,14445600,
"SHS","14:13:25",18.3,0.1,29800,14443400,
"SHS","14:13:23",18.3,0.1,600,14413600,
"SHS","14:13:22",18.4,0.2,6800,14413000,
"SHS","14:13:21",18.3,0.1,1300,14406200,
"SHS","14:13:15",18.3,0.1,1500,14404900,
"SHS","14:13:05",18.3,0.1,500,14403400,
"SHS","14:13:04",18.3,0.1,4300,14402900,
"SHS","14:13:03",18.3,0.1,16000,14398600,
"SHS","14:12:59",18.3,0.1,10000,14382600,
"SHS","14:12:54",18.3,0.1,1700,14372600,
"SHS","14:12:45",18.3,0.1,1500,14370900,
"SHS","14:12:43",18.3,0.1,20000,14369400,
"SHS","14:12:42",18.3,0.1,2500,14349400,
"SHS","14:12:35",18.3,0.1,72900,14346900,
"SHS","14:12:15",18.3,0.1,1500,14274000,
"SHS","14:12:11",18.3,0.1,2000,14272500,
"SHS","14:12:02",18.4,0.2,100,14270500,
"SHS","14:11:57",18.3,0.1,400,14270400,
"SHS","14:11:54",18.3,0.1,300,14270000,
"SHS","14:11:45",18.3,0.1,1500,14269700,
"SHS","14:11:28",18.3,0.1,3000,14268200,
"SHS","14:11:15",18.3,0.1,1500,14265200,
"SHS","14:11:08",18.4,0.2,500,14263700,
"SHS","14:11:06",18.3,0.1,2000,14263200,
"SHS","14:10:57",18.3,0.1,300,14261200,
"SHS","14:10:49",18.4,0.2,1100,14260900,
"SHS","14:10:45",18.3,0.1,1500,14259800,
"SHS","14:10:38",18.3,0.1,1000,14258300,
"SHS","14:10:32",18.3,0.1,100,14257300,
"SHS","14:10:31",18.3,0.1,2000,14257200,
"SHS","14:10:25",18.4,0.2,3600,14255200,
"SHS","14:10:15",18.3,0.1,1500,14251600,
"SHS","14:10:09",18.4,0.2,300,14250100,
"SHS","14:09:50",18.3,0.1,1000,14249800,
"SHS","14:09:47",18.3,0.1,300,14248800,
"SHS","14:09:45",18.3,0.1,1500,14248500,
"SHS","14:09:36",18.4,0.2,400,14247000,
"SHS","14:09:30",18.3,0.1,800,14246600,
"SHS","14:09:27",18.3,0.1,1400,14245800,
"SHS","14:09:20",18.3,0.1,200,14244400,
"SHS","14:09:15",18.3,0.1,1500,14244200,
"SHS","14:09:09",18.3,0.1,3000,14242700,
"SHS","14:09:01",18.3,0.1,5000,14239700,
"SHS","14:08:57",18.3,0.1,6500,14234700,
"SHS","14:08:54",18.3,0.1,2600,14228200,
"SHS","14:08:52",18.3,0.1,1000,14225600,
"SHS","14:08:50",18.3,0.1,23500,14224600,
"SHS","14:08:46",18.3,0.1,300,14201100,
"SHS","14:08:45",18.3,0.1,1500,14200800,
"SHS","14:08:38",18.3,0.1,2000,14199300,
"SHS","14:08:29",18.4,0.2,1000,14197300,
"SHS","14:08:28",18.3,0.1,1200,14196300,
"SHS","14:08:25",18.3,0.1,500,14195100,
"SHS","14:08:17",18.3,0.1,1700,14194600,
"SHS","14:08:16",18.2,0,1500,14192900,
"SHS","14:08:15",18.3,0.1,200,14191400,
"SHS","14:08:14",18.3,0.1,1000,14191200,
"SHS","14:08:07",18.3,0.1,100,14190200,
"SHS","14:08:04",18.3,0.1,300,14190100,
"SHS","14:08:02",18.3,0.1,9700,14189800,
"SHS","14:07:46",18.3,0.1,4000,14180100,
"SHS","14:07:45",18.3,0.1,1000,14176100,
"SHS","14:07:44",18.2,0,1500,14175100,
"SHS","14:07:42",18.2,0,400,14173600,
"SHS","14:07:40",18.4,0.2,300,14173200,
"SHS","14:07:39",18.3,0.1,50000,14172900,
"SHS","14:07:33",18.3,0.1,20000,14122900,
"SHS","14:07:32",18.3,0.1,1000,14102900,
"SHS","14:07:24",18.4,0.2,2200,14101900,
"SHS","14:07:14",18.3,0.1,1500,14099700,
"SHS","14:07:13",18.3,0.1,3600,14098200,
"SHS","14:07:12",18.3,0.1,2000,14094600,
"SHS","14:07:09",18.3,0.1,10000,14092600,
"SHS","14:07:06",18.3,0.1,500,14082600,
"SHS","14:07:03",18.3,0.1,2000,14082100,
"SHS","14:06:58",18.3,0.1,200,14080100,
"SHS","14:06:52",18.3,0.1,2000,14079900,
"SHS","14:06:51",18.3,0.1,400,14077900,
"SHS","14:06:49",18.3,0.1,2000,14077500,
"SHS","14:06:47",18.3,0.1,1000,14075500,
"SHS","14:06:44",18.3,0.1,1500,14074500,
"SHS","14:06:38",18.3,0.1,400,14073000,
"SHS","14:06:33",18.3,0.1,200,14072600,
"SHS","14:06:29",18.3,0.1,500,14072400,
"SHS","14:06:27",18.3,0.1,1000,14071900,
"SHS","14:06:20",18.3,0.1,5800,14070900,
"SHS","14:06:14",18.3,0.1,1500,14065100,
"SHS","14:06:12",18.3,0.1,1000,14063600,
"SHS","14:06:09",18.3,0.1,2500,14062600,
"SHS","14:05:50",18.3,0.1,8100,14060100,
"SHS","14:05:49",18.3,0.1,1100,14052000,
"SHS","14:05:48",18.3,0.1,100,14050900,
"SHS","14:05:46",18.3,0.1,2000,14050800,
"SHS","14:05:45",18.3,0.1,3500,14048800,
"SHS","14:05:44",18.3,0.1,2500,14045300,
"SHS","14:05:43",18.3,0.1,2000,14042800,
"SHS","14:05:42",18.3,0.1,10000,14040800,
"SHS","14:05:40",18.3,0.1,5000,14030800,
"SHS","14:05:39",18.3,0.1,5400,14025800,
"SHS","14:05:38",18.3,0.1,9000,14020400,
"SHS","14:05:36",18.3,0.1,3000,14011400,
"SHS","14:05:35",18.3,0.1,5000,14008400,
"SHS","14:05:34",18.3,0.1,900,14003400,
"SHS","14:05:33",18.3,0.1,100,14002500,
"SHS","14:05:32",18.3,0.1,7700,14002400,
"SHS","14:05:29",18.3,0.1,101500,13994700,
"SHS","14:05:27",18.3,0.1,5000,13893200,
"SHS","14:05:26",18.2,0,100,13888200,
"SHS","14:05:19",18.3,0.1,1000,13888100,
"SHS","14:05:17",18.3,0.1,100,13887100,
"SHS","14:05:16",18.3,0.1,100,13887000,
"SHS","14:05:15",18.3,0.1,2000,13886900,
"SHS","14:05:14",18.2,0,1500,13884900,
"SHS","14:05:12",18.2,0,3000,13883400,
"SHS","14:05:11",18.3,0.1,1000,13880400,
"SHS","14:05:08",18.3,0.1,800,13879400,
"SHS","14:04:59",18.2,0,3500,13878600,
"SHS","14:04:51",18.3,0.1,300,13875100,
"SHS","14:04:44",18.2,0,1600,13874800,
"SHS","14:04:43",18.2,0,500000,13873200,
"SHS","14:04:42",18.2,0,31300,13373200,
"SHS","14:04:40",18.2,0,3000,13341900,
"SHS","14:04:35",18.2,0,100,13338900,
"SHS","14:04:31",18.2,0,100,13338800,
"SHS","14:04:29",18.2,0,400,13338700,
"SHS","14:04:14",18.2,0,1500,13338300,
"SHS","14:04:11",18.2,0,2000,13336800,
"SHS","14:04:03",18.3,0.1,900,13334800,
"SHS","14:03:57",18.3,0.1,3400,13333900,
"SHS","14:03:50",18.2,0,1000,13330500,
"SHS","14:03:44",18.2,0,1500,13329500,
"SHS","14:03:42",18.2,0,1000,13328000,
"SHS","14:03:41",18.2,0,100,13327000,
"SHS","14:03:36",18.2,0,1400,13326900,
"SHS","14:03:31",18.2,0,800,13325500,
"SHS","14:03:26",18.2,0,300,13324700,
"SHS","14:03:23",18.3,0.1,100,13324400,
"SHS","14:03:19",18.2,0,200,13324300,
"SHS","14:03:16",18.2,0,1800,13324100,
"SHS","14:03:15",18.2,0,700,13322300,
"SHS","14:03:14",18.3,0.1,1600,13321600,
"SHS","14:03:10",18.3,0.1,1000,13320000,
"SHS","14:03:07",18.2,0,20000,13319000,
"SHS","14:03:05",18.2,0,5000,13299000,
"SHS","14:03:03",18.2,0,200,13294000,
"SHS","14:03:00",18.2,0,600,13293800,
"SHS","14:02:51",18.3,0.1,5000,13293200,
"SHS","14:02:49",18.3,0.1,100,13288200,
"SHS","14:02:48",18.2,0,900,13288100,
"SHS","14:02:45",18.2,0,200,13287200,
"SHS","14:02:43",18.2,0,2300,13287000,
"SHS","14:02:31",18.2,0,6400,13284700,
"SHS","14:02:24",18.2,0,400,13278300,
"SHS","14:02:21",18.2,0,500,13277900,
"SHS","14:02:15",18.3,0.1,500,13277400,
"SHS","14:02:13",18.2,0,3600,13276900,
"SHS","14:02:12",18.3,0.1,90100,13273300,
"SHS","14:02:11",18.3,0.1,10000,13183200,
"SHS","14:02:09",18.3,0.1,6900,13173200,
"SHS","14:02:08",18.3,0.1,2100,13166300,
"SHS","14:02:07",18.3,0.1,94600,13164200,
"SHS","14:02:06",18.3,0.1,3000,13069600,
"SHS","14:02:05",18.3,0.1,23800,13066600,
"SHS","14:02:04",18.3,0.1,34300,13042800,
"SHS","14:02:02",18.3,0.1,39000,13008500,
"SHS","14:02:01",18.3,0.1,7900,12969500,
"SHS","14:01:59",18.3,0.1,10100,12961600,
"SHS","14:01:58",18.3,0.1,100200,12951500,
"SHS","14:01:56",18.3,0.1,100,12851300,
"SHS","14:01:54",18.3,0.1,26200,12851200,
"SHS","14:01:53",18.3,0.1,5000,12825000,
"SHS","14:01:50",18.3,0.1,2500,12820000,
"SHS","14:01:48",18.3,0.1,4000,12817500,
"SHS","14:01:43",18.3,0.1,106500,12813500,
"SHS","14:01:38",18.3,0.1,1000,12707000,
"SHS","14:01:35",18.3,0.1,1700,12706000,
"SHS","14:01:32",18.3,0.1,500,12704300,
"SHS","14:01:28",18.3,0.1,44000,12703800,
"SHS","14:01:26",18.3,0.1,14400,12659800,
"SHS","14:01:25",18.3,0.1,500,12645400,
"SHS","14:01:21",18.3,0.1,300,12644900,
"SHS","14:01:19",18.3,0.1,2000,12644600,
"SHS","14:01:13",18.3,0.1,1500,12642600,
"SHS","14:01:10",18.3,0.1,10000,12641100,
"SHS","14:01:06",18.3,0.1,31500,12631100,
"SHS","14:00:55",18.3,0.1,4000,12599600,
"SHS","14:00:43",18.3,0.1,1500,12595600,
"SHS","14:00:41",18.3,0.1,30000,12594100,
"SHS","14:00:40",18.3,0.1,4000,12564100,
"SHS","14:00:38",18.3,0.1,3000,12560100,
"SHS","14:00:37",18.3,0.1,1000,12557100,
"SHS","14:00:32",18.3,0.1,100,12556100,
"SHS","14:00:19",18.3,0.1,300,12556000,
"SHS","14:00:13",18.3,0.1,1500,12555700,
"SHS","14:00:03",18.3,0.1,100,12554200,
"SHS","14:00:01",18.3,0.1,300,12554100,
"SHS","13:59:54",18.3,0.1,400,12553800,
"SHS","13:59:43",18.3,0.1,4300,12553400,
"SHS","13:59:26",18.3,0.1,900,12549100,
"SHS","13:59:23",18.3,0.1,3000,12548200,
"SHS","13:59:19",18.3,0.1,300,12545200,
"SHS","13:59:13",18.3,0.1,1900,12544900,
"SHS","13:59:08",18.3,0.1,100,12543000,
"SHS","13:59:07",18.3,0.1,300,12542900,
"SHS","13:58:48",18.3,0.1,200,12542600,
"SHS","13:58:43",18.3,0.1,1500,12542400,
"SHS","13:58:21",18.3,0.1,2000,12540900,
"SHS","13:58:15",18.4,0.2,5000,12538900,
"SHS","13:58:13",18.3,0.1,1500,12533900,
"SHS","13:58:08",18.3,0.1,400,12532400,
"SHS","13:58:07",18.3,0.1,5000,12532000,
"SHS","13:58:03",18.3,0.1,500,12527000,
"SHS","13:57:53",18.3,0.1,1000,12526500,
"SHS","13:57:50",18.3,0.1,1000,12525500,
"SHS","13:57:45",18.3,0.1,100,12524500,
"SHS","13:57:43",18.3,0.1,1500,12524400,
"SHS","13:57:36",18.3,0.1,5000,12522900,
"SHS","13:57:20",18.3,0.1,5000,12517900,
"SHS","13:57:13",18.3,0.1,1500,12512900,
"SHS","13:57:09",18.3,0.1,200,12511400,
"SHS","13:57:03",18.3,0.1,400,12511200,
"SHS","13:56:56",18.3,0.1,1000,12510800,
"SHS","13:56:47",18.3,0.1,300,12509800,
"SHS","13:56:45",18.3,0.1,100,12509500,
"SHS","13:56:44",18.3,0.1,2800,12509400,
"SHS","13:56:42",18.3,0.1,1500,12506600,
"SHS","13:56:39",18.3,0.1,1600,12505100,
"SHS","13:56:12",18.3,0.1,1500,12503500,
"SHS","13:56:06",18.3,0.1,600,12502000,
"SHS","13:55:58",18.3,0.1,400,12501400,
"SHS","13:55:47",18.3,0.1,1700,12501000,
"SHS","13:55:44",18.3,0.1,500,12499300,
"SHS","13:55:42",18.3,0.1,1500,12498800,
"SHS","13:55:36",18.3,0.1,100,12497300,
"SHS","13:55:20",18.3,0.1,10000,12497200,
"SHS","13:55:19",18.3,0.1,500,12487200,
"SHS","13:55:12",18.3,0.1,1500,12486700,
"SHS","13:54:55",18.3,0.1,400,12485200,
"SHS","13:54:42",18.3,0.1,1500,12484800,
"SHS","13:54:19",18.3,0.1,500,12483300,
"SHS","13:54:12",18.3,0.1,1500,12482800,
"SHS","13:54:07",18.3,0.1,1000,12481300,
"SHS","13:53:57",18.3,0.1,2000,12480300,
"SHS","13:53:51",18.3,0.1,400,12478300,
"SHS","13:53:49",18.3,0.1,100,12477900,
"SHS","13:53:42",18.3,0.1,1500,12477800,
"SHS","13:53:36",18.4,0.2,10000,12476300,
"SHS","13:53:12",18.3,0.1,1500,12466300,
"SHS","13:52:49",18.3,0.1,400,12464800,
"SHS","13:52:42",18.3,0.1,1500,12464400,
"SHS","13:52:19",18.4,0.2,5000,12462900,
"SHS","13:52:12",18.3,0.1,1500,12457900,
"SHS","13:51:58",18.4,0.2,100,12456400,
"SHS","13:51:45",18.3,0.1,400,12456300,
"SHS","13:51:41",18.3,0.1,1500,12455900,
"SHS","13:51:38",18.4,0.2,1000,12454400,
"SHS","13:51:37",18.4,0.2,5000,12453400,
"SHS","13:51:16",18.4,0.2,2300,12448400,
"SHS","13:51:11",18.3,0.1,1500,12446100,
"SHS","13:51:10",18.4,0.2,2000,12444600,
"SHS","13:51:00",18.4,0.2,2200,12442600,
"SHS","13:50:57",18.4,0.2,1300,12440400,
"SHS","13:50:50",18.4,0.2,100,12439100,
"SHS","13:50:41",18.3,0.1,1500,12439000,
"SHS","13:50:40",18.3,0.1,400,12437500,
"SHS","13:50:33",18.4,0.2,3500,12437100,
"SHS","13:50:11",18.3,0.1,1500,12433600,
"SHS","13:50:08",18.4,0.2,76000,12432100,
"SHS","13:50:06",18.4,0.2,1000,12356100,
"SHS","13:50:03",18.4,0.2,7700,12355100,
"SHS","13:49:56",18.4,0.2,4000,12347400,
"SHS","13:49:55",18.4,0.2,2000,12343400,
"SHS","13:49:54",18.4,0.2,20000,12341400,
"SHS","13:49:52",18.4,0.2,1000,12321400,
"SHS","13:49:47",18.4,0.2,45000,12320400,
"SHS","13:49:42",18.4,0.2,100,12275400,
"SHS","13:49:41",18.4,0.2,1500,12275300,
"SHS","13:49:40",18.4,0.2,6100,12273800,
"SHS","13:49:39",18.4,0.2,300,12267700,
"SHS","13:49:37",18.4,0.2,400,12267400,
"SHS","13:49:36",18.4,0.2,100,12267000,
"SHS","13:49:35",18.4,0.2,9900,12266900,
"SHS","13:49:33",18.4,0.2,2000,12257000,
"SHS","13:49:29",18.4,0.2,2000,12255000,
"SHS","13:49:27",18.4,0.2,900,12253000,
"SHS","13:49:16",18.4,0.2,3100,12252100,
"SHS","13:49:11",18.4,0.2,1500,12249000,
"SHS","13:49:05",18.4,0.2,1000,12247500,
"SHS","13:48:41",18.4,0.2,1500,12246500,
"SHS","13:48:39",18.4,0.2,1000,12245000,
"SHS","13:48:32",18.4,0.2,400,12244000,
"SHS","13:48:23",18.4,0.2,1400,12243600,
"SHS","13:48:11",18.4,0.2,1500,12242200,
"SHS","13:48:08",18.4,0.2,300,12240700,
"SHS","13:48:06",18.4,0.2,3000,12240400,
"SHS","13:48:03",18.4,0.2,200,12237400,
"SHS","13:48:02",18.4,0.2,500,12237200,
"SHS","13:48:01",18.4,0.2,1500,12236700,
"SHS","13:47:47",18.4,0.2,200,12235200,
"SHS","13:47:44",18.4,0.2,100,12235000,
"SHS","13:47:41",18.4,0.2,1500,12234900,
"SHS","13:47:37",18.4,0.2,300,12233400,
"SHS","13:47:33",18.4,0.2,5000,12233100,
"SHS","13:47:29",18.4,0.2,400,12228100,
"SHS","13:47:14",18.4,0.2,500,12227700,
"SHS","13:47:11",18.4,0.2,16500,12227200,
"SHS","13:47:10",18.4,0.2,200,12210700,
"SHS","13:47:00",18.4,0.2,200,12210500,
"SHS","13:46:48",18.4,0.2,200,12210300,
"SHS","13:46:45",18.4,0.2,2000,12210100,
"SHS","13:46:42",18.4,0.2,1500,12208100,
"SHS","13:46:41",18.5,0.3,41000,12206600,
"SHS","13:46:32",18.4,0.2,600,12165600,
"SHS","13:46:24",18.4,0.2,400,12165000,
"SHS","13:46:17",18.4,0.2,5000,12164600,
"SHS","13:46:15",18.4,0.2,100,12159600,
"SHS","13:46:12",18.4,0.2,1000,12159500,
"SHS","13:46:11",18.4,0.2,1500,12158500,
"SHS","13:46:05",18.4,0.2,100,12157000,
"SHS","13:46:01",18.4,0.2,100,12156900,
"SHS","13:45:50",18.4,0.2,1000,12156800,
"SHS","13:45:49",18.4,0.2,4000,12155800,
"SHS","13:45:44",18.4,0.2,100,12151800,
"SHS","13:45:40",18.4,0.2,1500,12151700,
"SHS","13:45:18",18.4,0.2,400,12150200,
"SHS","13:45:16",18.4,0.2,1000,12149800,
"SHS","13:45:15",18.4,0.2,200,12148800,
"SHS","13:45:10",18.4,0.2,1500,12148600,
"SHS","13:45:05",18.4,0.2,50000,12147100,
"SHS","13:44:54",18.4,0.2,100,12097100,
"SHS","13:44:46",18.4,0.2,1500,12097000,
"SHS","13:44:28",18.4,0.2,500,12095500,
"SHS","13:44:13",18.4,0.2,400,12095000,
"SHS","13:44:09",18.4,0.2,1500,12094600,
"SHS","13:44:04",18.4,0.2,1700,12093100,
"SHS","13:43:58",18.4,0.2,1000,12091400,
"SHS","13:43:50",18.4,0.2,100,12090400,
"SHS","13:43:44",18.4,0.2,300,12090300,
"SHS","13:43:39",18.4,0.2,1500,12090000,
"SHS","13:43:18",18.4,0.2,200,12088500,
"SHS","13:43:13",18.4,0.2,300,12088300,
"SHS","13:43:10",18.4,0.2,300,12088000,
"SHS","13:43:09",18.4,0.2,1500,12087700,
"SHS","13:43:05",18.4,0.2,1500,12086200,
"SHS","13:42:44",18.4,0.2,1600,12084700,
"SHS","13:42:42",18.4,0.2,1500,12083100,
"SHS","13:42:39",18.4,0.2,1500,12081600,
"SHS","13:42:11",18.4,0.2,400,12080100,
"SHS","13:42:09",18.4,0.2,1500,12079700,
"SHS","13:41:57",18.4,0.2,300,12078200,
"SHS","13:41:52",18.4,0.2,8000,12077900,
"SHS","13:41:40",18.5,0.3,100,12069900,
"SHS","13:41:39",18.4,0.2,1500,12069800,
"SHS","13:41:26",18.5,0.3,5400,12068300,
"SHS","13:41:24",18.4,0.2,5000,12062900,
"SHS","13:41:10",18.4,0.2,400,12057900,
"SHS","13:41:09",18.4,0.2,1500,12057500,
"SHS","13:41:07",18.4,0.2,300,12056000,
"SHS","13:41:06",18.4,0.2,100,12055700,
"SHS","13:40:39",18.4,0.2,1500,12055600,
"SHS","13:40:31",18.4,0.2,1000,12054100,
"SHS","13:40:24",18.4,0.2,1000,12053100,
"SHS","13:40:17",18.4,0.2,500,12052100,
"SHS","13:40:10",18.4,0.2,1000,12051600,
"SHS","13:40:09",18.4,0.2,1500,12050600,
"SHS","13:40:05",18.4,0.2,400,12049100,
"SHS","13:39:39",18.4,0.2,1500,12048700,
"SHS","13:39:35",18.4,0.2,2000,12047200,
"SHS","13:39:27",18.4,0.2,400,12045200,
"SHS","13:39:26",18.4,0.2,6700,12044800,
"SHS","13:39:21",18.4,0.2,5000,12038100,
"SHS","13:39:15",18.4,0.2,1900,12033100,
"SHS","13:39:08",18.3,0.1,1500,12031200,
"SHS","13:39:05",18.4,0.2,18500,12029700,
"SHS","13:39:01",18.4,0.2,400,12011200,
"SHS","13:38:53",18.4,0.2,600,12010800,
"SHS","13:38:51",18.4,0.2,1000,12010200,
"SHS","13:38:48",18.4,0.2,1500,12009200,
"SHS","13:38:46",18.4,0.2,1400,12007700,
"SHS","13:38:45",18.4,0.2,500,12006300,
"SHS","13:38:38",18.4,0.2,2500,12005800,
"SHS","13:38:35",18.4,0.2,3000,12003300,
"SHS","13:38:30",18.4,0.2,1000,12000300,
"SHS","13:38:25",18.4,0.2,100,11999300,
"SHS","13:38:11",18.4,0.2,4000,11999200,
"SHS","13:38:08",18.4,0.2,1500,11995200,
"SHS","13:38:06",18.4,0.2,1100,11993700,
"SHS","13:38:01",18.4,0.2,4000,11992600,
"SHS","13:37:57",18.3,0.1,400,11988600,
"SHS","13:37:56",18.4,0.2,100,11988200,
"SHS","13:37:54",18.4,0.2,1000,11988100,
"SHS","13:37:53",18.4,0.2,4000,11987100,
"SHS","13:37:52",18.4,0.2,15200,11983100,
"SHS","13:37:50",18.4,0.2,100,11967900,
"SHS","13:37:47",18.4,0.2,300,11967800,
"SHS","13:37:45",18.4,0.2,5100,11967500,
"SHS","13:37:39",18.4,0.2,3000,11962400,
"SHS","13:37:38",18.4,0.2,1500,11959400,
"SHS","13:37:34",18.4,0.2,200,11957900,
"SHS","13:37:30",18.4,0.2,2000,11957700,
"SHS","13:37:28",18.4,0.2,1000,11955700,
"SHS","13:37:27",18.4,0.2,200,11954700,
"SHS","13:37:25",18.4,0.2,200,11954500,
"SHS","13:37:13",18.4,0.2,1000,11954300,
"SHS","13:37:08",18.4,0.2,6500,11953300,
"SHS","13:37:07",18.4,0.2,600,11946800,
"SHS","13:37:05",18.4,0.2,4000,11946200,
"SHS","13:37:00",18.4,0.2,700,11942200,
"SHS","13:36:58",18.4,0.2,100,11941500,
"SHS","13:36:54",18.4,0.2,1400,11941400,
"SHS","13:36:53",18.4,0.2,500,11940000,
"SHS","13:36:50",18.4,0.2,200,11939500,
"SHS","13:36:49",18.4,0.2,1000,11939300,
"SHS","13:36:47",18.4,0.2,2000,11938300,
"SHS","13:36:45",18.4,0.2,100,11936300,
"SHS","13:36:41",18.4,0.2,2500,11936200,
"SHS","13:36:38",18.4,0.2,1500,11933700,
"SHS","13:36:31",18.4,0.2,3000,11932200,
"SHS","13:36:24",18.4,0.2,200,11929200,
"SHS","13:36:11",18.4,0.2,100,11929000,
"SHS","13:36:09",18.4,0.2,1000,11928900,
"SHS","13:36:08",18.4,0.2,2400,11927900,
"SHS","13:36:07",18.4,0.2,5000,11925500,
"SHS","13:35:50",18.4,0.2,400,11920500,
"SHS","13:35:41",18.4,0.2,600,11920100,
"SHS","13:35:40",18.5,0.3,400,11919500,
"SHS","13:35:38",18.4,0.2,1900,11919100,
"SHS","13:35:37",18.4,0.2,3200,11917200,
"SHS","13:35:36",18.4,0.2,500,11914000,
"SHS","13:35:25",18.4,0.2,2000,11913500,
"SHS","13:35:24",18.4,0.2,6000,11911500,
"SHS","13:35:22",18.4,0.2,1000,11905500,
"SHS","13:35:17",18.4,0.2,1000,11904500,
"SHS","13:35:15",18.4,0.2,1000,11903500,
"SHS","13:35:12",18.4,0.2,1000,11902500,
"SHS","13:35:11",18.4,0.2,2000,11901500,
"SHS","13:35:08",18.4,0.2,1400,11899500,
"SHS","13:35:04",18.4,0.2,5000,11898100,
"SHS","13:35:03",18.4,0.2,400,11893100,
"SHS","13:34:57",18.4,0.2,5000,11892700,
"SHS","13:34:48",18.4,0.2,10100,11887700,
"SHS","13:34:45",18.4,0.2,400,11877600,
"SHS","13:34:44",18.4,0.2,2000,11877200,
"SHS","13:34:41",18.4,0.2,100,11875200,
"SHS","13:34:39",18.4,0.2,1400,11875100,
"SHS","13:34:35",18.4,0.2,300,11873700,
"SHS","13:34:34",18.4,0.2,1500,11873400,
"SHS","13:34:25",18.4,0.2,500,11871900,
"SHS","13:34:23",18.4,0.2,500,11871400,
"SHS","13:34:21",18.4,0.2,2100,11870900,
"SHS","13:34:19",18.4,0.2,100,11868800,
"SHS","13:34:15",18.4,0.2,5000,11868700,
"SHS","13:34:08",18.4,0.2,8000,11863700,
"SHS","13:34:07",18.4,0.2,1600,11855700,
"SHS","13:34:06",18.4,0.2,1000,11854100,
"SHS","13:34:04",18.4,0.2,900,11853100,
"SHS","13:33:58",18.4,0.2,50000,11851200,
"SHS","13:33:53",18.4,0.2,100,11801200,
"SHS","13:33:52",18.4,0.2,800,11801100,
"SHS","13:33:39",18.4,0.2,400,11800300,
"SHS","13:33:38",18.4,0.2,200,11799900,
"SHS","13:33:37",18.4,0.2,1400,11799700,
"SHS","13:33:36",18.4,0.2,400,11798300,
"SHS","13:33:19",18.4,0.2,187200,11797900,
"SHS","13:33:07",18.3,0.1,1400,11610700,
"SHS","13:33:06",18.4,0.2,1000,11609300,
"SHS","13:33:05",18.4,0.2,16000,11608300,
"SHS","13:32:56",18.3,0.1,1000,11592300,
"SHS","13:32:55",18.4,0.2,20000,11591300,
"SHS","13:32:38",18.3,0.1,400,11571300,
"SHS","13:32:37",18.3,0.1,1400,11570900,
"SHS","13:32:18",18.3,0.1,900,11569500,
"SHS","13:32:17",18.4,0.2,100,11568600,
"SHS","13:32:07",18.3,0.1,1400,11568500,
"SHS","13:32:01",18.3,0.1,200,11567100,
"SHS","13:31:55",18.3,0.1,200,11566900,
"SHS","13:31:37",18.3,0.1,6400,11566700,
"SHS","13:31:36",18.3,0.1,400,11560300,
"SHS","13:31:32",18.3,0.1,200,11559900,
"SHS","13:31:16",18.3,0.1,200,11559700,
"SHS","13:31:07",18.3,0.1,1400,11559500,
"SHS","13:30:58",18.3,0.1,2000,11558100,
"SHS","13:30:52",18.3,0.1,1000,11556100,
"SHS","13:30:37",18.3,0.1,6400,11555100,
"SHS","13:30:36",18.3,0.1,200,11548700,
"SHS","13:30:34",18.3,0.1,400,11548500,
"SHS","13:30:33",18.3,0.1,500,11548100,
"SHS","13:30:07",18.3,0.1,1400,11547600,
"SHS","13:29:40",18.3,0.1,2500,11546200,
"SHS","13:29:37",18.3,0.1,1400,11543700,
"SHS","13:29:33",18.3,0.1,400,11542300,
"SHS","13:29:32",18.3,0.1,2000,11541900,
"SHS","13:29:27",18.3,0.1,400,11539900,
"SHS","13:29:07",18.3,0.1,1400,11539500,
"SHS","13:28:54",18.3,0.1,30000,11538100,
"SHS","13:28:37",18.4,0.2,2000,11508100,
"SHS","13:28:29",18.3,0.1,5300,11506100,
"SHS","13:28:27",18.3,0.1,400,11500800,
"SHS","13:28:21",18.3,0.1,600,11500400,
"SHS","13:28:12",18.3,0.1,2000,11499800,
"SHS","13:28:06",18.3,0.1,1500,11497800,
"SHS","13:28:02",18.3,0.1,1000,11496300,
"SHS","13:27:51",18.3,0.1,400,11495300,
"SHS","13:27:43",18.3,0.1,20000,11494900,
"SHS","13:27:41",18.3,0.1,500,11474900,
"SHS","13:27:36",18.3,0.1,1400,11474400,
"SHS","13:27:27",18.3,0.1,600,11473000,
"SHS","13:27:24",18.3,0.1,400,11472400,
"SHS","13:27:18",18.3,0.1,100,11472000,
"SHS","13:27:16",18.3,0.1,300,11471900,
"SHS","13:27:14",18.3,0.1,1000,11471600,
"SHS","13:27:06",18.3,0.1,1400,11470600,
"SHS","13:27:02",18.3,0.1,100,11469200,
"SHS","13:26:36",18.3,0.1,1400,11469100,
"SHS","13:26:20",18.3,0.1,400,11467700,
"SHS","13:26:15",18.3,0.1,200,11467300,
"SHS","13:26:08",18.3,0.1,800,11467100,
"SHS","13:26:06",18.3,0.1,1400,11466300,
"SHS","13:25:51",18.3,0.1,100,11464900,
"SHS","13:25:36",18.3,0.1,1400,11464800,
"SHS","13:25:29",18.3,0.1,2000,11463400,
"SHS","13:25:18",18.3,0.1,5900,11461400,
"SHS","13:25:06",18.3,0.1,1400,11455500,
"SHS","13:25:05",18.4,0.2,5000,11454100,
"SHS","13:24:58",18.3,0.1,1000,11449100,
"SHS","13:24:54",18.3,0.1,2500,11448100,
"SHS","13:24:52",18.3,0.1,1400,11445600,
"SHS","13:24:44",18.3,0.1,2000,11444200,
"SHS","13:24:36",18.3,0.1,500,11442200,
"SHS","13:24:35",18.3,0.1,1400,11441700,
"SHS","13:24:33",18.3,0.1,200,11440300,
"SHS","13:24:21",18.3,0.1,1000,11440100,
"SHS","13:24:14",18.3,0.1,400,11439100,
"SHS","13:24:05",18.3,0.1,1400,11438700,
"SHS","13:23:44",18.3,0.1,500,11437300,
"SHS","13:23:35",18.3,0.1,1700,11436800,
"SHS","13:23:08",18.3,0.1,400,11435100,
"SHS","13:23:06",18.3,0.1,15000,11434700,
"SHS","13:23:05",18.3,0.1,1400,11419700,
"SHS","13:22:35",18.3,0.1,1400,11418300,
"SHS","13:22:16",18.3,0.1,1000,11416900,
"SHS","13:22:11",18.3,0.1,5000,11415900,
"SHS","13:22:05",18.3,0.1,2300,11410900,
"SHS","13:21:59",18.4,0.2,2000,11408600,
"SHS","13:21:49",18.3,0.1,10000,11406600,
"SHS","13:21:44",18.3,0.1,2000,11396600,
"SHS","13:21:35",18.3,0.1,1400,11394600,
"SHS","13:21:17",18.3,0.1,1000,11393200,
"SHS","13:21:05",18.3,0.1,1400,11392200,
"SHS","13:20:58",18.3,0.1,3400,11390800,
"SHS","13:20:57",18.3,0.1,500,11387400,
"SHS","13:20:56",18.4,0.2,100,11386900,
"SHS","13:20:45",18.4,0.2,100,11386800,
"SHS","13:20:35",18.3,0.1,1400,11386700,
"SHS","13:20:28",18.3,0.1,500,11385300,
"SHS","13:20:26",18.3,0.1,1000,11384800,
"SHS","13:20:08",18.3,0.1,100,11383800,
"SHS","13:20:05",18.3,0.1,1400,11383700,
"SHS","13:19:56",18.3,0.1,400,11382300,
"SHS","13:19:51",18.3,0.1,5000,11381900,
"SHS","13:19:49",18.3,0.1,12000,11376900,
"SHS","13:19:34",18.3,0.1,1400,11364900,
"SHS","13:19:32",18.4,0.2,200,11363500,
"SHS","13:19:19",18.3,0.1,5000,11363300,
"SHS","13:19:11",18.3,0.1,1000,11358300,
"SHS","13:19:09",18.4,0.2,5600,11357300,
"SHS","13:19:04",18.3,0.1,51400,11351700,
"SHS","13:18:51",18.3,0.1,400,11300300,
"SHS","13:18:34",18.3,0.1,1400,11299900,
"SHS","13:18:26",18.4,0.2,500,11298500,
"SHS","13:18:22",18.3,0.1,100,11298000,
"SHS","13:18:10",18.3,0.1,100,11297900,
"SHS","13:18:04",18.3,0.1,1400,11297800,
"SHS","13:17:55",18.4,0.2,100,11296400,
"SHS","13:17:50",18.3,0.1,400,11296300,
"SHS","13:17:42",18.4,0.2,100,11295900,
"SHS","13:17:36",18.4,0.2,30000,11295800,
"SHS","13:17:34",18.3,0.1,1400,11265800,
"SHS","13:17:33",18.4,0.2,1000,11264400,
"SHS","13:17:21",18.4,0.2,4700,11263400,
"SHS","13:17:17",18.4,0.2,100,11258700,
"SHS","13:17:12",18.4,0.2,20000,11258600,
"SHS","13:17:04",18.3,0.1,1400,11238600,
"SHS","13:16:59",18.4,0.2,400,11237200,
"SHS","13:16:57",18.3,0.1,100,11236800,
"SHS","13:16:51",18.4,0.2,1000,11236700,
"SHS","13:16:50",18.3,0.1,400,11235700,
"SHS","13:16:34",18.3,0.1,1400,11235300,
"SHS","13:16:30",18.4,0.2,100,11233900,
"SHS","13:16:27",18.3,0.1,100,11233800,
"SHS","13:16:24",18.4,0.2,200,11233700,
"SHS","13:16:04",18.3,0.1,1400,11233500,
"SHS","13:15:52",18.4,0.2,10000,11232100,
"SHS","13:15:45",18.3,0.1,400,11222100,
"SHS","13:15:39",18.4,0.2,5000,11221700,
"SHS","13:15:37",18.4,0.2,1000,11216700,
"SHS","13:15:35",18.3,0.1,1400,11215700,
"SHS","13:15:31",18.4,0.2,100,11214300,
"SHS","13:15:29",18.4,0.2,1000,11214200,
"SHS","13:15:22",18.4,0.2,33800,11213200,
"SHS","13:15:21",18.4,0.2,5000,11179400,
"SHS","13:15:14",18.4,0.2,1000,11174400,
"SHS","13:15:04",18.4,0.2,2500,11173400,
"SHS","13:15:00",18.4,0.2,7900,11170900,
"SHS","13:14:59",18.4,0.2,100,11163000,
"SHS","13:14:56",18.4,0.2,15000,11162900,
"SHS","13:14:54",18.4,0.2,600,11147900,
"SHS","13:14:52",18.4,0.2,200,11147300,
"SHS","13:14:50",18.4,0.2,1600,11147100,
"SHS","13:14:46",18.4,0.2,6000,11145500,
"SHS","13:14:45",18.4,0.2,400,11139500,
"SHS","13:14:42",18.4,0.2,1000,11139100,
"SHS","13:14:37",18.4,0.2,1000,11138100,
"SHS","13:14:34",18.4,0.2,1400,11137100,
"SHS","13:14:30",18.4,0.2,100,11135700,
"SHS","13:14:23",18.4,0.2,40000,11135600,
"SHS","13:14:22",18.4,0.2,2000,11095600,
"SHS","13:14:16",18.4,0.2,10200,11093600,
"SHS","13:14:15",18.4,0.2,600,11083400,
"SHS","13:14:08",18.4,0.2,400,11082800,
"SHS","13:14:07",18.4,0.2,2300,11082400,
"SHS","13:14:04",18.4,0.2,1400,11080100,
"SHS","13:14:01",18.4,0.2,2000,11078700,
"SHS","13:13:58",18.4,0.2,4400,11076700,
"SHS","13:13:45",18.4,0.2,1400,11072300,
"SHS","13:13:41",18.4,0.2,1400,11070900,
"SHS","13:13:40",18.4,0.2,400,11069500,
"SHS","13:13:28",18.4,0.2,400,11069100,
"SHS","13:13:25",18.4,0.2,30000,11068700,
"SHS","13:13:18",18.4,0.2,5000,11038700,
"SHS","13:13:11",18.4,0.2,1000,11033700,
"SHS","13:13:08",18.4,0.2,500,11032700,
"SHS","13:13:04",18.4,0.2,1400,11032200,
"SHS","13:12:51",18.4,0.2,3000,11030800,
"SHS","13:12:36",18.4,0.2,400,11027800,
"SHS","13:12:32",18.4,0.2,1400,11027400,
"SHS","13:12:11",18.4,0.2,1000,11026000,
"SHS","13:12:07",18.4,0.2,2500,11025000,
"SHS","13:12:04",18.4,0.2,40000,11022500,
"SHS","13:12:02",18.4,0.2,1400,10982500,
"SHS","13:12:01",18.4,0.2,100,10981100,
"SHS","13:11:57",18.5,0.3,2000,10981000,
"SHS","13:11:36",18.4,0.2,400,10979000,
"SHS","13:11:32",18.4,0.2,1400,10978600,
"SHS","13:11:02",18.4,0.2,1400,10977200,
"SHS","13:10:34",18.4,0.2,3000,10975800,
"SHS","13:10:32",18.4,0.2,1400,10972800,
"SHS","13:10:30",18.4,0.2,400,10971400,
"SHS","13:10:17",18.4,0.2,400,10971000,
"SHS","13:10:08",18.4,0.2,2000,10970600,
"SHS","13:10:02",18.4,0.2,1400,10968600,
"SHS","13:09:58",18.4,0.2,1500,10967200,
"SHS","13:09:53",18.5,0.3,300,10965700,
"SHS","13:09:33",18.4,0.2,500,10965400,
"SHS","13:09:32",18.4,0.2,1400,10964900,
"SHS","13:09:25",18.4,0.2,400,10963500,
"SHS","13:09:24",18.4,0.2,5000,10963100,
"SHS","13:09:02",18.4,0.2,2400,10958100,
"SHS","13:08:48",18.4,0.2,100,10955700,
"SHS","13:08:35",18.4,0.2,15000,10955600,
"SHS","13:08:32",18.4,0.2,1400,10940600,
"SHS","13:08:23",18.4,0.2,100,10939200,
"SHS","13:08:21",18.4,0.2,400,10939100,
"SHS","13:08:04",18.4,0.2,100,10938700,
"SHS","13:08:03",18.4,0.2,400,10938600,
"SHS","13:08:02",18.4,0.2,1400,10938200,
"SHS","13:07:56",18.4,0.2,3000,10936800,
"SHS","13:07:38",18.4,0.2,500,10933800,
"SHS","13:07:34",18.5,0.3,100,10933300,
"SHS","13:07:32",18.4,0.2,1400,10933200,
"SHS","13:07:17",18.4,0.2,400,10931800,
"SHS","13:07:10",18.5,0.3,300,10931400,
"SHS","13:07:02",18.4,0.2,1400,10931100,
"SHS","13:06:54",18.4,0.2,200,10929700,
"SHS","13:06:40",18.5,0.3,100,10929500,
"SHS","13:06:37",18.4,0.2,1200,10929400,
"SHS","13:06:36",18.4,0.2,8800,10928200,
"SHS","13:06:31",18.4,0.2,1400,10919400,
"SHS","13:06:28",18.5,0.3,300,10918000,
"SHS","13:06:16",18.4,0.2,400,10917700,
"SHS","13:06:13",18.4,0.2,100,10917300,
"SHS","13:06:01",18.4,0.2,1400,10917200,
"SHS","13:05:44",18.4,0.2,1400,10915800,
"SHS","13:05:43",18.5,0.3,100,10914400,
"SHS","13:05:31",18.4,0.2,1400,10914300,
"SHS","13:05:29",18.4,0.2,1000,10912900,
"SHS","13:05:25",18.4,0.2,1000,10911900,
"SHS","13:05:19",18.4,0.2,400,10910900,
"SHS","13:05:16",18.4,0.2,200,10910500,
"SHS","13:05:15",18.4,0.2,400,10910300,
"SHS","13:05:11",18.4,0.2,1000,10909900,
"SHS","13:05:10",18.4,0.2,1000,10908900,
"SHS","13:05:07",18.4,0.2,500,10907900,
"SHS","13:05:05",18.4,0.2,10100,10907400,
"SHS","13:05:01",18.4,0.2,1400,10897300,
"SHS","13:05:00",18.4,0.2,500,10895900,
"SHS","13:04:55",18.4,0.2,5000,10895400,
"SHS","13:04:42",18.4,0.2,1000,10890400,
"SHS","13:04:37",18.4,0.2,1000,10889400,
"SHS","13:04:31",18.4,0.2,1400,10888400,
"SHS","13:04:11",18.4,0.2,400,10887000,
"SHS","13:04:04",18.4,0.2,1000,10886600,
"SHS","13:04:01",18.4,0.2,1400,10885600,
"SHS","13:03:56",18.4,0.2,8000,10884200,
"SHS","13:03:52",18.4,0.2,100,10876200,
"SHS","13:03:45",18.4,0.2,3500,10876100,
"SHS","13:03:36",18.4,0.2,300,10872600,
"SHS","13:03:33",18.4,0.2,1000,10872300,
"SHS","13:03:31",18.4,0.2,1400,10871300,
"SHS","13:03:23",18.4,0.2,500,10869900,
"SHS","13:03:22",18.4,0.2,100,10869400,
"SHS","13:03:11",18.4,0.2,400,10869300,
"SHS","13:03:02",18.4,0.2,800,10868900,
"SHS","13:03:01",18.3,0.1,1400,10868100,
"SHS","13:03:00",18.4,0.2,25000,10866700,
"SHS","13:02:52",18.4,0.2,27300,10841700,
"SHS","13:02:38",18.4,0.2,1200,10814400,
"SHS","13:02:36",18.5,0.3,1000,10813200,
"SHS","13:02:33",18.4,0.2,5000,10812200,
"SHS","13:02:31",18.4,0.2,1400,10807200,
"SHS","13:02:24",18.4,0.2,21200,10805800,
"SHS","13:02:22",18.4,0.2,500,10784600,
"SHS","13:02:12",18.4,0.2,500,10784100,
"SHS","13:02:06",18.3,0.1,400,10783600,
"SHS","13:02:03",18.4,0.2,25000,10783200,
"SHS","13:02:00",18.3,0.1,1400,10758200,
"SHS","13:01:51",18.4,0.2,51200,10756800,
"SHS","13:01:44",18.4,0.2,1000,10705600,
"SHS","13:01:43",18.4,0.2,5000,10704600,
"SHS","13:01:37",18.4,0.2,4700,10699600,
"SHS","13:01:35",18.4,0.2,3000,10694900,
"SHS","13:01:31",18.4,0.2,1000,10691900,
"SHS","13:01:30",18.4,0.2,1400,10690900,
"SHS","13:01:22",18.4,0.2,200,10689500,
"SHS","13:01:21",18.4,0.2,10000,10689300,
"SHS","13:01:20",18.4,0.2,500,10679300,
"SHS","13:01:02",18.4,0.2,400,10678800,
"SHS","13:01:00",18.4,0.2,1500,10678400,
"SHS","13:00:42",18.4,0.2,2000,10676900,
"SHS","13:00:33",18.4,0.2,100,10674900,
"SHS","13:00:26",18.4,0.2,100,10674800,
"SHS","13:00:19",18.4,0.2,2000,10674700,
"SHS","13:00:18",18.5,0.3,100,10672700,
"SHS","13:00:15",18.4,0.2,90000,10672600,
"SHS","13:00:08",18.4,0.2,500,10582600,
"SHS","13:00:07",18.4,0.2,600,10582100,
"SHS","13:00:06",18.4,0.2,26600,10581500,
"SHS","13:00:05",18.4,0.2,111500,10554900,
"SHS","13:00:04",18.4,0.2,2200,10443400,
"SHS","13:00:03",18.4,0.2,29300,10441200,
"SHS","13:00:02",18.4,0.2,900,10411900,
"SHS","11:29:44",18.4,0.2,1300,10411000,
"SHS","11:29:36",18.4,0.2,10000,10409700,
"SHS","11:29:35",18.4,0.2,7000,10399700,
"SHS","11:29:34",18.4,0.2,500,10392700,
"SHS","11:29:31",18.5,0.3,100,10392200,
"SHS","11:29:20",18.4,0.2,300,10392100,
"SHS","11:29:19",18.4,0.2,6000,10391800,
"SHS","11:29:15",18.4,0.2,300,10385800,
"SHS","11:29:09",18.4,0.2,1000,10385500,
"SHS","11:28:53",18.4,0.2,300,10384500,
"SHS","11:28:51",18.4,0.2,100,10384200,
"SHS","11:28:49",18.4,0.2,1700,10384100,
"SHS","11:28:47",18.4,0.2,5000,10382400,
"SHS","11:28:43",18.4,0.2,6000,10377400,
"SHS","11:28:31",18.4,0.2,19000,10371400,
"SHS","11:28:21",18.4,0.2,400,10352400,
"SHS","11:28:19",18.4,0.2,1700,10352000,
"SHS","11:28:16",18.4,0.2,200,10350300,
"SHS","11:28:06",18.4,0.2,21000,10350100,
"SHS","11:28:04",18.4,0.2,500,10329100,
"SHS","11:27:59",18.4,0.2,100,10328600,
"SHS","11:27:57",18.4,0.2,300,10328500,
"SHS","11:27:49",18.4,0.2,1700,10328200,
"SHS","11:27:45",18.5,0.3,200,10326500,
"SHS","11:27:43",18.5,0.3,1000,10326300,
"SHS","11:27:32",18.5,0.3,2000,10325300,
"SHS","11:27:22",18.5,0.3,100,10323300,
"SHS","11:27:20",18.4,0.2,500,10323200,
"SHS","11:27:19",18.4,0.2,1700,10322700,
"SHS","11:27:15",18.4,0.2,500,10321000,
"SHS","11:27:05",18.4,0.2,1300,10320500,
"SHS","11:26:57",18.5,0.3,100,10319200,
"SHS","11:26:56",18.4,0.2,400,10319100,
"SHS","11:26:49",18.4,0.2,1700,10318700,
"SHS","11:26:31",18.5,0.3,500,10317000,
"SHS","11:26:19",18.4,0.2,1700,10316500,
"SHS","11:26:03",18.5,0.3,10000,10314800,
"SHS","11:25:56",18.4,0.2,400,10304800,
"SHS","11:25:53",18.4,0.2,25000,10304400,
"SHS","11:25:49",18.4,0.2,1700,10279400,
"SHS","11:25:45",18.4,0.2,500,10277700,
"SHS","11:25:43",18.4,0.2,1000,10277200,
"SHS","11:25:39",18.4,0.2,1500,10276200,
"SHS","11:25:28",18.4,0.2,1000,10274700,
"SHS","11:25:19",18.4,0.2,1700,10273700,
"SHS","11:25:15",18.5,0.3,9900,10272000,
"SHS","11:25:11",18.4,0.2,100,10262100,
"SHS","11:25:03",18.5,0.3,100,10262000,
"SHS","11:25:00",18.4,0.2,1000,10261900,
"SHS","11:24:56",18.4,0.2,900,10260900,
"SHS","11:24:53",18.4,0.2,4000,10260000,
"SHS","11:24:52",18.4,0.2,400,10256000,
"SHS","11:24:50",18.4,0.2,1600,10255600,
"SHS","11:24:49",18.4,0.2,1800,10254000,
"SHS","11:24:48",18.4,0.2,1200,10252200,
"SHS","11:24:40",18.4,0.2,100,10251000,
"SHS","11:24:28",18.4,0.2,1000,10250900,
"SHS","11:24:19",18.4,0.2,1700,10249900,
"SHS","11:24:15",18.5,0.3,600,10248200,
"SHS","11:24:10",18.4,0.2,6100,10247600,
"SHS","11:24:08",18.5,0.3,1000,10241500,
"SHS","11:24:04",18.5,0.3,2000,10240500,
"SHS","11:24:02",18.5,0.3,500,10238500,
"SHS","11:23:58",18.4,0.2,1000,10238000,
"SHS","11:23:56",18.4,0.2,5000,10237000,
"SHS","11:23:49",18.4,0.2,400,10232000,
"SHS","11:23:48",18.4,0.2,1700,10231600,
"SHS","11:23:18",18.4,0.2,1700,10229900,
"SHS","11:23:16",18.4,0.2,1000,10228200,
"SHS","11:23:07",18.4,0.2,1000,10227200,
"SHS","11:23:03",18.4,0.2,100,10226200,
"SHS","11:22:52",18.4,0.2,500,10226100,
"SHS","11:22:49",18.4,0.2,400,10225600,
"SHS","11:22:48",18.4,0.2,1700,10225200,
"SHS","11:22:35",18.4,0.2,1000,10223500,
"SHS","11:22:20",18.4,0.2,11200,10222500,
"SHS","11:22:18",18.4,0.2,1700,10211300,
"SHS","11:21:52",18.4,0.2,10000,10209600,
"SHS","11:21:48",18.4,0.2,1700,10199600,
"SHS","11:21:46",18.4,0.2,20300,10197900,
"SHS","11:21:44",18.4,0.2,3400,10177600,
"SHS","11:21:28",18.4,0.2,100,10174200,
"SHS","11:21:20",18.4,0.2,1700,10174100,
"SHS","11:21:03",18.4,0.2,40600,10172400,
"SHS","11:21:02",18.4,0.2,39200,10131800,
"SHS","11:21:01",18.4,0.2,5500,10092600,
"SHS","11:21:00",18.4,0.2,1000,10087100,
"SHS","11:20:59",18.4,0.2,30000,10086100,
"SHS","11:20:56",18.3,0.1,56500,10056100,
"SHS","11:20:53",18.4,0.2,6000,9999600,
"SHS","11:20:52",18.4,0.2,5000,9993600,
"SHS","11:20:51",18.4,0.2,217000,9988600,
"SHS","11:20:49",18.4,0.2,14600,9771600,
"SHS","11:20:48",18.3,0.1,6500,9757000,
"SHS","11:20:44",18.4,0.2,500,9750500,
"SHS","11:20:41",18.4,0.2,25100,9750000,
"SHS","11:20:40",18.3,0.1,1000,9724900,
"SHS","11:20:31",18.4,0.2,5000,9723900,
"SHS","11:20:21",18.4,0.2,100,9718900,
"SHS","11:20:18",18.3,0.1,1700,9718800,
"SHS","11:20:17",18.4,0.2,3500,9717100,
"SHS","11:20:16",18.4,0.2,3000,9713600,
"SHS","11:20:15",18.4,0.2,200,9710600,
"SHS","11:20:14",18.4,0.2,100,9710400,
"SHS","11:19:51",18.4,0.2,300,9710300,
"SHS","11:19:48",18.3,0.1,1700,9710000,
"SHS","11:19:47",18.4,0.2,8500,9708300,
"SHS","11:19:42",18.4,0.2,3000,9699800,
"SHS","11:19:39",18.4,0.2,1100,9696800,
"SHS","11:19:35",18.3,0.1,1400,9695700,
"SHS","11:19:34",18.4,0.2,500,9694300,
"SHS","11:19:29",18.4,0.2,10000,9693800,
"SHS","11:19:27",18.4,0.2,600,9683800,
"SHS","11:19:25",18.4,0.2,1500,9683200,
"SHS","11:19:23",18.4,0.2,1000,9681700,
"SHS","11:19:22",18.4,0.2,5200,9680700,
"SHS","11:19:19",18.4,0.2,100,9675500,
"SHS","11:19:18",18.4,0.2,2700,9675400,
"SHS","11:18:57",18.4,0.2,4600,9672700,
"SHS","11:18:48",18.3,0.1,1700,9668100,
"SHS","11:18:31",18.3,0.1,400,9666400,
"SHS","11:18:18",18.3,0.1,1700,9666000,
"SHS","11:18:11",18.4,0.2,500,9664300,
"SHS","11:18:04",18.4,0.2,300,9663800,
"SHS","11:17:54",18.4,0.2,1000,9663500,
"SHS","11:17:48",18.3,0.1,1700,9662500,
"SHS","11:17:45",18.4,0.2,1000,9660800,
"SHS","11:17:39",18.4,0.2,100,9659800,
"SHS","11:17:34",18.4,0.2,8000,9659700,
"SHS","11:17:30",18.3,0.1,400,9651700,
"SHS","11:17:21",18.4,0.2,1200,9651300,
"SHS","11:17:18",18.3,0.1,1700,9650100,
"SHS","11:17:11",18.4,0.2,1100,9648400,
"SHS","11:17:07",18.4,0.2,1000,9647300,
"SHS","11:17:04",18.4,0.2,2000,9646300,
"SHS","11:17:00",18.4,0.2,100,9644300,
"SHS","11:16:54",18.4,0.2,100,9644200,
"SHS","11:16:47",18.3,0.1,1700,9644100,
"SHS","11:16:45",18.4,0.2,100,9642400,
"SHS","11:16:39",18.4,0.2,100,9642300,
"SHS","11:16:28",18.3,0.1,400,9642200,
"SHS","11:16:22",18.4,0.2,200,9641800,
"SHS","11:16:17",18.3,0.1,1700,9641600,
"SHS","11:16:12",18.4,0.2,100,9639900,
"SHS","11:15:47",18.3,0.1,1700,9639800,
"SHS","11:15:43",18.3,0.1,500,9638100,
"SHS","11:15:22",18.3,0.1,3500,9637600,
"SHS","11:15:17",18.3,0.1,1700,9634100,
"SHS","11:15:16",18.3,0.1,1000,9632400,
"SHS","11:15:11",18.4,0.2,500,9631400,
"SHS","11:15:05",18.3,0.1,5000,9630900,
"SHS","11:14:47",18.3,0.1,1700,9625900,
"SHS","11:14:18",18.3,0.1,400,9624200,
"SHS","11:14:17",18.3,0.1,1700,9623800,
"SHS","11:14:15",18.4,0.2,1500,9622100,
"SHS","11:14:14",18.3,0.1,500,9620600,
"SHS","11:13:56",18.3,0.1,5000,9620100,
"SHS","11:13:47",18.3,0.1,1700,9615100,
"SHS","11:13:21",18.3,0.1,1300,9613400,
"SHS","11:13:17",18.3,0.1,1700,9612100,
"SHS","11:13:16",18.3,0.1,400,9610400,
"SHS","11:13:13",18.3,0.1,4000,9610000,
"SHS","11:12:47",18.3,0.1,1700,9606000,
"SHS","11:12:41",18.4,0.2,100,9604300,
"SHS","11:12:17",18.3,0.1,1700,9604200,
"SHS","11:12:13",18.3,0.1,400,9602500,
"SHS","11:11:59",18.3,0.1,100,9602100,
"SHS","11:11:47",18.3,0.1,1700,9602000,
"SHS","11:11:17",18.3,0.1,1700,9600300,
"SHS","11:11:09",18.3,0.1,400,9598600,
"SHS","11:11:02",18.3,0.1,3000,9598200,
"SHS","11:10:47",18.3,0.1,1700,9595200,
"SHS","11:10:39",18.4,0.2,100,9593500,
"SHS","11:10:17",18.3,0.1,1700,9593400,
"SHS","11:10:05",18.3,0.1,400,9591700,
"SHS","11:09:46",18.3,0.1,1700,9591300,
"SHS","11:09:17",18.4,0.2,5000,9589600,
"SHS","11:09:16",18.3,0.1,1700,9584600,
"SHS","11:09:03",18.3,0.1,1300,9582900,
"SHS","11:08:59",18.3,0.1,400,9581600,
"SHS","11:08:57",18.4,0.2,1000,9581200,
"SHS","11:08:46",18.3,0.1,1700,9580200,
"SHS","11:08:44",18.4,0.2,500,9578500,
"SHS","11:08:16",18.3,0.1,1700,9578000,
"SHS","11:08:15",18.3,0.1,200,9576300,
"SHS","11:08:11",18.3,0.1,2500,9576100,
"SHS","11:08:09",18.3,0.1,16000,9573600,
"SHS","11:08:01",18.4,0.2,1000,9557600,
"SHS","11:07:54",18.3,0.1,400,9556600,
"SHS","11:07:47",18.3,0.1,5000,9556200,
"SHS","11:07:46",18.3,0.1,1700,9551200,
"SHS","11:07:33",18.3,0.1,5000,9549500,
"SHS","11:07:16",18.3,0.1,1700,9544500,
"SHS","11:07:10",18.3,0.1,100,9542800,
"SHS","11:07:04",18.4,0.2,5000,9542700,
"SHS","11:06:51",18.3,0.1,400,9537700,
"SHS","11:06:47",18.3,0.1,5000,9537300,
"SHS","11:06:46",18.3,0.1,1700,9532300,
"SHS","11:06:43",18.3,0.1,2000,9530600,
"SHS","11:06:39",18.3,0.1,200,9528600,
"SHS","11:06:31",18.3,0.1,100000,9528400,
"SHS","11:06:16",18.3,0.1,1700,9428400,
"SHS","11:06:03",18.3,0.1,1000,9426700,
"SHS","11:06:01",18.4,0.2,100,9425700,
"SHS","11:05:51",18.3,0.1,3000,9425600,
"SHS","11:05:50",18.4,0.2,2900,9422600,
"SHS","11:05:48",18.3,0.1,7700,9419700,
"SHS","11:05:46",18.3,0.1,1700,9412000,
"SHS","11:05:37",18.3,0.1,1700,9410300,
"SHS","11:05:35",18.3,0.1,50000,9408600,
"SHS","11:05:29",18.3,0.1,800,9358600,
"SHS","11:05:06",18.3,0.1,500,9357800,
"SHS","11:05:02",18.3,0.1,10000,9357300,
"SHS","11:04:52",18.3,0.1,100000,9347300,
"SHS","11:04:46",18.3,0.1,1700,9247300,
"SHS","11:04:45",18.3,0.1,400,9245600,
"SHS","11:04:16",18.3,0.1,1700,9245200,
"SHS","11:03:46",18.3,0.1,1700,9243500,
"SHS","11:03:45",18.3,0.1,400,9241800,
"SHS","11:03:39",18.3,0.1,500,9241400,
"SHS","11:03:16",18.3,0.1,1700,9240900,
"SHS","11:02:46",18.4,0.2,5000,9239200,
"SHS","11:02:45",18.3,0.1,1700,9234200,
"SHS","11:02:39",18.3,0.1,400,9232500,
"SHS","11:02:22",18.4,0.2,1400,9232100,
"SHS","11:02:20",18.4,0.2,800,9230700,
"SHS","11:02:15",18.3,0.1,1700,9229900,
"SHS","11:02:06",18.3,0.1,1000,9228200,
"SHS","11:01:57",18.3,0.1,500,9227200,
"SHS","11:01:45",18.3,0.1,1700,9226700,
"SHS","11:01:35",18.3,0.1,400,9225000,
"SHS","11:01:32",18.4,0.2,1400,9224600,
"SHS","11:01:15",18.3,0.1,1700,9223200,
"SHS","11:00:51",18.3,0.1,4000,9221500,
"SHS","11:00:45",18.3,0.1,1700,9217500,
"SHS","11:00:32",18.3,0.1,400,9215800,
"SHS","11:00:30",18.4,0.2,45000,9215400,
"SHS","11:00:28",18.3,0.1,500,9170400,
"SHS","11:00:15",18.3,0.1,1700,9169900,
"SHS","10:59:53",18.3,0.1,2000,9168200,
"SHS","10:59:45",18.3,0.1,1700,9166200,
"SHS","10:59:43",18.3,0.1,19000,9164500,
"SHS","10:59:40",18.4,0.2,2000,9145500,
"SHS","10:59:31",18.3,0.1,400,9143500,
"SHS","10:59:15",18.3,0.1,1700,9143100,
"SHS","10:59:12",18.3,0.1,300,9141400,
"SHS","10:59:11",18.3,0.1,100,9141100,
"SHS","10:58:51",18.3,0.1,1000,9141000,
"SHS","10:58:45",18.3,0.1,1700,9140000,
"SHS","10:58:34",18.3,0.1,10000,9138300,
"SHS","10:58:32",18.3,0.1,1500,9128300,
"SHS","10:58:31",18.3,0.1,3800,9126800,
"SHS","10:58:19",18.3,0.1,400,9123000,
"SHS","10:58:18",18.3,0.1,32000,9122600,
"SHS","10:58:17",18.3,0.1,13400,9090600,
"SHS","10:58:16",18.3,0.1,1000,9077200,
"SHS","10:58:15",18.2,0,1700,9076200,
"SHS","10:58:12",18.3,0.1,500,9074500,
"SHS","10:58:11",18.3,0.1,100000,9074000,
"SHS","10:58:10",18.3,0.1,500,8974000,
"SHS","10:58:08",18.2,0,10000,8973500,
"SHS","10:58:07",18.3,0.1,2000,8963500,
"SHS","10:58:04",18.3,0.1,102900,8961500,
"SHS","10:58:03",18.3,0.1,10000,8858600,
"SHS","10:57:59",18.2,0,2000,8848600,
"SHS","10:57:45",18.2,0,1700,8846600,
"SHS","10:57:25",18.2,0,400,8844900,
"SHS","10:57:19",18.3,0.1,3000,8844500,
"SHS","10:57:16",18.3,0.1,4800,8841500,
"SHS","10:57:15",18.3,0.1,1200,8836700,
"SHS","10:57:14",18.2,0,1700,8835500,
"SHS","10:57:01",18.3,0.1,100,8833800,
"SHS","10:56:55",18.3,0.1,2000,8833700,
"SHS","10:56:44",18.2,0,1700,8831700,
"SHS","10:56:20",18.2,0,400,8830000,
"SHS","10:56:13",18.2,0,1700,8829600,
"SHS","10:56:11",18.3,0.1,100,8827900,
"SHS","10:55:50",18.2,0,100,8827800,
"SHS","10:55:43",18.2,0,1700,8827700,
"SHS","10:55:35",18.2,0,3300,8826000,
"SHS","10:55:31",18.3,0.1,5500,8822700,
"SHS","10:55:24",18.2,0,2500,8817200,
"SHS","10:55:18",18.2,0,3100,8814700,
"SHS","10:55:13",18.2,0,1700,8811600,
"SHS","10:55:05",18.3,0.1,7000,8809900,
"SHS","10:54:47",18.3,0.1,2000,8802900,
"SHS","10:54:43",18.2,0,1700,8800900,
"SHS","10:54:30",18.3,0.1,400,8799200,
"SHS","10:54:28",18.3,0.1,1000,8798800,
"SHS","10:54:13",18.2,0,2100,8797800,
"SHS","10:54:02",18.3,0.1,200,8795700,
"SHS","10:53:43",18.2,0,1700,8795500,
"SHS","10:53:40",18.2,0,100,8793800,
"SHS","10:53:23",18.3,0.1,5000,8793700,
"SHS","10:53:18",18.3,0.1,100,8788700,
"SHS","10:53:13",18.2,0,1700,8788600,
"SHS","10:53:11",18.2,0,400,8786900,
"SHS","10:53:06",18.3,0.1,6000,8786500,
"SHS","10:53:04",18.3,0.1,1300,8780500,
"SHS","10:53:03",18.3,0.1,300,8779200,
"SHS","10:52:50",18.3,0.1,500,8778900,
"SHS","10:52:43",18.2,0,1700,8778400,
"SHS","10:52:41",18.3,0.1,10600,8776700,
"SHS","10:52:40",18.2,0,100,8766100,
"SHS","10:52:37",18.2,0,1900,8766000,
"SHS","10:52:28",18.2,0,3000,8764100,
"SHS","10:52:13",18.2,0,1700,8761100,
"SHS","10:52:09",18.2,0,400,8759400,
"SHS","10:52:05",18.3,0.1,5000,8759000,
"SHS","10:52:01",18.3,0.1,100,8754000,
"SHS","10:51:43",18.2,0,1700,8753900,
"SHS","10:51:37",18.2,0,700,8752200,
"SHS","10:51:24",18.3,0.1,500,8751500,
"SHS","10:51:23",18.3,0.1,900,8751000,
"SHS","10:51:22",18.3,0.1,1800,8750100,
"SHS","10:51:18",18.3,0.1,1000,8748300,
"SHS","10:51:13",18.2,0,1700,8747300,
"SHS","10:51:11",18.3,0.1,2000,8745600,
"SHS","10:51:10",18.3,0.1,500,8743600,
"SHS","10:51:09",18.2,0,400,8743100,
"SHS","10:50:59",18.3,0.1,10000,8742700,
"SHS","10:50:51",18.3,0.1,1300,8732700,
"SHS","10:50:50",18.3,0.1,1000,8731400,
"SHS","10:50:46",18.2,0,5000,8730400,
"SHS","10:50:43",18.2,0,1700,8725400,
"SHS","10:50:13",18.2,0,1700,8723700,
"SHS","10:50:08",18.3,0.1,500,8722000,
"SHS","10:50:04",18.2,0,400,8721500,
"SHS","10:50:02",18.3,0.1,1200,8721100,
"SHS","10:50:00",18.3,0.1,18000,8719900,
"SHS","10:49:59",18.3,0.1,1000,8701900,
"SHS","10:49:55",18.3,0.1,300,8700900,
"SHS","10:49:54",18.3,0.1,2500,8700600,
"SHS","10:49:51",18.3,0.1,1800,8698100,
"SHS","10:49:48",18.3,0.1,200,8696300,
"SHS","10:49:44",18.3,0.1,4000,8696100,
"SHS","10:49:43",18.2,0,1700,8692100,
"SHS","10:49:41",18.3,0.1,500,8690400,
"SHS","10:49:32",18.3,0.1,500,8689900,
"SHS","10:49:23",18.3,0.1,600,8689400,
"SHS","10:49:18",18.3,0.1,2000,8688800,
"SHS","10:49:13",18.2,0,1700,8686800,
"SHS","10:49:03",18.2,0,400,8685100,
"SHS","10:49:00",18.3,0.1,5100,8684700,
"SHS","10:48:44",18.3,0.1,5000,8679600,
"SHS","10:48:42",18.2,0,1700,8674600,
"SHS","10:48:28",18.3,0.1,300,8672900,
"SHS","10:48:24",18.3,0.1,2000,8672600,
"SHS","10:48:16",18.2,0,11000,8670600,
"SHS","10:48:12",18.2,0,1700,8659600,
"SHS","10:48:03",18.2,0,400,8657900,
"SHS","10:47:58",18.3,0.1,10000,8657500,
"SHS","10:47:57",18.3,0.1,1000,8647500,
"SHS","10:47:54",18.3,0.1,100,8646500,
"SHS","10:47:53",18.3,0.1,5000,8646400,
"SHS","10:47:51",18.2,0,500,8641400,
"SHS","10:47:43",18.3,0.1,1000,8640900,
"SHS","10:47:42",18.2,0,1700,8639900,
"SHS","10:47:38",18.3,0.1,3500,8638200,
"SHS","10:47:35",18.3,0.1,1000,8634700,
"SHS","10:47:15",18.3,0.1,500,8633700,
"SHS","10:47:12",18.2,0,1700,8633200,
"SHS","10:47:01",18.3,0.1,1000,8631500,
"SHS","10:46:59",18.3,0.1,4000,8630500,
"SHS","10:46:58",18.2,0,400,8626500,
"SHS","10:46:47",18.3,0.1,500,8626100,
"SHS","10:46:45",18.3,0.1,2000,8625600,
"SHS","10:46:42",18.2,0,1700,8623600,
"SHS","10:46:39",18.3,0.1,1000,8621900,
"SHS","10:46:36",18.3,0.1,2000,8620900,
"SHS","10:46:35",18.3,0.1,100,8618900,
"SHS","10:46:32",18.3,0.1,10000,8618800,
"SHS","10:46:29",18.3,0.1,100,8608800,
"SHS","10:46:25",18.3,0.1,428700,8608700,
"SHS","10:46:20",18.3,0.1,2000,8180000,
"SHS","10:46:18",18.3,0.1,1000,8178000,
"SHS","10:46:13",18.3,0.1,100,8177000,
"SHS","10:46:12",18.3,0.1,1700,8176900,
"SHS","10:46:11",18.3,0.1,1000,8175200,
"SHS","10:45:57",18.3,0.1,400,8174200,
"SHS","10:45:42",18.3,0.1,1700,8173800,
"SHS","10:45:29",18.3,0.1,5000,8172100,
"SHS","10:45:12",18.3,0.1,1700,8167100,
"SHS","10:44:55",18.3,0.1,400,8165400,
"SHS","10:44:42",18.3,0.1,2600,8165000,
"SHS","10:44:12",18.3,0.1,1700,8162400,
"SHS","10:44:02",18.3,0.1,400,8160700,
"SHS","10:43:52",18.3,0.1,400,8160300,
"SHS","10:43:45",18.3,0.1,500,8159900,
"SHS","10:43:42",18.3,0.1,1700,8159400,
"SHS","10:43:12",18.3,0.1,1700,8157700,
"SHS","10:42:57",18.3,0.1,1000,8156000,
"SHS","10:42:50",18.3,0.1,400,8155000,
"SHS","10:42:43",18.3,0.1,3000,8154600,
"SHS","10:42:42",18.3,0.1,1700,8151600,
"SHS","10:42:11",18.3,0.1,1700,8149900,
"SHS","10:41:47",18.3,0.1,400,8148200,
"SHS","10:41:41",18.3,0.1,1700,8147800,
"SHS","10:41:22",18.3,0.1,300,8146100,
"SHS","10:41:17",18.4,0.2,2000,8145800,
"SHS","10:41:11",18.3,0.1,1700,8143800,
"SHS","10:40:50",18.3,0.1,200,8142100,
"SHS","10:40:46",18.3,0.1,100,8141900,
"SHS","10:40:45",18.3,0.1,400,8141800,
"SHS","10:40:41",18.3,0.1,1700,8141400,
"SHS","10:40:26",18.3,0.1,2000,8139700,
"SHS","10:40:18",18.3,0.1,39100,8137700,
"SHS","10:40:13",18.4,0.2,3000,8098600,
"SHS","10:40:11",18.3,0.1,1700,8095600,
"SHS","10:39:57",18.3,0.1,37100,8093900,
"SHS","10:39:50",18.3,0.1,1000,8056800,
"SHS","10:39:44",18.3,0.1,7100,8055800,
"SHS","10:39:41",18.3,0.1,1700,8048700,
"SHS","10:39:29",18.3,0.1,23800,8047000,
"SHS","10:39:11",18.3,0.1,1700,8023200,
"SHS","10:39:06",18.3,0.1,500,8021500,
"SHS","10:38:55",18.3,0.1,200,8021000,
"SHS","10:38:52",18.4,0.2,100,8020800,
"SHS","10:38:50",18.3,0.1,2000,8020700,
"SHS","10:38:41",18.3,0.1,1700,8018700,
"SHS","10:38:40",18.3,0.1,50400,8017000,
"SHS","10:38:18",18.3,0.1,500,7966600,
"SHS","10:38:11",18.3,0.1,1700,7966100,
"SHS","10:37:41",18.3,0.1,1700,7964400,
"SHS","10:37:40",18.3,0.1,400,7962700,
"SHS","10:37:11",18.3,0.1,1700,7962300,
"SHS","10:37:07",18.4,0.2,1000,7960600,
"SHS","10:37:06",18.4,0.2,100,7959600,
"SHS","10:36:48",18.4,0.2,10000,7959500,
"SHS","10:36:41",18.3,0.1,8800,7949500,
"SHS","10:36:40",18.3,0.1,400,7940700,
"SHS","10:36:11",18.3,0.1,1700,7940300,
"SHS","10:36:02",18.4,0.2,100,7938600,
"SHS","10:35:52",18.3,0.1,1100,7938500,
"SHS","10:35:41",18.3,0.1,1700,7937400,
"SHS","10:35:40",18.4,0.2,100,7935700,
"SHS","10:35:36",18.3,0.1,400,7935600,
"SHS","10:35:26",18.3,0.1,500,7935200,
"SHS","10:35:10",18.3,0.1,1700,7934700,
"SHS","10:35:09",18.4,0.2,100,7933000,
"SHS","10:34:58",18.3,0.1,100,7932900,
"SHS","10:34:44",18.3,0.1,1700,7932800,
"SHS","10:34:35",18.3,0.1,1000,7931100,
"SHS","10:34:32",18.3,0.1,400,7930100,
"SHS","10:34:10",18.3,0.1,1700,7929700,
"SHS","10:34:08",18.4,0.2,3000,7928000,
"SHS","10:34:02",18.4,0.2,3000,7925000,
"SHS","10:34:01",18.4,0.2,900,7922000,
"SHS","10:33:59",18.3,0.1,1000,7921100,
"SHS","10:33:50",18.4,0.2,10000,7920100,
"SHS","10:33:46",18.3,0.1,500,7910100,
"SHS","10:33:40",18.3,0.1,1700,7909600,
"SHS","10:33:29",18.3,0.1,400,7907900,
"SHS","10:33:27",18.3,0.1,1000,7907500,
"SHS","10:33:10",18.3,0.1,1700,7906500,
"SHS","10:32:57",18.4,0.2,1100,7904800,
"SHS","10:32:40",18.3,0.1,1700,7903700,
"SHS","10:32:35",18.3,0.1,200,7902000,
"SHS","10:32:25",18.3,0.1,400,7901800,
"SHS","10:32:10",18.3,0.1,1700,7901400,
"SHS","10:31:53",18.4,0.2,20000,7899700,
"SHS","10:31:40",18.3,0.1,1900,7879700,
"SHS","10:31:38",18.4,0.2,1000,7877800,
"SHS","10:31:24",18.3,0.1,400,7876800,
"SHS","10:31:10",18.3,0.1,1700,7876400,
"SHS","10:31:00",18.3,0.1,500,7874700,
"SHS","10:30:46",18.3,0.1,2000,7874200,
"SHS","10:30:40",18.3,0.1,1700,7872200,
"SHS","10:30:24",18.3,0.1,400,7870500,
"SHS","10:30:10",18.3,0.1,1700,7870100,
"SHS","10:30:09",18.3,0.1,400,7868400,
"SHS","10:29:40",18.3,0.1,1700,7868000,
"SHS","10:29:22",18.3,0.1,400,7866300,
"SHS","10:29:13",18.4,0.2,1500,7865900,
"SHS","10:29:10",18.3,0.1,1700,7864400,
"SHS","10:28:59",18.4,0.2,11000,7862700,
"SHS","10:28:40",18.4,0.2,2200,7851700,
"SHS","10:28:36",18.3,0.1,500,7849500,
"SHS","10:28:33",18.4,0.2,500,7849000,
"SHS","10:28:17",18.3,0.1,400,7848500,
"SHS","10:28:10",18.3,0.1,1700,7848100,
"SHS","10:28:05",18.3,0.1,1200,7846400,
"SHS","10:27:51",18.4,0.2,100,7845200,
"SHS","10:27:39",18.3,0.1,1700,7845100,
"SHS","10:27:23",18.3,0.1,4600,7843400,
"SHS","10:27:12",18.3,0.1,400,7838800,
"SHS","10:27:09",18.3,0.1,1800,7838400,
"SHS","10:26:55",18.4,0.2,9400,7836600,
"SHS","10:26:51",18.3,0.1,100,7827200,
"SHS","10:26:46",18.3,0.1,2000,7827100,
"SHS","10:26:39",18.3,0.1,1700,7825100,
"SHS","10:26:09",18.3,0.1,2100,7823400,
"SHS","10:25:54",18.4,0.2,10000,7821300,
"SHS","10:25:43",18.3,0.1,300,7811300,
"SHS","10:25:39",18.3,0.1,6700,7811000,
"SHS","10:25:28",18.3,0.1,100,7804300,
"SHS","10:25:26",18.3,0.1,3000,7804200,
"SHS","10:25:17",18.3,0.1,100,7801200,
"SHS","10:25:12",18.3,0.1,1600,7801100,
"SHS","10:25:09",18.3,0.1,1700,7799500,
"SHS","10:25:04",18.3,0.1,400,7797800,
"SHS","10:25:02",18.3,0.1,2000,7797400,
"SHS","10:24:54",18.3,0.1,14000,7795400,
"SHS","10:24:47",18.3,0.1,5000,7781400,
"SHS","10:24:42",18.3,0.1,500,7776400,
"SHS","10:24:39",18.3,0.1,1700,7775900,
"SHS","10:24:34",18.3,0.1,2000,7774200,
"SHS","10:24:32",18.3,0.1,6000,7772200,
"SHS","10:24:25",18.3,0.1,1000,7766200,
"SHS","10:24:24",18.3,0.1,3600,7765200,
"SHS","10:24:22",18.3,0.1,200,7761600,
"SHS","10:24:18",18.3,0.1,500,7761400,
"SHS","10:24:10",18.3,0.1,700,7760900,
"SHS","10:24:09",18.3,0.1,1700,7760200,
"SHS","10:24:04",18.3,0.1,35000,7758500,
"SHS","10:24:01",18.3,0.1,4000,7723500,
"SHS","10:24:00",18.3,0.1,400,7719500,
"SHS","10:23:59",18.3,0.1,900,7719100,
"SHS","10:23:53",18.3,0.1,50000,7718200,
"SHS","10:23:51",18.3,0.1,2000,7668200,
"SHS","10:23:44",18.3,0.1,5000,7666200,
"SHS","10:23:42",18.3,0.1,15000,7661200,
"SHS","10:23:39",18.3,0.1,3600,7646200,
"SHS","10:23:38",18.3,0.1,1700,7642600,
"SHS","10:23:34",18.3,0.1,500,7640900,
"SHS","10:23:33",18.3,0.1,600,7640400,
"SHS","10:23:32",18.3,0.1,1000,7639800,
"SHS","10:23:28",18.3,0.1,10000,7638800,
"SHS","10:23:26",18.3,0.1,300,7628800,
"SHS","10:23:15",18.3,0.1,9000,7628500,
"SHS","10:23:14",18.3,0.1,100,7619500,
"SHS","10:23:13",18.3,0.1,200,7619400,
"SHS","10:23:12",18.3,0.1,4500,7619200,
"SHS","10:23:09",18.3,0.1,1700,7614700,
"SHS","10:23:02",18.3,0.1,1000,7613000,
"SHS","10:23:00",18.3,0.1,800,7612000,
"SHS","10:22:59",18.3,0.1,500,7611200,
"SHS","10:22:55",18.3,0.1,400,7610700,
"SHS","10:22:47",18.3,0.1,100,7610300,
"SHS","10:22:39",18.3,0.1,1700,7610200,
"SHS","10:22:38",18.3,0.1,5000,7608500,
"SHS","10:22:31",18.3,0.1,500,7603500,
"SHS","10:22:29",18.3,0.1,200,7603000,
"SHS","10:22:24",18.3,0.1,1500,7602800,
"SHS","10:22:21",18.3,0.1,1400,7601300,
"SHS","10:22:19",18.3,0.1,100,7599900,
"SHS","10:22:18",18.3,0.1,500,7599800,
"SHS","10:22:17",18.3,0.1,1000,7599300,
"SHS","10:22:16",18.3,0.1,1000,7598300,
"SHS","10:22:13",18.3,0.1,1200,7597300,
"SHS","10:22:10",18.3,0.1,1000,7596100,
"SHS","10:22:09",18.3,0.1,3500,7595100,
"SHS","10:22:08",18.3,0.1,500,7591600,
"SHS","10:22:06",18.3,0.1,14900,7591100,
"SHS","10:21:59",18.3,0.1,8900,7576200,
"SHS","10:21:53",18.3,0.1,1100,7567300,
"SHS","10:21:52",18.3,0.1,5200,7566200,
"SHS","10:21:51",18.3,0.1,200,7561000,
"SHS","10:21:47",18.3,0.1,1000,7560800,
"SHS","10:21:46",18.3,0.1,300,7559800,
"SHS","10:21:41",18.3,0.1,200,7559500,
"SHS","10:21:38",18.3,0.1,7300,7559300,
"SHS","10:21:34",18.3,0.1,4100,7552000,
"SHS","10:21:33",18.3,0.1,4000,7547900,
"SHS","10:21:32",18.3,0.1,200,7543900,
"SHS","10:21:31",18.3,0.1,5000,7543700,
"SHS","10:21:30",18.3,0.1,500,7538700,
"SHS","10:21:29",18.3,0.1,2000,7538200,
"SHS","10:21:28",18.3,0.1,9200,7536200,
"SHS","10:21:26",18.3,0.1,700,7527000,
"SHS","10:21:17",18.3,0.1,100,7526300,
"SHS","10:21:14",18.3,0.1,6900,7526200,
"SHS","10:21:11",18.3,0.1,4900,7519300,
"SHS","10:21:10",18.3,0.1,5200,7514400,
"SHS","10:21:09",18.3,0.1,100,7509200,
"SHS","10:21:08",18.3,0.1,6700,7509100,
"SHS","10:21:02",18.3,0.1,14000,7502400,
"SHS","10:20:55",18.3,0.1,5000,7488400,
"SHS","10:20:53",18.3,0.1,400,7483400,
"SHS","10:20:49",18.3,0.1,1000,7483000,
"SHS","10:20:47",18.3,0.1,1400,7482000,
"SHS","10:20:45",18.3,0.1,300,7480600,
"SHS","10:20:42",18.3,0.1,3000,7480300,
"SHS","10:20:40",18.3,0.1,800,7477300,
"SHS","10:20:38",18.3,0.1,1700,7476500,
"SHS","10:20:37",18.3,0.1,200,7474800,
"SHS","10:20:23",18.3,0.1,1000,7474600,
"SHS","10:20:21",18.3,0.1,3000,7473600,
"SHS","10:20:17",18.3,0.1,500,7470600,
"SHS","10:20:16",18.3,0.1,5000,7470100,
"SHS","10:20:10",18.3,0.1,6000,7465100,
"SHS","10:20:08",18.3,0.1,7100,7459100,
"SHS","10:20:07",18.3,0.1,400,7452000,
"SHS","10:20:04",18.3,0.1,500,7451600,
"SHS","10:20:02",18.3,0.1,1000,7451100,
"SHS","10:19:58",18.3,0.1,500,7450100,
"SHS","10:19:56",18.3,0.1,20000,7449600,
"SHS","10:19:54",18.2,0,1000,7429600,
"SHS","10:19:48",18.2,0,400,7428600,
"SHS","10:19:44",18.3,0.1,500,7428200,
"SHS","10:19:40",18.2,0,5000,7427700,
"SHS","10:19:37",18.2,0,5700,7422700,
"SHS","10:19:33",18.3,0.1,700,7417000,
"SHS","10:19:32",18.3,0.1,2000,7416300,
"SHS","10:19:29",18.3,0.1,400,7414300,
"SHS","10:19:23",18.3,0.1,1000,7413900,
"SHS","10:19:15",18.3,0.1,1200,7412900,
"SHS","10:19:14",18.3,0.1,8800,7411700,
"SHS","10:19:10",18.3,0.1,16700,7402900,
"SHS","10:19:09",18.3,0.1,1000,7386200,
"SHS","10:19:08",18.3,0.1,1700,7385200,
"SHS","10:19:04",18.3,0.1,8000,7383500,
"SHS","10:19:03",18.3,0.1,11000,7375500,
"SHS","10:19:02",18.3,0.1,17000,7364500,
"SHS","10:19:01",18.3,0.1,2200,7347500,
"SHS","10:19:00",18.3,0.1,20000,7345300,
"SHS","10:18:59",18.3,0.1,100,7325300,
"SHS","10:18:58",18.3,0.1,5300,7325200,
"SHS","10:18:57",18.3,0.1,1200,7319900,
"SHS","10:18:56",18.3,0.1,400,7318700,
"SHS","10:18:55",18.3,0.1,2200,7318300,
"SHS","10:18:52",18.3,0.1,2000,7316100,
"SHS","10:18:51",18.3,0.1,10000,7314100,
"SHS","10:18:50",18.3,0.1,1000,7304100,
"SHS","10:18:48",18.3,0.1,1000,7303100,
"SHS","10:18:47",18.3,0.1,3100,7302100,
"SHS","10:18:45",18.3,0.1,1100,7299000,
"SHS","10:18:43",18.3,0.1,400,7297900,
"SHS","10:18:42",18.3,0.1,1300,7297500,
"SHS","10:18:41",18.3,0.1,200,7296200,
"SHS","10:18:39",18.3,0.1,10000,7296000,
"SHS","10:18:37",18.3,0.1,1700,7286000,
"SHS","10:18:36",18.3,0.1,2000,7284300,
"SHS","10:18:34",18.3,0.1,1000,7282300,
"SHS","10:18:32",18.3,0.1,5000,7281300,
"SHS","10:18:30",18.3,0.1,10000,7276300,
"SHS","10:18:27",18.3,0.1,100,7266300,
"SHS","10:18:26",18.3,0.1,10000,7266200,
"SHS","10:18:24",18.3,0.1,1000,7256200,
"SHS","10:18:22",18.3,0.1,2000,7255200,
"SHS","10:18:20",18.3,0.1,400,7253200,
"SHS","10:18:18",18.3,0.1,500,7252800,
"SHS","10:18:17",18.3,0.1,100,7252300,
"SHS","10:18:16",18.3,0.1,2200,7252200,
"SHS","10:18:15",18.3,0.1,1200,7250000,
"SHS","10:18:11",18.3,0.1,400,7248800,
"SHS","10:18:10",18.3,0.1,1000,7248400,
"SHS","10:18:09",18.3,0.1,13300,7247400,
"SHS","10:18:08",18.3,0.1,9000,7234100,
"SHS","10:18:07",18.3,0.1,1700,7225100,
"SHS","10:18:03",18.3,0.1,1000,7223400,
"SHS","10:18:02",18.3,0.1,400000,7222400,
"SHS","10:18:01",18.3,0.1,1000,6822400,
"SHS","10:17:53",18.3,0.1,1200,6821400,
"SHS","10:17:51",18.3,0.1,2000,6820200,
"SHS","10:17:45",18.3,0.1,5000,6818200,
"SHS","10:17:44",18.3,0.1,200,6813200,
"SHS","10:17:37",18.3,0.1,2100,6813000,
"SHS","10:17:23",18.3,0.1,200,6810900,
"SHS","10:17:22",18.3,0.1,500,6810700,
"SHS","10:17:19",18.3,0.1,1000,6810200,
"SHS","10:17:17",18.3,0.1,10000,6809200,
"SHS","10:17:14",18.3,0.1,1000,6799200,
"SHS","10:17:09",18.3,0.1,2000,6798200,
"SHS","10:17:07",18.3,0.1,1700,6796200,
"SHS","10:17:06",18.3,0.1,100,6794500,
"SHS","10:17:03",18.3,0.1,41000,6794400,
"SHS","10:17:00",18.3,0.1,10000,6753400,
"SHS","10:16:56",18.3,0.1,1000,6743400,
"SHS","10:16:54",18.3,0.1,6000,6742400,
"SHS","10:16:53",18.3,0.1,4000,6736400,
"SHS","10:16:50",18.3,0.1,600,6732400,
"SHS","10:16:40",18.3,0.1,400,6731800,
"SHS","10:16:37",18.3,0.1,21700,6731400,
"SHS","10:16:32",18.3,0.1,400,6709700,
"SHS","10:16:31",18.3,0.1,20000,6709300,
"SHS","10:16:28",18.3,0.1,500,6689300,
"SHS","10:16:24",18.3,0.1,600,6688800,
"SHS","10:16:20",18.3,0.1,21300,6688200,
"SHS","10:16:17",18.3,0.1,2000,6666900,
"SHS","10:16:11",18.3,0.1,2500,6664900,
"SHS","10:16:10",18.3,0.1,5000,6662400,
"SHS","10:16:09",18.3,0.1,2300,6657400,
"SHS","10:16:07",18.3,0.1,1800,6655100,
"SHS","10:15:49",18.3,0.1,4000,6653300,
"SHS","10:15:47",18.3,0.1,2000,6649300,
"SHS","10:15:37",18.3,0.1,1600,6647300,
"SHS","10:15:29",18.3,0.1,400,6645700,
"SHS","10:15:25",18.3,0.1,500,6645300,
"SHS","10:15:21",18.3,0.1,1400,6644800,
"SHS","10:15:20",18.3,0.1,8000,6643400,
"SHS","10:15:19",18.3,0.1,4000,6635400,
"SHS","10:15:14",18.3,0.1,1000,6631400,
"SHS","10:15:10",18.3,0.1,500,6630400,
"SHS","10:15:07",18.3,0.1,1600,6629900,
"SHS","10:15:04",18.4,0.2,500,6628300,
"SHS","10:15:02",18.3,0.1,2000,6627800,
"SHS","10:15:00",18.3,0.1,1000,6625800,
"SHS","10:14:59",18.3,0.1,200,6624800,
"SHS","10:14:58",18.3,0.1,1000,6624600,
"SHS","10:14:56",18.3,0.1,5000,6623600,
"SHS","10:14:49",18.3,0.1,4000,6618600,
"SHS","10:14:39",18.3,0.1,900,6614600,
"SHS","10:14:37",18.4,0.2,8100,6613700,
"SHS","10:14:30",18.3,0.1,9300,6605600,
"SHS","10:14:24",18.3,0.1,1400,6596300,
"SHS","10:14:23",18.3,0.1,300,6594900,
"SHS","10:14:22",18.3,0.1,3000,6594600,
"SHS","10:14:21",18.4,0.2,100,6591600,
"SHS","10:14:20",18.3,0.1,100,6591500,
"SHS","10:14:16",18.3,0.1,10000,6591400,
"SHS","10:14:15",18.3,0.1,5000,6581400,
"SHS","10:14:13",18.3,0.1,300,6576400,
"SHS","10:14:09",18.3,0.1,1000,6576100,
"SHS","10:14:07",18.3,0.1,1600,6575100,
"SHS","10:14:03",18.3,0.1,2000,6573500,
"SHS","10:13:57",18.3,0.1,25700,6571500,
"SHS","10:13:50",18.4,0.2,1000,6545800,
"SHS","10:13:45",18.3,0.1,5000,6544800,
"SHS","10:13:44",18.3,0.1,10000,6539800,
"SHS","10:13:43",18.3,0.1,600,6529800,
"SHS","10:13:42",18.3,0.1,5000,6529200,
"SHS","10:13:37",18.3,0.1,1600,6524200,
"SHS","10:13:33",18.4,0.2,100,6522600,
"SHS","10:13:31",18.3,0.1,6000,6522500,
"SHS","10:13:24",18.3,0.1,400,6516500,
"SHS","10:13:16",18.3,0.1,3000,6516100,
"SHS","10:13:14",18.3,0.1,400,6513100,
"SHS","10:13:07",18.3,0.1,1600,6512700,
"SHS","10:12:58",18.3,0.1,600,6511100,
"SHS","10:12:52",18.3,0.1,100,6510500,
"SHS","10:12:46",18.3,0.1,500,6510400,
"SHS","10:12:43",18.3,0.1,500,6509900,
"SHS","10:12:39",18.4,0.2,5000,6509400,
"SHS","10:12:37",18.3,0.1,1600,6504400,
"SHS","10:12:25",18.3,0.1,1000,6502800,
"SHS","10:12:23",18.3,0.1,400,6501800,
"SHS","10:12:21",18.3,0.1,3000,6501400,
"SHS","10:12:09",18.4,0.2,500,6498400,
"SHS","10:12:08",18.3,0.1,200,6497900,
"SHS","10:12:07",18.3,0.1,1600,6497700,
"SHS","10:12:02",18.3,0.1,5000,6496100,
"SHS","10:11:56",18.3,0.1,100,6491100,
"SHS","10:11:38",18.3,0.1,2000,6491000,
"SHS","10:11:37",18.3,0.1,1600,6489000,
"SHS","10:11:27",18.3,0.1,200,6487400,
"SHS","10:11:18",18.3,0.1,400,6487200,
"SHS","10:11:11",18.4,0.2,100,6486800,
"SHS","10:11:09",18.3,0.1,14000,6486700,
"SHS","10:11:07",18.3,0.1,1600,6472700,
"SHS","10:11:04",18.3,0.1,200,6471100,
"SHS","10:11:03",18.4,0.2,100,6470900,
"SHS","10:10:58",18.4,0.2,2000,6470800,
"SHS","10:10:55",18.3,0.1,5000,6468800,
"SHS","10:10:48",18.3,0.1,8000,6463800,
"SHS","10:10:42",18.3,0.1,500,6455800,
"SHS","10:10:37",18.3,0.1,1600,6455300,
"SHS","10:10:32",18.3,0.1,2000,6453700,
"SHS","10:10:26",18.3,0.1,3000,6451700,
"SHS","10:10:22",18.3,0.1,1000,6448700,
"SHS","10:10:14",18.3,0.1,400,6447700,
"SHS","10:10:07",18.3,0.1,1600,6447300,
"SHS","10:10:04",18.3,0.1,800,6445700,
"SHS","10:09:49",18.3,0.1,600,6444900,
"SHS","10:09:36",18.3,0.1,1600,6444300,
"SHS","10:09:35",18.3,0.1,3400,6442700,
"SHS","10:09:28",18.4,0.2,200,6439300,
"SHS","10:09:25",18.4,0.2,2000,6439100,
"SHS","10:09:22",18.3,0.1,100,6437100,
"SHS","10:09:21",18.3,0.1,600,6437000,
"SHS","10:09:12",18.3,0.1,500,6436400,
"SHS","10:09:09",18.3,0.1,400,6435900,
"SHS","10:09:07",18.3,0.1,1000,6435500,
"SHS","10:09:06",18.3,0.1,1600,6434500,
"SHS","10:08:36",18.3,0.1,1600,6432900,
"SHS","10:08:35",18.3,0.1,1500,6431300,
"SHS","10:08:31",18.3,0.1,1000,6429800,
"SHS","10:08:06",18.3,0.1,1600,6428800,
"SHS","10:08:04",18.3,0.1,400,6427200,
"SHS","10:07:59",18.3,0.1,500,6426800,
"SHS","10:07:47",18.3,0.1,9100,6426300,
"SHS","10:07:40",18.3,0.1,100,6417200,
"SHS","10:07:36",18.3,0.1,1600,6417100,
"SHS","10:07:06",18.3,0.1,1600,6415500,
"SHS","10:07:05",18.3,0.1,2300,6413900,
"SHS","10:07:02",18.3,0.1,400,6411600,
"SHS","10:06:57",18.4,0.2,100,6411200,
"SHS","10:06:45",18.4,0.2,5000,6411100,
"SHS","10:06:36",18.3,0.1,1600,6406100,
"SHS","10:06:06",18.3,0.1,1600,6404500,
"SHS","10:05:59",18.3,0.1,400,6402900,
"SHS","10:05:55",18.4,0.2,100,6402500,
"SHS","10:05:41",18.4,0.2,3000,6402400,
"SHS","10:05:40",18.4,0.2,200,6399400,
"SHS","10:05:36",18.3,0.1,1600,6399200,
"SHS","10:05:31",18.4,0.2,3000,6397600,
"SHS","10:05:17",18.4,0.2,3800,6394600,
"SHS","10:05:06",18.4,0.2,3600,6390800,
"SHS","10:05:02",18.4,0.2,8200,6387200,
"SHS","10:04:58",18.4,0.2,400,6379000,
"SHS","10:04:57",18.4,0.2,84500,6378600,
"SHS","10:04:39",18.4,0.2,200,6294100,
"SHS","10:04:36",18.3,0.1,10400,6293900,
"SHS","10:04:10",18.4,0.2,1000,6283500,
"SHS","10:03:53",18.3,0.1,3400,6282500,
"SHS","10:03:46",18.4,0.2,3000,6279100,
"SHS","10:03:41",18.3,0.1,1300,6276100,
"SHS","10:03:16",18.4,0.2,100000,6274800,
"SHS","10:02:47",18.3,0.1,50400,6174800,
"SHS","10:02:36",18.4,0.2,500,6124400,
"SHS","10:02:27",18.4,0.2,2200,6123900,
"SHS","10:02:21",18.4,0.2,400,6121700,
"SHS","10:02:18",18.3,0.1,100,6121300,
"SHS","10:01:52",18.4,0.2,2000,6121200,
"SHS","10:01:41",18.3,0.1,400,6119200,
"SHS","10:01:33",18.4,0.2,600,6118800,
"SHS","10:01:16",18.4,0.2,4000,6118200,
"SHS","10:01:01",18.3,0.1,100,6114200,
"SHS","10:00:39",18.3,0.1,400,6114100,
"SHS","10:00:30",18.3,0.1,200,6113700,
"SHS","10:00:26",18.3,0.1,2300,6113500,
"SHS","10:00:18",18.3,0.1,1000,6111200,
"SHS","10:00:12",18.4,0.2,200,6110200,
"SHS","10:00:04",18.3,0.1,1000,6110000,
"SHS","09:59:46",18.4,0.2,1000,6109000,
"SHS","09:59:35",18.3,0.1,400,6108000,
"SHS","09:59:29",18.3,0.1,600,6107600,
"SHS","09:58:45",18.3,0.1,300,6107000,
"SHS","09:58:41",18.3,0.1,1000,6106700,
"SHS","09:58:31",18.3,0.1,400,6105700,
"SHS","09:58:26",18.4,0.2,200,6105300,
"SHS","09:58:23",18.4,0.2,300,6105100,
"SHS","09:58:13",18.4,0.2,100,6104800,
"SHS","09:57:55",18.4,0.2,100,6104700,
"SHS","09:57:54",18.3,0.1,100,6104600,
"SHS","09:57:45",18.4,0.2,1200,6104500,
"SHS","09:57:44",18.3,0.1,1000,6103300,
"SHS","09:57:34",18.4,0.2,1000,6102300,
"SHS","09:57:28",18.4,0.2,4000,6101300,
"SHS","09:57:27",18.3,0.1,400,6097300,
"SHS","09:57:18",18.4,0.2,3100,6096900,
"SHS","09:57:06",18.4,0.2,5000,6093800,
"SHS","09:57:01",18.4,0.2,300,6088800,
"SHS","09:56:53",18.4,0.2,9000,6088500,
"SHS","09:56:52",18.4,0.2,100,6079500,
"SHS","09:56:50",18.4,0.2,100,6079400,
"SHS","09:56:36",18.4,0.2,100,6079300,
"SHS","09:56:32",18.4,0.2,300,6079200,
"SHS","09:56:28",18.4,0.2,100,6078900,
"SHS","09:56:25",18.3,0.1,400,6078800,
"SHS","09:56:24",18.4,0.2,200,6078400,
"SHS","09:56:22",18.4,0.2,1000,6078200,
"SHS","09:56:15",18.4,0.2,1000,6077200,
"SHS","09:56:09",18.4,0.2,5400,6076200,
"SHS","09:56:08",18.4,0.2,300,6070800,
"SHS","09:56:06",18.4,0.2,500,6070500,
"SHS","09:56:04",18.4,0.2,19800,6070000,
"SHS","09:56:02",18.4,0.2,100000,6050200,
"SHS","09:55:55",18.4,0.2,3000,5950200,
"SHS","09:55:33",18.4,0.2,100000,5947200,
"SHS","09:55:28",18.5,0.3,300,5847200,
"SHS","09:55:23",18.4,0.2,1000,5846900,
"SHS","09:55:22",18.4,0.2,100,5845900,
"SHS","09:55:20",18.4,0.2,400,5845800,
"SHS","09:55:18",18.5,0.3,5100,5845400,
"SHS","09:55:11",18.4,0.2,100,5840300,
"SHS","09:55:09",18.4,0.2,5000,5840200,
"SHS","09:55:00",18.4,0.2,8000,5835200,
"SHS","09:54:53",18.4,0.2,200,5827200,
"SHS","09:54:48",18.4,0.2,100,5827000,
"SHS","09:54:43",18.4,0.2,2000,5826900,
"SHS","09:54:35",18.4,0.2,200,5824900,
"SHS","09:54:26",18.4,0.2,300,5824700,
"SHS","09:54:18",18.4,0.2,400,5824400,
"SHS","09:54:06",18.4,0.2,7000,5824000,
"SHS","09:54:05",18.4,0.2,1000,5817000,
"SHS","09:53:53",18.4,0.2,100,5816000,
"SHS","09:53:44",18.5,0.3,1000,5815900,
"SHS","09:53:43",18.4,0.2,1000,5814900,
"SHS","09:53:37",18.4,0.2,6900,5813900,
"SHS","09:53:27",18.4,0.2,100,5807000,
"SHS","09:53:14",18.4,0.2,400,5806900,
"SHS","09:53:00",18.5,0.3,1900,5806500,
"SHS","09:52:59",18.5,0.3,57600,5804600,
"SHS","09:52:50",18.5,0.3,1000,5747000,
"SHS","09:52:41",18.5,0.3,200,5746000,
"SHS","09:52:09",18.5,0.3,3900,5745800,
"SHS","09:52:01",18.5,0.3,2000,5741900,
"SHS","09:52:00",18.4,0.2,100,5739900,
"SHS","09:51:57",18.4,0.2,1000,5739800,
"SHS","09:51:56",18.5,0.3,2600,5738800,
"SHS","09:51:48",18.4,0.2,600,5736200,
"SHS","09:51:45",18.5,0.3,200,5735600,
"SHS","09:51:44",18.4,0.2,3000,5735400,
"SHS","09:51:39",18.4,0.2,4800,5732400,
"SHS","09:51:37",18.4,0.2,1000,5727600,
"SHS","09:51:34",18.5,0.3,100,5726600,
"SHS","09:51:22",18.4,0.2,4000,5726500,
"SHS","09:51:04",18.4,0.2,400,5722500,
"SHS","09:50:54",18.5,0.3,100,5722100,
"SHS","09:50:37",18.4,0.2,1000,5722000,
"SHS","09:50:36",18.4,0.2,300,5721000,
"SHS","09:50:27",18.4,0.2,100,5720700,
"SHS","09:50:25",18.5,0.3,2000,5720600,
"SHS","09:50:19",18.4,0.2,500,5718600,
"SHS","09:50:15",18.4,0.2,1000,5718100,
"SHS","09:50:09",18.4,0.2,100,5717100,
"SHS","09:50:02",18.4,0.2,400,5717000,
"SHS","09:50:00",18.4,0.2,1000,5716600,
"SHS","09:49:57",18.4,0.2,1000,5715600,
"SHS","09:49:53",18.4,0.2,400,5714600,
"SHS","09:49:52",18.4,0.2,1700,5714200,
"SHS","09:49:34",18.4,0.2,500,5712500,
"SHS","09:49:22",18.4,0.2,1200,5712000,
"SHS","09:49:18",18.4,0.2,1000,5710800,
"SHS","09:49:15",18.4,0.2,1000,5709800,
"SHS","09:49:04",18.4,0.2,200,5708800,
"SHS","09:49:03",18.4,0.2,600,5708600,
"SHS","09:49:00",18.4,0.2,400,5708000,
"SHS","09:48:54",18.4,0.2,200,5707600,
"SHS","09:48:22",18.4,0.2,1000,5707400,
"SHS","09:48:21",18.5,0.3,50000,5706400,
"SHS","09:48:14",18.4,0.2,100,5656400,
"SHS","09:48:09",18.4,0.2,500,5656300,
"SHS","09:48:06",18.4,0.2,1200,5655800,
"SHS","09:48:00",18.4,0.2,400,5654600,
"SHS","09:47:56",18.4,0.2,1000,5654200,
"SHS","09:47:48",18.5,0.3,1000,5653200,
"SHS","09:47:45",18.4,0.2,100,5652200,
"SHS","09:47:39",18.4,0.2,100,5652100,
"SHS","09:47:38",18.4,0.2,1100,5652000,
"SHS","09:47:27",18.4,0.2,22000,5650900,
"SHS","09:47:15",18.4,0.2,100,5628900,
"SHS","09:47:13",18.5,0.3,1000,5628800,
"SHS","09:47:08",18.4,0.2,500,5627800,
"SHS","09:47:07",18.4,0.2,2000,5627300,
"SHS","09:46:58",18.4,0.2,400,5625300,
"SHS","09:46:56",18.4,0.2,2400,5624900,
"SHS","09:46:55",18.4,0.2,11500,5622500,
"SHS","09:46:54",18.4,0.2,500,5611000,
"SHS","09:46:53",18.4,0.2,1700,5610500,
"SHS","09:46:52",18.4,0.2,23500,5608800,
"SHS","09:46:51",18.4,0.2,100,5585300,
"SHS","09:46:50",18.4,0.2,4600,5585200,
"SHS","09:46:49",18.4,0.2,500,5580600,
"SHS","09:46:48",18.4,0.2,3500,5580100,
"SHS","09:46:47",18.4,0.2,4000,5576600,
"SHS","09:46:46",18.4,0.2,9900,5572600,
"SHS","09:46:45",18.4,0.2,700,5562700,
"SHS","09:46:44",18.4,0.2,1000,5562000,
"SHS","09:46:43",18.4,0.2,10000,5561000,
"SHS","09:46:42",18.4,0.2,15600,5551000,
"SHS","09:46:41",18.4,0.2,63500,5535400,
"SHS","09:46:40",18.4,0.2,2400,5471900,
"SHS","09:46:39",18.4,0.2,68000,5469500,
"SHS","09:46:38",18.4,0.2,3500,5401500,
"SHS","09:46:36",18.4,0.2,103000,5398000,
"SHS","09:46:35",18.4,0.2,12700,5295000,
"SHS","09:46:34",18.4,0.2,4200,5282300,
"SHS","09:46:33",18.4,0.2,40000,5278100,
"SHS","09:46:32",18.4,0.2,1000,5238100,
"SHS","09:46:31",18.4,0.2,11400,5237100,
"SHS","09:46:30",18.4,0.2,300,5225700,
"SHS","09:46:29",18.4,0.2,5000,5225400,
"SHS","09:46:28",18.4,0.2,7500,5220400,
"SHS","09:46:27",18.4,0.2,500,5212900,
"SHS","09:46:25",18.4,0.2,8000,5212400,
"SHS","09:46:23",18.4,0.2,10000,5204400,
"SHS","09:46:19",18.4,0.2,500,5194400,
"SHS","09:46:18",18.4,0.2,100,5193900,
"SHS","09:46:17",18.4,0.2,50500,5193800,
"SHS","09:46:14",18.4,0.2,2000,5143300,
"SHS","09:46:11",18.4,0.2,800,5141300,
"SHS","09:46:09",18.4,0.2,2000,5140500,
"SHS","09:46:08",18.4,0.2,20000,5138500,
"SHS","09:46:05",18.4,0.2,33700,5118500,
"SHS","09:46:00",18.4,0.2,300,5084800,
"SHS","09:45:58",18.4,0.2,3400,5084500,
"SHS","09:45:47",18.4,0.2,100,5081100,
"SHS","09:45:42",18.4,0.2,100,5081000,
"SHS","09:45:41",18.4,0.2,200,5080900,
"SHS","09:45:36",18.4,0.2,2000,5080700,
"SHS","09:45:27",18.4,0.2,1100,5078700,
"SHS","09:45:22",18.4,0.2,20000,5077600,
"SHS","09:45:21",18.3,0.1,200,5057600,
"SHS","09:45:15",18.4,0.2,1000,5057400,
"SHS","09:45:04",18.4,0.2,100,5056400,
"SHS","09:45:01",18.4,0.2,100,5056300,
"SHS","09:44:58",18.4,0.2,100,5056200,
"SHS","09:44:55",18.3,0.1,400,5056100,
"SHS","09:44:54",18.4,0.2,1400,5055700,
"SHS","09:44:46",18.4,0.2,1000,5054300,
"SHS","09:44:41",18.4,0.2,100,5053300,
"SHS","09:44:30",18.4,0.2,100,5053200,
"SHS","09:44:25",18.4,0.2,100,5053100,
"SHS","09:44:07",18.4,0.2,100,5053000,
"SHS","09:43:55",18.3,0.1,700,5052900,
"SHS","09:43:53",18.4,0.2,10000,5052200,
"SHS","09:43:48",18.4,0.2,500,5042200,
"SHS","09:43:26",18.3,0.1,500,5041700,
"SHS","09:43:22",18.3,0.1,4000,5041200,
"SHS","09:43:19",18.3,0.1,2000,5037200,
"SHS","09:43:15",18.3,0.1,200,5035200,
"SHS","09:43:13",18.3,0.1,3000,5035000,
"SHS","09:42:51",18.3,0.1,400,5032000,
"SHS","09:42:40",18.3,0.1,5000,5031600,
"SHS","09:42:24",18.3,0.1,3000,5026600,
"SHS","09:42:22",18.3,0.1,500,5023600,
"SHS","09:42:13",18.3,0.1,500,5023100,
"SHS","09:42:07",18.3,0.1,800,5022600,
"SHS","09:41:54",18.3,0.1,300,5021800,
"SHS","09:41:53",18.4,0.2,200,5021500,
"SHS","09:41:47",18.3,0.1,400,5021300,
"SHS","09:41:40",18.3,0.1,2500,5020900,
"SHS","09:41:19",18.4,0.2,100,5018400,
"SHS","09:41:18",18.4,0.2,3600,5018300,
"SHS","09:41:13",18.4,0.2,400,5014700,
"SHS","09:41:09",18.4,0.2,100,5014300,
"SHS","09:40:59",18.4,0.2,1000,5014200,
"SHS","09:40:48",18.4,0.2,100,5013200,
"SHS","09:40:45",18.3,0.1,400,5013100,
"SHS","09:40:39",18.4,0.2,1000,5012700,
"SHS","09:40:37",18.3,0.1,800,5011700,
"SHS","09:40:24",18.4,0.2,2000,5010900,
"SHS","09:40:23",18.4,0.2,2700,5008900,
"SHS","09:40:14",18.4,0.2,4500,5006200,
"SHS","09:40:13",18.3,0.1,200,5001700,
"SHS","09:40:12",18.3,0.1,200,5001500,
"SHS","09:40:03",18.3,0.1,10000,5001300,
"SHS","09:40:01",18.3,0.1,1000,4991300,
"SHS","09:39:57",18.3,0.1,150000,4990300,
"SHS","09:39:52",18.3,0.1,5400,4840300,
"SHS","09:39:50",18.3,0.1,10600,4834900,
"SHS","09:39:45",18.3,0.1,100,4824300,
"SHS","09:39:44",18.3,0.1,18400,4824200,
"SHS","09:39:43",18.3,0.1,400,4805800,
"SHS","09:39:40",18.3,0.1,600,4805400,
"SHS","09:39:38",18.3,0.1,800,4804800,
"SHS","09:39:36",18.3,0.1,200,4804000,
"SHS","09:39:35",18.3,0.1,1000,4803800,
"SHS","09:39:25",18.3,0.1,55400,4802800,
"SHS","09:39:20",18.3,0.1,500,4747400,
"SHS","09:39:19",18.3,0.1,400,4746900,
"SHS","09:39:15",18.3,0.1,100,4746500,
"SHS","09:39:14",18.3,0.1,1000,4746400,
"SHS","09:39:13",18.3,0.1,100,4745400,
"SHS","09:39:12",18.3,0.1,200,4745300,
"SHS","09:39:03",18.3,0.1,2000,4745100,
"SHS","09:38:50",18.3,0.1,10000,4743100,
"SHS","09:38:48",18.3,0.1,200,4733100,
"SHS","09:38:41",18.3,0.1,400,4732900,
"SHS","09:38:37",18.4,0.2,1000,4732500,
"SHS","09:38:24",18.4,0.2,200,4731500,
"SHS","09:38:19",18.3,0.1,500,4731300,
"SHS","09:38:17",18.3,0.1,500,4730800,
"SHS","09:38:15",18.4,0.2,100,4730300,
"SHS","09:38:11",18.3,0.1,8400,4730200,
"SHS","09:38:09",18.3,0.1,500,4721800,
"SHS","09:38:08",18.3,0.1,8000,4721300,
"SHS","09:38:02",18.3,0.1,6300,4713300,
"SHS","09:37:55",18.3,0.1,15600,4707000,
"SHS","09:37:49",18.3,0.1,500,4691400,
"SHS","09:37:45",18.3,0.1,3000,4690900,
"SHS","09:37:40",18.3,0.1,600,4687900,
"SHS","09:37:37",18.3,0.1,400,4687300,
"SHS","09:37:27",18.3,0.1,2000,4686900,
"SHS","09:37:24",18.3,0.1,10000,4684900,
"SHS","09:37:20",18.3,0.1,500,4674900,
"SHS","09:37:17",18.3,0.1,4000,4674400,
"SHS","09:37:14",18.3,0.1,1200,4670400,
"SHS","09:37:03",18.3,0.1,100,4669200,
"SHS","09:37:02",18.3,0.1,500,4669100,
"SHS","09:36:53",18.3,0.1,100,4668600,
"SHS","09:36:49",18.3,0.1,3000,4668500,
"SHS","09:36:32",18.3,0.1,400,4665500,
"SHS","09:36:19",18.3,0.1,3200,4665100,
"SHS","09:36:13",18.4,0.2,2000,4661900,
"SHS","09:36:09",18.3,0.1,50000,4659900,
"SHS","09:36:00",18.3,0.1,2000,4609900,
"SHS","09:35:58",18.4,0.2,20000,4607900,
"SHS","09:35:52",18.3,0.1,500,4587900,
"SHS","09:35:37",18.4,0.2,10000,4587400,
"SHS","09:35:36",18.4,0.2,1000,4577400,
"SHS","09:35:34",18.4,0.2,100,4576400,
"SHS","09:35:29",18.4,0.2,500,4576300,
"SHS","09:35:27",18.3,0.1,400,4575800,
"SHS","09:35:24",18.4,0.2,1000,4575400,
"SHS","09:35:13",18.4,0.2,5000,4574400,
"SHS","09:35:02",18.3,0.1,100,4569400,
"SHS","09:35:01",18.3,0.1,300,4569300,
"SHS","09:34:54",18.4,0.2,600,4569000,
"SHS","09:34:53",18.3,0.1,200,4568400,
"SHS","09:34:35",18.4,0.2,500,4568200,
"SHS","09:34:32",18.4,0.2,200,4567700,
"SHS","09:34:23",18.3,0.1,400,4567500,
"SHS","09:34:19",18.3,0.1,100,4567100,
"SHS","09:34:07",18.4,0.2,100,4567000,
"SHS","09:34:06",18.4,0.2,600,4566900,
"SHS","09:34:03",18.3,0.1,100,4566300,
"SHS","09:33:58",18.4,0.2,500,4566200,
"SHS","09:33:57",18.4,0.2,31000,4565700,
"SHS","09:33:46",18.4,0.2,1000,4534700,
"SHS","09:33:39",18.4,0.2,1000,4533700,
"SHS","09:33:35",18.3,0.1,2000,4532700,
"SHS","09:33:32",18.4,0.2,1300,4530700,
"SHS","09:33:21",18.4,0.2,2000,4529400,
"SHS","09:33:18",18.3,0.1,400,4527400,
"SHS","09:33:16",18.4,0.2,700,4527000,
"SHS","09:33:12",18.4,0.2,500,4526300,
"SHS","09:33:11",18.3,0.1,5500,4525800,
"SHS","09:33:06",18.4,0.2,10100,4520300,
"SHS","09:33:00",18.4,0.2,20100,4510200,
"SHS","09:32:59",18.3,0.1,5000,4490100,
"SHS","09:32:57",18.4,0.2,1000,4485100,
"SHS","09:32:54",18.4,0.2,500,4484100,
"SHS","09:32:44",18.4,0.2,100,4483600,
"SHS","09:32:42",18.4,0.2,6500,4483500,
"SHS","09:32:41",18.4,0.2,400,4477000,
"SHS","09:32:25",18.4,0.2,2000,4476600,
"SHS","09:32:23",18.4,0.2,200,4474600,
"SHS","09:32:22",18.3,0.1,1900,4474400,
"SHS","09:32:21",18.3,0.1,500,4472500,
"SHS","09:32:17",18.3,0.1,400,4472000,
"SHS","09:32:16",18.3,0.1,300,4471600,
"SHS","09:32:14",18.3,0.1,100,4471300,
"SHS","09:32:13",18.3,0.1,4000,4471200,
"SHS","09:32:11",18.3,0.1,500,4467200,
"SHS","09:32:07",18.3,0.1,500,4466700,
"SHS","09:32:05",18.3,0.1,8000,4466200,
"SHS","09:31:57",18.3,0.1,4000,4458200,
"SHS","09:31:54",18.4,0.2,5300,4454200,
"SHS","09:31:49",18.4,0.2,3100,4448900,
"SHS","09:31:45",18.4,0.2,4000,4445800,
"SHS","09:31:38",18.4,0.2,1000,4441800,
"SHS","09:31:35",18.4,0.2,100,4440800,
"SHS","09:31:24",18.3,0.1,1000,4440700,
"SHS","09:31:19",18.3,0.1,10000,4439700,
"SHS","09:31:14",18.3,0.1,1300,4429700,
"SHS","09:31:11",18.3,0.1,400,4428400,
"SHS","09:31:04",18.3,0.1,10000,4428000,
"SHS","09:31:02",18.4,0.2,100,4418000,
"SHS","09:30:59",18.4,0.2,200,4417900,
"SHS","09:30:51",18.4,0.2,1000,4417700,
"SHS","09:30:48",18.4,0.2,5000,4416700,
"SHS","09:30:47",18.4,0.2,30000,4411700,
"SHS","09:30:45",18.4,0.2,100,4381700,
"SHS","09:30:43",18.4,0.2,4000,4381600,
"SHS","09:30:41",18.4,0.2,4600,4377600,
"SHS","09:30:26",18.4,0.2,100,4373000,
"SHS","09:30:25",18.4,0.2,500,4372900,
"SHS","09:30:23",18.3,0.1,1600,4372400,
"SHS","09:30:14",18.3,0.1,1900,4370800,
"SHS","09:30:11",18.3,0.1,4000,4368900,
"SHS","09:30:08",18.4,0.2,2400,4364900,
"SHS","09:30:07",18.3,0.1,400,4362500,
"SHS","09:30:00",18.3,0.1,5200,4362100,
"SHS","09:29:57",18.3,0.1,1000,4356900,
"SHS","09:29:44",18.3,0.1,5000,4355900,
"SHS","09:29:43",18.4,0.2,100,4350900,
"SHS","09:29:42",18.3,0.1,500,4350800,
"SHS","09:29:33",18.3,0.1,5000,4350300,
"SHS","09:29:29",18.3,0.1,1700,4345300,
"SHS","09:29:27",18.3,0.1,8000,4343600,
"SHS","09:29:25",18.4,0.2,200,4335600,
"SHS","09:29:15",18.3,0.1,13000,4335400,
"SHS","09:29:06",18.3,0.1,400,4322400,
"SHS","09:29:03",18.4,0.2,1300,4322000,
"SHS","09:29:00",18.3,0.1,2000,4320700,
"SHS","09:28:58",18.4,0.2,2500,4318700,
"SHS","09:28:55",18.4,0.2,500,4316200,
"SHS","09:28:43",18.4,0.2,200,4315700,
"SHS","09:28:34",18.4,0.2,500,4315500,
"SHS","09:28:29",18.4,0.2,500,4315000,
"SHS","09:28:27",18.4,0.2,1100,4314500,
"SHS","09:28:22",18.4,0.2,100,4313400,
"SHS","09:28:18",18.4,0.2,1000,4313300,
"SHS","09:28:16",18.4,0.2,20000,4312300,
"SHS","09:28:10",18.4,0.2,3000,4292300,
"SHS","09:28:04",18.4,0.2,2900,4289300,
"SHS","09:27:57",18.4,0.2,20000,4286400,
"SHS","09:27:56",18.3,0.1,500,4266400,
"SHS","09:27:51",18.4,0.2,100,4265900,
"SHS","09:27:50",18.4,0.2,600,4265800,
"SHS","09:27:47",18.4,0.2,500,4265200,
"SHS","09:27:42",18.4,0.2,5000,4264700,
"SHS","09:27:38",18.4,0.2,700,4259700,
"SHS","09:27:37",18.4,0.2,5000,4259000,
"SHS","09:27:34",18.4,0.2,1200,4254000,
"SHS","09:27:29",18.4,0.2,3000,4252800,
"SHS","09:27:24",18.4,0.2,6100,4249800,
"SHS","09:27:20",18.3,0.1,50000,4243700,
"SHS","09:27:14",18.4,0.2,13500,4193700,
"SHS","09:27:09",18.4,0.2,300,4180200,
"SHS","09:27:03",18.4,0.2,700,4179900,
"SHS","09:27:02",18.4,0.2,2700,4179200,
"SHS","09:27:00",18.4,0.2,100,4176500,
"SHS","09:26:58",18.4,0.2,5800,4176400,
"SHS","09:26:53",18.4,0.2,200,4170600,
"SHS","09:26:48",18.3,0.1,5000,4170400,
"SHS","09:26:39",18.4,0.2,1000,4165400,
"SHS","09:26:32",18.4,0.2,5000,4164400,
"SHS","09:26:21",18.3,0.1,5000,4159400,
"SHS","09:26:09",18.4,0.2,1200,4154400,
"SHS","09:26:03",18.4,0.2,6800,4153200,
"SHS","09:26:02",18.4,0.2,100,4146400,
"SHS","09:25:54",18.4,0.2,24700,4145900,
"SHS","09:25:53",18.4,0.2,111000,4121200,
"SHS","09:25:52",18.4,0.2,1100,4010200,
"SHS","09:25:51",18.4,0.2,7200,4009100,
"SHS","09:25:50",18.4,0.2,500,4001900,
"SHS","09:25:49",18.4,0.2,500,4001400,
"SHS","09:25:46",18.4,0.2,59000,4000900,
"SHS","09:25:43",18.4,0.2,10000,3941900,
"SHS","09:25:41",18.4,0.2,1000,3931900,
"SHS","09:25:37",18.4,0.2,700,3930900,
"SHS","09:25:36",18.4,0.2,502000,3930200,
"SHS","09:25:34",18.4,0.2,200,3428200,
"SHS","09:25:32",18.5,0.3,200,3428000,
"SHS","09:25:31",18.4,0.2,700,3427800,
"SHS","09:25:28",18.4,0.2,1100,3427100,
"SHS","09:25:26",18.4,0.2,1000,3426000,
"SHS","09:25:21",18.4,0.2,1000,3425000,
"SHS","09:25:18",18.4,0.2,500,3424000,
"SHS","09:25:17",18.4,0.2,1000,3423500,
"SHS","09:25:14",18.4,0.2,200,3422500,
"SHS","09:25:13",18.4,0.2,500,3422300,
"SHS","09:25:11",18.4,0.2,1000,3421800,
"SHS","09:25:07",18.4,0.2,2000,3420800,
"SHS","09:25:06",18.4,0.2,89000,3418800,
"SHS","09:25:04",18.4,0.2,1000,3329800,
"SHS","09:25:01",18.4,0.2,1000,3328800,
"SHS","09:25:00",18.4,0.2,3000,3327800,
"SHS","09:24:58",18.4,0.2,20000,3324800,
"SHS","09:24:53",18.4,0.2,500,3304400,
"SHS","09:24:50",18.4,0.2,1500,3303900,
"SHS","09:24:47",18.4,0.2,1000,3302400,
"SHS","09:24:43",18.4,0.2,10300,3301400,
"SHS","09:24:42",18.4,0.2,1000,3291100,
"SHS","09:24:37",18.5,0.3,100,3290100,
"SHS","09:24:36",18.4,0.2,1000,3290000,
"SHS","09:24:34",18.4,0.2,100,3289000,
"SHS","09:24:30",18.4,0.2,400,3288900,
"SHS","09:24:25",18.4,0.2,44400,3288500,
"SHS","09:24:21",18.4,0.2,5500,3244100,
"SHS","09:24:15",18.4,0.2,500,3238600,
"SHS","09:24:14",18.4,0.2,2000,3238100,
"SHS","09:24:05",18.4,0.2,1000,3236100,
"SHS","09:24:03",18.4,0.2,1200,3235100,
"SHS","09:23:58",18.4,0.2,5000,3233900,
"SHS","09:23:52",18.4,0.2,400,3228900,
"SHS","09:23:51",18.4,0.2,500,3228500,
"SHS","09:23:42",18.5,0.3,500,3228000,
"SHS","09:23:40",18.4,0.2,100,3227500,
"SHS","09:23:37",18.4,0.2,1000,3227400,
"SHS","09:23:35",18.4,0.2,2000,3226400,
"SHS","09:23:09",18.4,0.2,1500,3224400,
"SHS","09:23:08",18.5,0.3,100,3222900,
"SHS","09:22:51",18.4,0.2,400,3222800,
"SHS","09:22:36",18.5,0.3,5000,3222400,
"SHS","09:22:31",18.4,0.2,5000,3217400,
"SHS","09:22:17",18.5,0.3,1000,3212400,
"SHS","09:22:10",18.5,0.3,300,3211400,
"SHS","09:22:01",18.5,0.3,100,3211100,
"SHS","09:21:47",18.4,0.2,400,3211000,
"SHS","09:21:45",18.5,0.3,500,3210600,
"SHS","09:21:37",18.5,0.3,1000,3210100,
"SHS","09:21:23",18.5,0.3,4400,3209100,
"SHS","09:21:22",18.5,0.3,10000,3204700,
"SHS","09:21:17",18.5,0.3,1500,3194700,
"SHS","09:21:11",18.5,0.3,6000,3193200,
"SHS","09:21:07",18.4,0.2,1500,3187200,
"SHS","09:21:03",18.4,0.2,200,3185700,
"SHS","09:20:54",18.4,0.2,10000,3185500,
"SHS","09:20:48",18.5,0.3,1000,3175500,
"SHS","09:20:47",18.4,0.2,200,3174500,
"SHS","09:20:44",18.4,0.2,1400,3174300,
"SHS","09:20:36",18.5,0.3,100,3172900,
"SHS","09:20:31",18.4,0.2,10000,3172800,
"SHS","09:20:30",18.5,0.3,100,3162800,
"SHS","09:20:19",18.5,0.3,500,3162700,
"SHS","09:20:14",18.5,0.3,1000,3162200,
"SHS","09:20:13",18.5,0.3,2300,3161200,
"SHS","09:19:53",18.4,0.2,500,3158900,
"SHS","09:19:50",18.5,0.3,5000,3158400,
"SHS","09:19:49",18.4,0.2,100,3153400,
"SHS","09:19:39",18.4,0.2,400,3153300,
"SHS","09:19:33",18.5,0.3,100,3152900,
"SHS","09:19:31",18.5,0.3,1000,3152800,
"SHS","09:19:21",18.5,0.3,12000,3151800,
"SHS","09:19:15",18.5,0.3,1000,3139800,
"SHS","09:19:08",18.4,0.2,6800,3138800,
"SHS","09:18:58",18.5,0.3,10000,3132000,
"SHS","09:18:52",18.4,0.2,2500,3122000,
"SHS","09:18:49",18.5,0.3,12000,3119500,
"SHS","09:18:38",18.4,0.2,400,3107500,
"SHS","09:18:37",18.5,0.3,100,3107100,
"SHS","09:18:34",18.5,0.3,100,3107000,
"SHS","09:18:32",18.5,0.3,3000,3106900,
"SHS","09:18:29",18.5,0.3,10000,3103900,
"SHS","09:18:27",18.5,0.3,1000,3093900,
"SHS","09:18:25",18.5,0.3,200,3092900,
"SHS","09:18:24",18.5,0.3,3100,3092700,
"SHS","09:18:21",18.5,0.3,5100,3089600,
"SHS","09:18:17",18.5,0.3,1000,3084500,
"SHS","09:18:15",18.4,0.2,700,3083500,
"SHS","09:18:14",18.5,0.3,500,3082800,
"SHS","09:18:12",18.4,0.2,3000,3082300,
"SHS","09:18:08",18.5,0.3,100,3079300,
"SHS","09:18:06",18.5,0.3,1000,3079200,
"SHS","09:18:05",18.5,0.3,1000,3078200,
"SHS","09:18:02",18.5,0.3,500,3077200,
"SHS","09:18:01",18.5,0.3,100,3076700,
"SHS","09:17:55",18.5,0.3,500,3076600,
"SHS","09:17:54",18.5,0.3,11800,3076100,
"SHS","09:17:47",18.5,0.3,5500,3064300,
"SHS","09:17:45",18.5,0.3,5100,3058800,
"SHS","09:17:44",18.5,0.3,500,3053700,
"SHS","09:17:41",18.5,0.3,1700,3053200,
"SHS","09:17:39",18.5,0.3,500,3051500,
"SHS","09:17:36",18.5,0.3,8800,3051000,
"SHS","09:17:35",18.5,0.3,10000,3042200,
"SHS","09:17:34",18.5,0.3,2400,3032200,
"SHS","09:17:33",18.5,0.3,300,3029800,
"SHS","09:17:32",18.5,0.3,1000,3029500,
"SHS","09:17:31",18.5,0.3,500,3028500,
"SHS","09:17:29",18.5,0.3,7000,3028000,
"SHS","09:17:25",18.5,0.3,69100,3021000,
"SHS","09:17:24",18.5,0.3,35000,2951900,
"SHS","09:17:23",18.5,0.3,700,2916900,
"SHS","09:17:22",18.5,0.3,1000,2916200,
"SHS","09:17:20",18.5,0.3,10000,2915200,
"SHS","09:17:18",18.5,0.3,16500,2905200,
"SHS","09:17:15",18.5,0.3,300,2888700,
"SHS","09:17:13",18.5,0.3,1500,2888400,
"SHS","09:17:12",18.5,0.3,200,2886900,
"SHS","09:17:10",18.5,0.3,5000,2886700,
"SHS","09:17:09",18.5,0.3,5000,2881700,
