"symbol","time","price","change","vol","total","side"
"VIX","14:45:02",16.45,-0.15,1544300,24074000,
"VIX","14:29:57",16.55,-0.05,2000,22529700,"S"
"VIX","14:29:56",16.55,-0.05,1000,22527700,"S"
"VIX","14:29:55",16.55,-0.05,20000,22526700,"S"
"VIX","14:29:53",16.55,-0.05,10000,22506700,"S"
"VIX","14:29:53",16.55,-0.05,500,22496700,"S"
"VIX","14:29:52",16.55,-0.05,5000,22496200,"S"
"VIX","14:29:52",16.55,-0.05,15900,22491200,"S"
"VIX","14:29:50",16.55,-0.05,1000,22475300,"S"
"VIX","14:29:49",16.55,-0.05,15900,22474300,"S"
"VIX","14:29:48",16.55,-0.05,1300,22458400,"S"
"VIX","14:29:47",16.55,-0.05,2000,22457100,"S"
"VIX","14:29:47",16.55,-0.05,100,22455100,"S"
"VIX","14:29:46",16.55,-0.05,1000,22455000,"S"
"VIX","14:29:45",16.5,-0.1,500,22454000,"B"
"VIX","14:29:44",16.55,-0.05,200,22453500,"S"
"VIX","14:29:44",16.55,-0.05,1600,22453300,"S"
"VIX","14:29:44",16.5,-0.1,6600,22451700,"B"
"VIX","14:29:43",16.55,-0.05,2000,22445100,"S"
"VIX","14:29:42",16.55,-0.05,2100,22443100,"S"
"VIX","14:29:42",16.5,-0.1,100,22441000,"B"
"VIX","14:29:41",16.5,-0.1,2500,22440900,"B"
"VIX","14:29:40",16.55,-0.05,500,22438400,"S"
"VIX","14:29:40",16.55,-0.05,200,22437900,"S"
"VIX","14:29:39",16.55,-0.05,100,22437700,"S"
"VIX","14:29:38",16.55,-0.05,400,22437600,"S"
"VIX","14:29:36",16.55,-0.05,1200,22437200,"S"
"VIX","14:29:36",16.55,-0.05,8000,22436000,"S"
"VIX","14:29:35",16.55,-0.05,3100,22428000,"S"
"VIX","14:29:34",16.55,-0.05,2000,22424900,"S"
"VIX","14:29:32",16.55,-0.05,200,22422900,"S"
"VIX","14:29:31",16.55,-0.05,1000,22422700,"S"
"VIX","14:29:29",16.55,-0.05,500,22421700,"S"
"VIX","14:29:29",16.5,-0.1,12100,22421200,"B"
"VIX","14:29:28",16.55,-0.05,200,22409100,"S"
"VIX","14:29:26",16.5,-0.1,3000,22408900,"B"
"VIX","14:29:26",16.55,-0.05,7000,22405900,"S"
"VIX","14:29:24",16.55,-0.05,200,22398900,"S"
"VIX","14:29:24",16.55,-0.05,200,22398700,"S"
"VIX","14:29:23",16.55,-0.05,1600,22398500,"S"
"VIX","14:29:22",16.55,-0.05,20500,22396900,"S"
"VIX","14:29:21",16.55,-0.05,600,22376400,"S"
"VIX","14:29:21",16.55,-0.05,9000,22375800,"S"
"VIX","14:29:20",16.55,-0.05,1000,22366800,"S"
"VIX","14:29:18",16.55,-0.05,11300,22365800,"S"
"VIX","14:29:16",16.55,-0.05,1000,22354500,"S"
"VIX","14:29:14",16.55,-0.05,500,22353500,"S"
"VIX","14:29:14",16.5,-0.1,300,22353000,"B"
"VIX","14:29:13",16.5,-0.1,200,22352700,"B"
"VIX","14:29:13",16.55,-0.05,32800,22352500,"S"
"VIX","14:29:13",16.5,-0.1,1000,22319700,"B"
"VIX","14:29:11",16.55,-0.05,1500,22318700,"S"
"VIX","14:29:09",16.55,-0.05,1000,22317200,"S"
"VIX","14:29:07",16.55,-0.05,100,22316200,"S"
"VIX","14:29:03",16.55,-0.05,1000,22316100,"S"
"VIX","14:29:01",16.55,-0.05,3000,22315100,"S"
"VIX","14:28:59",16.55,-0.05,300,22312100,"S"
"VIX","14:28:52",16.55,-0.05,500,22311800,"S"
"VIX","14:28:51",16.55,-0.05,1400,22311300,"S"
"VIX","14:28:49",16.55,-0.05,1000,22309900,"S"
"VIX","14:28:47",16.55,-0.05,100,22308900,"S"
"VIX","14:28:45",16.55,-0.05,1500,22308800,"S"
"VIX","14:28:45",16.5,-0.1,5100,22307300,"S"
"VIX","14:28:44",16.5,-0.1,500,22302200,"S"
"VIX","14:28:43",16.5,-0.1,16100,22301700,"B"
"VIX","14:28:43",16.55,-0.05,500,22285600,"S"
"VIX","14:28:43",16.5,-0.1,147900,22285100,"B"
"VIX","14:28:42",16.5,-0.1,100,22137200,"B"
"VIX","14:28:42",16.55,-0.05,9000,22137100,"S"
"VIX","14:28:41",16.55,-0.05,4700,22128100,"S"
"VIX","14:28:39",16.5,-0.1,4000,22123400,"B"
"VIX","14:28:36",16.5,-0.1,100,22119400,"B"
"VIX","14:28:34",16.55,-0.05,1000,22119300,"S"
"VIX","14:28:32",16.55,-0.05,500,22118300,"S"
"VIX","14:28:31",16.55,-0.05,100,22117800,"S"
"VIX","14:28:30",16.55,-0.05,2000,22117700,"S"
"VIX","14:28:29",16.5,-0.1,45000,22115700,"B"
"VIX","14:28:27",16.55,-0.05,5000,22070700,"S"
"VIX","14:28:26",16.55,-0.05,5400,22065700,"B"
"VIX","14:28:25",16.55,-0.05,12000,22060300,"B"
"VIX","14:28:23",16.6,0,5000,22048300,"S"
"VIX","14:28:22",16.55,-0.05,500,22043300,"B"
"VIX","14:28:19",16.55,-0.05,200,22042800,"B"
"VIX","14:28:17",16.55,-0.05,400,22042600,"B"
"VIX","14:28:16",16.55,-0.05,100,22042200,"B"
"VIX","14:28:16",16.55,-0.05,200,22042100,"B"
"VIX","14:28:15",16.55,-0.05,50000,22041900,"B"
"VIX","14:28:05",16.55,-0.05,12000,21991900,"B"
"VIX","14:28:04",16.55,-0.05,1000,21979900,"B"
"VIX","14:27:57",16.55,-0.05,800,21978900,"B"
"VIX","14:27:52",16.55,-0.05,1700,21978100,"S"
"VIX","14:27:51",16.55,-0.05,2000,21976400,"S"
"VIX","14:27:50",16.55,-0.05,6300,21974400,"S"
"VIX","14:27:49",16.55,-0.05,1400,21968100,"S"
"VIX","14:27:49",16.55,-0.05,600,21966700,"S"
"VIX","14:27:46",16.55,-0.05,200,21966100,"S"
"VIX","14:27:46",16.55,-0.05,1000,21965900,"S"
"VIX","14:27:46",16.5,-0.1,500,21964900,"B"
"VIX","14:27:46",16.55,-0.05,500,21964400,"S"
"VIX","14:27:46",16.5,-0.1,2000,21963900,"B"
"VIX","14:27:45",16.55,-0.05,400,21961900,"S"
"VIX","14:27:45",16.5,-0.1,500,21961500,"B"
"VIX","14:27:45",16.55,-0.05,2000,21961000,"S"
"VIX","14:27:44",16.55,-0.05,500,21959000,"S"
"VIX","14:27:44",16.55,-0.05,4000,21958500,"S"
"VIX","14:27:42",16.55,-0.05,400,21954500,"S"
"VIX","14:27:42",16.55,-0.05,3000,21954100,"S"
"VIX","14:27:41",16.55,-0.05,600,21951100,"S"
"VIX","14:27:41",16.55,-0.05,100,21950500,"S"
"VIX","14:27:40",16.55,-0.05,15000,21950400,"S"
"VIX","14:27:39",16.55,-0.05,1500,21935400,"S"
"VIX","14:27:39",16.5,-0.1,10000,21933900,"B"
"VIX","14:27:38",16.55,-0.05,1100,21923900,"S"
"VIX","14:27:36",16.55,-0.05,2000,21922800,"S"
"VIX","14:27:35",16.55,-0.05,19300,21920800,"S"
"VIX","14:27:35",16.55,-0.05,24700,21901500,"S"
"VIX","14:27:28",16.5,-0.1,43900,21876800,"S"
"VIX","14:27:28",16.5,-0.1,600,21832900,"S"
"VIX","14:27:27",16.5,-0.1,5000,21832300,"S"
"VIX","14:27:27",16.5,-0.1,3600,21827300,"S"
"VIX","14:27:26",16.5,-0.1,7400,21823700,"S"
"VIX","14:27:26",16.5,-0.1,1000,21816300,"S"
"VIX","14:27:25",16.5,-0.1,7000,21815300,"S"
"VIX","14:27:25",16.5,-0.1,20000,21808300,"S"
"VIX","14:27:24",16.5,-0.1,400,21788300,"S"
"VIX","14:27:24",16.5,-0.1,16300,21787900,"S"
"VIX","14:27:23",16.5,-0.1,400,21771600,"S"
"VIX","14:27:23",16.5,-0.1,4500,21771200,"S"
"VIX","14:27:22",16.5,-0.1,700,21766700,"S"
"VIX","14:27:21",16.5,-0.1,7600,21766000,"S"
"VIX","14:27:21",16.5,-0.1,100,21758400,"S"
"VIX","14:27:20",16.5,-0.1,13000,21758300,"S"
"VIX","14:27:19",16.5,-0.1,2000,21745300,"S"
"VIX","14:27:19",16.5,-0.1,18700,21743300,"S"
"VIX","14:27:18",16.5,-0.1,10000,21724600,"S"
"VIX","14:27:18",16.5,-0.1,3800,21714600,"S"
"VIX","14:27:17",16.5,-0.1,4000,21710800,"S"
"VIX","14:27:16",16.5,-0.1,2100,21706800,"S"
"VIX","14:27:15",16.5,-0.1,11000,21704700,"S"
"VIX","14:27:15",16.5,-0.1,200,21693700,"S"
"VIX","14:27:14",16.5,-0.1,18000,21693500,"S"
"VIX","14:27:13",16.5,-0.1,1300,21675500,"S"
"VIX","14:27:12",16.45,-0.15,10000,21674200,"B"
"VIX","14:27:12",16.5,-0.1,500,21664200,"S"
"VIX","14:27:11",16.5,-0.1,10000,21663700,"S"
"VIX","14:27:10",16.5,-0.1,2100,21653700,"S"
"VIX","14:27:09",16.5,-0.1,2400,21651600,"S"
"VIX","14:27:08",16.5,-0.1,2000,21649200,"S"
"VIX","14:27:08",16.45,-0.15,2000,21647200,"B"
"VIX","14:27:05",16.5,-0.1,20400,21645200,"S"
"VIX","14:27:04",16.5,-0.1,2000,21624800,"S"
"VIX","14:27:03",16.5,-0.1,800,21622800,"S"
"VIX","14:27:03",16.45,-0.15,1000,21622000,"B"
"VIX","14:27:03",16.5,-0.1,5900,21621000,"S"
"VIX","14:26:59",16.5,-0.1,200,21615100,"S"
"VIX","14:26:59",16.45,-0.15,2000,21614900,"B"
"VIX","14:26:59",16.5,-0.1,300,21612900,"S"
"VIX","14:26:58",16.5,-0.1,1400,21612600,"S"
"VIX","14:26:57",16.5,-0.1,100,21611200,"S"
"VIX","14:26:55",16.5,-0.1,500,21611100,"S"
"VIX","14:26:54",16.5,-0.1,500,21610600,"S"
"VIX","14:26:53",16.5,-0.1,500,21610100,"S"
"VIX","14:26:52",16.45,-0.15,500,21609600,"B"
"VIX","14:26:52",16.5,-0.1,4300,21609100,"S"
"VIX","14:26:51",16.5,-0.1,1700,21604800,"S"
"VIX","14:26:51",16.45,-0.15,3000,21603100,"B"
"VIX","14:26:49",16.5,-0.1,5000,21600100,"S"
"VIX","14:26:48",16.45,-0.15,100,21595100,"B"
"VIX","14:26:46",16.45,-0.15,2000,21595000,"B"
"VIX","14:26:43",16.45,-0.15,700,21593000,"B"
"VIX","14:26:43",16.5,-0.1,300,21592300,"S"
"VIX","14:26:40",16.45,-0.15,70000,21592000,"B"
"VIX","14:26:39",16.5,-0.1,100,21519800,"S"
"VIX","14:26:37",16.5,-0.1,600,21519700,"S"
"VIX","14:26:36",16.5,-0.1,2000,21519100,"S"
"VIX","14:26:35",16.5,-0.1,1000,21517100,"S"
"VIX","14:26:34",16.45,-0.15,12500,21516100,"B"
"VIX","14:26:34",16.5,-0.1,100,21503600,"S"
"VIX","14:26:31",16.5,-0.1,100,21503500,"S"
"VIX","14:26:30",16.5,-0.1,1000,21503400,"S"
"VIX","14:26:29",16.5,-0.1,1000,21502400,"S"
"VIX","14:26:28",16.45,-0.15,18600,21501400,"B"
"VIX","14:26:25",16.45,-0.15,50000,21482800,"B"
"VIX","14:26:24",16.45,-0.15,100,21432800,"B"
"VIX","14:26:23",16.5,-0.1,1000,21432700,"S"
"VIX","14:26:22",16.45,-0.15,150000,21431700,"B"
"VIX","14:26:20",16.45,-0.15,2200,21281700,"B"
"VIX","14:26:17",16.5,-0.1,8000,21279500,"S"
"VIX","14:26:15",16.5,-0.1,1000,21271500,"S"
"VIX","14:26:14",16.45,-0.15,1000,21270500,"B"
"VIX","14:26:12",16.45,-0.15,1200,21269500,"B"
"VIX","14:26:07",16.45,-0.15,4000,21268300,"B"
"VIX","14:26:06",16.45,-0.15,2600,21264300,"S"
"VIX","14:26:06",16.45,-0.15,2500,21261700,"S"
"VIX","14:26:05",16.45,-0.15,10100,21259200,"S"
"VIX","14:26:04",16.45,-0.15,500,21249100,"S"
"VIX","14:26:04",16.45,-0.15,2100,21248600,"S"
"VIX","14:26:03",16.45,-0.15,11000,21246500,"S"
"VIX","14:26:02",16.45,-0.15,1500,21235500,"S"
"VIX","14:26:01",16.45,-0.15,500,21228900,"S"
"VIX","14:25:59",16.45,-0.15,5500,21228400,"S"
"VIX","14:25:59",16.4,-0.2,1500,21222900,"B"
"VIX","14:25:58",16.45,-0.15,8000,21219400,"S"
"VIX","14:25:57",16.45,-0.15,1800,21211400,"S"
"VIX","14:25:56",16.45,-0.15,4000,21209600,"S"
"VIX","14:25:55",16.45,-0.15,2200,21205600,"S"
"VIX","14:25:55",16.4,-0.2,500,21203400,"B"
"VIX","14:25:55",16.4,-0.2,500,21202900,"B"
"VIX","14:25:54",16.45,-0.15,2000,21202400,"S"
"VIX","14:25:54",16.45,-0.15,2100,21200400,"S"
"VIX","14:25:53",16.45,-0.15,8300,21198300,"B"
"VIX","14:25:52",16.45,-0.15,1400,21190000,"B"
"VIX","14:25:51",16.45,-0.15,5000,21188600,"B"
"VIX","14:25:50",16.45,-0.15,700,21183600,"B"
"VIX","14:25:49",16.45,-0.15,19300,21182900,"B"
"VIX","14:25:48",16.45,-0.15,400,21163600,"B"
"VIX","14:25:47",16.5,-0.1,1500,21163200,"S"
"VIX","14:25:47",16.45,-0.15,15000,21161700,"B"
"VIX","14:25:46",16.45,-0.15,30200,21146700,"B"
"VIX","14:25:45",16.45,-0.15,2300,21116500,"B"
"VIX","14:25:43",16.45,-0.15,1700,21114200,"B"
"VIX","14:25:40",16.45,-0.15,4000,21112500,"B"
"VIX","14:25:39",16.45,-0.15,1500,21108500,"B"
"VIX","14:25:37",16.45,-0.15,4900,21107000,"S"
"VIX","14:25:37",16.45,-0.15,1000,21102100,"S"
"VIX","14:25:36",16.45,-0.15,2100,21101100,"B"
"VIX","14:25:34",16.5,-0.1,400,21099000,"S"
"VIX","14:25:34",16.45,-0.15,300,21098600,"S"
"VIX","14:25:33",16.45,-0.15,1500,21098300,"S"
"VIX","14:25:33",16.45,-0.15,48200,21096800,"B"
"VIX","14:25:32",16.45,-0.15,2000,21048600,"B"
"VIX","14:25:31",16.45,-0.15,6500,21046600,"B"
"VIX","14:25:30",16.45,-0.15,500,21040100,"B"
"VIX","14:25:28",16.45,-0.15,100,21039600,"B"
"VIX","14:25:28",16.45,-0.15,1000,21039500,"B"
"VIX","14:25:26",16.45,-0.15,1000,21038500,"B"
"VIX","14:25:25",16.45,-0.15,3100,21037500,"S"
"VIX","14:25:24",16.45,-0.15,200,21034400,"S"
"VIX","14:25:24",16.45,-0.15,46700,21034200,"B"
"VIX","14:25:23",16.45,-0.15,1000,20987500,"B"
"VIX","14:25:22",16.45,-0.15,15000,20986500,"B"
"VIX","14:25:21",16.45,-0.15,5000,20971500,"B"
"VIX","14:25:17",16.5,-0.1,5000,20966500,"S"
"VIX","14:25:17",16.45,-0.15,1000,20961500,"B"
"VIX","14:25:15",16.45,-0.15,5000,20960500,"B"
"VIX","14:25:13",16.45,-0.15,3000,20955500,"B"
"VIX","14:25:12",16.45,-0.15,5500,20952500,"B"
"VIX","14:25:11",16.5,-0.1,5000,20947000,"S"
"VIX","14:25:11",16.45,-0.15,4000,20942000,"B"
"VIX","14:25:10",16.45,-0.15,800,20938000,"B"
"VIX","14:25:10",16.45,-0.15,1200,20937200,"B"
"VIX","14:25:09",16.5,-0.1,4000,20936000,"S"
"VIX","14:25:09",16.45,-0.15,1400,20932000,"B"
"VIX","14:25:08",16.45,-0.15,5000,20930600,"B"
"VIX","14:25:08",16.45,-0.15,17000,20925600,"B"
"VIX","14:25:07",16.45,-0.15,2200,20908600,"B"
"VIX","14:25:05",16.45,-0.15,5000,20906400,"B"
"VIX","14:25:05",16.45,-0.15,7900,20901400,"B"
"VIX","14:25:04",16.45,-0.15,25800,20893500,"B"
"VIX","14:25:01",16.45,-0.15,12000,20867700,"B"
"VIX","14:25:00",16.45,-0.15,800,20855700,"B"
"VIX","14:24:59",16.45,-0.15,100,20854900,"B"
"VIX","14:24:59",16.45,-0.15,34000,20854800,"B"
"VIX","14:24:58",16.45,-0.15,1000,20820800,"B"
"VIX","14:24:56",16.45,-0.15,1000,20819800,"B"
"VIX","14:24:55",16.45,-0.15,200,20818800,"B"
"VIX","14:24:53",16.45,-0.15,1200,20818600,"B"
"VIX","14:24:51",16.45,-0.15,2000,20817400,"B"
"VIX","14:24:50",16.5,-0.1,300,20815400,"S"
"VIX","14:24:50",16.45,-0.15,3000,20815100,"B"
"VIX","14:24:50",16.45,-0.15,5000,20812100,"B"
"VIX","14:24:49",16.45,-0.15,20000,20807100,"B"
"VIX","14:24:48",16.45,-0.15,3000,20787100,"B"
"VIX","14:24:47",16.45,-0.15,500,20784100,"B"
"VIX","14:24:47",16.45,-0.15,100,20783600,"B"
"VIX","14:24:45",16.45,-0.15,1000,20783500,"B"
"VIX","14:24:44",16.45,-0.15,5800,20782500,"B"
"VIX","14:24:42",16.45,-0.15,300,20776700,"B"
"VIX","14:24:41",16.45,-0.15,1300,20776400,"B"
"VIX","14:24:39",16.45,-0.15,5000,20775100,"B"
"VIX","14:24:39",16.45,-0.15,100,20770100,"B"
"VIX","14:24:37",16.45,-0.15,1000,20770000,"B"
"VIX","14:24:37",16.45,-0.15,11100,20769000,"B"
"VIX","14:24:35",16.45,-0.15,3600,20757900,"B"
"VIX","14:24:34",16.45,-0.15,15000,20754300,"B"
"VIX","14:24:33",16.45,-0.15,17700,20739300,"B"
"VIX","14:24:31",16.45,-0.15,100,20721600,"B"
"VIX","14:24:30",16.45,-0.15,5000,20721500,"B"
"VIX","14:24:30",16.45,-0.15,900,20716500,"B"
"VIX","14:24:28",16.45,-0.15,5000,20712600,"B"
"VIX","14:24:27",16.45,-0.15,300,20707600,"B"
"VIX","14:24:26",16.45,-0.15,12900,20707300,"B"
"VIX","14:24:26",16.45,-0.15,6200,20694100,"B"
"VIX","14:24:24",16.45,-0.15,15100,20687900,"B"
"VIX","14:24:23",16.45,-0.15,4000,20672800,"B"
"VIX","14:24:22",16.5,-0.1,5000,20668800,"S"
"VIX","14:24:21",16.45,-0.15,22000,20663800,"B"
"VIX","14:24:20",16.45,-0.15,2700,20641800,"B"
"VIX","14:24:19",16.45,-0.15,200,20639100,"B"
"VIX","14:24:18",16.45,-0.15,2500,20638900,"B"
"VIX","14:24:17",16.45,-0.15,3000,20636400,"B"
"VIX","14:24:14",16.45,-0.15,2800,20633400,"B"
"VIX","14:24:12",16.45,-0.15,1000,20630600,"B"
"VIX","14:24:09",16.45,-0.15,2100,20629600,"B"
"VIX","14:24:09",16.5,-0.1,100,20627500,"S"
"VIX","14:24:08",16.45,-0.15,17500,20627400,"S"
"VIX","14:24:06",16.45,-0.15,1000,20609900,"S"
"VIX","14:24:05",16.45,-0.15,1000,20608900,"S"
"VIX","14:24:04",16.45,-0.15,700,20607900,"S"
"VIX","14:24:03",16.45,-0.15,1200,20607200,"S"
"VIX","14:24:01",16.45,-0.15,1400,20606000,"S"
"VIX","14:24:00",16.45,-0.15,500,20604600,"S"
"VIX","14:23:58",16.45,-0.15,500,20604100,"S"
"VIX","14:23:58",16.45,-0.15,100,20603600,"S"
"VIX","14:23:58",16.4,-0.2,6100,20603500,"B"
"VIX","14:23:58",16.45,-0.15,5000,20597400,"S"
"VIX","14:23:58",16.4,-0.2,6000,20592400,"B"
"VIX","14:23:58",16.45,-0.15,200,20586400,"S"
"VIX","14:23:56",16.45,-0.15,100,20586200,"S"
"VIX","14:23:55",16.45,-0.15,800,20586100,"S"
"VIX","14:23:53",16.45,-0.15,2100,20585300,"S"
"VIX","14:23:52",16.45,-0.15,65000,20583200,"B"
"VIX","14:23:51",16.5,-0.1,800,20518200,"S"
"VIX","14:23:51",16.5,-0.1,500,20517400,"S"
"VIX","14:23:50",16.45,-0.15,200000,20516900,"B"
"VIX","14:23:50",16.5,-0.1,2000,20316900,"S"
"VIX","14:23:49",16.5,-0.1,10000,20314900,"S"
"VIX","14:23:47",16.5,-0.1,7000,20304900,"S"
"VIX","14:23:47",16.5,-0.1,1000,20297900,"S"
"VIX","14:23:45",16.5,-0.1,2000,20296900,"S"
"VIX","14:23:44",16.45,-0.15,1500,20294900,"B"
"VIX","14:23:41",16.45,-0.15,5500,20293400,"B"
"VIX","14:23:41",16.5,-0.1,500,20287900,"S"
"VIX","14:23:41",16.45,-0.15,700,20287400,"B"
"VIX","14:23:40",16.5,-0.1,4000,20286700,"S"
"VIX","14:23:39",16.45,-0.15,800,20282700,"B"
"VIX","14:23:38",16.45,-0.15,13900,20281900,"B"
"VIX","14:23:38",16.5,-0.1,500,20268000,"S"
"VIX","14:23:32",16.45,-0.15,11300,20267500,"B"
"VIX","14:23:32",16.45,-0.15,100,20256200,"B"
"VIX","14:23:31",16.45,-0.15,5000,20256100,"B"
"VIX","14:23:30",16.45,-0.15,400,20251100,"B"
"VIX","14:23:29",16.45,-0.15,14800,20250700,"B"
"VIX","14:23:28",16.5,-0.1,3000,20235900,"S"
"VIX","14:23:26",16.5,-0.1,1000,20232900,"S"
"VIX","14:23:26",16.45,-0.15,400,20231900,"B"
"VIX","14:23:26",16.45,-0.15,52600,20231500,"B"
"VIX","14:23:25",16.5,-0.1,100,20178900,"S"
"VIX","14:23:24",16.5,-0.1,1000,20178800,"S"
"VIX","14:23:23",16.45,-0.15,300,20177800,"B"
"VIX","14:23:23",16.45,-0.15,100,20177500,"B"
"VIX","14:23:22",16.5,-0.1,3500,20177400,"S"
"VIX","14:23:19",16.45,-0.15,2300,20173900,"B"
"VIX","14:23:16",16.5,-0.1,3300,20171600,"S"
"VIX","14:23:15",16.45,-0.15,5000,20168300,"B"
"VIX","14:23:13",16.45,-0.15,500,20163300,"B"
"VIX","14:23:13",16.5,-0.1,12600,20162800,"S"
"VIX","14:23:12",16.45,-0.15,4000,20150200,"B"
"VIX","14:23:11",16.5,-0.1,100,20146200,"S"
"VIX","14:23:11",16.45,-0.15,3200,20146100,"B"
"VIX","14:23:09",16.45,-0.15,200,20142900,"B"
"VIX","14:23:07",16.45,-0.15,12200,20142700,"B"
"VIX","14:23:03",16.45,-0.15,500,20130500,"B"
"VIX","14:23:02",16.45,-0.15,2000,20130000,"B"
"VIX","14:23:01",16.45,-0.15,21000,20128000,"B"
"VIX","14:22:58",16.45,-0.15,1000,20107000,"B"
"VIX","14:22:58",16.5,-0.1,100,20106000,"S"
"VIX","14:22:57",16.45,-0.15,3000,20105900,"B"
"VIX","14:22:57",16.5,-0.1,100,20102900,"S"
"VIX","14:22:57",16.45,-0.15,8200,20102800,"B"
"VIX","14:22:55",16.45,-0.15,2500,20094600,"B"
"VIX","14:22:54",16.5,-0.1,200,20092100,"S"
"VIX","14:22:52",16.45,-0.15,7000,20091900,"B"
"VIX","14:22:52",16.5,-0.1,1000,20084900,"S"
"VIX","14:22:51",16.45,-0.15,30000,20083900,"B"
"VIX","14:22:49",16.5,-0.1,500,20053900,"S"
"VIX","14:22:49",16.45,-0.15,5000,20053400,"B"
"VIX","14:22:49",16.5,-0.1,5000,20048400,"S"
"VIX","14:22:47",16.45,-0.15,2800,20043400,"B"
"VIX","14:22:43",16.45,-0.15,3000,20040600,"B"
"VIX","14:22:41",16.45,-0.15,500,20037600,"B"
"VIX","14:22:40",16.5,-0.1,200,20037100,"S"
"VIX","14:22:40",16.45,-0.15,25500,20036900,"B"
"VIX","14:22:39",16.45,-0.15,1800,20011400,"B"
"VIX","14:22:38",16.45,-0.15,15000,20009600,"B"
"VIX","14:22:36",16.45,-0.15,2000,19994600,"B"
"VIX","14:22:34",16.45,-0.15,700,19992600,"B"
"VIX","14:22:33",16.45,-0.15,11000,19991900,"B"
"VIX","14:22:32",16.5,-0.1,3000,19980900,"S"
"VIX","14:22:31",16.5,-0.1,100,19977400,"S"
"VIX","14:22:31",16.45,-0.15,4000,19977300,"B"
"VIX","14:22:30",16.45,-0.15,1000,19973300,"B"
"VIX","14:22:23",16.5,-0.1,900,19972300,"S"
"VIX","14:22:21",16.45,-0.15,1200,19971400,"B"
"VIX","14:22:19",16.5,-0.1,100,19970200,"S"
"VIX","14:22:19",16.45,-0.15,7400,19970100,"B"
"VIX","14:22:18",16.45,-0.15,1100,19962700,"B"
"VIX","14:22:17",16.45,-0.15,5000,19961600,"B"
"VIX","14:22:15",16.45,-0.15,1600,19956600,"B"
"VIX","14:22:14",16.45,-0.15,1000,19955000,"B"
"VIX","14:22:13",16.45,-0.15,4000,19954000,"B"
"VIX","14:22:13",16.5,-0.1,1300,19950000,"S"
"VIX","14:22:10",16.45,-0.15,500,19948700,"B"
"VIX","14:22:09",16.5,-0.1,200,19948200,"S"
"VIX","14:22:09",16.45,-0.15,600,19948000,"B"
"VIX","14:22:08",16.45,-0.15,5600,19947400,"B"
"VIX","14:22:06",16.45,-0.15,2100,19941800,"B"
"VIX","14:22:01",16.45,-0.15,1000,19939700,"B"
"VIX","14:21:59",16.45,-0.15,500,19938700,"B"
"VIX","14:21:59",16.45,-0.15,3000,19938200,"B"
"VIX","14:21:58",16.45,-0.15,3000,19935200,"B"
"VIX","14:21:57",16.45,-0.15,1000,19932200,"B"
"VIX","14:21:51",16.45,-0.15,2900,19931200,"B"
"VIX","14:21:51",16.5,-0.1,1000,19928300,"S"
"VIX","14:21:50",16.45,-0.15,500,19927300,"B"
"VIX","14:21:49",16.45,-0.15,500,19926800,"B"
"VIX","14:21:48",16.5,-0.1,1000,19926300,"S"
"VIX","14:21:47",16.5,-0.1,1000,19925300,"S"
"VIX","14:21:46",16.45,-0.15,500,19924300,"B"
"VIX","14:21:44",16.5,-0.1,500,19923800,"S"
"VIX","14:21:41",16.45,-0.15,2000,19923300,"B"
"VIX","14:21:39",16.45,-0.15,2000,19921300,"B"
"VIX","14:21:38",16.5,-0.1,500,19919300,"S"
"VIX","14:21:37",16.45,-0.15,800,19918800,"B"
"VIX","14:21:37",16.5,-0.1,100,19918000,"S"
"VIX","14:21:36",16.5,-0.1,100,19917900,"S"
"VIX","14:21:33",16.45,-0.15,500,19917800,"B"
"VIX","14:21:33",16.5,-0.1,1000,19917300,"S"
"VIX","14:21:32",16.5,-0.1,100,19916300,"S"
"VIX","14:21:32",16.45,-0.15,10800,19916200,"B"
"VIX","14:21:32",16.5,-0.1,500,19905400,"S"
"VIX","14:21:31",16.5,-0.1,8900,19904900,"B"
"VIX","14:21:30",16.5,-0.1,5500,19896000,"B"
"VIX","14:21:30",16.5,-0.1,400,19890500,"B"
"VIX","14:21:29",16.5,-0.1,48700,19890100,"B"
"VIX","14:21:29",16.5,-0.1,200,19841400,"B"
"VIX","14:21:28",16.5,-0.1,500,19841200,"B"
"VIX","14:21:27",16.5,-0.1,200000,19840700,"B"
"VIX","14:21:27",16.5,-0.1,1000,19640700,"B"
"VIX","14:21:26",16.5,-0.1,40000,19639700,"B"
"VIX","14:21:25",16.5,-0.1,2000,19599700,"B"
"VIX","14:21:25",16.5,-0.1,20000,19597700,"B"
"VIX","14:21:24",16.5,-0.1,27000,19577700,"B"
"VIX","14:21:23",16.5,-0.1,3500,19550700,"B"
"VIX","14:21:22",16.5,-0.1,2500,19547200,"B"
"VIX","14:21:21",16.5,-0.1,20000,19544700,"B"
"VIX","14:21:20",16.5,-0.1,21000,19524700,"B"
"VIX","14:21:18",16.5,-0.1,17000,19503700,"B"
"VIX","14:21:18",16.5,-0.1,21000,19486700,"B"
"VIX","14:21:17",16.5,-0.1,2600,19465700,"B"
"VIX","14:21:17",16.5,-0.1,1000,19463100,"B"
"VIX","14:21:15",16.5,-0.1,1000,19462100,"B"
"VIX","14:21:15",16.5,-0.1,1000,19461100,"B"
"VIX","14:21:14",16.5,-0.1,21000,19460100,"B"
"VIX","14:21:11",16.5,-0.1,1000,19439100,"B"
"VIX","14:21:11",16.5,-0.1,5500,19438100,"B"
"VIX","14:21:09",16.5,-0.1,15000,19432600,"B"
"VIX","14:21:09",16.5,-0.1,4000,19417600,"B"
"VIX","14:21:08",16.5,-0.1,100,19413600,"B"
"VIX","14:21:07",16.5,-0.1,3700,19413500,"B"
"VIX","14:21:07",16.5,-0.1,1200,19409800,"B"
"VIX","14:21:06",16.5,-0.1,3000,19408600,"B"
"VIX","14:21:05",16.5,-0.1,100,19405600,"B"
"VIX","14:21:04",16.5,-0.1,39800,19405500,"B"
"VIX","14:21:03",16.5,-0.1,60200,19365700,"B"
"VIX","14:21:03",16.5,-0.1,10000,19303500,"B"
"VIX","14:21:02",16.5,-0.1,40000,19293500,"B"
"VIX","14:21:01",16.55,-0.05,1000,19253500,"S"
"VIX","14:21:00",16.5,-0.1,3000,19252500,"B"
"VIX","14:20:59",16.5,-0.1,1000,19248500,"B"
"VIX","14:20:58",16.5,-0.1,3100,19247500,"B"
"VIX","14:20:57",16.5,-0.1,10000,19244400,"B"
"VIX","14:20:57",16.55,-0.05,1000,19234400,"S"
"VIX","14:20:57",16.5,-0.1,5800,19233400,"B"
"VIX","14:20:56",16.55,-0.05,100,19227600,"S"
"VIX","14:20:56",16.5,-0.1,5000,19227500,"B"
"VIX","14:20:54",16.5,-0.1,10000,19222500,"B"
"VIX","14:20:53",16.5,-0.1,10000,19212500,"B"
"VIX","14:20:52",16.5,-0.1,5000,19202500,"B"
"VIX","14:20:51",16.5,-0.1,20000,19197500,"B"
"VIX","14:20:50",16.5,-0.1,1300,19177500,"B"
"VIX","14:20:49",16.5,-0.1,100,19176200,"B"
"VIX","14:20:48",16.5,-0.1,4000,19176100,"B"
"VIX","14:20:47",16.5,-0.1,6000,19172100,"B"
"VIX","14:20:44",16.5,-0.1,20000,19166100,"B"
"VIX","14:20:43",16.5,-0.1,8000,19146100,"B"
"VIX","14:20:42",16.5,-0.1,10000,19138100,"B"
"VIX","14:20:39",16.5,-0.1,2000,19128100,"B"
"VIX","14:20:36",16.5,-0.1,7400,19126100,"B"
"VIX","14:20:36",16.5,-0.1,1500,19118700,"B"
"VIX","14:20:36",16.55,-0.05,500,19117200,"S"
"VIX","14:20:35",16.5,-0.1,7000,19116700,"B"
"VIX","14:20:34",16.5,-0.1,54500,19109700,"B"
"VIX","14:20:33",16.5,-0.1,45800,19055200,"B"
"VIX","14:20:32",16.5,-0.1,2900,19009400,"B"
"VIX","14:20:31",16.5,-0.1,2400,19006500,"B"
"VIX","14:20:31",16.5,-0.1,2000,19004100,"B"
"VIX","14:20:28",16.5,-0.1,300,19002100,"B"
"VIX","14:20:26",16.5,-0.1,5700,19001800,"B"
"VIX","14:20:26",16.5,-0.1,2000,18996100,"B"
"VIX","14:20:25",16.5,-0.1,500,18994100,"B"
"VIX","14:20:25",16.5,-0.1,100,18993600,"B"
"VIX","14:20:19",16.5,-0.1,1000,18993500,"B"
"VIX","14:20:18",16.55,-0.05,100,18992500,"S"
"VIX","14:20:17",16.5,-0.1,2000,18992400,"B"
"VIX","14:20:14",16.5,-0.1,700,18990400,"B"
"VIX","14:20:13",16.55,-0.05,200,18989700,"S"
"VIX","14:20:08",16.5,-0.1,16500,18989500,"B"
"VIX","14:20:07",16.55,-0.05,2000,18973000,"S"
"VIX","14:20:06",16.55,-0.05,500,18971000,"S"
"VIX","14:20:04",16.55,-0.05,100,18970500,"S"
"VIX","14:20:04",16.5,-0.1,500,18970400,"B"
"VIX","14:20:03",16.5,-0.1,55000,18969900,"B"
"VIX","14:20:00",16.5,-0.1,30000,18914900,"B"
"VIX","14:19:54",16.55,-0.05,27400,18884900,"B"
"VIX","14:19:53",16.55,-0.05,6000,18857500,"B"
"VIX","14:19:52",16.55,-0.05,6600,18851500,"B"
"VIX","14:19:51",16.55,-0.05,60000,18844900,"B"
"VIX","14:19:51",16.55,-0.05,2100,18784900,"B"
"VIX","14:19:50",16.55,-0.05,4000,18782800,"B"
"VIX","14:19:49",16.55,-0.05,2000,18778800,"B"
"VIX","14:19:48",16.55,-0.05,1000,18776800,"B"
"VIX","14:19:47",16.55,-0.05,8000,18775800,"B"
"VIX","14:19:46",16.55,-0.05,10000,18767800,"B"
"VIX","14:19:45",16.55,-0.05,3500,18757800,"B"
"VIX","14:19:44",16.55,-0.05,3000,18749300,"B"
"VIX","14:19:42",16.55,-0.05,5000,18746300,"B"
"VIX","14:19:42",16.55,-0.05,35000,18741300,"B"
"VIX","14:19:41",16.6,0,2400,18706300,"S"
"VIX","14:19:39",16.55,-0.05,1000,18703900,"B"
"VIX","14:19:37",16.55,-0.05,200000,18702900,"B"
"VIX","14:19:34",16.55,-0.05,400,18502900,"B"
"VIX","14:19:28",16.55,-0.05,100,18502500,"B"
"VIX","14:19:26",16.55,-0.05,900,18502400,"B"
"VIX","14:19:23",16.55,-0.05,700,18501500,"B"
"VIX","14:19:23",16.55,-0.05,34300,18500800,"B"
"VIX","14:19:20",16.55,-0.05,1000,18466500,"B"
"VIX","14:19:19",16.6,0,5000,18465500,"S"
"VIX","14:19:19",16.55,-0.05,100,18460500,"B"
"VIX","14:19:18",16.55,-0.05,3000,18460400,"B"
"VIX","14:19:11",16.55,-0.05,5000,18457400,"B"
"VIX","14:19:05",16.55,-0.05,13000,18452400,"B"
"VIX","14:19:01",16.55,-0.05,200,18439400,"B"
"VIX","14:18:51",16.55,-0.05,5000,18439200,"B"
"VIX","14:18:47",16.55,-0.05,140000,18434200,"B"
"VIX","14:18:43",16.55,-0.05,200,18294200,"B"
"VIX","14:18:38",16.55,-0.05,1600,18294000,"B"
"VIX","14:18:25",16.55,-0.05,800,18292400,"B"
"VIX","14:18:23",16.55,-0.05,6800,18291600,"B"
"VIX","14:18:18",16.55,-0.05,1000,18284800,"B"
"VIX","14:18:11",16.6,0,4000,18283800,"S"
"VIX","14:18:10",16.6,0,100,18279800,"S"
"VIX","14:18:07",16.55,-0.05,500,18279700,"B"
"VIX","14:18:06",16.6,0,200,18279200,"S"
"VIX","14:18:04",16.6,0,500,18279000,"S"
"VIX","14:18:03",16.6,0,500,18278500,"S"
"VIX","14:18:02",16.6,0,100,18278000,"S"
"VIX","14:17:59",16.6,0,1000,18277900,"S"
"VIX","14:17:55",16.6,0,1100,18276900,"S"
"VIX","14:17:55",16.6,0,1500,18275800,"S"
"VIX","14:17:47",16.6,0,600,18274300,"S"
"VIX","14:17:44",16.6,0,5000,18273700,"S"
"VIX","14:17:43",16.6,0,1500,18268700,"S"
"VIX","14:17:40",16.6,0,5000,18267200,"S"
"VIX","14:17:38",16.6,0,500,18262200,"S"
"VIX","14:17:35",16.6,0,500,18261700,"S"
"VIX","14:17:33",16.6,0,200,18261200,"S"
"VIX","14:17:27",16.6,0,16800,18261000,"B"
"VIX","14:17:24",16.6,0,1200,18244200,"B"
"VIX","14:17:22",16.6,0,500,18243000,"B"
"VIX","14:17:20",16.6,0,1000,18242500,"B"
"VIX","14:17:18",16.6,0,19800,18234500,"S"
"VIX","14:17:12",16.6,0,300,18214700,"S"
"VIX","14:17:07",16.6,0,100,18214400,"S"
"VIX","14:17:06",16.6,0,1200,18214300,"B"
"VIX","14:17:05",16.6,0,10000,18213100,"B"
"VIX","14:17:02",16.6,0,200,18203100,"B"
"VIX","14:16:59",16.6,0,4000,18202900,"B"
"VIX","14:16:59",16.6,0,5000,18198900,"B"
"VIX","14:16:56",16.6,0,100,18193900,"B"
"VIX","14:16:54",16.6,0,15000,18193800,"S"
"VIX","14:16:43",16.55,-0.05,2000,18178800,"B"
"VIX","14:16:41",16.6,0,1000,18176800,"B"
"VIX","14:16:41",16.6,0,3000,18175800,"B"
"VIX","14:16:40",16.6,0,300,18172800,"B"
"VIX","14:16:39",16.6,0,700,18172500,"B"
"VIX","14:16:38",16.6,0,1300,18171800,"B"
"VIX","14:16:38",16.6,0,1000,18170500,"B"
"VIX","14:16:36",16.6,0,4000,18169200,"B"
"VIX","14:16:35",16.6,0,100,18165200,"B"
"VIX","14:16:34",16.6,0,2100,18165100,"B"
"VIX","14:16:33",16.6,0,11900,18163000,"B"
"VIX","14:16:30",16.6,0,3500,18151100,"B"
"VIX","14:16:29",16.6,0,1000,18147600,"B"
"VIX","14:16:29",16.6,0,1000,18146600,"B"
"VIX","14:16:28",16.6,0,2000,18145600,"B"
"VIX","14:16:27",16.6,0,22100,18143600,"B"
"VIX","14:16:25",16.6,0,10000,18121500,"B"
"VIX","14:16:24",16.6,0,6000,18111500,"B"
"VIX","14:16:24",16.6,0,5000,18105500,"B"
"VIX","14:16:23",16.6,0,2000,18100500,"B"
"VIX","14:16:20",16.6,0,800,18098500,"B"
"VIX","14:16:17",16.6,0,4300,18097700,"B"
"VIX","14:16:16",16.6,0,23500,18093400,"B"
"VIX","14:16:14",16.6,0,4000,18069900,"B"
"VIX","14:16:13",16.6,0,1000,18065900,"B"
"VIX","14:16:09",16.6,0,60000,18064900,"B"
"VIX","14:16:06",16.6,0,300,18004900,"B"
"VIX","14:16:03",16.6,0,4700,18004600,"B"
"VIX","14:16:02",16.6,0,2000,17999900,"B"
"VIX","14:15:58",16.6,0,500,17997900,"B"
"VIX","14:15:57",16.6,0,5000,17997400,"B"
"VIX","14:15:47",16.6,0,1000,17992400,"B"
"VIX","14:15:41",16.6,0,1000,17991400,"B"
"VIX","14:15:15",16.6,0,900,17990400,"B"
"VIX","14:15:14",16.65,0.05,4000,17989500,"S"
"VIX","14:15:09",16.65,0.05,100,17985500,"S"
"VIX","14:14:29",16.65,0.05,2000,17985400,"S"
"VIX","14:14:21",16.65,0.05,100,17983400,"S"
"VIX","14:14:14",16.65,0.05,2100,17983300,"S"
"VIX","14:14:10",16.6,0,900,17981200,"B"
"VIX","14:14:06",16.65,0.05,1000,17980300,"S"
"VIX","14:13:44",16.6,0,5000,17979300,"B"
"VIX","14:13:42",16.65,0.05,1000,17974300,"S"
"VIX","14:13:40",16.6,0,5000,17973300,"B"
"VIX","14:13:35",16.65,0.05,6500,17968300,"S"
"VIX","14:13:34",16.65,0.05,900,17961800,"S"
"VIX","14:13:24",16.6,0,100,17960900,"B"
"VIX","14:13:17",16.65,0.05,3500,17960800,"S"
"VIX","14:13:09",16.6,0,800,17957300,"B"
"VIX","14:13:08",16.65,0.05,1400,17956500,"S"
"VIX","14:13:06",16.65,0.05,2000,17955100,"S"
"VIX","14:13:05",16.65,0.05,2000,17953100,"S"
"VIX","14:13:02",16.65,0.05,100,17951100,"S"
"VIX","14:12:59",16.65,0.05,2400,17951000,"S"
"VIX","14:12:56",16.65,0.05,500,17948600,"S"
"VIX","14:12:48",16.65,0.05,800,17948100,"S"
"VIX","14:12:38",16.65,0.05,300,17947300,"S"
"VIX","14:12:35",16.65,0.05,100,17947000,"S"
"VIX","14:12:34",16.65,0.05,1500,17946900,"S"
"VIX","14:12:33",16.6,0,300,17945400,"B"
"VIX","14:12:32",16.65,0.05,500,17945100,"S"
"VIX","14:12:28",16.65,0.05,10200,17944600,"S"
"VIX","14:12:24",16.65,0.05,500,17934400,"S"
"VIX","14:12:17",16.65,0.05,500,17933900,"S"
"VIX","14:12:10",16.65,0.05,3000,17933400,"S"
"VIX","14:12:05",16.65,0.05,200,17930400,"S"
"VIX","14:12:04",16.6,0,900,17930200,"B"
"VIX","14:12:03",16.65,0.05,800,17929300,"S"
"VIX","14:11:59",16.65,0.05,400,17928500,"S"
"VIX","14:11:56",16.65,0.05,500,17928100,"S"
"VIX","14:11:55",16.65,0.05,100,17927600,"S"
"VIX","14:11:47",16.65,0.05,5900,17927500,"S"
"VIX","14:11:44",16.65,0.05,100,17921600,"S"
"VIX","14:11:42",16.65,0.05,3000,17921500,"S"
"VIX","14:11:39",16.65,0.05,1000,17918500,"S"
"VIX","14:11:32",16.65,0.05,1000,17917500,"S"
"VIX","14:11:26",16.65,0.05,10500,17916500,"S"
"VIX","14:10:59",16.65,0.05,200,17906000,"S"
"VIX","14:10:59",16.6,0,900,17905800,"B"
"VIX","14:10:59",16.65,0.05,2800,17904900,"S"
"VIX","14:10:56",16.65,0.05,200,17902100,"S"
"VIX","14:10:55",16.65,0.05,8700,17901900,"B"
"VIX","14:10:54",16.65,0.05,400,17893200,"B"
"VIX","14:10:51",16.65,0.05,4100,17892800,"B"
"VIX","14:10:44",16.65,0.05,3200,17888700,"B"
"VIX","14:10:43",16.65,0.05,1000,17885500,"B"
"VIX","14:10:42",16.65,0.05,500,17884500,"B"
"VIX","14:10:40",16.65,0.05,200,17884000,"B"
"VIX","14:10:31",16.65,0.05,2000,17883800,"B"
"VIX","14:10:29",16.65,0.05,1500,17881800,"S"
"VIX","14:10:26",16.65,0.05,500,17880300,"B"
"VIX","14:10:24",16.65,0.05,600,17879800,"B"
"VIX","14:10:21",16.65,0.05,700,17879200,"B"
"VIX","14:10:19",16.65,0.05,500,17878500,"B"
"VIX","14:10:19",16.65,0.05,3000,17878000,"S"
"VIX","14:10:18",16.65,0.05,1000,17875000,"S"
"VIX","14:10:16",16.65,0.05,100,17874000,"S"
"VIX","14:10:13",16.65,0.05,500,17873900,"S"
"VIX","14:10:11",16.65,0.05,100,17873400,"S"
"VIX","14:10:08",16.65,0.05,5000,17873300,"S"
"VIX","14:10:08",16.65,0.05,1000,17868300,"S"
"VIX","14:10:07",16.65,0.05,300,17867300,"S"
"VIX","14:10:04",16.65,0.05,4600,17867000,"S"
"VIX","14:10:01",16.65,0.05,100,17862400,"S"
"VIX","14:10:00",16.65,0.05,4700,17862300,"B"
"VIX","14:09:56",16.65,0.05,900,17857600,"B"
"VIX","14:09:54",16.65,0.05,1000,17856700,"B"
"VIX","14:09:54",16.65,0.05,200,17855700,"S"
"VIX","14:09:53",16.65,0.05,5000,17855500,"S"
"VIX","14:09:50",16.65,0.05,8000,17850500,"S"
"VIX","14:09:50",16.65,0.05,200,17842500,"S"
"VIX","14:09:47",16.65,0.05,1000,17842300,"S"
"VIX","14:09:46",16.65,0.05,1000,17841300,"S"
"VIX","14:09:45",16.65,0.05,500,17840300,"S"
"VIX","14:09:44",16.65,0.05,500,17839800,"S"
"VIX","14:09:42",16.65,0.05,3000,17839300,"S"
"VIX","14:09:39",16.65,0.05,100,17836300,"S"
"VIX","14:09:36",16.65,0.05,15300,17836200,"S"
"VIX","14:09:32",16.65,0.05,2000,17820900,"S"
"VIX","14:09:30",16.65,0.05,10000,17818900,"S"
"VIX","14:09:23",16.65,0.05,10000,17808900,"S"
"VIX","14:09:22",16.65,0.05,300,17798900,"S"
"VIX","14:09:19",16.65,0.05,500,17798600,"S"
"VIX","14:09:13",16.6,0,500,17798100,"B"
"VIX","14:09:05",16.65,0.05,500,17797600,"S"
"VIX","14:09:01",16.65,0.05,200,17797100,"S"
"VIX","14:08:59",16.65,0.05,1000,17796900,"S"
"VIX","14:08:58",16.65,0.05,500,17795900,"S"
"VIX","14:08:53",16.65,0.05,2000,17795400,"S"
"VIX","14:08:53",16.6,0,900,17793400,"B"
"VIX","14:08:50",16.65,0.05,10000,17792500,"S"
"VIX","14:08:44",16.65,0.05,4000,17782500,"S"
"VIX","14:08:34",16.6,0,100,17778500,"B"
"VIX","14:08:17",16.6,0,500,17778400,"B"
"VIX","14:08:17",16.6,0,400,17777900,"B"
"VIX","14:08:15",16.65,0.05,2800,17777500,"S"
"VIX","14:08:13",16.65,0.05,500,17774700,"S"
"VIX","14:08:09",16.6,0,500,17774200,"B"
"VIX","14:08:05",16.6,0,100,17773700,"B"
"VIX","14:08:01",16.6,0,300,17773600,"B"
"VIX","14:07:57",16.6,0,41000,17773300,"S"
"VIX","14:07:56",16.6,0,500,17732300,"S"
"VIX","14:07:56",16.6,0,100,17731800,"S"
"VIX","14:07:55",16.6,0,5600,17731700,"S"
"VIX","14:07:55",16.6,0,4700,17726100,"S"
"VIX","14:07:54",16.6,0,500,17721400,"S"
"VIX","14:07:53",16.6,0,10000,17720900,"S"
"VIX","14:07:52",16.6,0,5000,17702400,"S"
"VIX","14:07:51",16.6,0,3600,17697400,"S"
"VIX","14:07:50",16.6,0,100,17693800,"S"
"VIX","14:07:49",16.6,0,30000,17693700,"S"
"VIX","14:07:47",16.55,-0.05,900,17663700,"B"
"VIX","14:07:47",16.6,0,2000,17662800,"S"
"VIX","14:07:45",16.6,0,200,17660800,"S"
"VIX","14:07:45",16.6,0,5000,17660600,"S"
"VIX","14:07:44",16.6,0,1000,17655600,"S"
"VIX","14:07:44",16.55,-0.05,200,17654600,"B"
"VIX","14:07:42",16.6,0,21000,17654400,"S"
"VIX","14:07:41",16.6,0,1400,17633400,"S"
"VIX","14:07:41",16.6,0,3000,17632000,"S"
"VIX","14:07:40",16.6,0,1000,17629000,"S"
"VIX","14:07:40",16.6,0,3000,17628000,"S"
"VIX","14:07:39",16.6,0,300,17625000,"S"
"VIX","14:07:38",16.6,0,2300,17624700,"S"
"VIX","14:07:34",16.6,0,1500,17622400,"S"
"VIX","14:07:28",16.6,0,2800,17620900,"S"
"VIX","14:07:27",16.6,0,200,17618100,"S"
"VIX","14:07:21",16.6,0,33000,17617900,"S"
"VIX","14:07:19",16.6,0,1000,17584900,"S"
"VIX","14:07:16",16.55,-0.05,2200,17583900,"B"
"VIX","14:07:15",16.6,0,6000,17581700,"S"
"VIX","14:07:15",16.6,0,100,17575700,"S"
"VIX","14:07:07",16.6,0,3000,17575600,"S"
"VIX","14:07:04",16.55,-0.05,200,17572600,"B"
"VIX","14:07:03",16.55,-0.05,20000,17572400,"B"
"VIX","14:07:02",16.6,0,2800,17552400,"S"
"VIX","14:06:59",16.55,-0.05,500,17549600,"B"
"VIX","14:06:53",16.55,-0.05,1000,17549100,"B"
"VIX","14:06:49",16.55,-0.05,1000,17548100,"B"
"VIX","14:06:45",16.55,-0.05,800,17547100,"B"
"VIX","14:06:41",16.55,-0.05,2400,17546300,"B"
"VIX","14:06:34",16.6,0,300,17543900,"S"
"VIX","14:06:32",16.6,0,2800,17543600,"S"
"VIX","14:06:27",16.55,-0.05,200,17540800,"B"
"VIX","14:06:22",16.6,0,200,17540600,"S"
"VIX","14:06:17",16.6,0,2800,17540400,"S"
"VIX","14:06:11",16.6,0,100,17537600,"S"
"VIX","14:06:06",16.55,-0.05,5000,17537500,"B"
"VIX","14:06:05",16.55,-0.05,500,17532500,"B"
"VIX","14:05:53",16.6,0,400,17532000,"S"
"VIX","14:05:50",16.6,0,2800,17531600,"S"
"VIX","14:05:50",16.55,-0.05,500,17528800,"B"
"VIX","14:05:43",16.55,-0.05,4800,17528300,"B"
"VIX","14:05:39",16.55,-0.05,1300,17523500,"B"
"VIX","14:05:38",16.55,-0.05,25000,17522200,"B"
"VIX","14:05:35",16.55,-0.05,100,17497200,"B"
"VIX","14:05:33",16.55,-0.05,500,17497100,"B"
"VIX","14:05:31",16.55,-0.05,10000,17496600,"B"
"VIX","14:05:30",16.55,-0.05,19500,17486600,"B"
"VIX","14:05:23",16.55,-0.05,100000,17467100,"B"
"VIX","14:05:19",16.6,0,2800,17367100,"S"
"VIX","14:05:16",16.55,-0.05,500,17364300,"B"
"VIX","14:05:14",16.55,-0.05,2000,17363800,"B"
"VIX","14:05:09",16.55,-0.05,500,17361800,"B"
"VIX","14:05:07",16.6,0,8000,17361300,"S"
"VIX","14:05:05",16.6,0,100,17353300,"S"
"VIX","14:05:02",16.6,0,300,17353200,"S"
"VIX","14:05:01",16.6,0,100,17352900,"S"
"VIX","14:05:00",16.55,-0.05,5000,17352800,"B"
"VIX","14:04:58",16.55,-0.05,1000,17347800,"B"
"VIX","14:04:54",16.55,-0.05,15000,17346800,"B"
"VIX","14:04:45",16.55,-0.05,10000,17331800,"B"
"VIX","14:04:44",16.55,-0.05,15000,17321800,"B"
"VIX","14:04:44",16.6,0,900,17306800,"S"
"VIX","14:04:43",16.55,-0.05,100,17305900,"B"
"VIX","14:04:39",16.55,-0.05,1200,17305800,"B"
"VIX","14:04:36",16.55,-0.05,1000,17304600,"B"
"VIX","14:04:34",16.55,-0.05,500,17303600,"B"
"VIX","14:04:30",16.55,-0.05,7000,17303100,"B"
"VIX","14:04:27",16.55,-0.05,1000,17296100,"B"
"VIX","14:04:26",16.55,-0.05,1000,17295100,"B"
"VIX","14:04:23",16.6,0,600,17294100,"S"
"VIX","14:04:17",16.55,-0.05,500,17293500,"B"
"VIX","14:04:14",16.55,-0.05,6500,17293000,"S"
"VIX","14:04:13",16.5,-0.1,10000,17286500,"B"
"VIX","14:04:10",16.55,-0.05,2000,17276500,"S"
"VIX","14:04:06",16.5,-0.1,6900,17274500,"B"
"VIX","14:04:06",16.55,-0.05,2000,17267600,"S"
"VIX","14:04:05",16.5,-0.1,1500,17265600,"B"
"VIX","14:04:04",16.5,-0.1,2000,17264100,"B"
"VIX","14:04:03",16.55,-0.05,200,17262100,"S"
"VIX","14:03:55",16.55,-0.05,400,17261900,"S"
"VIX","14:03:51",16.5,-0.1,5000,17261500,"B"
"VIX","14:03:50",16.55,-0.05,100,17256500,"S"
"VIX","14:03:49",16.5,-0.1,6200,17256400,"B"
"VIX","14:03:49",16.55,-0.05,5000,17250200,"S"
"VIX","14:03:47",16.55,-0.05,5000,17245200,"S"
"VIX","14:03:45",16.5,-0.1,3000,17240200,"B"
"VIX","14:03:44",16.55,-0.05,100,17237200,"S"
"VIX","14:03:38",16.5,-0.1,300,17237100,"B"
"VIX","14:03:38",16.55,-0.05,1000,17236800,"S"
"VIX","14:03:38",16.5,-0.1,800,17235800,"B"
"VIX","14:03:37",16.55,-0.05,1000,17235000,"S"
"VIX","14:03:34",16.55,-0.05,100,17234000,"S"
"VIX","14:03:33",16.55,-0.05,4100,17233900,"B"
"VIX","14:03:31",16.55,-0.05,200,17229800,"B"
"VIX","14:03:27",16.55,-0.05,1400,17229600,"S"
"VIX","14:03:26",16.55,-0.05,11400,17228200,"B"
"VIX","14:03:17",16.55,-0.05,1400,17216800,"B"
"VIX","14:03:17",16.6,0,600,17215400,"S"
"VIX","14:03:15",16.55,-0.05,700,17214800,"B"
"VIX","14:03:14",16.6,0,100,17214100,"S"
"VIX","14:03:09",16.6,0,100,17211200,"S"
"VIX","14:03:05",16.6,0,100,17211100,"B"
"VIX","14:03:04",16.55,-0.05,349000,17211000,"B"
"VIX","14:03:04",16.6,0,401000,16862000,"B"
"VIX","14:03:01",16.6,0,1000,16461000,"B"
"VIX","14:03:00",16.6,0,2000,16460000,"B"
"VIX","14:02:59",16.65,0.05,12600,16458000,"S"
"VIX","14:02:56",16.6,0,22000,16445400,"B"
"VIX","14:02:55",16.6,0,4500,16423400,"B"
"VIX","14:02:55",16.65,0.05,2800,16418900,"S"
"VIX","14:02:55",16.6,0,2000,16416100,"B"
"VIX","14:02:54",16.6,0,2500,16414100,"B"
"VIX","14:02:46",16.6,0,2000,16411600,"B"
"VIX","14:02:39",16.6,0,30000,16409600,"B"
"VIX","14:02:36",16.65,0.05,2800,16379600,"S"
"VIX","14:02:34",16.6,0,900,16376800,"B"
"VIX","14:02:24",16.65,0.05,200,16375900,"S"
"VIX","14:02:15",16.6,0,3000,16375700,"B"
"VIX","14:02:14",16.6,0,5000,16372700,"B"
"VIX","14:02:12",16.65,0.05,2800,16367700,"S"
"VIX","14:02:07",16.6,0,1000,16364900,"B"
"VIX","14:02:00",16.6,0,6900,16363900,"B"
"VIX","14:01:54",16.6,0,300,16357000,"B"
"VIX","14:01:53",16.65,0.05,500,16356700,"S"
"VIX","14:01:49",16.6,0,1300,16356200,"B"
"VIX","14:01:46",16.6,0,2000,16354900,"B"
"VIX","14:01:44",16.65,0.05,100,16352900,"S"
"VIX","14:01:39",16.6,0,6000,16352800,"B"
"VIX","14:01:31",16.6,0,900,16346800,"B"
"VIX","14:01:10",16.65,0.05,200,16345900,"S"
"VIX","14:01:01",16.65,0.05,3000,16345700,"S"
"VIX","14:00:59",16.65,0.05,2500,16342700,"S"
"VIX","14:00:58",16.65,0.05,2600,16340200,"B"
"VIX","14:00:55",16.65,0.05,2400,16337600,"S"
"VIX","14:00:49",16.6,0,20000,16335200,"B"
"VIX","14:00:45",16.65,0.05,1000,16315200,"B"
"VIX","14:00:44",16.65,0.05,4300,16314200,"B"
"VIX","14:00:43",16.65,0.05,1000,16309900,"B"
"VIX","14:00:41",16.65,0.05,500,16304400,"B"
"VIX","14:00:39",16.65,0.05,1000,16303900,"B"
"VIX","14:00:33",16.65,0.05,1500,16302900,"B"
"VIX","14:00:31",16.65,0.05,200,16301400,"B"
"VIX","14:00:30",16.65,0.05,2300,16301200,"B"
"VIX","14:00:30",16.65,0.05,800,16298900,"B"
"VIX","14:00:29",16.65,0.05,200,16298100,"B"
"VIX","14:00:28",16.65,0.05,10800,16297900,"B"
"VIX","14:00:22",16.65,0.05,10000,16287100,"B"
"VIX","14:00:21",16.65,0.05,5000,16277100,"B"
"VIX","14:00:20",16.65,0.05,18000,16272100,"B"
"VIX","14:00:19",16.65,0.05,1900,16254100,"B"
"VIX","14:00:16",16.65,0.05,2000,16252200,"B"
"VIX","14:00:15",16.7,0.1,600,16250200,"S"
"VIX","14:00:05",16.65,0.05,9000,16249600,"B"
"VIX","14:00:05",16.65,0.05,200,16240600,"B"
"VIX","13:59:56",16.65,0.05,4000,16240400,"B"
"VIX","13:59:52",16.65,0.05,1500,16236400,"B"
"VIX","13:59:51",16.65,0.05,4800,16234900,"S"
"VIX","13:59:49",16.65,0.05,2500,16230100,"S"
"VIX","13:59:48",16.65,0.05,7100,16227600,"S"
"VIX","13:59:48",16.65,0.05,14000,16220500,"S"
"VIX","13:59:46",16.65,0.05,4600,16206500,"S"
"VIX","13:59:44",16.65,0.05,100,16190200,"S"
"VIX","13:59:44",16.65,0.05,100,16190100,"S"
"VIX","13:59:42",16.65,0.05,600,16190000,"S"
"VIX","13:59:39",16.65,0.05,2000,16189400,"S"
"VIX","13:59:38",16.65,0.05,1000,16187400,"S"
"VIX","13:59:37",16.65,0.05,6600,16186400,"S"
"VIX","13:59:30",16.65,0.05,6000,16179800,"S"
"VIX","13:59:29",16.65,0.05,4200,16173800,"S"
"VIX","13:59:29",16.65,0.05,13500,16169600,"S"
"VIX","13:59:27",16.65,0.05,3200,16156100,"S"
"VIX","13:59:27",16.6,0,900,16152900,"B"
"VIX","13:59:26",16.65,0.05,100,16152000,"S"
"VIX","13:59:26",16.65,0.05,500,16151900,"S"
"VIX","13:59:24",16.65,0.05,2000,16151400,"S"
"VIX","13:59:21",16.65,0.05,5600,16149400,"S"
"VIX","13:59:20",16.65,0.05,200,16143800,"S"
"VIX","13:59:18",16.6,0,100,16143600,"B"
"VIX","13:59:16",16.65,0.05,3000,16143500,"S"
"VIX","13:59:08",16.65,0.05,100000,16140500,"S"
"VIX","13:58:57",16.65,0.05,9000,16040500,"S"
"VIX","13:58:56",16.65,0.05,3000,16031500,"S"
"VIX","13:58:47",16.6,0,100,16028500,"B"
"VIX","13:58:46",16.65,0.05,200,16028400,"S"
"VIX","13:58:41",16.65,0.05,100,16028200,"S"
"VIX","13:58:26",16.6,0,15000,16028100,"B"
"VIX","13:58:24",16.6,0,800,16013100,"B"
"VIX","13:58:15",16.6,0,1000,16012300,"B"
"VIX","13:58:05",16.6,0,100,16011300,"B"
"VIX","13:57:52",16.6,0,300,16011200,"B"
"VIX","13:57:33",16.6,0,5000,16010900,"B"
"VIX","13:57:30",16.6,0,100,16005900,"B"
"VIX","13:57:28",16.6,0,25000,16005800,"B"
"VIX","13:57:24",16.65,0.05,700,15980800,"S"
"VIX","13:57:22",16.6,0,800,15980100,"B"
"VIX","13:57:18",16.6,0,1000,15979300,"B"
"VIX","13:57:01",16.6,0,1000,15978300,"B"
"VIX","13:56:58",16.6,0,100,15977300,"B"
"VIX","13:56:33",16.6,0,100,15977200,"B"
"VIX","13:56:21",16.6,0,800,15977100,"B"
"VIX","13:56:06",16.6,0,100,15976300,"B"
"VIX","13:56:00",16.65,0.05,3400,15976200,"S"
"VIX","13:55:57",16.65,0.05,200,15972800,"S"
"VIX","13:55:53",16.65,0.05,400,15972600,"S"
"VIX","13:55:50",16.65,0.05,14300,15972200,"S"
"VIX","13:55:46",16.65,0.05,1800,15957900,"S"
"VIX","13:55:45",16.6,0,1200,15956100,"B"
"VIX","13:55:34",16.65,0.05,500,15954900,"S"
"VIX","13:55:27",16.65,0.05,200,15954400,"S"
"VIX","13:55:20",16.6,0,800,15954200,"B"
"VIX","13:55:19",16.6,0,500,15953400,"B"
"VIX","13:55:06",16.65,0.05,700,15952900,"S"
"VIX","13:54:54",16.65,0.05,1900,15952200,"S"
"VIX","13:54:53",16.65,0.05,200,15950300,"S"
"VIX","13:54:52",16.6,0,2000,15950100,"B"
"VIX","13:54:49",16.65,0.05,1500,15948100,"S"
"VIX","13:54:39",16.6,0,1800,15946600,"B"
"VIX","13:54:37",16.6,0,2400,15944800,"B"
"VIX","13:54:36",16.6,0,11900,15942400,"B"
"VIX","13:54:34",16.6,0,13800,15930500,"B"
"VIX","13:54:21",16.6,0,3000,15916700,"B"
"VIX","13:54:18",16.6,0,2000,15913700,"B"
"VIX","13:54:15",16.6,0,900,15911700,"B"
"VIX","13:54:08",16.65,0.05,2000,15910800,"S"
"VIX","13:54:06",16.65,0.05,1000,15908800,"S"
"VIX","13:54:02",16.6,0,100,15907800,"B"
"VIX","13:53:24",16.65,0.05,3000,15907700,"S"
"VIX","13:53:20",16.6,0,200,15904700,"B"
"VIX","13:53:18",16.6,0,900,15904500,"B"
"VIX","13:53:11",16.6,0,900,15903600,"B"
"VIX","13:53:08",16.6,0,2000,15902700,"B"
"VIX","13:53:06",16.65,0.05,100,15900700,"S"
"VIX","13:53:05",16.65,0.05,100,15900600,"S"
"VIX","13:53:01",16.6,0,1000,15900500,"B"
"VIX","13:52:52",16.65,0.05,500,15899500,"S"
"VIX","13:52:50",16.65,0.05,1100,15899000,"S"
"VIX","13:52:45",16.65,0.05,500,15897900,"S"
"VIX","13:52:39",16.65,0.05,200,15897400,"S"
"VIX","13:52:37",16.6,0,2000,15897200,"B"
"VIX","13:52:35",16.65,0.05,10000,15895200,"S"
"VIX","13:52:32",16.65,0.05,5000,15885200,"S"
"VIX","13:52:32",16.6,0,1000,15880200,"B"
"VIX","13:52:30",16.65,0.05,1000,15879200,"S"
"VIX","13:52:27",16.65,0.05,700,15878200,"S"
"VIX","13:52:26",16.65,0.05,4000,15877500,"S"
"VIX","13:52:25",16.65,0.05,400,15873500,"S"
"VIX","13:52:23",16.65,0.05,5000,15873100,"S"
"VIX","13:52:20",16.65,0.05,5500,15868100,"S"
"VIX","13:52:15",16.65,0.05,100,15862600,"S"
"VIX","13:52:12",16.65,0.05,10000,15862500,"S"
"VIX","13:52:11",16.65,0.05,500,15852500,"S"
"VIX","13:52:11",16.6,0,800,15852000,"B"
"VIX","13:52:03",16.65,0.05,4000,15851200,"S"
"VIX","13:52:00",16.65,0.05,2000,15847200,"S"
"VIX","13:51:51",16.65,0.05,1000,15845200,"S"
"VIX","13:51:50",16.65,0.05,1000,15844200,"S"
"VIX","13:51:38",16.65,0.05,243600,15843200,"B"
"VIX","13:51:34",16.7,0.1,200,15599600,"S"
"VIX","13:51:29",16.7,0.1,6800,15599400,"S"
"VIX","13:51:24",16.7,0.1,500,15592600,"S"
"VIX","13:51:23",16.7,0.1,11900,15592100,"B"
"VIX","13:51:20",16.7,0.1,3100,15580200,"B"
"VIX","13:51:19",16.7,0.1,2100,15577100,"B"
"VIX","13:51:18",16.7,0.1,100,15575000,"B"
"VIX","13:51:17",16.7,0.1,4000,15574900,"B"
"VIX","13:51:17",16.7,0.1,7000,15570900,"B"
"VIX","13:51:15",16.7,0.1,3000,15561900,"B"
"VIX","13:51:15",16.7,0.1,4500,15558800,"B"
"VIX","13:51:14",16.7,0.1,7800,15554300,"B"
"VIX","13:51:12",16.7,0.1,30000,15546500,"B"
"VIX","13:51:11",16.7,0.1,10000,15516500,"B"
"VIX","13:51:11",16.7,0.1,800,15506500,"B"
"VIX","13:51:08",16.7,0.1,2500,15505700,"B"
"VIX","13:51:06",16.7,0.1,1700,15503200,"B"
"VIX","13:51:05",16.7,0.1,2000,15501500,"B"
"VIX","13:51:04",16.7,0.1,3000,15499500,"B"
"VIX","13:51:04",16.75,0.15,8000,15496500,"S"
"VIX","13:51:01",16.7,0.1,5300,15488500,"B"
"VIX","13:50:58",16.75,0.15,200,15483200,"S"
"VIX","13:50:58",16.7,0.1,2900,15483000,"B"
"VIX","13:50:57",16.7,0.1,500,15480100,"B"
"VIX","13:50:53",16.7,0.1,50000,15479600,"B"
"VIX","13:50:52",16.7,0.1,700,15429600,"B"
"VIX","13:50:49",16.7,0.1,10000,15428900,"B"
"VIX","13:50:48",16.7,0.1,100000,15418900,"B"
"VIX","13:50:46",16.7,0.1,900,15318900,"B"
"VIX","13:50:45",16.7,0.1,100,15318000,"B"
"VIX","13:50:44",16.7,0.1,2000,15317900,"B"
"VIX","13:50:42",16.7,0.1,100,15315900,"B"
"VIX","13:50:37",16.7,0.1,500,15315800,"B"
"VIX","13:50:32",16.7,0.1,1000,15315300,"B"
"VIX","13:50:30",16.7,0.1,1000,15314300,"B"
"VIX","13:50:24",16.7,0.1,100,15313300,"B"
"VIX","13:50:21",16.7,0.1,2900,15313200,"B"
"VIX","13:50:18",16.7,0.1,3300,15310300,"B"
"VIX","13:50:16",16.7,0.1,1600,15307000,"B"
"VIX","13:50:07",16.7,0.1,900,15305400,"B"
"VIX","13:50:03",16.7,0.1,100,15304500,"B"
"VIX","13:49:54",16.7,0.1,500,15304400,"B"
"VIX","13:49:47",16.7,0.1,100,15303900,"B"
"VIX","13:49:34",16.7,0.1,2000,15303800,"B"
"VIX","13:49:32",16.75,0.15,200,15301800,"S"
"VIX","13:49:30",16.7,0.1,200,15301600,"B"
"VIX","13:49:14",16.7,0.1,100,15301400,"B"
"VIX","13:49:05",16.7,0.1,10000,15301300,"B"
"VIX","13:49:01",16.7,0.1,900,15291300,"B"
"VIX","13:48:49",16.75,0.15,100,15290400,"S"
"VIX","13:48:47",16.75,0.15,300,15290300,"S"
"VIX","13:48:39",16.75,0.15,200,15290000,"S"
"VIX","13:48:32",16.7,0.1,3000,15289800,"B"
"VIX","13:48:32",16.75,0.15,200,15286800,"S"
"VIX","13:48:29",16.75,0.15,1900,15286600,"S"
"VIX","13:48:25",16.75,0.15,2000,15284700,"S"
"VIX","13:48:19",16.75,0.15,6000,15282700,"S"
"VIX","13:48:16",16.75,0.15,100,15276700,"S"
"VIX","13:48:15",16.75,0.15,1000,15276600,"S"
"VIX","13:48:04",16.75,0.15,500,15275600,"S"
"VIX","13:48:00",16.7,0.1,800,15275100,"B"
"VIX","13:48:00",16.75,0.15,600,15274300,"S"
"VIX","13:47:55",16.75,0.15,15000,15273700,"S"
"VIX","13:47:54",16.75,0.15,100,15258700,"S"
"VIX","13:47:52",16.75,0.15,1000,15258600,"S"
"VIX","13:47:50",16.7,0.1,2000,15257600,"B"
"VIX","13:47:47",16.75,0.15,10000,15255600,"S"
"VIX","13:47:46",16.75,0.15,3000,15245600,"S"
"VIX","13:47:44",16.75,0.15,1000,15242600,"S"
"VIX","13:47:42",16.75,0.15,100,15241600,"S"
"VIX","13:47:40",16.75,0.15,900,15241500,"S"
"VIX","13:47:28",16.75,0.15,500,15240600,"S"
"VIX","13:47:27",16.75,0.15,15000,15240100,"S"
"VIX","13:47:24",16.7,0.1,2000,15225100,"B"
"VIX","13:47:15",16.75,0.15,100,15223100,"S"
"VIX","13:47:12",16.7,0.1,100,15223000,"B"
"VIX","13:47:11",16.75,0.15,1000,15222900,"S"
"VIX","13:47:07",16.75,0.15,2000,15221900,"S"
"VIX","13:47:01",16.75,0.15,4000,15219900,"S"
"VIX","13:46:59",16.75,0.15,2000,15215900,"S"
"VIX","13:46:56",16.75,0.15,2000,15213900,"S"
"VIX","13:46:54",16.7,0.1,900,15211900,"B"
"VIX","13:46:45",16.75,0.15,300,15211000,"S"
"VIX","13:46:39",16.75,0.15,500,15210700,"S"
"VIX","13:46:33",16.75,0.15,800,15210200,"S"
"VIX","13:46:27",16.75,0.15,1000,15209400,"S"
"VIX","13:46:27",16.75,0.15,3000,15208400,"S"
"VIX","13:46:26",16.75,0.15,20000,15205400,"S"
"VIX","13:46:25",16.75,0.15,10000,15185400,"S"
"VIX","13:46:23",16.75,0.15,100,15175400,"S"
"VIX","13:46:17",16.75,0.15,300,15175300,"S"
"VIX","13:46:15",16.7,0.1,300,15175000,"B"
"VIX","13:46:13",16.7,0.1,200,15174700,"B"
"VIX","13:46:11",16.7,0.1,2000,15174500,"B"
"VIX","13:46:10",16.75,0.15,20000,15172500,"S"
"VIX","13:46:08",16.75,0.15,300,15152500,"S"
"VIX","13:45:56",16.75,0.15,1400,15152200,"S"
"VIX","13:45:52",16.7,0.1,800,15150800,"B"
"VIX","13:45:51",16.75,0.15,20000,15150000,"S"
"VIX","13:45:43",16.75,0.15,1400,15130000,"S"
"VIX","13:45:39",16.7,0.1,1000,15128600,"B"
"VIX","13:45:28",16.75,0.15,1000,15127600,"S"
"VIX","13:45:21",16.7,0.1,200,15126600,"B"
"VIX","13:45:15",16.75,0.15,10000,15126400,"S"
"VIX","13:44:47",16.7,0.1,900,15116400,"B"
"VIX","13:44:36",16.7,0.1,300,15115500,"B"
"VIX","13:44:28",16.75,0.15,5000,15115200,"S"
"VIX","13:44:27",16.75,0.15,6000,15110200,"S"
"VIX","13:44:26",16.75,0.15,1000,15104200,"S"
"VIX","13:44:25",16.75,0.15,400,15103200,"S"
"VIX","13:44:22",16.75,0.15,3000,15102800,"S"
"VIX","13:44:18",16.75,0.15,8000,15099800,"S"
"VIX","13:44:09",16.75,0.15,200,15091800,"S"
"VIX","13:43:57",16.75,0.15,900,15091600,"S"
"VIX","13:43:47",16.7,0.1,800,15090700,"B"
"VIX","13:43:43",16.75,0.15,20000,15089900,"S"
"VIX","13:43:42",16.75,0.15,79100,15069900,"B"
"VIX","13:43:37",16.75,0.15,9000,14990800,"B"
"VIX","13:43:33",16.75,0.15,1000,14981800,"B"
"VIX","13:43:31",16.75,0.15,500,14980800,"B"
"VIX","13:43:21",16.75,0.15,9900,14980300,"B"
"VIX","13:43:19",16.75,0.15,1800,14970400,"B"
"VIX","13:43:16",16.75,0.15,1000,14968600,"B"
"VIX","13:43:09",16.75,0.15,46400,14967600,"S"
"VIX","13:43:08",16.75,0.15,5000,14921200,"S"
"VIX","13:43:07",16.75,0.15,20000,14916200,"S"
"VIX","13:43:05",16.75,0.15,2500,14896200,"S"
"VIX","13:43:04",16.75,0.15,6600,14893700,"S"
"VIX","13:43:02",16.75,0.15,100,14887100,"S"
"VIX","13:43:00",16.75,0.15,5000,14887000,"S"
"VIX","13:42:59",16.75,0.15,2000,14882000,"S"
"VIX","13:42:58",16.75,0.15,15800,14880000,"S"
"VIX","13:42:56",16.75,0.15,300,14864200,"S"
"VIX","13:42:55",16.75,0.15,20700,14863900,"S"
"VIX","13:42:54",16.75,0.15,1600,14843200,"S"
"VIX","13:42:52",16.75,0.15,2000,14841600,"S"
"VIX","13:42:50",16.75,0.15,16700,14839600,"S"
"VIX","13:42:49",16.75,0.15,500,14822900,"S"
"VIX","13:42:48",16.75,0.15,5000,14822400,"S"
"VIX","13:42:46",16.75,0.15,100,14817400,"S"
"VIX","13:42:43",16.7,0.1,800,14817300,"B"
"VIX","13:42:39",16.75,0.15,1200,14816500,"S"
"VIX","13:42:39",16.75,0.15,10500,14815300,"S"
"VIX","13:42:37",16.75,0.15,2400,14804800,"S"
"VIX","13:42:37",16.75,0.15,100,14802400,"S"
"VIX","13:42:36",16.75,0.15,6000,14802300,"S"
"VIX","13:42:33",16.75,0.15,500,14796300,"S"
"VIX","13:42:27",16.75,0.15,100,14795800,"S"
"VIX","13:42:24",16.75,0.15,1500,14795700,"S"
"VIX","13:42:20",16.75,0.15,100,14794200,"S"
"VIX","13:42:08",16.75,0.15,1000,14794100,"S"
"VIX","13:41:58",16.75,0.15,43000,14793100,"S"
"VIX","13:41:57",16.75,0.15,200,14750100,"S"
"VIX","13:41:56",16.75,0.15,100,14749900,"S"
"VIX","13:41:51",16.75,0.15,4000,14749800,"S"
"VIX","13:41:46",16.75,0.15,500,14745800,"S"
"VIX","13:41:44",16.75,0.15,500,14745300,"S"
"VIX","13:41:43",16.75,0.15,1000,14744800,"S"
"VIX","13:41:42",16.7,0.1,800,14743800,"B"
"VIX","13:41:37",16.75,0.15,500,14743000,"S"
"VIX","13:41:35",16.75,0.15,1000,14742500,"S"
"VIX","13:41:34",16.75,0.15,300,14741500,"S"
"VIX","13:41:33",16.75,0.15,7000,14741200,"S"
"VIX","13:41:30",16.75,0.15,200,14734200,"S"
"VIX","13:41:26",16.7,0.1,700,14734000,"B"
"VIX","13:41:22",16.75,0.15,1000,14733300,"S"
"VIX","13:41:21",16.75,0.15,300,14732300,"S"
"VIX","13:41:20",16.75,0.15,5500,14732000,"S"
"VIX","13:41:18",16.7,0.1,1000,14726500,"B"
"VIX","13:41:14",16.7,0.1,200,14725500,"B"
"VIX","13:41:11",16.75,0.15,10000,14725300,"S"
"VIX","13:41:07",16.75,0.15,1900,14715300,"S"
"VIX","13:41:04",16.75,0.15,400,14713400,"S"
"VIX","13:41:03",16.75,0.15,500,14713000,"S"
"VIX","13:41:02",16.75,0.15,700,14712500,"S"
"VIX","13:41:01",16.75,0.15,3700,14711800,"S"
"VIX","13:40:57",16.75,0.15,2000,14708100,"S"
"VIX","13:40:53",16.7,0.1,300,14706100,"B"
"VIX","13:40:47",16.75,0.15,1500,14705800,"S"
"VIX","13:40:39",16.7,0.1,900,14704300,"B"
"VIX","13:40:36",16.75,0.15,13500,14703400,"S"
"VIX","13:40:29",16.75,0.15,100,14689900,"S"
"VIX","13:40:23",16.75,0.15,200,14689800,"S"
"VIX","13:40:18",16.75,0.15,100,14689600,"S"
"VIX","13:40:01",16.75,0.15,500,14689500,"S"
"VIX","13:39:57",16.75,0.15,30000,14689000,"S"
"VIX","13:39:49",16.75,0.15,2000,14659000,"S"
"VIX","13:39:46",16.7,0.1,8600,14657000,"B"
"VIX","13:39:35",16.7,0.1,900,14648400,"B"
"VIX","13:39:30",16.75,0.15,300,14647500,"S"
"VIX","13:39:28",16.75,0.15,100,14647200,"S"
"VIX","13:39:25",16.75,0.15,5000,14647100,"S"
"VIX","13:39:24",16.7,0.1,100,14642100,"B"
"VIX","13:39:17",16.7,0.1,1000,14642000,"B"
"VIX","13:38:57",16.7,0.1,25000,14641000,"B"
"VIX","13:38:57",16.75,0.15,6200,14616000,"S"
"VIX","13:38:50",16.75,0.15,200,14609800,"S"
"VIX","13:38:44",16.75,0.15,2500,14609600,"S"
"VIX","13:38:32",16.7,0.1,900,14607100,"B"
"VIX","13:38:29",16.7,0.1,600,14606200,"B"
"VIX","13:38:26",16.7,0.1,500,14605600,"B"
"VIX","13:37:52",16.7,0.1,200,14605100,"B"
"VIX","13:37:39",16.7,0.1,5000,14604900,"B"
"VIX","13:37:38",16.7,0.1,1000,14599900,"B"
"VIX","13:37:30",16.7,0.1,800,14598900,"B"
"VIX","13:37:25",16.75,0.15,1000,14598100,"S"
"VIX","13:37:14",16.7,0.1,2000,14597100,"B"
"VIX","13:37:12",16.75,0.15,100,14595100,"S"
"VIX","13:36:54",16.75,0.15,30000,14595000,"S"
"VIX","13:36:38",16.75,0.15,100,14565000,"S"
"VIX","13:36:29",16.7,0.1,400,14564900,"B"
"VIX","13:36:27",16.7,0.1,900,14564500,"B"
"VIX","13:36:25",16.7,0.1,5000,14563600,"B"
"VIX","13:36:13",16.7,0.1,100,14558600,"B"
"VIX","13:36:05",16.75,0.15,1400,14558500,"S"
"VIX","13:36:03",16.7,0.1,500,14557100,"B"
"VIX","13:35:57",16.7,0.1,4000,14556600,"B"
"VIX","13:35:53",16.7,0.1,1000,14552600,"B"
"VIX","13:35:45",16.7,0.1,100,14551600,"B"
"VIX","13:35:43",16.7,0.1,1000,14551500,"B"
"VIX","13:35:28",16.7,0.1,4000,14550500,"B"
"VIX","13:35:25",16.7,0.1,200,14546500,"S"
"VIX","13:35:25",16.65,0.05,800,14546300,"B"
"VIX","13:35:24",16.7,0.1,800,14545500,"S"
"VIX","13:35:24",16.7,0.1,10200,14544700,"S"
"VIX","13:35:23",16.7,0.1,500,14534500,"S"
"VIX","13:35:22",16.7,0.1,2000,14531000,"S"
"VIX","13:35:20",16.7,0.1,8100,14529000,"S"
"VIX","13:35:18",16.7,0.1,1000,14520900,"S"
"VIX","13:35:18",16.7,0.1,68000,14519900,"S"
"VIX","13:35:17",16.7,0.1,10000,14451900,"S"
"VIX","13:35:15",16.7,0.1,300,14441900,"S"
"VIX","13:35:15",16.7,0.1,2000,14441600,"S"
"VIX","13:35:12",16.7,0.1,50000,14439600,"S"
"VIX","13:34:58",16.7,0.1,12000,14389600,"S"
"VIX","13:34:43",16.7,0.1,300,14377600,"S"
"VIX","13:34:40",16.7,0.1,2000,14377300,"S"
"VIX","13:34:35",16.7,0.1,2000,14375300,"S"
"VIX","13:34:33",16.7,0.1,2000,14373300,"S"
"VIX","13:34:22",16.7,0.1,3300,14371300,"S"
"VIX","13:34:21",16.65,0.05,900,14368000,"B"
"VIX","13:34:17",16.7,0.1,1000,14367100,"S"
"VIX","13:34:15",16.7,0.1,1000,14366100,"S"
"VIX","13:34:14",16.7,0.1,1000,14365100,"S"
"VIX","13:34:12",16.7,0.1,1500,14364100,"S"
"VIX","13:34:11",16.7,0.1,1900,14362600,"S"
"VIX","13:34:10",16.7,0.1,600,14360700,"S"
"VIX","13:34:09",16.7,0.1,3000,14360100,"S"
"VIX","13:33:56",16.7,0.1,3600,14357100,"S"
"VIX","13:33:50",16.7,0.1,100,14353500,"S"
"VIX","13:33:46",16.7,0.1,1000,14353400,"S"
"VIX","13:33:41",16.7,0.1,30000,14352400,"S"
"VIX","13:33:20",16.65,0.05,800,14322400,"B"
"VIX","13:33:16",16.7,0.1,500,14321600,"S"
"VIX","13:33:06",16.7,0.1,3000,14321100,"S"
"VIX","13:33:05",16.7,0.1,1100,14318100,"S"
"VIX","13:33:03",16.7,0.1,1200,14317000,"S"
"VIX","13:33:00",16.7,0.1,1000,14315800,"S"
"VIX","13:32:51",16.7,0.1,5000,14314800,"S"
"VIX","13:32:47",16.7,0.1,1000,14309800,"S"
"VIX","13:32:45",16.7,0.1,2000,14308800,"S"
"VIX","13:32:33",16.7,0.1,400,14306800,"S"
"VIX","13:32:31",16.7,0.1,20000,14306400,"S"
"VIX","13:32:27",16.7,0.1,3000,14286400,"S"
"VIX","13:32:25",16.65,0.05,100,14283400,"B"
"VIX","13:32:18",16.65,0.05,800,14283300,"B"
"VIX","13:31:56",16.65,0.05,500,14282500,"B"
"VIX","13:31:53",16.65,0.05,2000,14282000,"B"
"VIX","13:31:46",16.65,0.05,5000,14280000,"B"
"VIX","13:31:38",16.65,0.05,500,14275000,"B"
"VIX","13:31:34",16.65,0.05,100,14274500,"B"
"VIX","13:31:32",16.65,0.05,800,14274400,"B"
"VIX","13:31:30",16.65,0.05,16800,14273600,"S"
"VIX","13:31:28",16.65,0.05,500,14256800,"S"
"VIX","13:31:28",16.65,0.05,500,14256300,"S"
"VIX","13:31:26",16.65,0.05,3500,14255800,"S"
"VIX","13:31:23",16.65,0.05,500,14252300,"S"
"VIX","13:31:22",16.6,0,2500,14251800,"B"
"VIX","13:31:21",16.65,0.05,115000,14249300,"S"
"VIX","13:31:16",16.6,0,800,14134300,"B"
"VIX","13:31:12",16.65,0.05,1900,14133500,"S"
"VIX","13:31:00",16.65,0.05,100,14131600,"S"
"VIX","13:30:46",16.6,0,800,14131500,"B"
"VIX","13:30:44",16.65,0.05,300,14130700,"S"
"VIX","13:30:15",16.65,0.05,300,14130400,"S"
"VIX","13:30:14",16.65,0.05,100,14130100,"S"
"VIX","13:30:12",16.6,0,900,14130000,"B"
"VIX","13:30:11",16.65,0.05,1000,14129100,"S"
"VIX","13:30:10",16.65,0.05,500,14128100,"S"
"VIX","13:30:07",16.65,0.05,100,14127600,"S"
"VIX","13:29:37",16.65,0.05,1500,14127500,"S"
"VIX","13:29:19",16.65,0.05,100,14126000,"S"
"VIX","13:29:11",16.6,0,800,14125900,"B"
"VIX","13:29:06",16.65,0.05,300,14125100,"S"
"VIX","13:28:52",16.65,0.05,8000,14124800,"S"
"VIX","13:28:47",16.6,0,6000,14116800,"B"
"VIX","13:28:31",16.6,0,100,14110800,"B"
"VIX","13:28:30",16.6,0,500,14110700,"B"
"VIX","13:28:11",16.65,0.05,2000,14110200,"S"
"VIX","13:28:09",16.65,0.05,100,14108200,"S"
"VIX","13:28:09",16.6,0,800,14108100,"B"
"VIX","13:27:57",16.65,0.05,100,14107300,"S"
"VIX","13:27:56",16.65,0.05,100,14107200,"S"
"VIX","13:27:56",16.65,0.05,1000,14107100,"S"
"VIX","13:27:44",16.65,0.05,18000,14106100,"S"
"VIX","13:27:44",16.6,0,300,14088100,"B"
"VIX","13:27:42",16.6,0,100,14087800,"B"
"VIX","13:27:41",16.65,0.05,100,14087700,"S"
"VIX","13:27:25",16.6,0,300,14087600,"B"
"VIX","13:27:16",16.65,0.05,180400,14087300,"B"
"VIX","13:27:11",16.65,0.05,1000,13906900,"B"
"VIX","13:27:07",16.65,0.05,800,13905900,"B"
"VIX","13:27:06",16.65,0.05,100,13905100,"B"
"VIX","13:27:03",16.65,0.05,2000,13905000,"B"
"VIX","13:27:01",16.65,0.05,400,13903000,"B"
"VIX","13:26:59",16.65,0.05,500,13902600,"B"
"VIX","13:26:58",16.65,0.05,2000,13902100,"B"
"VIX","13:26:52",16.65,0.05,1000,13900100,"B"
"VIX","13:26:51",16.65,0.05,1900,13899100,"B"
"VIX","13:26:44",16.65,0.05,4600,13897200,"B"
"VIX","13:26:26",16.65,0.05,25000,13892600,"B"
"VIX","13:26:21",16.65,0.05,5000,13867600,"B"
"VIX","13:26:20",16.7,0.1,100,13862600,"S"
"VIX","13:26:16",16.65,0.05,1000,13862500,"B"
"VIX","13:26:06",16.7,0.1,200,13861500,"S"
"VIX","13:26:03",16.65,0.05,900,13861300,"B"
"VIX","13:25:49",16.65,0.05,100,13860400,"B"
"VIX","13:25:41",16.65,0.05,100,13860300,"B"
"VIX","13:25:33",16.65,0.05,1000,13860200,"B"
"VIX","13:25:20",16.65,0.05,200,13859200,"B"
"VIX","13:25:20",16.65,0.05,100,13859000,"B"
"VIX","13:25:12",16.65,0.05,100,13858900,"B"
"VIX","13:25:10",16.65,0.05,1000,13858800,"B"
"VIX","13:25:02",16.65,0.05,800,13857800,"B"
"VIX","13:24:58",16.7,0.1,1000,13857000,"S"
"VIX","13:24:38",16.65,0.05,2000,13856000,"B"
"VIX","13:24:29",16.65,0.05,2000,13854000,"B"
"VIX","13:23:59",16.65,0.05,900,13852000,"B"
"VIX","13:23:35",16.65,0.05,700,13851100,"B"
"VIX","13:22:54",16.65,0.05,900,13850400,"B"
"VIX","13:22:44",16.7,0.1,5000,13849500,"S"
"VIX","13:22:40",16.7,0.1,2000,13844500,"S"
"VIX","13:22:38",16.7,0.1,2000,13842500,"S"
"VIX","13:22:26",16.7,0.1,200,13840500,"S"
"VIX","13:22:21",16.65,0.05,10000,13840300,"B"
"VIX","13:22:20",16.65,0.05,200,13830300,"B"
"VIX","13:22:14",16.65,0.05,10000,13830100,"B"
"VIX","13:22:07",16.7,0.1,2000,13820100,"S"
"VIX","13:22:05",16.7,0.1,1700,13818100,"S"
"VIX","13:21:51",16.65,0.05,800,13816400,"B"
"VIX","13:21:50",16.65,0.05,1000,13815600,"B"
"VIX","13:21:50",16.7,0.1,100,13814600,"S"
"VIX","13:21:47",16.65,0.05,10000,13814500,"B"
"VIX","13:21:43",16.65,0.05,100,13804500,"B"
"VIX","13:21:31",16.65,0.05,2000,13804400,"B"
"VIX","13:21:30",16.65,0.05,500,13802400,"B"
"VIX","13:21:24",16.65,0.05,500,13801900,"B"
"VIX","13:21:15",16.65,0.05,500,13801400,"B"
"VIX","13:21:08",16.65,0.05,10000,13800900,"B"
"VIX","13:20:56",16.7,0.1,200,13790900,"S"
"VIX","13:20:54",16.65,0.05,300,13790700,"B"
"VIX","13:20:49",16.7,0.1,1000,13790400,"S"
"VIX","13:20:49",16.65,0.05,800,13789400,"B"
"VIX","13:20:34",16.7,0.1,3000,13788600,"S"
"VIX","13:20:12",16.7,0.1,1000,13785600,"S"
"VIX","13:20:08",16.65,0.05,20000,13784600,"B"
"VIX","13:20:07",16.7,0.1,2000,13764600,"S"
"VIX","13:20:06",16.7,0.1,100,13762600,"S"
"VIX","13:19:55",16.7,0.1,1000,13762500,"S"
"VIX","13:19:52",16.7,0.1,100,13761500,"S"
"VIX","13:19:48",16.7,0.1,1000,13761400,"S"
"VIX","13:19:45",16.7,0.1,1000,13760400,"S"
"VIX","13:19:44",16.7,0.1,300,13759400,"S"
"VIX","13:19:43",16.65,0.05,900,13759100,"B"
"VIX","13:19:42",16.7,0.1,1000,13758200,"S"
"VIX","13:19:40",16.7,0.1,3000,13757200,"S"
"VIX","13:19:39",16.7,0.1,400,13754200,"S"
"VIX","13:19:36",16.7,0.1,5000,13753800,"S"
"VIX","13:19:30",16.7,0.1,1000,13748800,"S"
"VIX","13:19:20",16.7,0.1,100,13747800,"B"
"VIX","13:19:17",16.7,0.1,600,13747700,"B"
"VIX","13:19:16",16.7,0.1,11000,13747100,"B"
"VIX","13:19:15",16.75,0.15,200,13736100,"S"
"VIX","13:19:14",16.7,0.1,5000,13735900,"B"
"VIX","13:19:13",16.7,0.1,30000,13730900,"B"
"VIX","13:19:08",16.7,0.1,20000,13700900,"B"
"VIX","13:18:49",16.7,0.1,3000,13680900,"B"
"VIX","13:18:48",16.75,0.15,1400,13677900,"S"
"VIX","13:18:46",16.7,0.1,3000,13676500,"B"
"VIX","13:18:44",16.75,0.15,2000,13673500,"S"
"VIX","13:18:41",16.7,0.1,100,13671500,"B"
"VIX","13:18:40",16.7,0.1,900,13671400,"B"
"VIX","13:18:23",16.7,0.1,200,13670500,"B"
"VIX","13:18:16",16.7,0.1,500,13670300,"B"
"VIX","13:18:15",16.7,0.1,87700,13669800,"S"
"VIX","13:18:12",16.7,0.1,1000,13582100,"S"
"VIX","13:18:11",16.7,0.1,1000,13581100,"S"
"VIX","13:18:07",16.7,0.1,110300,13580100,"B"
"VIX","13:18:03",16.7,0.1,5000,13469800,"B"
"VIX","13:17:47",16.7,0.1,1000,13464800,"B"
"VIX","13:17:39",16.7,0.1,800,13463800,"B"
"VIX","13:17:38",16.7,0.1,200,13463000,"B"
"VIX","13:17:36",16.7,0.1,200,13462800,"B"
"VIX","13:17:28",16.75,0.15,400,13462600,"S"
"VIX","13:17:20",16.75,0.15,200,13462200,"S"
"VIX","13:17:18",16.75,0.15,100,13462000,"S"
"VIX","13:17:17",16.75,0.15,400,13461900,"S"
"VIX","13:17:14",16.7,0.1,100,13461500,"B"
"VIX","13:17:13",16.75,0.15,1100,13461400,"S"
"VIX","13:17:02",16.7,0.1,6000,13460300,"B"
"VIX","13:16:57",16.7,0.1,300,13454300,"B"
"VIX","13:16:42",16.7,0.1,5000,13454000,"B"
"VIX","13:16:34",16.7,0.1,900,13449000,"B"
"VIX","13:16:33",16.7,0.1,2000,13448100,"B"
"VIX","13:16:25",16.7,0.1,100,13446100,"B"
"VIX","13:16:15",16.75,0.15,500,13446000,"S"
"VIX","13:15:52",16.7,0.1,400,13445500,"B"
"VIX","13:15:48",16.75,0.15,100,13445100,"S"
"VIX","13:15:45",16.7,0.1,5000,13445000,"B"
"VIX","13:15:42",16.7,0.1,200,13440000,"B"
"VIX","13:15:41",16.75,0.15,200,13439800,"S"
"VIX","13:15:33",16.7,0.1,800,13439600,"B"
"VIX","13:15:33",16.75,0.15,200,13438800,"S"
"VIX","13:15:29",16.75,0.15,300,13438600,"S"
"VIX","13:15:19",16.7,0.1,4300,13438300,"B"
"VIX","13:15:18",16.7,0.1,400,13434000,"B"
"VIX","13:15:07",16.7,0.1,100,13433600,"B"
"VIX","13:15:00",16.75,0.15,200,13433500,"S"
"VIX","13:14:47",16.7,0.1,5000,13433300,"B"
"VIX","13:14:43",16.75,0.15,10000,13428300,"S"
"VIX","13:14:40",16.7,0.1,800,13418300,"B"
"VIX","13:14:29",16.7,0.1,900,13417500,"B"
"VIX","13:14:29",16.75,0.15,1000,13416600,"S"
"VIX","13:14:28",16.75,0.15,600,13415600,"S"
"VIX","13:14:24",16.75,0.15,2000,13415000,"S"
"VIX","13:14:15",16.75,0.15,2800,13413000,"S"
"VIX","13:13:55",16.75,0.15,1000,13410200,"S"
"VIX","13:13:50",16.75,0.15,2000,13409200,"S"
"VIX","13:13:48",16.7,0.1,1200,13407200,"B"
"VIX","13:13:40",16.75,0.15,3000,13406000,"S"
"VIX","13:13:29",16.75,0.15,100,13403000,"S"
"VIX","13:13:25",16.7,0.1,900,13402900,"B"
"VIX","13:13:20",16.75,0.15,1500,13402000,"S"
"VIX","13:13:19",16.7,0.1,3800,13400500,"B"
"VIX","13:13:12",16.7,0.1,100,13396700,"B"
"VIX","13:13:09",16.7,0.1,5000,13396600,"B"
"VIX","13:13:08",16.7,0.1,200,13391600,"B"
"VIX","13:13:01",16.7,0.1,1000,13391400,"B"
"VIX","13:12:59",16.7,0.1,200,13390400,"B"
"VIX","13:12:50",16.7,0.1,200,13390200,"B"
"VIX","13:12:45",16.7,0.1,1000,13390000,"B"
"VIX","13:12:42",16.75,0.15,700,13389000,"S"
"VIX","13:12:40",16.7,0.1,30000,13388300,"B"
"VIX","13:12:32",16.7,0.1,500,13358300,"B"
"VIX","13:12:24",16.7,0.1,800,13345800,"B"
"VIX","13:12:15",16.7,0.1,100,13345000,"B"
"VIX","13:12:07",16.7,0.1,59400,13344900,"S"
"VIX","13:12:05",16.7,0.1,1000,13285500,"S"
"VIX","13:12:01",16.7,0.1,100,13284500,"S"
"VIX","13:11:59",16.7,0.1,1000,13284400,"S"
"VIX","13:11:53",16.7,0.1,100,13283400,"S"
"VIX","13:11:50",16.7,0.1,800,13283300,"S"
"VIX","13:11:48",16.7,0.1,100,13282500,"S"
"VIX","13:11:45",16.7,0.1,300,13282400,"S"
"VIX","13:11:44",16.7,0.1,500,13282100,"S"
"VIX","13:11:41",16.7,0.1,7700,13281600,"B"
"VIX","13:11:39",16.7,0.1,1000,13273900,"B"
"VIX","13:11:38",16.7,0.1,100,13272900,"B"
"VIX","13:11:35",16.7,0.1,100,13272800,"B"
"VIX","13:11:34",16.7,0.1,400,13272700,"B"
"VIX","13:11:32",16.7,0.1,3600,13272300,"B"
"VIX","13:11:29",16.7,0.1,10000,13268700,"B"
"VIX","13:11:27",16.7,0.1,5000,13258700,"B"
"VIX","13:11:26",16.7,0.1,1000,13253700,"B"
"VIX","13:11:23",16.7,0.1,100,13252700,"B"
"VIX","13:11:22",16.7,0.1,1000,13252600,"B"
"VIX","13:11:22",16.7,0.1,10000,13251600,"B"
"VIX","13:11:21",16.7,0.1,900,13241600,"B"
"VIX","13:11:04",16.7,0.1,5000,13240700,"B"
"VIX","13:10:56",16.75,0.15,4500,13235700,"S"
"VIX","13:10:56",16.7,0.1,5000,13231200,"S"
"VIX","13:10:55",16.7,0.1,1000,13226200,"S"
"VIX","13:10:52",16.7,0.1,100,13225200,"S"
"VIX","13:10:49",16.7,0.1,14400,13225100,"B"
"VIX","13:10:43",16.7,0.1,2000,13210700,"B"
"VIX","13:10:29",16.7,0.1,1000,13208700,"B"
"VIX","13:10:20",16.7,0.1,50000,13207700,"B"
"VIX","13:10:17",16.7,0.1,100,13156900,"B"
"VIX","13:10:17",16.75,0.15,1900,13156800,"S"
"VIX","13:10:14",16.7,0.1,600,13154900,"B"
"VIX","13:10:06",16.7,0.1,100,13154300,"B"
"VIX","13:09:46",16.7,0.1,3400,13154200,"B"
"VIX","13:09:45",16.7,0.1,75600,13150800,"B"
"VIX","13:09:33",16.7,0.1,100,13075200,"B"
"VIX","13:09:24",16.75,0.15,2000,13075100,"S"
"VIX","13:09:19",16.7,0.1,100,13073100,"B"
"VIX","13:09:18",16.7,0.1,800,13073000,"B"
"VIX","13:09:09",16.7,0.1,14000,13072200,"B"
"VIX","13:08:51",16.7,0.1,5000,13058200,"B"
"VIX","13:08:50",16.75,0.15,1000,13053200,"S"
"VIX","13:08:41",16.7,0.1,2000,13052200,"B"
"VIX","13:08:34",16.7,0.1,1000,13050200,"B"
"VIX","13:08:32",16.7,0.1,200,13049200,"B"
"VIX","13:08:20",16.7,0.1,4100,13049000,"S"
"VIX","13:08:17",16.7,0.1,30000,13044900,"S"
"VIX","13:08:15",16.7,0.1,5000,13014900,"S"
"VIX","13:08:15",16.65,0.05,800,13009900,"B"
"VIX","13:08:07",16.7,0.1,1900,13009100,"S"
"VIX","13:08:02",16.7,0.1,4800,13007200,"B"
"VIX","13:08:00",16.7,0.1,200,13002400,"B"
"VIX","13:07:58",16.7,0.1,500,13002200,"B"
"VIX","13:07:55",16.7,0.1,27600,13001700,"B"
"VIX","13:07:55",16.7,0.1,22400,12974100,"B"
"VIX","13:07:50",16.75,0.15,100,12951700,"S"
"VIX","13:07:47",16.75,0.15,200,12951600,"S"
"VIX","13:07:46",16.75,0.15,500,12951400,"S"
"VIX","13:07:43",16.75,0.15,2000,12950900,"S"
"VIX","13:07:41",16.75,0.15,4000,12948900,"S"
"VIX","13:07:15",16.75,0.15,600,12944900,"S"
"VIX","13:07:03",16.7,0.1,100,12943500,"B"
"VIX","13:06:50",16.7,0.1,1000,12943400,"B"
"VIX","13:06:48",16.75,0.15,300,12942400,"S"
"VIX","13:06:47",16.7,0.1,5500,12942100,"B"
"VIX","13:06:36",16.7,0.1,700,12936600,"B"
"VIX","13:06:12",16.7,0.1,800,12935900,"B"
"VIX","13:05:48",16.7,0.1,5000,12935100,"B"
"VIX","13:05:47",16.7,0.1,1000,12930100,"B"
"VIX","13:05:41",16.7,0.1,1000,12929100,"B"
"VIX","13:05:30",16.7,0.1,300,12928100,"B"
"VIX","13:05:06",16.7,0.1,900,12927800,"B"
"VIX","13:05:00",16.75,0.15,1000,12926900,"S"
"VIX","13:04:58",16.7,0.1,1500,12925900,"S"
"VIX","13:04:56",16.7,0.1,5000,12924400,"S"
"VIX","13:04:55",16.7,0.1,10000,12919400,"S"
"VIX","13:04:51",16.7,0.1,100,12909400,"S"
"VIX","13:04:50",16.7,0.1,50000,12909300,"S"
"VIX","13:04:47",16.7,0.1,600,12859300,"S"
"VIX","13:04:41",16.65,0.05,2000,12858700,"B"
"VIX","13:04:39",16.7,0.1,100,12856700,"S"
"VIX","13:04:02",16.65,0.05,900,12856600,"B"
"VIX","13:03:37",16.65,0.05,1000,12855700,"B"
"VIX","13:03:25",16.7,0.1,500,12854700,"S"
"VIX","13:03:22",16.7,0.1,200,12854200,"S"
"VIX","13:03:18",16.7,0.1,5000,12854000,"S"
"VIX","13:03:00",16.65,0.05,800,12849000,"B"
"VIX","13:02:54",16.7,0.1,5000,12848200,"S"
"VIX","13:02:49",16.7,0.1,9400,12843200,"B"
"VIX","13:02:04",16.75,0.15,100,12833800,"S"
"VIX","13:02:01",16.7,0.1,500,12833700,"B"
"VIX","13:01:59",16.7,0.1,1700,12833200,"B"
"VIX","13:01:42",16.75,0.15,100,12831500,"S"
"VIX","13:01:16",16.75,0.15,3700,12831400,"S"
"VIX","13:01:16",16.7,0.1,16300,12827700,"S"
"VIX","13:01:13",16.7,0.1,700,12811400,"S"
"VIX","13:01:03",16.65,0.05,800,12810700,"B"
"VIX","13:01:01",16.7,0.1,900,12809900,"S"
"VIX","13:00:52",16.7,0.1,22100,12809000,"B"
"VIX","13:00:29",16.75,0.15,13800,12786900,"S"
"VIX","13:00:29",16.7,0.1,800,12771900,"B"
"VIX","13:00:23",16.7,0.1,2000,12771100,"B"
"VIX","13:00:19",16.7,0.1,3000,12769100,"B"
"VIX","13:00:18",16.7,0.1,6000,12766100,"B"
"VIX","13:00:17",16.7,0.1,50000,12760100,"B"
"VIX","13:00:13",16.7,0.1,100,12710100,"B"
"VIX","13:00:10",16.7,0.1,100,12710000,"B"
"VIX","13:00:09",16.7,0.1,5300,12709900,"B"
"VIX","13:00:07",16.7,0.1,1000,12704600,"B"
"VIX","13:00:06",16.7,0.1,2000,12703600,"B"
"VIX","13:00:03",16.7,0.1,30000,12701600,"B"
"VIX","13:00:02",16.75,0.15,5000,12671600,"S"
"VIX","13:00:02",16.7,0.1,500,12666600,"B"
"VIX","13:00:00",16.7,0.1,32300,12666100,"B"
"VIX","13:00:00",16.75,0.15,2100,12633800,"S"
"VIX","13:00:00",16.7,0.1,20000,12631700,"B"
"VIX","13:00:00",16.75,0.15,7400,12611700,"S"
"VIX","11:29:59",16.7,0.1,1000,12604300,"B"
"VIX","11:29:52",16.7,0.1,5000,12603300,"B"
"VIX","11:29:49",16.75,0.15,5000,12598300,"S"
"VIX","11:29:42",16.7,0.1,20000,12593300,"B"
"VIX","11:29:41",16.75,0.15,200,12573300,"S"
"VIX","11:29:39",16.75,0.15,10200,12573100,"S"
"VIX","11:29:13",16.75,0.15,500,12562900,"S"
"VIX","11:28:45",16.75,0.15,200,12562400,"S"
"VIX","11:28:28",16.7,0.1,500,12562200,"B"
"VIX","11:28:21",16.7,0.1,1000,12561700,"B"
"VIX","11:28:19",16.7,0.1,600,12560700,"B"
"VIX","11:28:17",16.7,0.1,500,12560100,"B"
"VIX","11:28:14",16.7,0.1,5000,12559600,"B"
"VIX","11:27:53",16.7,0.1,200,12554600,"B"
"VIX","11:27:50",16.7,0.1,600,12554400,"B"
"VIX","11:27:47",16.75,0.15,3000,12553800,"S"
"VIX","11:27:46",16.7,0.1,20000,12550800,"B"
"VIX","11:27:42",16.75,0.15,500,12530800,"S"
"VIX","11:27:38",16.7,0.1,2000,12530300,"B"
"VIX","11:27:33",16.75,0.15,800,12528300,"S"
"VIX","11:27:33",16.7,0.1,500,12527500,"B"
"VIX","11:27:32",16.7,0.1,100,12527000,"B"
"VIX","11:27:21",16.7,0.1,100,12526900,"B"
"VIX","11:27:17",16.7,0.1,200,12526800,"B"
"VIX","11:27:16",16.75,0.15,10000,12526600,"S"
"VIX","11:27:05",16.7,0.1,100,12515700,"B"
"VIX","11:27:05",16.7,0.1,1000,12515600,"B"
"VIX","11:26:44",16.7,0.1,800,12514600,"B"
"VIX","11:26:43",16.7,0.1,100,12513800,"B"
"VIX","11:26:18",16.7,0.1,400,12513700,"B"
"VIX","11:26:14",16.7,0.1,800,12513300,"B"
"VIX","11:26:11",16.7,0.1,500,12512500,"B"
"VIX","11:26:08",16.7,0.1,100,12512000,"B"
"VIX","11:26:07",16.7,0.1,200,12511900,"B"
"VIX","11:26:04",16.7,0.1,1000,12511700,"B"
"VIX","11:25:56",16.7,0.1,1300,12510700,"B"
"VIX","11:25:53",16.7,0.1,4000,12509400,"B"
"VIX","11:25:43",16.7,0.1,100,12505400,"B"
"VIX","11:25:33",16.7,0.1,300,12505300,"B"
"VIX","11:25:13",16.7,0.1,300,12505000,"B"
"VIX","11:25:12",16.7,0.1,800,12504700,"B"
"VIX","11:25:12",16.75,0.15,4700,12503900,"S"
"VIX","11:24:54",16.75,0.15,100,12498900,"S"
"VIX","11:24:51",16.7,0.1,200,12498800,"B"
"VIX","11:24:28",16.75,0.15,800,12498600,"S"
"VIX","11:24:22",16.75,0.15,11000,12497800,"S"
"VIX","11:24:19",16.75,0.15,1500,12486800,"S"
"VIX","11:24:11",16.7,0.1,800,12485300,"B"
"VIX","11:24:08",16.75,0.15,1000,12484500,"S"
"VIX","11:24:07",16.75,0.15,700,12483500,"S"
"VIX","11:24:07",16.75,0.15,300,12482800,"S"
"VIX","11:24:06",16.75,0.15,1000,12482500,"S"
"VIX","11:23:51",16.75,0.15,500,12481500,"S"
"VIX","11:23:50",16.75,0.15,2000,12481000,"S"
"VIX","11:23:36",16.75,0.15,200,12479000,"S"
"VIX","11:23:31",16.75,0.15,300,12478800,"S"
"VIX","11:23:25",16.75,0.15,1000,12478500,"S"
"VIX","11:23:21",16.75,0.15,1700,12477500,"S"
"VIX","11:23:20",16.75,0.15,300,12475800,"S"
"VIX","11:23:13",16.75,0.15,1000,12475500,"S"
"VIX","11:23:10",16.75,0.15,12100,12474500,"S"
"VIX","11:23:09",16.7,0.1,1500,12462400,"B"
"VIX","11:23:08",16.7,0.1,800,12460900,"B"
"VIX","11:23:08",16.75,0.15,1000,12460100,"S"
"VIX","11:23:00",16.75,0.15,5000,12459100,"S"
"VIX","11:22:56",16.75,0.15,1000,12454100,"S"
"VIX","11:22:54",16.75,0.15,10000,12453100,"S"
"VIX","11:22:53",16.75,0.15,51700,12443100,"S"
"VIX","11:22:49",16.75,0.15,500,12391400,"S"
"VIX","11:22:45",16.75,0.15,1500,12390900,"S"
"VIX","11:22:44",16.75,0.15,1000,12389400,"S"
"VIX","11:22:39",16.75,0.15,500,12388400,"S"
"VIX","11:22:19",16.75,0.15,100,12387900,"S"
"VIX","11:22:18",16.75,0.15,200,12387800,"S"
"VIX","11:22:17",16.75,0.15,5000,12387600,"S"
"VIX","11:22:16",16.75,0.15,2000,12382600,"S"
"VIX","11:22:06",16.75,0.15,1000,12380600,"S"
"VIX","11:22:05",16.7,0.1,800,12379600,"B"
"VIX","11:21:45",16.75,0.15,100,12378800,"S"
"VIX","11:21:44",16.75,0.15,300,12378700,"S"
"VIX","11:21:38",16.7,0.1,2000,12378400,"B"
"VIX","11:21:35",16.75,0.15,300,12376400,"S"
"VIX","11:21:23",16.75,0.15,2000,12376100,"S"
"VIX","11:21:20",16.75,0.15,32900,12374100,"S"
"VIX","11:21:18",16.75,0.15,1000,12341200,"S"
"VIX","11:21:18",16.7,0.1,100,12340200,"B"
"VIX","11:21:06",16.75,0.15,2500,12340100,"S"
"VIX","11:21:04",16.7,0.1,800,12337600,"B"
"VIX","11:21:03",16.75,0.15,500,12336800,"S"
"VIX","11:21:03",16.75,0.15,1000,12336300,"S"
"VIX","11:20:57",16.75,0.15,1000,12335300,"S"
"VIX","11:20:49",16.75,0.15,1000,12334300,"S"
"VIX","11:20:39",16.7,0.1,100,12333300,"B"
"VIX","11:20:33",16.75,0.15,600,12333200,"S"
"VIX","11:20:32",16.75,0.15,5000,12332600,"S"
"VIX","11:20:26",16.75,0.15,5000,12327600,"S"
"VIX","11:20:24",16.7,0.1,4000,12322600,"B"
"VIX","11:20:20",16.75,0.15,3000,12318600,"S"
"VIX","11:20:16",16.7,0.1,14500,12315600,"B"
"VIX","11:20:04",16.7,0.1,800,12301100,"B"
"VIX","11:20:02",16.75,0.15,10900,12300300,"S"
"VIX","11:20:00",16.75,0.15,2000,12289400,"S"
"VIX","11:19:52",16.75,0.15,1000,12287400,"S"
"VIX","11:19:49",16.75,0.15,2500,12286400,"S"
"VIX","11:19:45",16.75,0.15,1000,12283900,"S"
"VIX","11:19:44",16.75,0.15,5000,12282900,"S"
"VIX","11:19:32",16.75,0.15,5000,12277900,"S"
"VIX","11:19:26",16.75,0.15,3900,12272900,"S"
"VIX","11:19:20",16.75,0.15,200,12269000,"S"
"VIX","11:19:17",16.75,0.15,37600,12268800,"S"
"VIX","11:19:17",16.75,0.15,12400,12231200,"S"
"VIX","11:19:11",16.75,0.15,900,12218800,"S"
"VIX","11:19:08",16.75,0.15,500,12217900,"S"
"VIX","11:19:06",16.75,0.15,3000,12217400,"S"
"VIX","11:19:02",16.7,0.1,3800,12214400,"B"
"VIX","11:19:01",16.75,0.15,6900,12210600,"S"
"VIX","11:18:53",16.75,0.15,9000,12203700,"S"
"VIX","11:18:49",16.7,0.1,8000,12194700,"B"
"VIX","11:18:48",16.7,0.1,300,12186700,"B"
"VIX","11:18:48",16.75,0.15,2000,12186400,"S"
"VIX","11:18:44",16.7,0.1,2000,12184400,"B"
"VIX","11:18:28",16.7,0.1,21300,12182400,"S"
"VIX","11:18:27",16.7,0.1,26000,12161100,"S"
"VIX","11:18:26",16.7,0.1,1600,12135100,"S"
"VIX","11:18:24",16.7,0.1,10000,12133500,"S"
"VIX","11:18:23",16.7,0.1,10000,12123500,"S"
"VIX","11:18:23",16.7,0.1,10000,12113500,"S"
"VIX","11:18:21",16.7,0.1,2000,12103500,"S"
"VIX","11:18:20",16.7,0.1,1000,12101500,"S"
"VIX","11:18:19",16.7,0.1,3600,12100500,"S"
"VIX","11:18:17",16.7,0.1,37400,12096900,"S"
"VIX","11:18:16",16.7,0.1,15000,12059500,"S"
"VIX","11:18:14",16.7,0.1,5000,12044500,"S"
"VIX","11:18:11",16.7,0.1,100,12039500,"S"
"VIX","11:18:10",16.65,0.05,200,12039400,"B"
"VIX","11:18:10",16.7,0.1,200,12039200,"S"
"VIX","11:18:08",16.7,0.1,600,12039000,"S"
"VIX","11:18:07",16.7,0.1,1000,12038400,"S"
"VIX","11:18:04",16.7,0.1,10000,12037400,"S"
"VIX","11:18:01",16.7,0.1,30500,12027400,"S"
"VIX","11:18:00",16.7,0.1,7000,11996900,"S"
"VIX","11:17:59",16.65,0.05,800,11989900,"B"
"VIX","11:17:53",16.7,0.1,11000,11989100,"S"
"VIX","11:17:52",16.7,0.1,2000,11978100,"S"
"VIX","11:17:50",16.7,0.1,13000,11976100,"S"
"VIX","11:17:45",16.7,0.1,14000,11963100,"S"
"VIX","11:17:40",16.7,0.1,500,11949100,"S"
"VIX","11:17:38",16.7,0.1,2000,11948600,"S"
"VIX","11:17:33",16.7,0.1,12000,11946600,"S"
"VIX","11:17:30",16.7,0.1,500,11934600,"S"
"VIX","11:17:29",16.7,0.1,15000,11934100,"S"
"VIX","11:17:28",16.7,0.1,29400,11919100,"S"
"VIX","11:17:27",16.7,0.1,70600,11889700,"S"
"VIX","11:17:26",16.7,0.1,900,11819100,"S"
"VIX","11:17:25",16.7,0.1,6000,11818200,"S"
"VIX","11:17:22",16.7,0.1,300,11812200,"S"
"VIX","11:17:10",16.7,0.1,5000,11811900,"S"
"VIX","11:17:07",16.7,0.1,15000,11806900,"S"
"VIX","11:17:03",16.7,0.1,1000,11791900,"S"
"VIX","11:16:57",16.65,0.05,800,11790900,"B"
"VIX","11:16:52",16.7,0.1,2000,11790100,"S"
"VIX","11:16:49",16.7,0.1,1000,11788100,"S"
"VIX","11:16:47",16.7,0.1,500,11787100,"S"
"VIX","11:16:36",16.7,0.1,15000,11786600,"S"
"VIX","11:16:34",16.7,0.1,1000,11771600,"S"
"VIX","11:16:32",16.7,0.1,1800,11770600,"S"
"VIX","11:16:31",16.7,0.1,100,11768800,"S"
"VIX","11:16:16",16.7,0.1,6500,11768700,"S"
"VIX","11:16:07",16.65,0.05,100,11762200,"B"
"VIX","11:15:54",16.65,0.05,1000,11762100,"B"
"VIX","11:15:51",16.65,0.05,900,11761100,"B"
"VIX","11:15:50",16.65,0.05,5000,11760200,"B"
"VIX","11:15:46",16.7,0.1,100,11755200,"S"
"VIX","11:15:41",16.7,0.1,700,11755100,"S"
"VIX","11:15:40",16.65,0.05,100,11754400,"B"
"VIX","11:15:32",16.65,0.05,1500,11754300,"B"
"VIX","11:15:28",16.65,0.05,500,11752800,"B"
"VIX","11:15:19",16.65,0.05,2200,11752300,"S"
"VIX","11:15:17",16.65,0.05,3300,11750100,"B"
"VIX","11:15:15",16.65,0.05,50000,11746800,"B"
"VIX","11:15:13",16.7,0.1,200,11696800,"S"
"VIX","11:15:07",16.65,0.05,100,11696600,"B"
"VIX","11:14:59",16.65,0.05,50000,11696500,"B"
"VIX","11:14:51",16.7,0.1,10000,11646500,"S"
"VIX","11:14:51",16.65,0.05,800,11636500,"B"
"VIX","11:14:33",16.65,0.05,500,11635700,"B"
"VIX","11:14:22",16.65,0.05,10300,11635200,"S"
"VIX","11:14:21",16.65,0.05,5000,11624900,"S"
"VIX","11:14:19",16.65,0.05,100,11619900,"S"
"VIX","11:14:19",16.65,0.05,6000,11619800,"S"
"VIX","11:14:18",16.65,0.05,100000,11613800,"S"
"VIX","11:14:17",16.65,0.05,2000,11513800,"S"
"VIX","11:14:15",16.65,0.05,5500,11511800,"S"
"VIX","11:13:58",16.65,0.05,1000,11506300,"S"
"VIX","11:13:49",16.6,0,800,11505300,"B"
"VIX","11:13:23",16.6,0,2000,11504500,"B"
"VIX","11:13:22",16.65,0.05,200,11502500,"S"
"VIX","11:13:19",16.65,0.05,100,11502300,"S"
"VIX","11:13:12",16.65,0.05,800,11502200,"S"
"VIX","11:13:09",16.65,0.05,1000,11501400,"S"
"VIX","11:13:07",16.6,0,2000,11500400,"B"
"VIX","11:13:07",16.65,0.05,1500,11498400,"S"
"VIX","11:13:01",16.65,0.05,300,11496900,"S"
"VIX","11:12:47",16.6,0,800,11496600,"B"
"VIX","11:12:42",16.65,0.05,1000,11495800,"S"
"VIX","11:12:24",16.65,0.05,200,11494800,"S"
"VIX","11:12:20",16.6,0,100,11494600,"B"
"VIX","11:12:19",16.65,0.05,38000,11494500,"S"
"VIX","11:12:06",16.6,0,12000,11456500,"B"
"VIX","11:12:05",16.65,0.05,1000,11444500,"S"
"VIX","11:11:44",16.6,0,900,11443500,"B"
"VIX","11:11:29",16.65,0.05,500,11442600,"S"
"VIX","11:11:27",16.65,0.05,1500,11442100,"S"
"VIX","11:11:23",16.65,0.05,500,11440600,"S"
"VIX","11:11:16",16.65,0.05,2000,11440100,"S"
"VIX","11:11:03",16.65,0.05,1000,11438100,"S"
"VIX","11:10:52",16.65,0.05,5000,11437100,"S"
"VIX","11:10:38",16.6,0,900,11432100,"B"
"VIX","11:10:31",16.65,0.05,1000,11430100,"S"
"VIX","11:10:25",16.65,0.05,4100,11429100,"S"
"VIX","11:10:02",16.65,0.05,200,11425000,"S"
"VIX","11:09:55",16.65,0.05,500,11424800,"S"
"VIX","11:09:43",16.65,0.05,100,11424300,"S"
"VIX","11:09:36",16.6,0,800,11424200,"B"
"VIX","11:09:34",16.65,0.05,10100,11423400,"S"
"VIX","11:09:28",16.65,0.05,5000,11413300,"S"
"VIX","11:09:25",16.65,0.05,1000,11408300,"S"
"VIX","11:09:20",16.65,0.05,500,11407300,"S"
"VIX","11:09:14",16.65,0.05,6400,11406800,"S"
"VIX","11:09:14",16.65,0.05,93600,11400400,"S"
"VIX","11:09:00",16.65,0.05,100,11306800,"S"
"VIX","11:08:55",16.65,0.05,1400,11306700,"S"
"VIX","11:08:55",16.6,0,700,11305300,"B"
"VIX","11:08:50",16.6,0,20000,11304600,"B"
"VIX","11:08:44",16.6,0,5000,11284600,"B"
"VIX","11:08:43",16.6,0,2500,11279600,"B"
"VIX","11:08:42",16.6,0,400,11277100,"B"
"VIX","11:08:34",16.6,0,800,11276700,"B"
"VIX","11:08:29",16.6,0,5000,11275900,"B"
"VIX","11:08:26",16.6,0,100,11270900,"B"
"VIX","11:08:24",16.6,0,100,11270800,"B"
"VIX","11:08:20",16.6,0,4000,11270700,"B"
"VIX","11:08:12",16.6,0,500,11266700,"B"
"VIX","11:07:57",16.6,0,100,11266200,"B"
"VIX","11:07:45",16.6,0,500,11266100,"B"
"VIX","11:07:33",16.6,0,200,11265600,"B"
"VIX","11:07:31",16.6,0,800,11265400,"B"
"VIX","11:07:18",16.6,0,6000,11264600,"B"
"VIX","11:07:05",16.6,0,5500,11258600,"S"
"VIX","11:07:00",16.6,0,5000,11253100,"S"
"VIX","11:06:57",16.6,0,10500,11248100,"S"
"VIX","11:06:57",16.6,0,1000,11237600,"S"
"VIX","11:06:56",16.6,0,1000,11236600,"S"
"VIX","11:06:54",16.6,0,300,11235600,"S"
"VIX","11:06:51",16.6,0,1500,11234700,"S"
"VIX","11:06:51",16.6,0,100,11233200,"S"
"VIX","11:06:49",16.6,0,5100,11233100,"S"
"VIX","11:06:48",16.6,0,2000,11228000,"S"
"VIX","11:06:48",16.6,0,100,11226000,"S"
"VIX","11:06:47",16.6,0,100,11225900,"S"
"VIX","11:06:46",16.6,0,58000,11225800,"S"
"VIX","11:06:46",16.6,0,100,11167800,"S"
"VIX","11:06:43",16.6,0,100,11167700,"S"
"VIX","11:06:40",16.6,0,2200,11167600,"S"
"VIX","11:06:39",16.6,0,500,11165400,"S"
"VIX","11:06:37",16.6,0,6600,11164900,"S"
"VIX","11:06:35",16.6,0,500,11158300,"S"
"VIX","11:06:30",16.6,0,1100,11157800,"S"
"VIX","11:06:29",16.55,-0.05,800,11156700,"B"
"VIX","11:06:28",16.6,0,100,11155900,"S"
"VIX","11:06:27",16.6,0,1500,11155800,"S"
"VIX","11:06:26",16.6,0,100,11154300,"S"
"VIX","11:06:24",16.6,0,100,11154200,"S"
"VIX","11:06:23",16.6,0,100,11154100,"S"
"VIX","11:06:21",16.6,0,100,11154000,"S"
"VIX","11:06:20",16.6,0,5000,11153900,"S"
"VIX","11:06:18",16.6,0,100,11148900,"S"
"VIX","11:06:16",16.6,0,200,11148800,"S"
"VIX","11:06:10",16.6,0,200,11148600,"S"
"VIX","11:06:06",16.6,0,5000,11148400,"S"
"VIX","11:06:01",16.6,0,100,11143400,"S"
"VIX","11:05:58",16.6,0,2000,11143300,"S"
"VIX","11:05:52",16.6,0,15000,11141300,"S"
"VIX","11:05:49",16.6,0,6000,11126300,"S"
"VIX","11:05:41",16.6,0,300,11120300,"S"
"VIX","11:05:40",16.6,0,100,11120000,"S"
"VIX","11:05:37",16.6,0,100,11119900,"S"
"VIX","11:05:36",16.6,0,300,11119800,"S"
"VIX","11:05:35",16.6,0,100,11119500,"S"
"VIX","11:05:34",16.6,0,21000,11119400,"S"
"VIX","11:05:32",16.6,0,100,11098400,"S"
"VIX","11:05:31",16.6,0,5100,11098300,"S"
"VIX","11:05:30",16.6,0,100,11093200,"S"
"VIX","11:05:27",16.6,0,100,11093100,"S"
"VIX","11:05:24",16.55,-0.05,900,11093000,"B"
"VIX","11:05:23",16.6,0,100,11092100,"S"
"VIX","11:05:16",16.6,0,100,11092000,"S"
"VIX","11:05:15",16.6,0,100,11091900,"S"
"VIX","11:05:09",16.6,0,20000,11091800,"S"
"VIX","11:05:04",16.6,0,2000,11071800,"S"
"VIX","11:04:48",16.6,0,100,11069800,"S"
"VIX","11:04:45",16.6,0,300,11069700,"S"
"VIX","11:04:38",16.6,0,100,11069400,"S"
"VIX","11:04:35",16.6,0,200,11069300,"S"
"VIX","11:04:33",16.6,0,6600,11069100,"S"
"VIX","11:04:29",16.6,0,11000,11062500,"S"
"VIX","11:04:28",16.6,0,104600,11051500,"B"
"VIX","11:04:20",16.6,0,900,10946900,"B"
"VIX","11:04:19",16.6,0,15000,10946000,"B"
"VIX","11:04:04",16.6,0,5000,10931000,"B"
"VIX","11:04:00",16.65,0.05,100,10926000,"S"
"VIX","11:03:57",16.6,0,5000,10925900,"B"
"VIX","11:03:53",16.65,0.05,1000,10920900,"S"
"VIX","11:03:51",16.6,0,1000,10919900,"B"
"VIX","11:03:42",16.65,0.05,500,10918900,"S"
"VIX","11:03:40",16.65,0.05,1000,10918400,"S"
"VIX","11:03:34",16.65,0.05,500,10917400,"S"
"VIX","11:03:30",16.65,0.05,1000,10916900,"S"
"VIX","11:03:26",16.65,0.05,20000,10915900,"S"
"VIX","11:03:16",16.65,0.05,100,10895900,"S"
"VIX","11:03:15",16.6,0,900,10895800,"B"
"VIX","11:03:04",16.6,0,1000,10894900,"B"
"VIX","11:02:42",16.6,0,800,10893900,"B"
"VIX","11:02:39",16.6,0,20000,10893100,"B"
"VIX","11:02:25",16.6,0,100,10873100,"B"
"VIX","11:02:13",16.6,0,800,10873000,"B"
"VIX","11:01:48",16.65,0.05,100,10872200,"S"
"VIX","11:01:44",16.65,0.05,900,10872100,"S"
"VIX","11:01:43",16.65,0.05,500,10871200,"S"
"VIX","11:01:39",16.65,0.05,100,10870700,"S"
"VIX","11:01:33",16.65,0.05,200,10870600,"S"
"VIX","11:01:18",16.65,0.05,3000,10870400,"S"
"VIX","11:01:13",16.6,0,3000,10867400,"B"
"VIX","11:01:07",16.6,0,900,10864400,"B"
"VIX","11:00:35",16.65,0.05,1000,10863500,"S"
"VIX","11:00:31",16.6,0,1000,10862500,"B"
"VIX","11:00:25",16.65,0.05,700,10861500,"S"
"VIX","11:00:21",16.6,0,2000,10860800,"B"
"VIX","11:00:14",16.6,0,100000,10858800,"B"
"VIX","11:00:14",16.65,0.05,2000,10758800,"S"
"VIX","11:00:09",16.6,0,9000,10756800,"B"
"VIX","11:00:06",16.6,0,800,10747800,"B"
"VIX","10:59:57",16.65,0.05,20000,10747000,"S"
"VIX","10:59:46",16.6,0,6100,10727000,"S"
"VIX","10:59:45",16.6,0,2000,10720900,"S"
"VIX","10:59:42",16.6,0,6800,10718900,"S"
"VIX","10:59:41",16.6,0,10000,10712100,"S"
"VIX","10:59:39",16.6,0,1000,10702100,"S"
"VIX","10:59:38",16.6,0,10000,10701100,"S"
"VIX","10:59:32",16.6,0,2000,10691100,"S"
"VIX","10:59:31",16.6,0,15000,10689100,"S"
"VIX","10:59:29",16.6,0,100,10674100,"S"
"VIX","10:59:28",16.6,0,2200,10674000,"S"
"VIX","10:59:28",16.6,0,47800,10671800,"S"
"VIX","10:59:26",16.6,0,5000,10624000,"S"
"VIX","10:59:21",16.6,0,500,10619000,"S"
"VIX","10:59:17",16.6,0,100,10618500,"S"
"VIX","10:59:13",16.6,0,900,10618400,"S"
"VIX","10:59:10",16.6,0,9700,10617500,"S"
"VIX","10:59:01",16.55,-0.05,900,10607800,"B"
"VIX","10:59:01",16.6,0,100,10606900,"S"
"VIX","10:58:54",16.6,0,100,10606800,"S"
"VIX","10:58:49",16.6,0,200,10606700,"S"
"VIX","10:58:48",16.6,0,3000,10606500,"S"
"VIX","10:58:46",16.6,0,100,10603500,"S"
"VIX","10:58:45",16.6,0,10000,10603400,"S"
"VIX","10:58:43",16.6,0,100,10593400,"S"
"VIX","10:58:39",16.6,0,1000,10593300,"S"
"VIX","10:58:35",16.6,0,200,10592300,"S"
"VIX","10:58:35",16.6,0,2000,10592100,"S"
"VIX","10:58:34",16.6,0,100,10590100,"S"
"VIX","10:58:28",16.6,0,100,10590000,"S"
"VIX","10:58:27",16.6,0,5000,10589900,"S"
"VIX","10:58:23",16.6,0,1000,10584900,"S"
"VIX","10:58:22",16.6,0,200,10583900,"S"
"VIX","10:58:10",16.6,0,50000,10582700,"S"
"VIX","10:57:58",16.6,0,300,10532700,"S"
"VIX","10:57:57",16.55,-0.05,800,10532400,"B"
"VIX","10:57:29",16.6,0,200,10531600,"S"
"VIX","10:57:25",16.6,0,3000,10531400,"S"
"VIX","10:57:23",16.6,0,10300,10528400,"S"
"VIX","10:57:14",16.6,0,500,10518100,"S"
"VIX","10:56:54",16.6,0,100,10517600,"S"
"VIX","10:56:53",16.55,-0.05,900,10517500,"B"
"VIX","10:56:48",16.55,-0.05,400,10516600,"B"
"VIX","10:56:39",16.55,-0.05,1500,10516200,"B"
"VIX","10:56:36",16.6,0,2000,10514700,"S"
"VIX","10:55:51",16.55,-0.05,2000,10512700,"B"
"VIX","10:55:49",16.55,-0.05,900,10510700,"B"
"VIX","10:55:38",16.55,-0.05,10000,10509800,"B"
"VIX","10:55:36",16.55,-0.05,10000,10499800,"B"
"VIX","10:55:32",16.6,0,3000,10489800,"S"
"VIX","10:55:30",16.55,-0.05,1000,10486800,"B"
"VIX","10:55:11",16.55,-0.05,45100,10485800,"S"
"VIX","10:55:08",16.55,-0.05,100,10440700,"S"
"VIX","10:55:07",16.55,-0.05,200,10440600,"S"
"VIX","10:55:03",16.55,-0.05,100,10440400,"S"
"VIX","10:54:57",16.55,-0.05,300,10440300,"S"
"VIX","10:54:55",16.55,-0.05,500,10440000,"S"
"VIX","10:54:45",16.55,-0.05,12400,10439500,"B"
"VIX","10:54:44",16.55,-0.05,84800,10427100,"B"
"VIX","10:54:43",16.55,-0.05,900,10342300,"B"
"VIX","10:54:07",16.55,-0.05,1500,10341400,"B"
"VIX","10:54:05",16.6,0,1500,10339900,"S"
"VIX","10:53:37",16.55,-0.05,900,10338400,"B"
"VIX","10:53:32",16.55,-0.05,1100,10337500,"B"
"VIX","10:53:31",16.6,0,1000,10336400,"S"
"VIX","10:53:31",16.55,-0.05,7000,10335400,"B"
"VIX","10:53:24",16.55,-0.05,200,10328400,"B"
"VIX","10:53:16",16.55,-0.05,3000,10328200,"B"
"VIX","10:52:36",16.55,-0.05,800,10325200,"B"
"VIX","10:52:33",16.6,0,200,10324400,"S"
"VIX","10:52:21",16.6,0,200,10324200,"S"
"VIX","10:52:11",16.6,0,100,10324000,"S"
"VIX","10:51:56",16.55,-0.05,1600,10323900,"B"
"VIX","10:51:55",16.6,0,5000,10322300,"S"
"VIX","10:51:40",16.55,-0.05,200,10317300,"B"
"VIX","10:51:35",16.55,-0.05,800,10317100,"B"
"VIX","10:51:34",16.55,-0.05,1200,10316300,"B"
"VIX","10:51:27",16.55,-0.05,3000,10315100,"B"
"VIX","10:51:22",16.55,-0.05,2000,10312100,"B"
"VIX","10:51:06",16.55,-0.05,400,10310100,"S"
"VIX","10:51:03",16.55,-0.05,9600,10309700,"B"
"VIX","10:50:50",16.55,-0.05,5000,10300100,"B"
"VIX","10:50:35",16.55,-0.05,11800,10295100,"B"
"VIX","10:50:34",16.55,-0.05,800,10283300,"B"
"VIX","10:50:27",16.55,-0.05,20000,10282500,"B"
"VIX","10:49:59",16.55,-0.05,1000,10262500,"B"
"VIX","10:49:56",16.55,-0.05,1400,10261500,"S"
"VIX","10:49:54",16.55,-0.05,10000,10260100,"S"
"VIX","10:49:53",16.55,-0.05,200,10250100,"S"
"VIX","10:49:51",16.55,-0.05,3000,10249900,"S"
"VIX","10:49:49",16.55,-0.05,100,10246900,"S"
"VIX","10:49:48",16.55,-0.05,100,10246800,"S"
"VIX","10:49:46",16.55,-0.05,2000,10246700,"S"
"VIX","10:49:40",16.55,-0.05,4300,10244700,"S"
"VIX","10:49:37",16.55,-0.05,200,10240400,"S"
"VIX","10:49:30",16.5,-0.1,900,10240200,"B"
"VIX","10:49:29",16.55,-0.05,200,10239300,"S"
"VIX","10:49:23",16.55,-0.05,200,10239100,"S"
"VIX","10:49:21",16.55,-0.05,35400,10238900,"B"
"VIX","10:49:20",16.55,-0.05,249700,10203500,"B"
"VIX","10:49:02",16.55,-0.05,3000,9953800,"B"
"VIX","10:48:40",16.55,-0.05,3900,9950800,"B"
"VIX","10:48:39",16.6,0,500,9946900,"S"
"VIX","10:48:29",16.55,-0.05,800,9946400,"B"
"VIX","10:48:21",16.6,0,600,9945600,"S"
"VIX","10:48:01",16.6,0,100,9945000,"S"
"VIX","10:48:01",16.6,0,11700,9944900,"B"
"VIX","10:48:00",16.6,0,1100,9933200,"B"
"VIX","10:47:57",16.6,0,20000,9932100,"B"
"VIX","10:47:51",16.6,0,20000,9912100,"B"
"VIX","10:47:48",16.6,0,10000,9892100,"B"
"VIX","10:47:48",16.6,0,1000,9882100,"B"
"VIX","10:47:43",16.6,0,4200,9881100,"B"
"VIX","10:47:40",16.6,0,1600,9876900,"B"
"VIX","10:47:35",16.6,0,6000,9875300,"B"
"VIX","10:47:26",16.6,0,800,9869300,"B"
"VIX","10:47:21",16.6,0,100,9868500,"B"
"VIX","10:47:21",16.6,0,300,9868400,"B"
"VIX","10:47:07",16.6,0,1800,9868100,"B"
"VIX","10:47:06",16.6,0,11200,9866300,"B"
"VIX","10:47:02",16.6,0,1000,9855100,"B"
"VIX","10:46:58",16.6,0,6000,9854100,"B"
"VIX","10:46:52",16.6,0,1500,9848100,"B"
"VIX","10:46:45",16.6,0,20000,9846600,"B"
"VIX","10:46:32",16.6,0,2000,9826600,"B"
"VIX","10:46:21",16.6,0,900,9824600,"B"
"VIX","10:46:20",16.65,0.05,100,9823700,"S"
"VIX","10:46:05",16.65,0.05,100,9823600,"S"
"VIX","10:46:04",16.65,0.05,100,9823500,"S"
"VIX","10:45:47",16.6,0,1000,9823400,"B"
"VIX","10:45:46",16.65,0.05,6200,9822400,"S"
"VIX","10:45:38",16.65,0.05,200,9812400,"S"
"VIX","10:45:36",16.6,0,1000,9812200,"B"
"VIX","10:45:25",16.65,0.05,500,9811200,"S"
"VIX","10:45:19",16.6,0,800,9810700,"B"
"VIX","10:45:18",16.6,0,100,9809900,"B"
"VIX","10:45:03",16.6,0,100,9809800,"B"
"VIX","10:44:42",16.6,0,1000,9809700,"B"
"VIX","10:44:31",16.6,0,200,9808700,"B"
"VIX","10:44:28",16.6,0,1000,9808500,"B"
"VIX","10:44:24",16.6,0,600,9807500,"B"
"VIX","10:44:16",16.6,0,20000,9806900,"B"
"VIX","10:44:14",16.6,0,900,9786900,"B"
"VIX","10:43:42",16.6,0,1000,9786000,"B"
"VIX","10:43:23",16.65,0.05,500,9785000,"S"
"VIX","10:43:20",16.6,0,400,9784500,"B"
"VIX","10:43:15",16.6,0,6000,9784100,"B"
"VIX","10:43:10",16.6,0,900,9778100,"B"
"VIX","10:43:09",16.6,0,2500,9777200,"B"
"VIX","10:43:02",16.6,0,100,9774700,"B"
"VIX","10:42:45",16.6,0,60000,9774600,"B"
"VIX","10:42:33",16.6,0,1000,9714600,"B"
"VIX","10:42:33",16.6,0,30000,9713600,"B"
"VIX","10:42:32",16.6,0,2000,9683600,"B"
"VIX","10:42:31",16.6,0,200,9681600,"B"
"VIX","10:42:27",16.6,0,200,9681400,"B"
"VIX","10:42:26",16.6,0,3000,9681200,"B"
"VIX","10:42:21",16.6,0,200,9678200,"B"
"VIX","10:42:19",16.6,0,900,9678000,"B"
"VIX","10:42:09",16.6,0,800,9677100,"B"
"VIX","10:42:03",16.6,0,3600,9676300,"B"
"VIX","10:41:38",16.6,0,5500,9672700,"B"
"VIX","10:41:32",16.6,0,48100,9667200,"S"
"VIX","10:41:28",16.6,0,50000,9619100,"S"
"VIX","10:41:27",16.6,0,3000,9569100,"S"
"VIX","10:41:26",16.55,-0.05,1500,9566100,"B"
"VIX","10:41:25",16.6,0,200,9564600,"S"
"VIX","10:41:23",16.6,0,100,9564400,"S"
"VIX","10:41:22",16.6,0,100,9564300,"S"
"VIX","10:41:21",16.6,0,3000,9564200,"S"
"VIX","10:41:20",16.6,0,10000,9561200,"S"
"VIX","10:41:16",16.6,0,3600,9551200,"S"
"VIX","10:41:14",16.6,0,500,9547600,"S"
"VIX","10:41:13",16.6,0,20000,9547100,"S"
"VIX","10:41:12",16.6,0,200,9527100,"S"
"VIX","10:41:09",16.6,0,50000,9526900,"S"
"VIX","10:41:07",16.55,-0.05,800,9476900,"B"
"VIX","10:41:04",16.6,0,200,9476100,"S"
"VIX","10:41:00",16.6,0,2000,9475900,"S"
"VIX","10:40:58",16.6,0,1000,9473900,"S"
"VIX","10:40:56",16.6,0,100,9472900,"S"
"VIX","10:40:52",16.6,0,500,9472800,"S"
"VIX","10:40:45",16.6,0,1500,9472300,"S"
"VIX","10:40:35",16.6,0,1000,9470800,"S"
"VIX","10:40:34",16.6,0,500,9469800,"S"
"VIX","10:40:33",16.6,0,100,9469300,"S"
"VIX","10:40:22",16.6,0,200,9469200,"S"
"VIX","10:40:20",16.6,0,1000,9469000,"S"
"VIX","10:40:16",16.6,0,300,9468000,"S"
"VIX","10:40:14",16.6,0,100,9467700,"S"
"VIX","10:40:11",16.6,0,100,9467600,"S"
"VIX","10:40:09",16.6,0,3000,9467500,"S"
"VIX","10:40:06",16.6,0,7400,9464500,"S"
"VIX","10:40:02",16.55,-0.05,900,9457100,"B"
"VIX","10:39:55",16.6,0,1000,9456200,"S"
"VIX","10:39:54",16.6,0,1000,9455200,"S"
"VIX","10:39:34",16.6,0,2000,9454200,"S"
"VIX","10:39:29",16.6,0,500,9452200,"S"
"VIX","10:39:08",16.6,0,6000,9451700,"S"
"VIX","10:38:58",16.6,0,12800,9445700,"S"
"VIX","10:38:50",16.6,0,500,9432000,"S"
"VIX","10:38:45",16.6,0,1000,9431500,"S"
"VIX","10:38:32",16.6,0,2500,9430500,"S"
"VIX","10:38:32",16.6,0,1000,9428000,"S"
"VIX","10:38:30",16.55,-0.05,300,9427000,"B"
"VIX","10:38:29",16.55,-0.05,500,9426700,"B"
"VIX","10:38:11",16.55,-0.05,1000,9426200,"B"
"VIX","10:37:56",16.55,-0.05,1000,9425200,"B"
"VIX","10:37:56",16.6,0,1200,9424200,"S"
"VIX","10:37:54",16.6,0,2000,9423000,"S"
"VIX","10:37:53",16.55,-0.05,900,9421000,"B"
"VIX","10:37:15",16.55,-0.05,42000,9420100,"B"
"VIX","10:37:14",16.6,0,200,9378100,"S"
"VIX","10:37:10",16.6,0,1000,9377900,"S"
"VIX","10:36:58",16.6,0,10000,9376900,"S"
"VIX","10:36:53",16.6,0,400,9366900,"S"
"VIX","10:36:51",16.55,-0.05,4800,9366500,"B"
"VIX","10:36:46",16.6,0,271500,9361700,"B"
"VIX","10:36:45",16.6,0,5600,9090200,"B"
"VIX","10:36:30",16.6,0,20000,9084600,"B"
"VIX","10:36:04",16.6,0,1000,9064600,"B"
"VIX","10:36:00",16.6,0,5000,9063600,"B"
"VIX","10:35:53",16.6,0,6000,9058600,"B"
"VIX","10:35:48",16.6,0,800,9052600,"B"
"VIX","10:35:46",16.65,0.05,10000,9051800,"S"
"VIX","10:35:38",16.65,0.05,100,9041800,"S"
"VIX","10:35:25",16.65,0.05,400,9041700,"S"
"VIX","10:35:25",16.6,0,1000,9041300,"B"
"VIX","10:35:15",16.65,0.05,100,9040300,"S"
"VIX","10:35:01",16.65,0.05,400,9040200,"S"
"VIX","10:35:00",16.65,0.05,100,9039800,"S"
"VIX","10:34:58",16.65,0.05,500,9039700,"S"
"VIX","10:34:56",16.65,0.05,100,9039200,"S"
"VIX","10:34:55",16.65,0.05,2000,9039100,"S"
"VIX","10:34:49",16.65,0.05,1000,9037100,"S"
"VIX","10:34:44",16.6,0,900,9036100,"B"
"VIX","10:34:43",16.65,0.05,1000,9035200,"S"
"VIX","10:34:33",16.65,0.05,100,9034200,"S"
"VIX","10:34:17",16.65,0.05,1000,9034100,"S"
"VIX","10:34:09",16.65,0.05,100,9033100,"S"
"VIX","10:34:08",16.65,0.05,1000,9033000,"S"
"VIX","10:34:00",16.6,0,500,9032000,"B"
"VIX","10:33:55",16.65,0.05,1000,9031500,"S"
"VIX","10:33:52",16.6,0,90000,9030500,"B"
"VIX","10:33:42",16.6,0,800,8940500,"B"
"VIX","10:33:41",16.65,0.05,500,8939700,"S"
"VIX","10:33:40",16.65,0.05,1000,8939200,"S"
"VIX","10:33:32",16.65,0.05,2400,8938200,"S"
"VIX","10:33:01",16.65,0.05,2000,8935800,"S"
"VIX","10:32:55",16.6,0,1500,8933800,"B"
"VIX","10:32:55",16.65,0.05,1000,8932300,"S"
"VIX","10:32:53",16.65,0.05,300,8931300,"S"
"VIX","10:32:44",16.6,0,100,8931000,"B"
"VIX","10:32:40",16.65,0.05,200,8930900,"S"
"VIX","10:32:40",16.6,0,800,8930700,"B"
"VIX","10:32:01",16.6,0,500,8929900,"B"
"VIX","10:31:54",16.6,0,100,8929400,"B"
"VIX","10:31:42",16.65,0.05,500,8929300,"S"
"VIX","10:31:38",16.65,0.05,100,8928800,"S"
"VIX","10:31:35",16.65,0.05,1200,8928700,"S"
"VIX","10:31:34",16.65,0.05,500,8927500,"S"
"VIX","10:31:34",16.6,0,900,8927000,"B"
"VIX","10:31:34",16.65,0.05,100,8926100,"S"
"VIX","10:31:29",16.65,0.05,100,8926000,"S"
"VIX","10:31:16",16.65,0.05,1000,8925900,"S"
"VIX","10:31:16",16.65,0.05,100,8924900,"S"
"VIX","10:31:15",16.65,0.05,500,8924800,"S"
"VIX","10:31:06",16.65,0.05,5000,8924300,"S"
"VIX","10:31:05",16.65,0.05,100,8919300,"S"
"VIX","10:31:00",16.65,0.05,500,8919200,"S"
"VIX","10:30:55",16.65,0.05,700,8918700,"S"
"VIX","10:30:52",16.65,0.05,3500,8918000,"S"
"VIX","10:30:50",16.65,0.05,1000,8914500,"S"
"VIX","10:30:42",16.65,0.05,100,8913500,"S"
"VIX","10:30:34",16.65,0.05,1000,8913400,"S"
"VIX","10:30:30",16.65,0.05,1000,8912400,"S"
"VIX","10:30:29",16.6,0,900,8911400,"B"
"VIX","10:30:20",16.65,0.05,10000,8910500,"S"
"VIX","10:30:17",16.65,0.05,20000,8900500,"S"
"VIX","10:30:13",16.65,0.05,1000,8880500,"S"
"VIX","10:30:09",16.65,0.05,2000,8879500,"S"
"VIX","10:30:06",16.65,0.05,1000,8877500,"S"
"VIX","10:30:04",16.65,0.05,2000,8876500,"S"
"VIX","10:30:00",16.65,0.05,500,8874500,"S"
"VIX","10:29:55",16.6,0,600,8874000,"B"
"VIX","10:29:54",16.65,0.05,2000,8873400,"S"
"VIX","10:29:54",16.65,0.05,400,8871400,"S"
"VIX","10:29:53",16.65,0.05,600,8871000,"S"
"VIX","10:29:48",16.65,0.05,1000,8870400,"S"
"VIX","10:29:43",16.65,0.05,8000,8869400,"S"
"VIX","10:29:38",16.65,0.05,500,8861400,"S"
"VIX","10:29:32",16.65,0.05,500,8860900,"S"
"VIX","10:29:31",16.65,0.05,10600,8860400,"B"
"VIX","10:29:28",16.65,0.05,5800,8849800,"B"
"VIX","10:29:25",16.65,0.05,5500,8844000,"S"
"VIX","10:29:23",16.65,0.05,1000,8838500,"B"
"VIX","10:29:22",16.65,0.05,6400,8837500,"S"
"VIX","10:29:20",16.65,0.05,2000,8831100,"S"
"VIX","10:29:18",16.65,0.05,1000,8829100,"S"
"VIX","10:29:16",16.65,0.05,1000,8828100,"S"
"VIX","10:29:12",16.65,0.05,3000,8827100,"S"
"VIX","10:29:09",16.65,0.05,5000,8824100,"S"
"VIX","10:29:04",16.65,0.05,500,8819100,"S"
"VIX","10:29:03",16.65,0.05,5900,8818600,"B"
"VIX","10:29:01",16.65,0.05,9800,8812700,"S"
"VIX","10:29:00",16.65,0.05,7700,8802900,"S"
"VIX","10:28:56",16.65,0.05,5000,8795200,"S"
"VIX","10:28:56",16.65,0.05,900,8790200,"S"
"VIX","10:28:55",16.65,0.05,10000,8789300,"S"
"VIX","10:28:52",16.65,0.05,200,8779300,"S"
"VIX","10:28:51",16.65,0.05,1000,8779100,"S"
"VIX","10:28:48",16.65,0.05,5000,8778100,"S"
"VIX","10:28:43",16.65,0.05,2100,8773100,"S"
"VIX","10:28:35",16.6,0,1800,8771000,"B"
"VIX","10:28:35",16.65,0.05,1000,8769200,"S"
"VIX","10:28:32",16.65,0.05,100,8768200,"S"
"VIX","10:28:30",16.65,0.05,5000,8768100,"S"
"VIX","10:28:28",16.65,0.05,100,8763100,"S"
"VIX","10:28:25",16.65,0.05,100,8762200,"S"
"VIX","10:28:23",16.65,0.05,2800,8762100,"S"
"VIX","10:28:21",16.65,0.05,3700,8759300,"S"
"VIX","10:28:20",16.65,0.05,500,8755600,"S"
"VIX","10:28:18",16.65,0.05,5000,8755100,"S"
"VIX","10:28:18",16.65,0.05,5500,8750100,"S"
"VIX","10:28:14",16.65,0.05,300,8744600,"S"
"VIX","10:28:13",16.65,0.05,100,8744300,"S"
"VIX","10:28:07",16.65,0.05,1700,8744200,"S"
"VIX","10:28:07",16.65,0.05,2500,8742500,"S"
"VIX","10:28:04",16.65,0.05,1000,8740000,"S"
"VIX","10:28:01",16.65,0.05,2700,8739000,"S"
"VIX","10:28:01",16.65,0.05,1000,8736300,"S"
"VIX","10:27:58",16.65,0.05,12000,8735300,"S"
"VIX","10:27:57",16.65,0.05,5000,8723300,"S"
"VIX","10:27:55",16.65,0.05,2500,8718300,"S"
"VIX","10:27:54",16.6,0,1000,8715800,"B"
