"symbol","time","price","change","vol","total","side"
"LDG","14:45:00",3.05,0.11,74400,4248900,
"LDG","14:29:57",3.05,0.11,30000,4174500,"S"
"LDG","14:29:45",3.05,0.11,1900,4144500,"S"
"LDG","14:29:44",3.05,0.11,11400,4142600,"S"
"LDG","14:29:43",3.05,0.11,3000,4131200,"S"
"LDG","14:29:38",3.04,0.1,2000,4128200,"B"
"LDG","14:29:22",3.05,0.11,30000,4126200,"S"
"LDG","14:29:20",3.04,0.1,2200,4096200,"B"
"LDG","14:29:13",3.04,0.1,500,4094000,"B"
"LDG","14:29:11",3.04,0.1,900,4093500,"B"
"LDG","14:28:59",3.04,0.1,2000,4092600,"B"
"LDG","14:28:51",3.04,0.1,2000,4090600,"B"
"LDG","14:28:42",3.04,0.1,400,4088600,"B"
"LDG","14:28:28",3.04,0.1,12400,4088200,"B"
"LDG","14:28:20",3.04,0.1,1700,4075800,"B"
"LDG","14:27:58",3.05,0.11,5000,4074100,"S"
"LDG","14:27:56",3.04,0.1,10100,4069100,"B"
"LDG","14:27:37",3.05,0.11,1000,4059000,"S"
"LDG","14:27:29",3.04,0.1,11000,4058000,"B"
"LDG","14:27:26",3.05,0.11,5000,4047000,"S"
"LDG","14:27:16",3.04,0.1,1000,4042000,"B"
"LDG","14:26:36",3.05,0.11,3000,4041000,"S"
"LDG","14:26:13",3.05,0.11,200,4038000,"S"
"LDG","14:25:53",3.05,0.11,3000,4037800,"S"
"LDG","14:25:45",3.04,0.1,5000,4034800,"B"
"LDG","14:24:55",3.04,0.1,600,4029800,"B"
"LDG","14:24:42",3.04,0.1,1000,4029200,"B"
"LDG","14:24:10",3.05,0.11,300,4028200,"S"
"LDG","14:24:01",3.04,0.1,100,4027900,"B"
"LDG","14:23:54",3.05,0.11,600,4027800,"S"
"LDG","14:23:52",3.04,0.1,1000,4027200,"B"
"LDG","14:23:49",3.04,0.1,800,4026200,"B"
"LDG","14:23:17",3.04,0.1,3000,4025400,"B"
"LDG","14:23:09",3.04,0.1,700,4022400,"B"
"LDG","14:23:05",3.04,0.1,5000,4021700,"B"
"LDG","14:22:53",3.05,0.11,10000,4016700,"S"
"LDG","14:22:51",3.04,0.1,100,4006700,"B"
"LDG","14:22:31",3.04,0.1,1000,4006600,"B"
"LDG","14:22:07",3.04,0.1,1000,4005600,"B"
"LDG","14:22:03",3.04,0.1,1600,4004600,"B"
"LDG","14:21:47",3.05,0.11,500,4003000,"S"
"LDG","14:21:36",3.04,0.1,1000,4002500,"B"
"LDG","14:21:28",3.05,0.11,100,4001500,"S"
"LDG","14:21:17",3.04,0.1,500,4001400,"B"
"LDG","14:21:10",3.04,0.1,500,4000900,"B"
"LDG","14:20:56",3.04,0.1,600,4000400,"B"
"LDG","14:20:53",3.04,0.1,5000,3999800,"B"
"LDG","14:20:41",3.04,0.1,700,3994800,"B"
"LDG","14:20:28",3.04,0.1,5000,3994100,"B"
"LDG","14:20:12",3.04,0.1,1000,3989100,"B"
"LDG","14:20:05",3.04,0.1,1000,3988100,"B"
"LDG","14:19:50",3.04,0.1,500,3987100,"B"
"LDG","14:19:43",3.05,0.11,5000,3986600,"S"
"LDG","14:19:40",3.04,0.1,500,3981600,"B"
"LDG","14:19:29",3.04,0.1,3500,3981100,"B"
"LDG","14:18:32",3.05,0.11,1000,3977600,"S"
"LDG","14:18:29",3.04,0.1,1000,3976600,"B"
"LDG","14:18:21",3.05,0.11,200,3975600,"S"
"LDG","14:18:17",3.04,0.1,1000,3975400,"B"
"LDG","14:18:05",3.04,0.1,1000,3974400,"B"
"LDG","14:17:34",3.04,0.1,5000,3973400,"B"
"LDG","14:17:06",3.05,0.11,500,3968400,"S"
"LDG","14:17:04",3.05,0.11,500,3967900,"S"
"LDG","14:16:58",3.05,0.11,1000,3967400,"S"
"LDG","14:16:21",3.05,0.11,200,3966400,"S"
"LDG","14:16:11",3.05,0.11,100,3966200,"S"
"LDG","14:15:43",3.05,0.11,100,3966100,"S"
"LDG","14:15:19",3.04,0.1,1000,3966000,"B"
"LDG","14:15:10",3.05,0.11,100,3965000,"S"
"LDG","14:14:24",3.05,0.11,300,3964900,"S"
"LDG","14:13:59",3.05,0.11,100,3964600,"S"
"LDG","14:13:36",3.05,0.11,100,3964500,"S"
"LDG","14:13:28",3.04,0.1,100,3964400,"B"
"LDG","14:13:22",3.04,0.1,1000,3964300,"B"
"LDG","14:13:19",3.04,0.1,100,3963300,"B"
"LDG","14:12:24",3.04,0.1,500,3963200,"B"
"LDG","14:11:10",3.04,0.1,700,3962700,"B"
"LDG","14:10:41",3.04,0.1,500,3962000,"B"
"LDG","14:10:32",3.04,0.1,3000,3961500,"B"
"LDG","14:10:27",3.04,0.1,3000,3958500,"B"
"LDG","14:10:21",3.04,0.1,1100,3955500,"B"
"LDG","14:10:06",3.04,0.1,5000,3954400,"B"
"LDG","14:09:57",3.04,0.1,238200,3949400,"S"
"LDG","14:09:50",3.04,0.1,200,3711200,"S"
"LDG","14:09:48",3.03,0.09,100,3711000,"B"
"LDG","14:09:45",3.04,0.1,7300,3710900,"S"
"LDG","14:09:23",3.04,0.1,100,3703600,"S"
"LDG","14:09:02",3.03,0.09,1000,3703500,"B"
"LDG","14:08:46",3.03,0.09,16000,3702500,"B"
"LDG","14:08:40",3.03,0.09,8100,3686500,"B"
"LDG","14:08:36",3.04,0.1,1000,3678400,"S"
"LDG","14:07:50",3.03,0.09,500,3677400,"B"
"LDG","14:07:17",3.03,0.09,1000,3676900,"B"
"LDG","14:07:00",3.03,0.09,600,3675900,"B"
"LDG","14:06:59",3.04,0.1,1000,3675300,"S"
"LDG","14:05:25",3.03,0.09,3000,3674300,"B"
"LDG","14:04:37",3.03,0.09,100,3671300,"B"
"LDG","14:04:01",3.03,0.09,100,3671200,"B"
"LDG","14:03:54",3.03,0.09,500,3671100,"B"
"LDG","14:03:23",3.03,0.09,5800,3670600,"B"
"LDG","14:03:09",3.03,0.09,5000,3664800,"B"
"LDG","14:02:34",3.03,0.09,500,3659800,"B"
"LDG","14:01:53",3.03,0.09,1000,3659300,"B"
"LDG","14:01:39",3.04,0.1,100,3658300,"S"
"LDG","14:01:22",3.04,0.1,100,3658200,"S"
"LDG","14:01:11",3.04,0.1,300,3658100,"S"
"LDG","14:00:56",3.03,0.09,100,3657800,"B"
"LDG","14:00:54",3.03,0.09,20000,3657700,"B"
"LDG","14:00:26",3.03,0.09,1600,3637700,"B"
"LDG","13:58:20",3.04,0.1,100,3636100,"S"
"LDG","13:57:38",3.03,0.09,3000,3636000,"B"
"LDG","13:57:37",3.03,0.09,7700,3633000,"B"
"LDG","13:56:16",3.03,0.09,20000,3625300,"B"
"LDG","13:55:53",3.04,0.1,1100,3605300,"B"
"LDG","13:55:53",3.04,0.1,4000,3604200,"B"
"LDG","13:55:22",3.04,0.1,2000,3600200,"B"
"LDG","13:55:11",3.04,0.1,600,3598200,"B"
"LDG","13:54:59",3.04,0.1,4500,3597600,"B"
"LDG","13:54:46",3.04,0.1,7000,3593100,"B"
"LDG","13:54:18",3.04,0.1,100,3586100,"B"
"LDG","13:53:48",3.04,0.1,1000,3586000,"B"
"LDG","13:53:46",3.05,0.11,500,3585000,"S"
"LDG","13:53:27",3.04,0.1,3000,3584500,"B"
"LDG","13:53:14",3.04,0.1,1000,3581500,"B"
"LDG","13:52:41",3.05,0.11,200,3580500,"S"
"LDG","13:52:39",3.04,0.1,6200,3580300,"B"
"LDG","13:52:16",3.05,0.11,200,3574100,"S"
"LDG","13:51:05",3.05,0.11,200,3573900,"S"
"LDG","13:50:49",3.04,0.1,1000,3573700,"B"
"LDG","13:50:48",3.04,0.1,3600,3572700,"S"
"LDG","13:50:17",3.04,0.1,10000,3569100,"S"
"LDG","13:50:02",3.04,0.1,1000,3559100,"S"
"LDG","13:49:47",3.04,0.1,200,3558100,"S"
"LDG","13:49:31",3.04,0.1,100,3557900,"S"
"LDG","13:49:06",3.04,0.1,200,3557800,"S"
"LDG","13:48:43",3.04,0.1,200,3557600,"S"
"LDG","13:48:42",3.04,0.1,500,3557400,"B"
"LDG","13:48:31",3.04,0.1,100,3556900,"B"
"LDG","13:48:07",3.04,0.1,800,3556800,"B"
"LDG","13:47:47",3.04,0.1,100,3556000,"B"
"LDG","13:47:17",3.04,0.1,200,3555900,"B"
"LDG","13:47:16",3.04,0.1,200,3555700,"B"
"LDG","13:47:13",3.04,0.1,1100,3555500,"B"
"LDG","13:46:47",3.04,0.1,2400,3554400,"S"
"LDG","13:46:38",3.04,0.1,2600,3552000,"B"
"LDG","13:46:36",3.04,0.1,200,3549400,"B"
"LDG","13:46:33",3.04,0.1,1000,3549200,"B"
"LDG","13:46:19",3.04,0.1,500,3548200,"B"
"LDG","13:46:16",3.04,0.1,600,3547700,"S"
"LDG","13:46:05",3.04,0.1,10000,3547100,"S"
"LDG","13:46:00",3.04,0.1,300,3537100,"S"
"LDG","13:45:58",3.04,0.1,100,3536800,"S"
"LDG","13:45:13",3.04,0.1,100,3536700,"S"
"LDG","13:45:00",3.03,0.09,300,3536600,"B"
"LDG","13:44:46",3.04,0.1,500,3536300,"S"
"LDG","13:44:17",3.04,0.1,2000,3535800,"S"
"LDG","13:43:52",3.04,0.1,100,3533800,"S"
"LDG","13:43:25",3.04,0.1,100,3533700,"S"
"LDG","13:42:51",3.04,0.1,300,3533600,"S"
"LDG","13:42:44",3.04,0.1,4000,3533300,"B"
"LDG","13:42:15",3.04,0.1,11400,3529300,"S"
"LDG","13:42:07",3.04,0.1,1000,3517900,"S"
"LDG","13:41:58",3.04,0.1,5000,3516900,"S"
"LDG","13:41:34",3.04,0.1,100,3511900,"S"
"LDG","13:41:14",3.04,0.1,1000,3511800,"S"
"LDG","13:40:55",3.04,0.1,5000,3510800,"S"
"LDG","13:40:21",3.04,0.1,5100,3505800,"S"
"LDG","13:39:46",3.04,0.1,300,3500700,"S"
"LDG","13:38:53",3.04,0.1,9200,3500400,"B"
"LDG","13:38:46",3.04,0.1,400,3491200,"B"
"LDG","13:38:36",3.04,0.1,35000,3490800,"B"
"LDG","13:38:32",3.04,0.1,3000,3455800,"B"
"LDG","13:38:09",3.04,0.1,2000,3452800,"B"
"LDG","13:37:59",3.04,0.1,11100,3450800,"S"
"LDG","13:37:30",3.04,0.1,1100,3439700,"S"
"LDG","13:37:26",3.03,0.09,500,3438600,"B"
"LDG","13:37:21",3.04,0.1,200,3438100,"S"
"LDG","13:37:16",3.04,0.1,100,3437900,"S"
"LDG","13:37:11",3.03,0.09,3000,3437800,"B"
"LDG","13:36:57",3.04,0.1,3000,3434800,"S"
"LDG","13:36:54",3.04,0.1,1000,3431800,"S"
"LDG","13:36:44",3.04,0.1,4500,3430800,"S"
"LDG","13:35:55",3.04,0.1,3100,3426300,"S"
"LDG","13:35:35",3.04,0.1,1400,3423200,"S"
"LDG","13:35:30",3.04,0.1,1000,3421800,"S"
"LDG","13:35:08",3.04,0.1,700,3420800,"S"
"LDG","13:34:41",3.04,0.1,200,3420100,"S"
"LDG","13:34:38",3.04,0.1,300,3419900,"S"
"LDG","13:34:32",3.04,0.1,10000,3419600,"S"
"LDG","13:33:36",3.04,0.1,100,3409600,"S"
"LDG","13:33:33",3.04,0.1,100,3409500,"S"
"LDG","13:33:22",3.04,0.1,2000,3409400,"S"
"LDG","13:33:15",3.04,0.1,300,3407400,"S"
"LDG","13:32:39",3.04,0.1,2500,3407100,"S"
"LDG","13:31:36",3.04,0.1,100,3404600,"S"
"LDG","13:31:04",3.03,0.09,12100,3404500,"B"
"LDG","13:30:51",3.04,0.1,200,3392400,"S"
"LDG","13:30:19",3.04,0.1,100,3392200,"S"
"LDG","13:30:03",3.04,0.1,200,3392100,"S"
"LDG","13:29:59",3.04,0.1,11600,3391900,"B"
"LDG","13:29:43",3.04,0.1,100,3380300,"B"
"LDG","13:29:42",3.04,0.1,100,3380200,"B"
"LDG","13:29:39",3.04,0.1,100,3380100,"B"
"LDG","13:29:37",3.04,0.1,100,3380000,"B"
"LDG","13:29:36",3.04,0.1,100,3379900,"B"
"LDG","13:28:38",3.04,0.1,100,3379800,"B"
"LDG","13:28:30",3.04,0.1,2200,3379700,"S"
"LDG","13:28:28",3.03,0.09,600,3377500,"B"
"LDG","13:28:19",3.03,0.09,100,3376900,"B"
"LDG","13:28:18",3.04,0.1,300,3376800,"S"
"LDG","13:28:14",3.04,0.1,500,3376500,"S"
"LDG","13:28:11",3.04,0.1,1000,3376000,"S"
"LDG","13:27:55",3.03,0.09,100,3375000,"B"
"LDG","13:27:47",3.04,0.1,800,3374900,"S"
"LDG","13:27:45",3.04,0.1,300,3374100,"S"
"LDG","13:27:41",3.04,0.1,6400,3373800,"B"
"LDG","13:27:32",3.05,0.11,3000,3367400,"S"
"LDG","13:27:20",3.04,0.1,300,3364400,"B"
"LDG","13:27:19",3.04,0.1,27000,3364100,"B"
"LDG","13:27:04",3.04,0.1,500,3337100,"B"
"LDG","13:27:02",3.05,0.11,800,3336600,"S"
"LDG","13:26:47",3.04,0.1,6900,3335800,"S"
"LDG","13:26:26",3.04,0.1,100,3328900,"S"
"LDG","13:26:14",3.04,0.1,100,3328800,"S"
"LDG","13:26:08",3.04,0.1,900,3328700,"S"
"LDG","13:25:52",3.04,0.1,100,3327800,"S"
"LDG","13:25:43",3.04,0.1,70000,3327700,"S"
"LDG","13:23:52",3.03,0.09,2000,3257700,"B"
"LDG","13:23:45",3.04,0.1,100,3255700,"S"
"LDG","13:23:40",3.04,0.1,100,3255600,"S"
"LDG","13:23:13",3.04,0.1,1000,3255500,"S"
"LDG","13:22:32",3.04,0.1,5000,3254500,"S"
"LDG","13:21:52",3.04,0.1,15600,3249500,"S"
"LDG","13:21:44",3.04,0.1,3400,3233900,"S"
"LDG","13:21:27",3.03,0.09,100,3230500,"B"
"LDG","13:21:07",3.03,0.09,100,3230400,"B"
"LDG","13:20:48",3.03,0.09,200,3230300,"B"
"LDG","13:20:38",3.04,0.1,2000,3230100,"S"
"LDG","13:20:33",3.04,0.1,5000,3228100,"S"
"LDG","13:20:06",3.03,0.09,100,3223100,"B"
"LDG","13:19:55",3.04,0.1,5000,3223000,"S"
"LDG","13:19:48",3.04,0.1,200,3218000,"S"
"LDG","13:19:37",3.04,0.1,100,3217800,"S"
"LDG","13:19:28",3.03,0.09,400,3217700,"B"
"LDG","13:19:22",3.03,0.09,2000,3217300,"B"
"LDG","13:19:06",3.03,0.09,500,3215300,"B"
"LDG","13:18:45",3.04,0.1,11000,3214800,"S"
"LDG","13:18:31",3.04,0.1,100,3203800,"S"
"LDG","13:18:29",3.03,0.09,1000,3203700,"B"
"LDG","13:18:14",3.03,0.09,3000,3202700,"B"
"LDG","13:18:07",3.04,0.1,5000,3199700,"S"
"LDG","13:17:53",3.03,0.09,2000,3194700,"B"
"LDG","13:17:39",3.03,0.09,4700,3192700,"B"
"LDG","13:17:32",3.03,0.09,700,3188000,"B"
"LDG","13:17:28",3.03,0.09,10000,3187300,"B"
"LDG","13:16:03",3.03,0.09,100,3177300,"B"
"LDG","13:15:33",3.03,0.09,5000,3177200,"B"
"LDG","13:15:22",3.03,0.09,2000,3172200,"B"
"LDG","13:14:49",3.03,0.09,2900,3170200,"B"
"LDG","13:14:29",3.03,0.09,8700,3167300,"B"
"LDG","13:13:47",3.03,0.09,3000,3158600,"B"
"LDG","13:13:16",3.04,0.1,1000,3155600,"S"
"LDG","13:12:53",3.04,0.1,200,3154600,"S"
"LDG","13:11:47",3.04,0.1,100,3154400,"S"
"LDG","13:11:16",3.03,0.09,500,3154300,"B"
"LDG","13:11:09",3.03,0.09,100,3153800,"B"
"LDG","13:10:10",3.03,0.09,100,3153700,"B"
"LDG","13:10:07",3.04,0.1,700,3153600,"S"
"LDG","13:10:02",3.04,0.1,5000,3152900,"S"
"LDG","13:09:58",3.04,0.1,200,3147900,"S"
"LDG","13:09:53",3.04,0.1,400,3147700,"S"
"LDG","13:09:48",3.04,0.1,200,3147300,"S"
"LDG","13:09:31",3.04,0.1,10000,3147100,"S"
"LDG","13:09:15",3.04,0.1,500,3137100,"S"
"LDG","13:09:06",3.04,0.1,600,3136600,"S"
"LDG","13:08:55",3.04,0.1,49400,3136000,"B"
"LDG","13:08:48",3.04,0.1,1600,3086600,"S"
"LDG","13:08:46",3.04,0.1,200,3085000,"S"
"LDG","13:08:39",3.04,0.1,300,3084800,"S"
"LDG","13:08:28",3.04,0.1,1500,3084500,"S"
"LDG","13:08:05",3.04,0.1,3000,3083000,"S"
"LDG","13:08:01",3.04,0.1,1700,3080000,"S"
"LDG","13:08:00",3.04,0.1,1000,3078300,"S"
"LDG","13:07:54",3.04,0.1,1000,3077300,"S"
"LDG","13:07:43",3.04,0.1,600,3076300,"S"
"LDG","13:07:08",3.04,0.1,100,3075700,"S"
"LDG","13:06:59",3.04,0.1,500,3075600,"S"
"LDG","13:06:49",3.03,0.09,5600,3075100,"B"
"LDG","13:06:48",3.03,0.09,200,3069500,"B"
"LDG","13:06:19",3.03,0.09,100,3069300,"B"
"LDG","13:06:11",3.03,0.09,3000,3069200,"B"
"LDG","13:06:07",3.03,0.09,1000,3066200,"B"
"LDG","13:05:43",3.03,0.09,400,3065200,"B"
"LDG","13:05:32",3.03,0.09,1000,3064800,"B"
"LDG","13:04:18",3.03,0.09,1000,3063800,"B"
"LDG","13:04:18",3.04,0.1,2400,3062800,"B"
"LDG","13:04:13",3.04,0.1,600,3060400,"S"
"LDG","13:04:04",3.03,0.09,400,3059800,"B"
"LDG","13:03:54",3.03,0.09,4000,3059400,"B"
"LDG","13:03:50",3.04,0.1,2000,3055400,"S"
"LDG","13:03:41",3.03,0.09,100,3053400,"B"
"LDG","13:02:52",3.04,0.1,100,3053300,"S"
"LDG","13:02:45",3.04,0.1,100,3053200,"S"
"LDG","13:02:36",3.04,0.1,300,3053100,"S"
"LDG","13:02:16",3.04,0.1,5500,3052800,"B"
"LDG","13:02:12",3.05,0.11,100,3047300,"S"
"LDG","13:01:29",3.04,0.1,600,3047200,"B"
"LDG","13:00:59",3.04,0.1,100,3046600,"B"
"LDG","13:00:49",3.04,0.1,2600,3046500,"S"
"LDG","13:00:29",3.04,0.1,1000,3043900,"S"
"LDG","13:00:15",3.04,0.1,200,3042900,"S"
"LDG","13:00:15",3.04,0.1,6900,3042700,"B"
"LDG","13:00:11",3.05,0.11,11900,3035800,"S"
"LDG","13:00:11",3.04,0.1,200,3023900,"B"
"LDG","13:00:10",3.04,0.1,4100,3023700,"B"
"LDG","13:00:09",3.04,0.1,1500,3019600,"B"
"LDG","13:00:09",3.05,0.11,200,3018100,"S"
"LDG","13:00:08",3.04,0.1,400,3017900,"B"
"LDG","13:00:08",3.04,0.1,25000,3017500,"B"
"LDG","13:00:06",3.04,0.1,1000,2992500,"B"
"LDG","13:00:06",3.04,0.1,500,2991500,"B"
"LDG","13:00:05",3.04,0.1,69800,2991000,"B"
"LDG","13:00:05",3.04,0.1,15000,2921200,"B"
"LDG","13:00:03",3.04,0.1,4800,2906200,"B"
"LDG","13:00:02",3.04,0.1,200,2901400,"B"
"LDG","13:00:02",3.05,0.11,100,2901200,"S"
"LDG","13:00:02",3.04,0.1,100,2901100,"B"
"LDG","13:00:02",3.05,0.11,200,2901000,"S"
"LDG","13:00:02",3.04,0.1,500,2900800,"B"
"LDG","13:00:01",3.04,0.1,800,2900300,"B"
"LDG","13:00:00",3.04,0.1,5500,2899500,"B"
"LDG","13:00:00",3.05,0.11,800,2894000,"S"
"LDG","11:29:52",3.04,0.1,100,2893200,"B"
"LDG","11:29:38",3.05,0.11,500,2893100,"S"
"LDG","11:29:35",3.05,0.11,3200,2892600,"S"
"LDG","11:29:22",3.05,0.11,100,2889400,"S"
"LDG","11:28:51",3.05,0.11,1200,2889300,"S"
"LDG","11:28:08",3.04,0.1,100,2888100,"B"
"LDG","11:28:01",3.04,0.1,100,2888000,"B"
"LDG","11:27:55",3.04,0.1,1000,2887900,"B"
"LDG","11:27:43",3.04,0.1,25900,2886900,"B"
"LDG","11:26:42",3.04,0.1,100,2861000,"B"
"LDG","11:26:17",3.04,0.1,100,2860900,"B"
"LDG","11:26:14",3.04,0.1,8800,2860800,"B"
"LDG","11:25:26",3.04,0.1,1500,2852000,"B"
"LDG","11:25:01",3.04,0.1,100,2850500,"B"
"LDG","11:24:29",3.04,0.1,200,2850400,"B"
"LDG","11:23:40",3.04,0.1,29800,2850200,"S"
"LDG","11:22:59",3.04,0.1,200,2820400,"S"
"LDG","11:22:09",3.04,0.1,2000,2820200,"S"
"LDG","11:21:45",3.04,0.1,1000,2818200,"S"
"LDG","11:20:35",3.04,0.1,900,2817200,"S"
"LDG","11:20:16",3.04,0.1,2600,2816300,"S"
"LDG","11:19:58",3.03,0.09,2800,2813700,"B"
"LDG","11:19:58",3.04,0.1,200,2810900,"B"
"LDG","11:19:50",3.04,0.1,100,2810700,"S"
"LDG","11:19:44",3.04,0.1,14900,2810600,"B"
"LDG","11:18:50",3.04,0.1,11800,2795700,"B"
"LDG","11:18:39",3.04,0.1,200,2783900,"B"
"LDG","11:18:28",3.04,0.1,10000,2783700,"B"
"LDG","11:18:14",3.04,0.1,100,2773700,"B"
"LDG","11:18:04",3.04,0.1,1800,2773600,"B"
"LDG","11:17:01",3.04,0.1,500,2771800,"B"
"LDG","11:16:27",3.05,0.11,3500,2771300,"B"
"LDG","11:16:25",3.05,0.11,5000,2767800,"B"
"LDG","11:16:14",3.05,0.11,900,2762800,"B"
"LDG","11:16:11",3.05,0.11,8600,2761900,"S"
"LDG","11:16:04",3.05,0.11,10000,2753300,"S"
"LDG","11:15:10",3.05,0.11,34200,2743300,"B"
"LDG","11:14:58",3.05,0.11,2100,2709100,"B"
"LDG","11:14:46",3.05,0.11,2000,2707000,"B"
"LDG","11:14:31",3.05,0.11,10100,2705000,"S"
"LDG","11:14:30",3.05,0.11,37600,2694900,"S"
"LDG","11:14:22",3.05,0.11,100,2657300,"S"
"LDG","11:14:07",3.05,0.11,10000,2657200,"S"
"LDG","11:13:55",3.05,0.11,2300,2647200,"B"
"LDG","11:13:52",3.06,0.12,3300,2644900,"S"
"LDG","11:13:51",3.06,0.12,12800,2641600,"S"
"LDG","11:13:51",3.05,0.11,1000,2628800,"B"
"LDG","11:13:42",3.05,0.11,100,2627800,"B"
"LDG","11:13:42",3.05,0.11,2000,2627700,"B"
"LDG","11:13:40",3.05,0.11,1000,2625700,"B"
"LDG","11:13:36",3.05,0.11,11100,2624700,"B"
"LDG","11:13:15",3.05,0.11,100,2613600,"B"
"LDG","11:12:50",3.05,0.11,500,2613500,"B"
"LDG","11:12:30",3.05,0.11,100,2613000,"B"
"LDG","11:12:29",3.05,0.11,100,2612900,"B"
"LDG","11:12:24",3.05,0.11,88600,2612800,"S"
"LDG","11:12:19",3.05,0.11,1700,2524200,"S"
"LDG","11:12:11",3.04,0.1,300,2522500,"B"
"LDG","11:12:02",3.04,0.1,12000,2522200,"S"
"LDG","11:11:51",3.04,0.1,500,2510200,"S"
"LDG","11:11:34",3.04,0.1,2000,2509700,"S"
"LDG","11:10:19",3.04,0.1,300,2507700,"S"
"LDG","11:10:02",3.04,0.1,700,2507400,"S"
"LDG","11:09:40",3.04,0.1,300,2506700,"S"
"LDG","11:09:18",3.04,0.1,5000,2506400,"S"
"LDG","11:08:59",3.04,0.1,5000,2501400,"S"
"LDG","11:08:45",3.03,0.09,2600,2496400,"B"
"LDG","11:08:45",3.04,0.1,500,2493800,"S"
"LDG","11:08:43",3.04,0.1,20000,2493300,"S"
"LDG","11:07:52",3.04,0.1,8000,2473300,"S"
"LDG","11:07:19",3.04,0.1,13700,2465300,"S"
"LDG","11:07:11",3.04,0.1,10000,2451600,"S"
"LDG","11:07:06",3.04,0.1,600,2441600,"S"
"LDG","11:04:57",3.04,0.1,100,2441000,"S"
"LDG","11:04:33",3.03,0.09,2300,2440900,"B"
"LDG","11:03:53",3.03,0.09,300,2438600,"B"
"LDG","11:02:58",3.03,0.09,3200,2438300,"B"
"LDG","11:00:10",3.04,0.1,10000,2435100,"S"
"LDG","11:00:04",3.04,0.1,10000,2425100,"S"
"LDG","10:58:57",3.04,0.1,5000,2415100,"S"
"LDG","10:58:53",3.03,0.09,100,2410100,"B"
"LDG","10:58:51",3.04,0.1,400,2410000,"S"
"LDG","10:58:21",3.04,0.1,34000,2409600,"S"
"LDG","10:58:11",3.03,0.09,4000,2375600,"B"
"LDG","10:58:00",3.03,0.09,5000,2371600,"B"
"LDG","10:57:56",3.03,0.09,100,2366600,"B"
"LDG","10:57:44",3.03,0.09,500,2366500,"B"
"LDG","10:57:23",3.03,0.09,100,2366000,"B"
"LDG","10:57:16",3.03,0.09,100,2365900,"B"
"LDG","10:56:30",3.03,0.09,100,2365800,"B"
"LDG","10:56:17",3.03,0.09,1100,2365700,"B"
"LDG","10:56:12",3.03,0.09,6000,2364600,"B"
"LDG","10:55:59",3.03,0.09,5100,2358600,"B"
"LDG","10:55:34",3.03,0.09,2500,2353500,"B"
"LDG","10:55:10",3.03,0.09,100,2351000,"B"
"LDG","10:55:01",3.04,0.1,500,2350900,"S"
"LDG","10:54:47",3.03,0.09,100,2350400,"B"
"LDG","10:54:42",3.03,0.09,100,2350300,"B"
"LDG","10:54:26",3.04,0.1,2000,2350200,"S"
"LDG","10:54:02",3.04,0.1,1000,2348200,"S"
"LDG","10:53:35",3.04,0.1,500,2347200,"S"
"LDG","10:53:33",3.04,0.1,200,2346700,"S"
"LDG","10:52:46",3.04,0.1,600,2346500,"S"
"LDG","10:52:44",3.04,0.1,200,2345900,"S"
"LDG","10:52:32",3.04,0.1,200,2345700,"S"
"LDG","10:52:09",3.04,0.1,200,2345500,"S"
"LDG","10:51:15",3.04,0.1,400,2345300,"S"
"LDG","10:51:11",3.04,0.1,200,2344900,"S"
"LDG","10:50:46",3.03,0.09,500,2344700,"B"
"LDG","10:50:44",3.04,0.1,1900,2344200,"S"
"LDG","10:50:41",3.03,0.09,10000,2342300,"B"
"LDG","10:50:04",3.03,0.09,100,2332300,"B"
"LDG","10:49:44",3.03,0.09,5000,2332200,"B"
"LDG","10:49:30",3.03,0.09,100,2327200,"B"
"LDG","10:48:56",3.04,0.1,600,2327100,"S"
"LDG","10:48:04",3.03,0.09,400,2326500,"B"
"LDG","10:47:35",3.04,0.1,700,2326100,"S"
"LDG","10:46:53",3.04,0.1,600,2325400,"S"
"LDG","10:45:59",3.04,0.1,100,2324800,"S"
"LDG","10:45:44",3.04,0.1,600,2324700,"S"
"LDG","10:45:15",3.03,0.09,100,2324100,"B"
"LDG","10:44:49",3.03,0.09,400,2324000,"B"
"LDG","10:43:14",3.03,0.09,9700,2323600,"S"
"LDG","10:42:11",3.02,0.08,1800,2313900,"S"
"LDG","10:41:55",3.02,0.08,3200,2312100,"B"
"LDG","10:41:32",3.02,0.08,900,2308900,"B"
"LDG","10:39:40",3.03,0.09,2200,2308000,"S"
"LDG","10:39:20",3.03,0.09,100,2305800,"S"
"LDG","10:39:06",3.02,0.08,300,2305700,"S"
"LDG","10:38:40",3.02,0.08,2000,2305400,"S"
"LDG","10:38:10",3.02,0.08,100,2303400,"B"
"LDG","10:38:09",3.02,0.08,2100,2303300,"B"
"LDG","10:37:46",3.03,0.09,900,2301200,"S"
"LDG","10:37:27",3.03,0.09,200,2300300,"S"
"LDG","10:36:39",3.03,0.09,2000,2300100,"B"
"LDG","10:36:34",3.04,0.1,300,2298100,"S"
"LDG","10:36:24",3.04,0.1,100,2297800,"S"
"LDG","10:35:23",3.04,0.1,400,2297700,"S"
"LDG","10:35:14",3.03,0.09,300,2297300,"B"
"LDG","10:34:57",3.03,0.09,2000,2297000,"B"
"LDG","10:31:54",3.03,0.09,5000,2295000,"S"
"LDG","10:31:16",3.03,0.09,100,2290000,"B"
"LDG","10:30:31",3.04,0.1,1000,2289900,"S"
"LDG","10:29:22",3.04,0.1,100,2288900,"S"
"LDG","10:29:13",3.04,0.1,4200,2288800,"S"
"LDG","10:29:04",3.02,0.08,800,2284600,"S"
"LDG","10:28:44",3.04,0.1,8500,2283800,"S"
"LDG","10:28:44",3.03,0.09,88800,2275300,"S"
"LDG","10:28:44",3.02,0.08,21700,2186500,"S"
"LDG","10:28:25",3.01,0.07,5000,2164800,"B"
"LDG","10:28:22",3.02,0.08,100,2159800,"S"
"LDG","10:28:19",3.02,0.08,2000,2159700,"S"
"LDG","10:28:12",3.02,0.08,400,2157700,"S"
"LDG","10:27:54",3.02,0.08,500,2157300,"S"
"LDG","10:26:42",3.02,0.08,100,2156800,"S"
"LDG","10:26:05",3.01,0.07,1500,2156700,"B"
"LDG","10:25:37",3.01,0.07,60000,2155200,"B"
"LDG","10:25:29",3.02,0.08,100,2095200,"S"
"LDG","10:25:02",3.02,0.08,10000,2095100,"S"
"LDG","10:25:02",3.02,0.08,400,2085100,"S"
"LDG","10:25:00",3.02,0.08,2900,2084700,"B"
"LDG","10:24:25",3.02,0.08,300,2081800,"S"
"LDG","10:23:54",3.02,0.08,1000,2081500,"S"
"LDG","10:23:53",3.02,0.08,400,2080500,"S"
"LDG","10:23:52",3.02,0.08,600,2080100,"S"
"LDG","10:23:32",3.02,0.08,500,2079500,"S"
"LDG","10:23:01",3.02,0.08,10000,2079000,"S"
"LDG","10:22:38",3.02,0.08,5000,2069000,"S"
"LDG","10:22:34",3.02,0.08,5000,2064000,"S"
"LDG","10:22:25",3.02,0.08,21400,2059000,"B"
"LDG","10:21:37",3.02,0.08,200,2037600,"B"
"LDG","10:21:05",3.03,0.09,700,2037400,"S"
"LDG","10:21:02",3.03,0.09,2800,2036700,"S"
"LDG","10:20:49",3.03,0.09,300,2033900,"S"
"LDG","10:20:30",3.03,0.09,100,2033600,"S"
"LDG","10:18:44",3.03,0.09,500,2033500,"S"
"LDG","10:17:58",3.02,0.08,100,2033000,"B"
"LDG","10:17:22",3.02,0.08,100,2032900,"B"
"LDG","10:15:09",3.02,0.08,500,2032800,"B"
"LDG","10:15:06",3.02,0.08,5600,2032300,"B"
"LDG","10:15:05",3.02,0.08,5400,2026700,"B"
"LDG","10:14:43",3.03,0.09,3000,2021300,"S"
"LDG","10:14:01",3.02,0.08,4000,2018300,"B"
"LDG","10:13:40",3.02,0.08,3000,2014300,"B"
"LDG","10:13:37",3.02,0.08,100,2011300,"B"
"LDG","10:13:09",3.02,0.08,300,2011200,"B"
"LDG","10:12:32",3.02,0.08,10000,2010900,"B"
"LDG","10:11:42",3.02,0.08,100,2000900,"B"
"LDG","10:11:41",3.03,0.09,1000,2000800,"S"
"LDG","10:11:18",3.03,0.09,100,1999800,"S"
"LDG","10:11:08",3.03,0.09,1000,1999700,"S"
"LDG","10:10:52",3.03,0.09,100,1998700,"S"
"LDG","10:09:49",3.02,0.08,100,1998600,"B"
"LDG","10:09:33",3.02,0.08,100,1998500,"B"
"LDG","10:09:25",3.02,0.08,100,1998400,"B"
"LDG","10:09:03",3.02,0.08,1500,1998300,"B"
"LDG","10:08:19",3.02,0.08,100,1996800,"B"
"LDG","10:07:51",3.02,0.08,100,1996700,"B"
"LDG","10:07:49",3.02,0.08,100,1996600,"B"
"LDG","10:07:48",3.02,0.08,100,1996500,"B"
"LDG","10:07:46",3.02,0.08,100,1996400,"B"
"LDG","10:07:44",3.02,0.08,100,1996300,"B"
"LDG","10:07:13",3.02,0.08,8600,1996200,"S"
"LDG","10:06:56",3.02,0.08,6600,1987600,"S"
"LDG","10:06:49",3.02,0.08,800,1981000,"S"
"LDG","10:06:34",3.01,0.07,10000,1980200,"B"
"LDG","10:06:10",3.01,0.07,700,1970200,"B"
"LDG","10:04:40",3.01,0.07,2700,1969500,"B"
"LDG","10:04:25",3.01,0.07,2900,1966800,"S"
"LDG","10:04:22",3.01,0.07,400,1963900,"S"
"LDG","10:04:13",3.01,0.07,16700,1963500,"B"
"LDG","10:04:02",3.01,0.07,100,1946800,"B"
"LDG","10:02:57",3.01,0.07,6000,1946700,"B"
"LDG","10:01:44",3.01,0.07,2000,1940700,"B"
"LDG","10:01:22",3.01,0.07,200,1938700,"B"
"LDG","10:01:04",3.01,0.07,2000,1938500,"B"
"LDG","10:00:45",3.01,0.07,400,1936500,"B"
"LDG","10:00:21",3.01,0.07,33700,1936100,"B"
"LDG","10:00:21",3.02,0.08,1500,1902400,"B"
"LDG","10:00:21",3.02,0.08,14800,1900900,"B"
"LDG","10:00:11",3.02,0.08,1400,1886100,"B"
"LDG","09:59:56",3.02,0.08,1500,1884700,"B"
"LDG","09:58:42",3.03,0.09,2000,1883200,"S"
"LDG","09:58:35",3.03,0.09,500,1881200,"S"
"LDG","09:58:21",3.03,0.09,1000,1880700,"S"
"LDG","09:58:20",3.03,0.09,44500,1879700,"B"
"LDG","09:57:52",3.03,0.09,300,1835200,"B"
"LDG","09:57:51",3.03,0.09,1000,1834900,"B"
"LDG","09:57:19",3.03,0.09,1000,1833900,"B"
"LDG","09:57:01",3.03,0.09,6000,1832900,"B"
"LDG","09:56:43",3.03,0.09,4000,1826900,"B"
"LDG","09:56:42",3.03,0.09,46000,1822900,"B"
"LDG","09:56:42",3.03,0.09,5000,1776900,"B"
"LDG","09:56:08",3.04,0.1,8000,1771900,"B"
"LDG","09:56:00",3.05,0.11,2000,1763900,"S"
"LDG","09:55:58",3.04,0.1,10000,1761900,"B"
"LDG","09:55:37",3.04,0.1,20000,1751900,"B"
"LDG","09:55:37",3.05,0.11,5000,1731900,"S"
"LDG","09:55:06",3.05,0.11,800,1726900,"S"
"LDG","09:54:35",3.05,0.11,2000,1726100,"S"
"LDG","09:54:33",3.05,0.11,1700,1724100,"B"
"LDG","09:54:30",3.05,0.11,100,1722400,"B"
"LDG","09:54:10",3.05,0.11,5000,1722300,"B"
"LDG","09:54:06",3.05,0.11,8000,1717300,"B"
"LDG","09:53:56",3.05,0.11,100,1709300,"B"
"LDG","09:53:39",3.05,0.11,11000,1709200,"B"
"LDG","09:53:34",3.05,0.11,1500,1698200,"B"
"LDG","09:53:22",3.05,0.11,7000,1696700,"B"
"LDG","09:53:21",3.05,0.11,30000,1689700,"B"
"LDG","09:53:18",3.05,0.11,100,1659700,"B"
"LDG","09:53:17",3.06,0.12,100,1659600,"S"
"LDG","09:53:02",3.05,0.11,1000,1659500,"B"
"LDG","09:52:34",3.05,0.11,100,1658500,"B"
"LDG","09:51:54",3.05,0.11,67800,1658400,"S"
"LDG","09:51:39",3.04,0.1,1000,1590600,"B"
"LDG","09:51:34",3.04,0.1,200,1589600,"B"
"LDG","09:50:56",3.04,0.1,500,1589400,"B"
"LDG","09:50:08",3.04,0.1,100,1588900,"B"
"LDG","09:49:53",3.04,0.1,400,1588800,"B"
"LDG","09:49:49",3.04,0.1,100,1588400,"B"
"LDG","09:49:07",3.04,0.1,300,1588300,"B"
"LDG","09:49:03",3.04,0.1,1000,1588000,"B"
"LDG","09:49:00",3.04,0.1,1600,1587000,"B"
"LDG","09:48:54",3.04,0.1,300,1585400,"B"
"LDG","09:48:28",3.04,0.1,100,1585100,"B"
"LDG","09:47:29",3.04,0.1,4000,1585000,"B"
"LDG","09:47:20",3.04,0.1,500,1581000,"B"
"LDG","09:46:41",3.04,0.1,5000,1580500,"B"
"LDG","09:46:36",3.04,0.1,2200,1575500,"B"
"LDG","09:46:30",3.05,0.11,5000,1573300,"S"
"LDG","09:46:15",3.04,0.1,4500,1568300,"B"
"LDG","09:46:10",3.04,0.1,5000,1563800,"B"
"LDG","09:46:09",3.04,0.1,300,1558800,"B"
"LDG","09:46:04",3.04,0.1,1600,1558500,"B"
"LDG","09:45:17",3.04,0.1,200,1556900,"B"
"LDG","09:45:06",3.04,0.1,700,1556700,"B"
"LDG","09:44:47",3.04,0.1,100,1556000,"B"
"LDG","09:44:04",3.05,0.11,8000,1555900,"S"
"LDG","09:43:58",3.04,0.1,100,1547900,"B"
"LDG","09:43:42",3.04,0.1,200,1547800,"S"
"LDG","09:43:24",3.04,0.1,1100,1547600,"B"
"LDG","09:43:22",3.05,0.11,25000,1546500,"S"
"LDG","09:43:19",3.04,0.1,100,1521500,"B"
"LDG","09:43:05",3.04,0.1,5000,1521400,"B"
"LDG","09:42:53",3.04,0.1,300,1516400,"S"
"LDG","09:42:42",3.04,0.1,1700,1516100,"B"
"LDG","09:42:24",3.04,0.1,6200,1514400,"S"
"LDG","09:42:08",3.04,0.1,1000,1508200,"S"
"LDG","09:42:06",3.03,0.09,100,1507200,"B"
"LDG","09:42:05",3.03,0.09,3400,1507100,"B"
"LDG","09:42:03",3.04,0.1,400,1503700,"S"
"LDG","09:41:44",3.04,0.1,200,1503300,"S"
"LDG","09:41:40",3.04,0.1,1000,1503100,"S"
"LDG","09:41:38",3.04,0.1,700,1502100,"S"
"LDG","09:41:36",3.04,0.1,4000,1501400,"S"
"LDG","09:41:33",3.04,0.1,500,1497400,"S"
"LDG","09:41:23",3.04,0.1,15000,1496900,"S"
"LDG","09:41:11",3.04,0.1,12300,1481900,"B"
"LDG","09:41:02",3.04,0.1,20000,1469600,"B"
"LDG","09:40:57",3.05,0.11,300,1449600,"S"
"LDG","09:40:44",3.04,0.1,38400,1449300,"S"
"LDG","09:40:37",3.04,0.1,600,1410900,"S"
"LDG","09:40:33",3.04,0.1,300,1410300,"S"
"LDG","09:40:23",3.03,0.09,1100,1410000,"B"
"LDG","09:40:16",3.04,0.1,1100,1408900,"S"
"LDG","09:40:04",3.04,0.1,100,1407800,"S"
"LDG","09:39:08",3.04,0.1,1000,1407700,"S"
"LDG","09:38:47",3.03,0.09,2000,1406700,"B"
"LDG","09:38:33",3.03,0.09,2000,1404700,"B"
"LDG","09:38:26",3.03,0.09,300,1402700,"B"
"LDG","09:38:18",3.03,0.09,300,1402400,"B"
"LDG","09:37:40",3.03,0.09,400,1402100,"B"
"LDG","09:37:38",3.04,0.1,100,1401700,"S"
"LDG","09:37:34",3.04,0.1,1000,1401600,"S"
"LDG","09:37:26",3.03,0.09,100,1400600,"B"
"LDG","09:37:14",3.04,0.1,100,1400500,"S"
"LDG","09:37:09",3.04,0.1,1000,1400400,"S"
"LDG","09:37:08",3.04,0.1,3000,1399400,"S"
"LDG","09:37:08",3.03,0.09,5000,1396400,"B"
"LDG","09:37:02",3.03,0.09,100,1391400,"B"
"LDG","09:36:54",3.04,0.1,400,1391300,"S"
"LDG","09:36:37",3.04,0.1,3000,1390900,"S"
"LDG","09:36:18",3.04,0.1,1000,1387900,"S"
"LDG","09:36:17",3.04,0.1,5000,1386900,"S"
"LDG","09:36:06",3.03,0.09,200,1381900,"B"
"LDG","09:35:57",3.03,0.09,3000,1381700,"B"
"LDG","09:35:47",3.04,0.1,5000,1378700,"S"
"LDG","09:35:36",3.04,0.1,200,1373700,"S"
"LDG","09:35:23",3.03,0.09,2100,1373500,"B"
"LDG","09:35:10",3.04,0.1,200,1371400,"S"
"LDG","09:34:57",3.04,0.1,600,1371200,"S"
"LDG","09:34:44",3.04,0.1,2000,1370600,"S"
"LDG","09:34:41",3.04,0.1,500,1368600,"S"
"LDG","09:34:32",3.04,0.1,100,1368100,"S"
"LDG","09:34:13",3.04,0.1,2300,1368000,"S"
"LDG","09:34:09",3.04,0.1,400,1365700,"S"
"LDG","09:34:02",3.04,0.1,100,1365300,"S"
"LDG","09:33:46",3.03,0.09,800,1365200,"B"
"LDG","09:33:22",3.04,0.1,27000,1364400,"S"
"LDG","09:33:11",3.04,0.1,100,1337400,"S"
"LDG","09:33:10",3.04,0.1,400,1337300,"S"
"LDG","09:32:45",3.04,0.1,100,1336900,"S"
"LDG","09:32:33",3.04,0.1,200,1336800,"S"
"LDG","09:32:32",3.04,0.1,200,1336600,"S"
"LDG","09:32:23",3.04,0.1,1000,1336400,"S"
"LDG","09:32:21",3.04,0.1,1500,1335400,"S"
"LDG","09:32:01",3.04,0.1,60300,1333900,"B"
"LDG","09:31:56",3.05,0.11,1000,1273600,"S"
"LDG","09:31:54",3.04,0.1,100,1272600,"B"
"LDG","09:31:51",3.04,0.1,800,1272500,"B"
"LDG","09:31:05",3.05,0.11,600,1271700,"S"
"LDG","09:30:55",3.04,0.1,200,1271100,"B"
"LDG","09:30:50",3.04,0.1,700,1270900,"B"
"LDG","09:30:46",3.05,0.11,200,1270200,"S"
"LDG","09:30:45",3.04,0.1,2000,1270000,"B"
"LDG","09:30:26",3.05,0.11,700,1268000,"S"
"LDG","09:30:23",3.05,0.11,1000,1267300,"S"
"LDG","09:30:09",3.04,0.1,2400,1266300,"S"
"LDG","09:30:08",3.04,0.1,100,1263900,"S"
"LDG","09:30:04",3.04,0.1,200,1263800,"S"
"LDG","09:29:54",3.04,0.1,200,1263600,"S"
"LDG","09:29:46",3.03,0.09,1000,1263400,"B"
"LDG","09:29:38",3.03,0.09,200,1262400,"B"
"LDG","09:29:37",3.03,0.09,100,1262200,"B"
"LDG","09:29:05",3.03,0.09,1000,1262100,"B"
"LDG","09:28:46",3.03,0.09,47500,1261100,"B"
"LDG","09:28:46",3.04,0.1,34300,1213600,"B"
"LDG","09:28:46",3.05,0.11,11200,1179300,"B"
"LDG","09:28:41",3.05,0.11,1000,1168100,"B"
"LDG","09:28:33",3.05,0.11,600,1167100,"B"
"LDG","09:28:25",3.06,0.12,2000,1166500,"S"
"LDG","09:28:10",3.06,0.12,20000,1164500,"S"
"LDG","09:28:08",3.06,0.12,200,1144500,"S"
"LDG","09:28:08",3.05,0.11,4400,1144300,"B"
"LDG","09:28:08",3.05,0.11,5600,1139900,"B"
"LDG","09:28:08",3.06,0.12,200,1134300,"S"
"LDG","09:28:05",3.06,0.12,500,1134100,"S"
"LDG","09:27:56",3.05,0.11,7000,1133600,"B"
"LDG","09:27:56",3.06,0.12,10000,1126600,"S"
"LDG","09:27:50",3.06,0.12,400,1116600,"S"
"LDG","09:27:47",3.05,0.11,19000,1116200,"B"
"LDG","09:27:46",3.05,0.11,1000,1097200,"B"
"LDG","09:27:39",3.05,0.11,1000,1096200,"B"
"LDG","09:27:35",3.05,0.11,200,1095200,"B"
"LDG","09:27:32",3.05,0.11,24400,1095000,"S"
"LDG","09:27:29",3.04,0.1,2000,1070600,"B"
"LDG","09:27:24",3.04,0.1,126900,1068600,"B"
"LDG","09:27:22",3.05,0.11,5100,941700,"S"
"LDG","09:27:05",3.05,0.11,1000,936600,"S"
"LDG","09:27:00",3.05,0.11,100,935600,"S"
"LDG","09:26:55",3.05,0.11,100,935500,"S"
"LDG","09:26:42",3.05,0.11,1000,935400,"S"
"LDG","09:26:38",3.05,0.11,200,934400,"S"
"LDG","09:26:32",3.05,0.11,3000,934200,"B"
"LDG","09:26:28",3.05,0.11,100,931200,"B"
"LDG","09:26:25",3.05,0.11,10000,931100,"B"
"LDG","09:26:20",3.06,0.12,1000,921100,"S"
"LDG","09:26:19",3.06,0.12,300,920100,"S"
"LDG","09:26:10",3.05,0.11,20000,919800,"B"
"LDG","09:26:05",3.06,0.12,800,899800,"S"
"LDG","09:25:57",3.06,0.12,500,899000,"S"
"LDG","09:25:49",3.06,0.12,400,898500,"S"
"LDG","09:25:48",3.06,0.12,20100,898100,"B"
"LDG","09:25:46",3.06,0.12,400,878000,"B"
"LDG","09:25:43",3.06,0.12,100,877600,"B"
"LDG","09:25:42",3.08,0.14,200,877500,"S"
"LDG","09:25:42",3.08,0.14,8900,877300,"S"
"LDG","09:25:42",3.07,0.13,41100,868400,"S"
"LDG","09:25:30",3.06,0.12,20000,827300,"B"
"LDG","09:25:23",3.06,0.12,200,807300,"B"
"LDG","09:25:20",3.07,0.13,61000,807100,"S"
"LDG","09:25:13",3.06,0.12,2400,746100,"S"
"LDG","09:25:09",3.06,0.12,1900,743700,"B"
"LDG","09:25:04",3.06,0.12,100,741800,"S"
"LDG","09:24:51",3.07,0.13,19000,741700,"S"
"LDG","09:24:51",3.06,0.12,31000,722700,"S"
"LDG","09:24:49",3.06,0.12,800,691700,"S"
"LDG","09:24:42",3.05,0.11,800,690900,"B"
"LDG","09:24:38",3.05,0.11,12400,690100,"S"
"LDG","09:24:36",3.04,0.1,20000,677700,"B"
"LDG","09:24:26",3.05,0.11,5000,656700,"S"
"LDG","09:24:24",3.04,0.1,100,651700,"B"
"LDG","09:24:22",3.05,0.11,300,651600,"S"
"LDG","09:24:21",3.05,0.11,100,651300,"S"
"LDG","09:24:20",3.05,0.11,4700,651200,"S"
"LDG","09:24:13",3.05,0.11,700,621200,"S"
"LDG","09:24:00",3.05,0.11,100,620500,"S"
"LDG","09:23:59",3.04,0.1,4400,620400,"S"
"LDG","09:23:53",3.04,0.1,600,616000,"B"
"LDG","09:23:51",3.04,0.1,3000,615400,"B"
"LDG","09:23:46",3.04,0.1,500,612400,"B"
"LDG","09:23:40",3.04,0.1,10000,611900,"B"
"LDG","09:23:34",3.04,0.1,5200,601900,"S"
"LDG","09:23:33",3.04,0.1,500,596700,"S"
"LDG","09:23:27",3.04,0.1,1000,596200,"S"
"LDG","09:23:24",3.04,0.1,10000,595200,"S"
"LDG","09:23:22",3.03,0.09,1000,585200,"B"
"LDG","09:23:00",3.03,0.09,300,584200,"B"
"LDG","09:22:57",3.03,0.09,1000,583900,"B"
"LDG","09:22:52",3.04,0.1,1000,582900,"S"
"LDG","09:22:48",3.04,0.1,400,581900,"S"
"LDG","09:22:40",3.03,0.09,200,581500,"B"
"LDG","09:22:37",3.04,0.1,100,581300,"S"
"LDG","09:22:19",3.04,0.1,700,581200,"S"
"LDG","09:22:12",3.04,0.1,900,580500,"B"
"LDG","09:22:09",3.04,0.1,900,579600,"B"
"LDG","09:22:07",3.04,0.1,5000,578700,"B"
"LDG","09:22:05",3.04,0.1,1000,573700,"B"
"LDG","09:22:03",3.04,0.1,500,572700,"B"
"LDG","09:21:52",3.04,0.1,100,572200,"B"
"LDG","09:21:51",3.04,0.1,4600,572100,"S"
"LDG","09:21:47",3.04,0.1,400,567500,"B"
"LDG","09:21:45",3.05,0.11,400,567100,"S"
"LDG","09:21:42",3.04,0.1,5000,566700,"B"
"LDG","09:21:41",3.05,0.11,2000,561700,"S"
"LDG","09:21:39",3.05,0.11,1000,559700,"S"
"LDG","09:21:28",3.05,0.11,2600,558700,"B"
"LDG","09:21:25",3.05,0.11,1000,556100,"B"
"LDG","09:21:22",3.05,0.11,100,555100,"B"
"LDG","09:21:21",3.06,0.12,10000,555000,"S"
"LDG","09:21:19",3.05,0.11,100,545000,"B"
"LDG","09:21:16",3.05,0.11,20000,544900,"B"
"LDG","09:21:14",3.05,0.11,100,524900,"B"
"LDG","09:21:08",3.05,0.11,1600,524800,"B"
"LDG","09:21:05",3.06,0.12,300,523200,"S"
"LDG","09:21:01",3.05,0.11,400,522900,"B"
"LDG","09:21:00",3.05,0.11,500,522500,"B"
"LDG","09:20:59",3.06,0.12,5000,522000,"S"
"LDG","09:20:57",3.05,0.11,2000,517000,"B"
"LDG","09:20:57",3.06,0.12,2000,515000,"S"
"LDG","09:20:55",3.06,0.12,200,513000,"S"
"LDG","09:20:55",3.05,0.11,100,512800,"B"
"LDG","09:20:53",3.05,0.11,1800,512700,"B"
"LDG","09:20:53",3.05,0.11,1600,510900,"B"
"LDG","09:20:50",3.05,0.11,100,509300,"B"
"LDG","09:20:48",3.06,0.12,300,509200,"S"
"LDG","09:20:47",3.05,0.11,300,508900,"B"
"LDG","09:20:46",3.05,0.11,1000,508600,"B"
"LDG","09:20:43",3.05,0.11,4000,507600,"B"
"LDG","09:20:41",3.05,0.11,6000,503600,"B"
"LDG","09:20:35",3.06,0.12,200,497600,"S"
"LDG","09:20:32",3.06,0.12,2000,497400,"S"
"LDG","09:20:32",3.05,0.11,600,495400,"B"
"LDG","09:20:32",3.06,0.12,3500,494800,"B"
"LDG","09:20:22",3.06,0.12,100,491300,"S"
"LDG","09:20:21",3.07,0.13,700,491200,"S"
"LDG","09:20:21",3.06,0.12,300,490500,"S"
"LDG","09:20:20",3.06,0.12,2300,490200,"S"
"LDG","09:20:20",3.06,0.12,400,487900,"B"
"LDG","09:20:19",3.07,0.13,6000,487500,"S"
"LDG","09:20:13",3.06,0.12,400,481500,"B"
"LDG","09:20:13",3.07,0.13,5000,481100,"S"
"LDG","09:20:10",3.07,0.13,100,476100,"S"
"LDG","09:20:09",3.07,0.13,200,476000,"S"
"LDG","09:20:09",3.06,0.12,20000,475800,"B"
"LDG","09:20:08",3.07,0.13,5100,455800,"S"
"LDG","09:20:07",3.07,0.13,21000,450700,"S"
"LDG","09:19:59",3.07,0.13,15400,429700,"B"
"LDG","09:19:55",3.09,0.15,1800,414300,"S"
"LDG","09:19:55",3.08,0.14,1200,412500,"S"
"LDG","09:19:54",3.08,0.14,3500,411300,"S"
"LDG","09:19:48",3.08,0.14,2500,407800,"B"
"LDG","09:19:47",3.08,0.14,1100,405300,"B"
"LDG","09:19:44",3.08,0.14,2000,404200,"B"
"LDG","09:19:44",3.08,0.14,4400,402200,"S"
"LDG","09:19:43",3.08,0.14,1500,397800,"S"
"LDG","09:19:42",3.07,0.13,200,396300,"B"
"LDG","09:19:41",3.08,0.14,300,396100,"S"
"LDG","09:19:36",3.07,0.13,3000,395800,"B"
"LDG","09:19:32",3.07,0.13,100,392800,"B"
"LDG","09:19:31",3.07,0.13,8900,392700,"S"
"LDG","09:19:31",3.06,0.12,1000,383800,"B"
"LDG","09:19:29",3.06,0.12,1000,382800,"B"
"LDG","09:19:27",3.05,0.11,2400,381800,"B"
"LDG","09:19:27",3.06,0.12,17600,379400,"B"
"LDG","09:19:26",3.07,0.13,200,361800,"S"
"LDG","09:19:25",3.06,0.12,4200,361600,"S"
"LDG","09:19:25",3.06,0.12,1000,357400,"S"
"LDG","09:19:23",3.06,0.12,10000,356400,"S"
"LDG","09:19:15",3.06,0.12,200,346400,"S"
"LDG","09:19:13",3.05,0.11,600,346200,"B"
"LDG","09:19:11",3.05,0.11,3000,345600,"B"
"LDG","09:19:09",3.05,0.11,400,342600,"S"
"LDG","09:19:08",3.06,0.12,1300,342200,"S"
"LDG","09:19:08",3.05,0.11,3700,340900,"S"
"LDG","09:19:07",3.04,0.1,100,337200,"B"
"LDG","09:19:04",3.05,0.11,3300,337100,"S"
"LDG","09:19:02",3.04,0.1,300,333800,"B"
"LDG","09:19:01",3.05,0.11,30000,333500,"S"
"LDG","09:19:00",3.04,0.1,1100,303500,"B"
"LDG","09:18:54",3.04,0.1,3000,302400,"B"
"LDG","09:18:52",3.04,0.1,3400,299400,"B"
"LDG","09:18:49",3.04,0.1,100,296000,"B"
"LDG","09:18:47",3.04,0.1,700,295900,"S"
"LDG","09:18:43",3.04,0.1,200,295200,"S"
"LDG","09:18:42",3.04,0.1,3000,295000,"S"
"LDG","09:18:40",3.04,0.1,1000,292000,"S"
"LDG","09:18:38",3.03,0.09,500,291000,"B"
"LDG","09:18:35",3.04,0.1,5500,290500,"S"
"LDG","09:18:32",3.03,0.09,1000,285000,"B"
"LDG","09:18:29",3.03,0.09,400,284000,"S"
"LDG","09:18:28",3.03,0.09,200,283600,"S"
"LDG","09:18:27",3.02,0.08,2300,283400,"B"
"LDG","09:18:27",3.03,0.09,200,281100,"S"
"LDG","09:18:25",3.03,0.09,2000,280900,"S"
"LDG","09:18:23",3.03,0.09,20000,278900,"S"
"LDG","09:18:20",3.02,0.08,2000,258900,"B"
"LDG","09:18:19",3.03,0.09,30000,256900,"S"
"LDG","09:18:17",3.03,0.09,1000,226900,"S"
"LDG","09:18:13",3.02,0.08,100,225900,"B"
"LDG","09:18:11",3.03,0.09,50000,225800,"S"
"LDG","09:18:11",3.02,0.08,100,175800,"B"
"LDG","09:18:10",3.02,0.08,1700,172500,"B"
"LDG","09:18:10",3.02,0.08,200,170800,"B"
"LDG","09:18:08",3.02,0.08,1200,170600,"B"
"LDG","09:18:07",3.02,0.08,4700,169400,"S"
"LDG","09:18:06",3.02,0.08,10000,164700,"S"
"LDG","09:17:54",3.02,0.08,1000,154700,"S"
"LDG","09:17:53",3.02,0.08,1600,153700,"B"
"LDG","09:17:53",3.02,0.08,5400,152100,"S"
"LDG","09:17:47",3.02,0.08,1000,146700,"S"
"LDG","09:17:39",3.02,0.08,500,145700,"S"
"LDG","09:17:38",3.01,0.07,1000,145200,"B"
"LDG","09:17:33",3.02,0.08,1000,144200,"S"
"LDG","09:17:29",3.01,0.07,100,143200,"B"
"LDG","09:17:28",3.02,0.08,3000,143100,"S"
"LDG","09:17:23",3.01,0.07,3000,140100,"B"
"LDG","09:17:11",3.01,0.07,2400,137100,"S"
"LDG","09:17:11",3,0.06,100,134700,"B"
"LDG","09:17:10",3,0.06,10000,134600,"B"
"LDG","09:16:58",3,0.06,14600,124600,"S"
"LDG","09:16:58",3,0.06,10000,110000,"S"
"LDG","09:16:52",3,0.06,47400,100000,"S"
"LDG","09:16:52",3,0.06,2600,52600,"S"
"LDG","09:16:51",2.99,0.05,300,50000,"S"
"LDG","09:16:48",2.99,0.05,500,49700,"B"
"LDG","09:16:48",3,0.06,2100,49200,"S"
"LDG","09:16:48",2.99,0.05,400,47100,"S"
"LDG","09:16:42",2.99,0.05,100,46700,"S"
"LDG","09:16:25",2.99,0.05,4000,46600,"S"
"LDG","09:16:21",2.99,0.05,400,42600,"S"
"LDG","09:16:20",2.99,0.05,1500,42200,"S"
"LDG","09:16:19",2.99,0.05,800,40700,"S"
"LDG","09:16:14",2.99,0.05,400,39900,"S"
"LDG","09:16:14",2.99,0.05,1000,39500,"S"
"LDG","09:16:09",2.99,0.05,1300,38500,"S"
"LDG","09:16:08",2.98,0.04,200,37200,"B"
"LDG","09:16:02",2.99,0.05,2000,37000,"S"
"LDG","09:15:58",2.98,0.04,2000,35000,"S"
"LDG","09:15:55",2.97,0.03,100,33000,"B"
"LDG","09:15:54",2.98,0.04,3000,32900,"S"
"LDG","09:15:29",2.97,0.03,3000,29900,"B"
"LDG","09:15:20",2.97,0.03,100,26900,"B"
"LDG","09:15:00",2.97,0.03,26800,26800,
