"symbol","time","price","change","vol","total","side"
"PVS","14:45:01",38.4,0.5,331200,3042600,
"PVS","14:29:57",38.2,0.3,15000,2711400,
"PVS","14:29:55",38.2,0.3,10000,2696400,
"PVS","14:29:52",38.2,0.3,100,2686400,
"PVS","14:29:47",38.2,0.3,200,2686300,
"PVS","14:29:40",38.3,0.4,2000,2686100,
"PVS","14:29:37",38.2,0.3,800,2684100,
"PVS","14:29:25",38.3,0.4,5000,2683300,
"PVS","14:29:23",38.2,0.3,2200,2678300,
"PVS","14:29:17",38.3,0.4,600,2676100,
"PVS","14:29:05",38.3,0.4,2000,2675500,
"PVS","14:29:03",38.3,0.4,200,2673500,
"PVS","14:28:59",38.3,0.4,2700,2673300,
"PVS","14:28:44",38.2,0.3,26300,2670600,
"PVS","14:28:37",38.2,0.3,1200,2644300,
"PVS","14:28:13",38.2,0.3,6400,2643100,
"PVS","14:27:58",38.2,0.3,800,2636700,
"PVS","14:27:50",38.3,0.4,200,2635900,
"PVS","14:27:21",38.3,0.4,200,2635700,
"PVS","14:27:12",38.2,0.3,1500,2635500,
"PVS","14:27:06",38.2,0.3,700,2634000,
"PVS","14:27:01",38.2,0.3,300,2633300,
"PVS","14:25:59",38.3,0.4,200,2633000,
"PVS","14:25:52",38.3,0.4,2000,2632800,
"PVS","14:25:26",38.3,0.4,500,2630800,
"PVS","14:25:16",38.3,0.4,3500,2630300,
"PVS","14:25:14",38.3,0.4,1000,2626800,
"PVS","14:24:25",38.3,0.4,300,2625800,
"PVS","14:23:41",38.3,0.4,500,2625500,
"PVS","14:23:31",38.3,0.4,100,2625000,
"PVS","14:23:00",38.3,0.4,63400,2624900,
"PVS","14:22:58",38.4,0.5,500,2561500,
"PVS","14:22:43",38.4,0.5,2000,2561000,
"PVS","14:22:40",38.4,0.5,300,2559000,
"PVS","14:22:35",38.3,0.4,5000,2558700,
"PVS","14:22:21",38.3,0.4,700,2553700,
"PVS","14:21:34",38.3,0.4,1100,2553000,
"PVS","14:21:27",38.3,0.4,4000,2551900,
"PVS","14:21:22",38.3,0.4,100,2547900,
"PVS","14:21:15",38.3,0.4,100,2547800,
"PVS","14:20:56",38.3,0.4,700,2547700,
"PVS","14:20:31",38.3,0.4,500,2547000,
"PVS","14:19:55",38.4,0.5,5000,2546500,
"PVS","14:19:42",38.4,0.5,2000,2541500,
"PVS","14:18:58",38.4,0.5,3000,2539500,
"PVS","14:18:50",38.4,0.5,5000,2536500,
"PVS","14:18:38",38.3,0.4,2500,2531500,
"PVS","14:18:00",38.4,0.5,100,2529000,
"PVS","14:17:23",38.4,0.5,2000,2528900,
"PVS","14:17:09",38.4,0.5,300,2526900,
"PVS","14:17:02",38.4,0.5,1000,2526600,
"PVS","14:15:55",38.4,0.5,300,2525600,
"PVS","14:15:26",38.4,0.5,3700,2525300,
"PVS","14:15:22",38.4,0.5,600,2521600,
"PVS","14:15:19",38.4,0.5,5000,2521000,
"PVS","14:15:17",38.4,0.5,700,2516000,
"PVS","14:15:08",38.4,0.5,1600,2515300,
"PVS","14:14:51",38.4,0.5,100,2513700,
"PVS","14:14:43",38.4,0.5,9900,2513600,
"PVS","14:14:29",38.4,0.5,1000,2503700,
"PVS","14:14:21",38.4,0.5,3000,2502700,
"PVS","14:14:19",38.4,0.5,100,2499700,
"PVS","14:14:11",38.4,0.5,2500,2499600,
"PVS","14:14:08",38.4,0.5,500,2497100,
"PVS","14:14:04",38.4,0.5,700,2496600,
"PVS","14:14:03",38.4,0.5,1500,2495900,
"PVS","14:14:00",38.4,0.5,2000,2494400,
"PVS","14:13:54",38.4,0.5,5000,2492400,
"PVS","14:13:51",38.4,0.5,1000,2487400,
"PVS","14:13:49",38.4,0.5,10000,2486400,
"PVS","14:13:44",38.4,0.5,2000,2476400,
"PVS","14:13:35",38.4,0.5,500,2474400,
"PVS","14:13:28",38.4,0.5,1000,2473900,
"PVS","14:13:16",38.4,0.5,500,2472900,
"PVS","14:13:05",38.4,0.5,50000,2472400,
"PVS","14:12:22",38.4,0.5,100,2422400,
"PVS","14:12:10",38.4,0.5,800,2422300,
"PVS","14:11:49",38.3,0.4,500,2421500,
"PVS","14:11:37",38.4,0.5,1000,2421000,
"PVS","14:09:56",38.4,0.5,500,2420000,
"PVS","14:09:54",38.3,0.4,10000,2419500,
"PVS","14:09:50",38.4,0.5,100,2409500,
"PVS","14:09:36",38.4,0.5,5000,2409400,
"PVS","14:07:54",38.4,0.5,100,2404400,
"PVS","14:07:05",38.3,0.4,1500,2404300,
"PVS","14:07:01",38.4,0.5,500,2402800,
"PVS","14:06:32",38.4,0.5,200,2402300,
"PVS","14:05:29",38.4,0.5,100,2402100,
"PVS","14:05:14",38.4,0.5,200,2402000,
"PVS","14:04:40",38.4,0.5,1000,2401800,
"PVS","14:04:38",38.4,0.5,1500,2400800,
"PVS","14:04:12",38.4,0.5,74000,2399300,
"PVS","14:03:56",38.3,0.4,700,2325300,
"PVS","14:03:42",38.3,0.4,800,2324600,
"PVS","14:03:11",38.3,0.4,1400,2323800,
"PVS","14:02:57",38.3,0.4,6600,2322400,
"PVS","14:02:54",38.3,0.4,6000,2315800,
"PVS","14:02:44",38.3,0.4,10000,2309800,
"PVS","14:02:39",38.3,0.4,10000,2299800,
"PVS","14:02:35",38.3,0.4,10000,2289800,
"PVS","14:02:31",38.3,0.4,10000,2279800,
"PVS","14:02:25",38.3,0.4,10000,2269800,
"PVS","14:01:15",38.2,0.3,100,2259800,
"PVS","14:01:06",38.2,0.3,700,2259700,
"PVS","14:00:58",38.2,0.3,1000,2259000,
"PVS","14:00:51",38.2,0.3,1800,2258000,
"PVS","14:00:44",38.2,0.3,3200,2256200,
"PVS","14:00:36",38.2,0.3,500,2253000,
"PVS","14:00:21",38.2,0.3,1500,2252500,
"PVS","14:00:02",38.1,0.2,300,2251000,
"PVS","13:59:54",38.2,0.3,200,2250700,
"PVS","13:59:33",38.2,0.3,500,2250500,
"PVS","13:59:17",38.1,0.2,200,2250000,
"PVS","13:59:06",38.2,0.3,300,2249800,
"PVS","13:58:53",38.1,0.2,600,2249500,
"PVS","13:58:32",38.1,0.2,200,2248900,
"PVS","13:58:17",38.1,0.2,700,2248700,
"PVS","13:57:46",38.1,0.2,200,2248000,
"PVS","13:57:25",38.2,0.3,300,2247800,
"PVS","13:57:14",38.2,0.3,200,2247500,
"PVS","13:57:13",38.1,0.2,500,2247300,
"PVS","13:57:02",38.1,0.2,400,2246800,
"PVS","13:57:01",38.1,0.2,200,2246400,
"PVS","13:56:57",38.2,0.3,3000,2246200,
"PVS","13:56:53",38.2,0.3,1300,2243200,
"PVS","13:56:52",38.2,0.3,800,2241900,
"PVS","13:56:42",38.2,0.3,100,2241100,
"PVS","13:56:16",38.2,0.3,300,2241000,
"PVS","13:55:42",38.2,0.3,400,2240700,
"PVS","13:55:31",38.2,0.3,200,2240300,
"PVS","13:55:27",38.2,0.3,700,2240100,
"PVS","13:55:26",38.2,0.3,1000,2239400,
"PVS","13:55:03",38.2,0.3,1000,2238400,
"PVS","13:54:46",38.2,0.3,200,2237400,
"PVS","13:54:18",38.2,0.3,20000,2237200,
"PVS","13:54:09",38.3,0.4,1400,2217200,
"PVS","13:54:07",38.3,0.4,300,2215800,
"PVS","13:54:04",38.3,0.4,1000,2215500,
"PVS","13:54:02",38.3,0.4,700,2214500,
"PVS","13:54:00",38.3,0.4,300,2213800,
"PVS","13:53:56",38.3,0.4,1000,2213500,
"PVS","13:53:51",38.3,0.4,2300,2212500,
"PVS","13:53:45",38.3,0.4,1000,2210200,
"PVS","13:53:44",38.3,0.4,10000,2209200,
"PVS","13:53:32",38.3,0.4,500,2199200,
"PVS","13:53:29",38.3,0.4,100,2198700,
"PVS","13:53:20",38.3,0.4,2600,2198600,
"PVS","13:53:15",38.2,0.3,200,2196000,
"PVS","13:53:05",38.3,0.4,2600,2195800,
"PVS","13:52:42",38.3,0.4,10000,2193200,
"PVS","13:52:38",38.3,0.4,700,2183200,
"PVS","13:52:30",38.3,0.4,200,2182500,
"PVS","13:52:21",38.3,0.4,27700,2182300,
"PVS","13:51:45",38.2,0.3,200,2154600,
"PVS","13:51:14",38.3,0.4,300,2154400,
"PVS","13:51:09",38.3,0.4,100,2154100,
"PVS","13:51:00",38.3,0.4,500,2154000,
"PVS","13:50:27",38.3,0.4,5000,2153500,
"PVS","13:50:17",38.3,0.4,2000,2148500,
"PVS","13:50:15",38.3,0.4,200,2146500,
"PVS","13:50:12",38.3,0.4,100,2146300,
"PVS","13:50:05",38.3,0.4,19700,2146200,
"PVS","13:49:48",38.3,0.4,800,2126500,
"PVS","13:49:29",38.3,0.4,200,2125700,
"PVS","13:49:27",38.3,0.4,2000,2125500,
"PVS","13:49:08",38.3,0.4,4000,2123500,
"PVS","13:48:44",38.3,0.4,300,2119500,
"PVS","13:48:42",38.3,0.4,400,2119200,
"PVS","13:48:23",38.3,0.4,700,2118800,
"PVS","13:48:00",38.3,0.4,1000,2118100,
"PVS","13:47:59",38.3,0.4,200,2117100,
"PVS","13:47:58",38.3,0.4,10000,2116900,
"PVS","13:47:45",38.3,0.4,2500,2106900,
"PVS","13:47:14",38.3,0.4,200,2104400,
"PVS","13:46:58",38.3,0.4,700,2104200,
"PVS","13:46:52",38.3,0.4,2000,2103500,
"PVS","13:46:29",38.3,0.4,200,2101500,
"PVS","13:45:59",38.3,0.4,10000,2101300,
"PVS","13:45:56",38.3,0.4,2000,2091300,
"PVS","13:45:55",38.3,0.4,3200,2089300,
"PVS","13:45:49",38.3,0.4,1200,2086100,
"PVS","13:45:44",38.3,0.4,1000,2084900,
"PVS","13:45:43",38.3,0.4,300,2083900,
"PVS","13:45:33",38.3,0.4,700,2083600,
"PVS","13:44:58",38.3,0.4,200,2082900,
"PVS","13:44:37",38.3,0.4,1000,2082700,
"PVS","13:44:13",38.3,0.4,200,2081700,
"PVS","13:44:01",38.4,0.5,100,2081500,
"PVS","13:43:43",38.3,0.4,1300,2081400,
"PVS","13:43:28",38.3,0.4,300,2080100,
"PVS","13:43:07",38.4,0.5,200,2079800,
"PVS","13:42:43",38.3,0.4,1000,2079600,
"PVS","13:41:57",38.3,0.4,200,2078600,
"PVS","13:41:18",38.3,0.4,700,2078400,
"PVS","13:41:12",38.3,0.4,200,2077700,
"PVS","13:40:49",38.3,0.4,2400,2077500,
"PVS","13:40:34",38.3,0.4,3500,2075100,
"PVS","13:40:26",38.2,0.3,300,2071600,
"PVS","13:40:16",38.3,0.4,100,2071300,
"PVS","13:40:11",38.3,0.4,2500,2071200,
"PVS","13:40:07",38.3,0.4,4900,2068700,
"PVS","13:40:01",38.2,0.3,200,2063800,
"PVS","13:39:52",38.2,0.3,700,2063600,
"PVS","13:39:41",38.2,0.3,200,2062900,
"PVS","13:39:33",38.3,0.4,7200,2062700,
"PVS","13:39:01",38.3,0.4,28900,2055500,
"PVS","13:38:56",38.2,0.3,200,2026600,
"PVS","13:38:52",38.3,0.4,100,2026400,
"PVS","13:38:27",38.2,0.3,700,2026300,
"PVS","13:38:10",38.2,0.3,500,2025600,
"PVS","13:37:25",38.2,0.3,200,2025100,
"PVS","13:37:02",38.2,0.3,700,2024900,
"PVS","13:36:40",38.2,0.3,200,2024200,
"PVS","13:35:55",38.2,0.3,200,2024000,
"PVS","13:35:37",38.2,0.3,800,2023800,
"PVS","13:35:33",38.2,0.3,2500,2023000,
"PVS","13:35:10",38.2,0.3,300,2020500,
"PVS","13:34:25",38.2,0.3,200,2020200,
"PVS","13:34:12",38.2,0.3,700,2020000,
"PVS","13:33:39",38.2,0.3,200,2019300,
"PVS","13:32:54",38.2,0.3,300,2019100,
"PVS","13:32:47",38.2,0.3,700,2018800,
"PVS","13:32:09",38.2,0.3,200,2018100,
"PVS","13:32:01",38.3,0.4,200,2017900,
"PVS","13:31:33",38.3,0.4,500,2017700,
"PVS","13:31:27",38.3,0.4,100,2017200,
"PVS","13:31:24",38.2,0.3,200,2017100,
"PVS","13:31:23",38.3,0.4,1300,2016900,
"PVS","13:31:22",38.3,0.4,700,2015600,
"PVS","13:31:20",38.3,0.4,3300,2014900,
"PVS","13:30:57",38.3,0.4,1000,2011600,
"PVS","13:30:54",38.3,0.4,5000,2010600,
"PVS","13:30:51",38.3,0.4,1000,2005600,
"PVS","13:30:39",38.3,0.4,200,2004600,
"PVS","13:30:38",38.3,0.4,1000,2004400,
"PVS","13:30:34",38.3,0.4,5000,2003400,
"PVS","13:29:59",38.3,0.4,700,1998400,
"PVS","13:29:57",38.3,0.4,7000,1997700,
"PVS","13:29:54",38.3,0.4,300,1990700,
"PVS","13:29:22",38.3,0.4,200,1990400,
"PVS","13:29:08",38.3,0.4,200,1990200,
"PVS","13:29:01",38.4,0.5,100,1990000,
"PVS","13:28:33",38.3,0.4,800,1989900,
"PVS","13:28:24",38.3,0.4,200,1989100,
"PVS","13:27:51",38.3,0.4,300,1988900,
"PVS","13:27:39",38.3,0.4,200,1988600,
"PVS","13:27:08",38.3,0.4,700,1988400,
"PVS","13:26:56",38.3,0.4,1100,1987700,
"PVS","13:26:54",38.3,0.4,300,1986600,
"PVS","13:26:48",38.4,0.5,300,1986300,
"PVS","13:26:12",38.4,0.5,10000,1986000,
"PVS","13:26:08",38.3,0.4,200,1976000,
"PVS","13:25:49",38.3,0.4,6100,1975800,
"PVS","13:25:44",38.3,0.4,700,1969700,
"PVS","13:25:23",38.3,0.4,200,1969000,
"PVS","13:24:56",38.4,0.5,800,1968800,
"PVS","13:24:38",38.3,0.4,300,1968000,
"PVS","13:24:19",38.3,0.4,700,1967700,
"PVS","13:24:14",38.3,0.4,100,1967000,
"PVS","13:24:11",38.3,0.4,39900,1966900,
"PVS","13:24:00",38.2,0.3,3000,1927000,
"PVS","13:23:53",38.2,0.3,200,1924000,
"PVS","13:23:42",38.3,0.4,400,1923800,
"PVS","13:23:19",38.3,0.4,500,1923400,
"PVS","13:23:08",38.2,0.3,200,1922900,
"PVS","13:22:54",38.2,0.3,700,1922700,
"PVS","13:22:23",38.2,0.3,200,1922000,
"PVS","13:22:21",38.3,0.4,200,1921800,
"PVS","13:21:59",38.3,0.4,500,1921600,
"PVS","13:21:51",38.3,0.4,200,1921100,
"PVS","13:21:42",38.3,0.4,200,1920900,
"PVS","13:21:37",38.2,0.3,300,1920700,
"PVS","13:21:29",38.2,0.3,800,1920400,
"PVS","13:20:52",38.2,0.3,200,1919600,
"PVS","13:20:48",38.2,0.3,500,1919400,
"PVS","13:20:07",38.2,0.3,200,1918900,
"PVS","13:20:04",38.2,0.3,700,1918700,
"PVS","13:19:53",38.2,0.3,9400,1918000,
"PVS","13:19:45",38.2,0.3,100,1908600,
"PVS","13:19:36",38.2,0.3,10000,1908500,
"PVS","13:19:31",38.2,0.3,10000,1898500,
"PVS","13:19:24",38.2,0.3,5000,1888500,
"PVS","13:19:22",38.2,0.3,300,1883500,
"PVS","13:19:10",38.2,0.3,100,1883200,
"PVS","13:18:55",38.2,0.3,2000,1883100,
"PVS","13:18:39",38.2,0.3,700,1881100,
"PVS","13:18:37",38.2,0.3,10200,1880400,
"PVS","13:18:27",38.2,0.3,100,1870200,
"PVS","13:17:51",38.2,0.3,200,1870100,
"PVS","13:17:14",38.2,0.3,700,1869900,
"PVS","13:17:06",38.2,0.3,200,1869200,
"PVS","13:16:43",38.2,0.3,500,1869000,
"PVS","13:16:21",38.2,0.3,300,1868500,
"PVS","13:15:55",38.2,0.3,3000,1868200,
"PVS","13:15:49",38.2,0.3,700,1865200,
"PVS","13:15:36",38.2,0.3,200,1864500,
"PVS","13:15:26",38.2,0.3,9000,1864300,
"PVS","13:15:09",38.2,0.3,100,1855300,
"PVS","13:14:51",38.2,0.3,200,1855200,
"PVS","13:14:24",38.2,0.3,900,1855000,
"PVS","13:14:05",38.2,0.3,300,1854100,
"PVS","13:13:32",38.2,0.3,500,1853800,
"PVS","13:13:20",38.2,0.3,200,1853300,
"PVS","13:12:59",38.2,0.3,800,1853100,
"PVS","13:12:58",38.2,0.3,400,1852300,
"PVS","13:12:35",38.2,0.3,200,1851900,
"PVS","13:12:30",38.2,0.3,51200,1851700,
"PVS","13:11:50",38.2,0.3,200,1800500,
"PVS","13:11:34",38.2,0.3,700,1800300,
"PVS","13:11:05",38.2,0.3,300,1799600,
"PVS","13:10:19",38.2,0.3,200,1799300,
"PVS","13:09:49",38.3,0.4,3200,1799100,
"PVS","13:09:40",38.2,0.3,200,1795900,
"PVS","13:09:34",38.2,0.3,200,1795700,
"PVS","13:09:27",38.3,0.4,1000,1795500,
"PVS","13:09:26",38.2,0.3,500,1794500,
"PVS","13:09:18",38.3,0.4,2000,1794000,
"PVS","13:08:49",38.2,0.3,300,1792000,
"PVS","13:08:44",38.2,0.3,700,1791700,
"PVS","13:08:04",38.2,0.3,200,1791000,
"PVS","13:07:55",38.3,0.4,2100,1790800,
"PVS","13:07:30",38.3,0.4,2000,1788700,
"PVS","13:07:19",38.2,0.3,900,1786700,
"PVS","13:06:52",38.2,0.3,1000,1785800,
"PVS","13:06:49",38.3,0.4,4000,1784800,
"PVS","13:06:39",38.3,0.4,6000,1780800,
"PVS","13:06:34",38.2,0.3,200,1774800,
"PVS","13:06:29",38.2,0.3,700,1774600,
"PVS","13:06:02",38.3,0.4,300,1773900,
"PVS","13:05:55",38.2,0.3,800,1773600,
"PVS","13:05:54",38.2,0.3,400,1772800,
"PVS","13:05:48",38.2,0.3,300,1772400,
"PVS","13:05:03",38.2,0.3,200,1772100,
"PVS","13:04:39",38.3,0.4,5000,1771900,
"PVS","13:04:30",38.2,0.3,700,1766900,
"PVS","13:04:18",38.2,0.3,200,1766200,
"PVS","13:03:33",38.2,0.3,300,1766000,
"PVS","13:03:12",38.3,0.4,300,1765700,
"PVS","13:03:04",38.2,0.3,700,1765400,
"PVS","13:02:47",38.2,0.3,200,1764700,
"PVS","13:02:31",38.3,0.4,400,1764500,
"PVS","13:02:02",38.3,0.4,400,1764100,
"PVS","13:02:01",38.2,0.3,200,1763700,
"PVS","13:01:30",38.3,0.4,300,1763500,
"PVS","13:01:16",38.2,0.3,200,1763200,
"PVS","13:01:04",38.2,0.3,500,1763000,
"PVS","13:01:00",38.3,0.4,700,1762500,
"PVS","13:00:57",38.2,0.3,100,1761800,
"PVS","13:00:31",38.2,0.3,300,1761700,
"PVS","13:00:28",38.2,0.3,400,1761400,
"PVS","13:00:14",38.2,0.3,700,1761000,
"PVS","13:00:04",38.2,0.3,100,1760300,
"PVS","13:00:03",38.2,0.3,19000,1760200,
"PVS","13:00:02",38.3,0.4,600,1741200,
"PVS","13:00:01",38.2,0.3,6800,1740600,
"PVS","11:29:33",38.3,0.4,200,1733800,
"PVS","11:29:25",38.2,0.3,500,1733600,
"PVS","11:29:06",38.3,0.4,200,1733100,
"PVS","11:28:50",38.2,0.3,800,1732900,
"PVS","11:28:02",38.2,0.3,200,1732100,
"PVS","11:27:25",38.2,0.3,700,1731900,
"PVS","11:27:02",38.2,0.3,200,1731200,
"PVS","11:26:08",38.2,0.3,2000,1731000,
"PVS","11:26:01",38.2,0.3,200,1729000,
"PVS","11:25:57",38.3,0.4,2000,1728800,
"PVS","11:25:38",38.3,0.4,6000,1726800,
"PVS","11:25:24",38.2,0.3,1000,1720800,
"PVS","11:25:23",38.2,0.3,1000,1719800,
"PVS","11:25:20",38.2,0.3,1000,1718800,
"PVS","11:25:01",38.2,0.3,200,1717800,
"PVS","11:24:43",38.3,0.4,2000,1717600,
"PVS","11:24:35",38.2,0.3,700,1715600,
"PVS","11:24:01",38.2,0.3,200,1714900,
"PVS","11:23:30",38.3,0.4,300,1714700,
"PVS","11:23:15",38.3,0.4,800,1714400,
"PVS","11:23:10",38.3,0.4,3700,1713600,
"PVS","11:23:01",38.2,0.3,200,1709900,
"PVS","11:21:59",38.2,0.3,200,1709700,
"PVS","11:21:44",38.2,0.3,800,1709500,
"PVS","11:20:59",38.2,0.3,200,1708700,
"PVS","11:20:01",38.3,0.4,800,1708500,
"PVS","11:19:59",38.2,0.3,200,1707700,
"PVS","11:19:33",38.3,0.4,30000,1707500,
"PVS","11:19:14",38.3,0.4,10000,1677500,
"PVS","11:19:09",38.4,0.5,200,1667500,
"PVS","11:18:58",38.3,0.4,200,1667300,
"PVS","11:18:54",38.3,0.4,7800,1667100,
"PVS","11:18:38",38.3,0.4,4000,1659300,
"PVS","11:18:28",38.3,0.4,3000,1655300,
"PVS","11:17:58",38.3,0.4,200,1652300,
"PVS","11:17:30",38.4,0.5,800,1652100,
"PVS","11:17:29",38.3,0.4,700,1651300,
"PVS","11:17:23",38.3,0.4,3900,1650600,
"PVS","11:17:21",38.3,0.4,1000,1646700,
"PVS","11:16:58",38.3,0.4,200,1645700,
"PVS","11:16:45",38.3,0.4,500,1645500,
"PVS","11:16:09",38.3,0.4,400,1645000,
"PVS","11:16:04",38.3,0.4,700,1644600,
"PVS","11:15:57",38.3,0.4,200,1643900,
"PVS","11:15:53",38.3,0.4,3000,1643700,
"PVS","11:15:17",38.3,0.4,900,1640700,
"PVS","11:15:01",38.4,0.5,800,1639800,
"PVS","11:14:57",38.3,0.4,200,1639000,
"PVS","11:14:39",38.3,0.4,800,1638800,
"PVS","11:13:57",38.3,0.4,200,1638000,
"PVS","11:13:45",38.3,0.4,500,1637800,
"PVS","11:13:14",38.3,0.4,700,1637300,
"PVS","11:12:57",38.3,0.4,200,1636600,
"PVS","11:12:40",38.3,0.4,5100,1636400,
"PVS","11:12:31",38.3,0.4,800,1631300,
"PVS","11:12:28",38.3,0.4,1100,1630500,
"PVS","11:12:18",38.3,0.4,10000,1629400,
"PVS","11:12:16",38.3,0.4,2000,1619400,
"PVS","11:12:14",38.3,0.4,30000,1617400,
"PVS","11:12:07",38.3,0.4,2000,1587400,
"PVS","11:11:56",38.3,0.4,200,1585400,
"PVS","11:11:52",38.3,0.4,5000,1585200,
"PVS","11:11:50",38.3,0.4,700,1580200,
"PVS","11:11:42",38.3,0.4,3000,1579500,
"PVS","11:10:56",38.3,0.4,200,1576500,
"PVS","11:10:32",38.4,0.5,500,1576300,
"PVS","11:10:01",38.4,0.5,800,1575800,
"PVS","11:09:56",38.3,0.4,200,1575000,
"PVS","11:09:49",38.3,0.4,1000,1574800,
"PVS","11:09:22",38.3,0.4,500,1573800,
"PVS","11:09:20",38.3,0.4,5000,1573300,
"PVS","11:09:13",38.3,0.4,5000,1568300,
"PVS","11:09:00",38.3,0.4,700,1563300,
"PVS","11:08:55",38.3,0.4,200,1562600,
"PVS","11:08:45",38.3,0.4,100,1562400,
"PVS","11:08:05",38.3,0.4,2000,1562300,
"PVS","11:07:55",38.3,0.4,200,1560300,
"PVS","11:07:42",38.3,0.4,1000,1560100,
"PVS","11:07:31",38.4,0.5,800,1559100,
"PVS","11:07:14",38.3,0.4,10000,1558300,
"PVS","11:07:09",38.4,0.5,2000,1548300,
"PVS","11:06:55",38.3,0.4,200,1546300,
"PVS","11:06:47",38.3,0.4,400,1546100,
"PVS","11:06:46",38.4,0.5,200,1545700,
"PVS","11:06:22",38.4,0.5,100,1545500,
"PVS","11:06:10",38.3,0.4,700,1545400,
"PVS","11:05:55",38.3,0.4,200,1544700,
"PVS","11:05:01",38.4,0.5,800,1544500,
"PVS","11:04:54",38.3,0.4,200,1543700,
"PVS","11:04:45",38.3,0.4,700,1543500,
"PVS","11:04:09",38.3,0.4,100,1542800,
"PVS","11:03:54",38.3,0.4,200,1542700,
"PVS","11:03:09",38.4,0.5,100,1542500,
"PVS","11:03:02",38.4,0.5,400,1542400,
"PVS","11:02:54",38.3,0.4,200,1542000,
"PVS","11:02:31",38.4,0.5,800,1541800,
"PVS","11:01:55",38.3,0.4,700,1541000,
"PVS","11:01:53",38.3,0.4,200,1540300,
"PVS","11:01:03",38.3,0.4,3500,1540100,
"PVS","11:00:53",38.3,0.4,200,1536600,
"PVS","11:00:12",38.4,0.5,200,1536400,
"PVS","11:00:01",38.4,0.5,800,1536200,
"PVS","10:59:53",38.3,0.4,300,1535400,
"PVS","10:59:08",38.4,0.5,5000,1535100,
"PVS","10:59:05",38.3,0.4,800,1530100,
"PVS","10:58:55",38.3,0.4,100,1529300,
"PVS","10:58:52",38.3,0.4,200,1529200,
"PVS","10:58:45",38.3,0.4,1000,1529000,
"PVS","10:58:30",38.3,0.4,1400,1528000,
"PVS","10:58:25",38.3,0.4,5000,1526600,
"PVS","10:58:22",38.3,0.4,100,1521600,
"PVS","10:58:05",38.3,0.4,500,1521500,
"PVS","10:57:52",38.3,0.4,200,1521000,
"PVS","10:57:40",38.3,0.4,700,1520800,
"PVS","10:57:38",38.3,0.4,5000,1520100,
"PVS","10:57:31",38.4,0.5,800,1515100,
"PVS","10:57:05",38.3,0.4,1000,1514300,
"PVS","10:57:01",38.3,0.4,11000,1513300,
"PVS","10:56:52",38.3,0.4,200,1502300,
"PVS","10:56:45",38.3,0.4,100,1502100,
"PVS","10:56:27",38.3,0.4,15000,1502000,
"PVS","10:56:13",38.4,0.5,100,1487000,
"PVS","10:55:55",38.4,0.5,100,1486900,
"PVS","10:55:53",38.3,0.4,200,1486800,
"PVS","10:55:38",38.4,0.5,100,1486600,
"PVS","10:55:23",38.3,0.4,800,1486500,
"PVS","10:55:01",38.4,0.5,800,1485700,
"PVS","10:54:52",38.3,0.4,200,1484900,
"PVS","10:54:51",38.3,0.4,700,1484700,
"PVS","10:54:16",38.3,0.4,5000,1484000,
"PVS","10:53:58",38.3,0.4,500,1479000,
"PVS","10:53:52",38.3,0.4,200,1478500,
"PVS","10:53:26",38.3,0.4,1700,1478300,
"PVS","10:53:22",38.3,0.4,200,1476600,
"PVS","10:53:09",38.3,0.4,1000,1476400,
"PVS","10:52:52",38.3,0.4,200,1475400,
"PVS","10:52:31",38.4,0.5,800,1475200,
"PVS","10:52:03",38.4,0.5,2000,1474400,
"PVS","10:52:01",38.3,0.4,800,1472400,
"PVS","10:52:00",38.4,0.5,500,1471600,
"PVS","10:51:51",38.3,0.4,200,1471100,
"PVS","10:51:40",38.4,0.5,200,1470900,
"PVS","10:50:51",38.3,0.4,200,1470700,
"PVS","10:50:43",38.4,0.5,100,1470500,
"PVS","10:50:36",38.3,0.4,4000,1470400,
"PVS","10:50:01",38.4,0.5,800,1466400,
"PVS","10:49:51",38.3,0.4,200,1465600,
"PVS","10:49:47",38.4,0.5,38900,1465400,
"PVS","10:49:43",38.4,0.5,53000,1426500,
"PVS","10:49:41",38.4,0.5,200,1373500,
"PVS","10:49:13",38.4,0.5,1000,1373300,
"PVS","10:49:12",38.4,0.5,700,1372300,
"PVS","10:48:53",38.4,0.5,500,1371600,
"PVS","10:48:51",38.4,0.5,200,1371100,
"PVS","10:48:36",38.4,0.5,2000,1370900,
"PVS","10:48:21",38.4,0.5,100,1368900,
"PVS","10:47:58",38.4,0.5,5000,1368800,
"PVS","10:47:50",38.4,0.5,200,1363800,
"PVS","10:47:31",38.5,0.6,800,1363600,
"PVS","10:47:29",38.4,0.5,2000,1362800,
"PVS","10:47:20",38.5,0.6,1000,1360800,
"PVS","10:46:51",38.4,0.5,700,1359800,
"PVS","10:46:50",38.4,0.5,200,1359100,
"PVS","10:46:43",38.4,0.5,100,1358900,
"PVS","10:46:40",38.4,0.5,5000,1358800,
"PVS","10:46:35",38.4,0.5,1000,1353800,
"PVS","10:46:22",38.4,0.5,700,1352800,
"PVS","10:45:50",38.4,0.5,200,1352100,
"PVS","10:45:36",38.5,0.6,100,1351900,
"PVS","10:45:33",38.4,0.5,1000,1351800,
"PVS","10:45:01",38.5,0.6,800,1350800,
"PVS","10:44:57",38.4,0.5,800,1350000,
"PVS","10:44:49",38.4,0.5,200,1349200,
"PVS","10:44:31",38.4,0.5,10000,1349000,
"PVS","10:43:52",38.4,0.5,100,1339000,
"PVS","10:43:48",38.4,0.5,200,1338900,
"PVS","10:43:31",38.4,0.5,700,1338700,
"PVS","10:43:19",38.4,0.5,1000,1338000,
"PVS","10:42:48",38.4,0.5,200,1337000,
"PVS","10:42:30",38.5,0.6,800,1336800,
"PVS","10:41:57",38.5,0.6,100,1336000,
"PVS","10:41:47",38.4,0.5,200,1335900,
"PVS","10:41:45",38.5,0.6,4000,1335700,
"PVS","10:41:42",38.4,0.5,5500,1331700,
"PVS","10:41:37",38.4,0.5,9700,1326200,
"PVS","10:41:20",38.4,0.5,15000,1316500,
"PVS","10:41:10",38.4,0.5,5000,1301500,
"PVS","10:41:09",38.4,0.5,400,1296500,
"PVS","10:41:04",38.4,0.5,100,1296100,
"PVS","10:40:51",38.5,0.6,500,1296000,
"PVS","10:40:48",38.4,0.5,100,1295500,
"PVS","10:40:47",38.4,0.5,200,1295400,
"PVS","10:40:44",38.4,0.5,1000,1295200,
"PVS","10:40:23",38.5,0.6,300,1294200,
"PVS","10:40:12",38.5,0.6,200,1293900,
"PVS","10:40:00",38.5,0.6,800,1293700,
"PVS","10:39:53",38.4,0.5,5700,1292900,
"PVS","10:39:47",38.3,0.4,200,1287200,
"PVS","10:39:34",38.4,0.5,2700,1287000,
"PVS","10:39:33",38.4,0.5,800,1284300,
"PVS","10:39:26",38.4,0.5,200,1283500,
"PVS","10:39:25",38.4,0.5,200,1283300,
"PVS","10:39:21",38.4,0.5,8600,1283100,
"PVS","10:39:16",38.4,0.5,700,1274500,
"PVS","10:39:12",38.4,0.5,5000,1273800,
"PVS","10:39:07",38.4,0.5,100,1268800,
"PVS","10:38:47",38.4,0.5,200,1268700,
"PVS","10:38:34",38.5,0.6,3100,1268500,
"PVS","10:38:25",38.5,0.6,1300,1265400,
"PVS","10:38:19",38.5,0.6,3000,1264100,
"PVS","10:38:05",38.5,0.6,400,1261100,
"PVS","10:37:56",38.5,0.6,1500,1260700,
"PVS","10:37:54",38.5,0.6,3000,1259200,
"PVS","10:37:47",38.5,0.6,1000,1256200,
"PVS","10:37:46",38.4,0.5,200,1255200,
"PVS","10:37:43",38.5,0.6,1900,1255000,
"PVS","10:37:42",38.5,0.6,1200,1253100,
"PVS","10:37:41",38.5,0.6,8800,1251900,
"PVS","10:37:40",38.5,0.6,1000,1243100,
"PVS","10:37:35",38.5,0.6,800,1242100,
"PVS","10:37:34",38.5,0.6,9900,1241300,
"PVS","10:37:33",38.5,0.6,800,1231400,
"PVS","10:37:31",38.5,0.6,800,1230600,
"PVS","10:37:26",38.5,0.6,100,1229800,
"PVS","10:37:22",38.5,0.6,1700,1229700,
"PVS","10:37:19",38.5,0.6,800,1228000,
"PVS","10:37:18",38.5,0.6,300,1227200,
"PVS","10:37:14",38.5,0.6,300,1226900,
"PVS","10:37:09",38.4,0.5,50000,1226600,
"PVS","10:37:05",38.5,0.6,800,1176600,
"PVS","10:37:02",38.5,0.6,3300,1175800,
"PVS","10:36:57",38.5,0.6,6900,1172500,
"PVS","10:36:53",38.5,0.6,5000,1165600,
"PVS","10:36:50",38.5,0.6,1600,1160600,
"PVS","10:36:48",38.5,0.6,4400,1159000,
"PVS","10:36:46",38.4,0.5,200,1154600,
"PVS","10:36:40",38.5,0.6,6100,1154400,
"PVS","10:36:38",38.5,0.6,1000,1148300,
"PVS","10:36:37",38.5,0.6,1000,1147300,
"PVS","10:36:36",38.5,0.6,900,1146300,
"PVS","10:36:35",38.5,0.6,1000,1145400,
"PVS","10:36:33",38.6,0.7,15000,1144400,
"PVS","10:36:30",38.5,0.6,20000,1129400,
"PVS","10:36:23",38.5,0.6,10000,1109400,
"PVS","10:36:20",38.5,0.6,200,1099400,
"PVS","10:36:18",38.5,0.6,8000,1099200,
"PVS","10:36:09",38.5,0.6,200,1091200,
"PVS","10:36:02",38.5,0.6,1000,1091000,
"PVS","10:35:56",38.5,0.6,2000,1090000,
"PVS","10:35:46",38.5,0.6,200,1088000,
"PVS","10:35:39",38.5,0.6,300,1087800,
"PVS","10:35:38",38.5,0.6,5000,1087500,
"PVS","10:35:29",38.5,0.6,500,1082500,
"PVS","10:35:17",38.5,0.6,5000,1082000,
"PVS","10:35:11",38.5,0.6,19300,1077000,
"PVS","10:35:10",38.5,0.6,3200,1057700,
"PVS","10:35:09",38.5,0.6,5000,1054500,
"PVS","10:35:06",38.5,0.6,8200,1049500,
"PVS","10:35:05",38.5,0.6,6000,1041300,
"PVS","10:35:02",38.5,0.6,10000,1035300,
"PVS","10:35:01",38.5,0.6,800,1025300,
"PVS","10:35:00",38.5,0.6,5000,1024500,
"PVS","10:34:55",38.5,0.6,43200,1019500,
"PVS","10:34:49",38.5,0.6,5000,976300,
"PVS","10:34:45",38.4,0.5,1800,971300,
"PVS","10:34:42",38.4,0.5,1100,969500,
"PVS","10:34:11",38.4,0.5,200,968400,
"PVS","10:34:09",38.5,0.6,100,968200,
"PVS","10:34:02",38.4,0.5,100,968100,
"PVS","10:33:45",38.4,0.5,200,968000,
"PVS","10:33:40",38.5,0.6,500,967800,
"PVS","10:33:32",38.5,0.6,1000,967300,
"PVS","10:33:01",38.4,0.5,500,966300,
"PVS","10:33:00",38.4,0.5,1400,965800,
"PVS","10:32:54",38.4,0.5,5000,964400,
"PVS","10:32:45",38.3,0.4,400,959400,
"PVS","10:32:44",38.4,0.5,1000,959000,
"PVS","10:32:42",38.4,0.5,1000,958000,
"PVS","10:32:40",38.4,0.5,300,957000,
"PVS","10:32:31",38.4,0.5,800,956700,
"PVS","10:32:21",38.4,0.5,43700,950900,
"PVS","10:31:58",38.3,0.4,2000,907200,
"PVS","10:31:45",38.3,0.4,200,905200,
"PVS","10:31:37",38.3,0.4,1000,905000,
"PVS","10:31:33",38.3,0.4,100,904000,
"PVS","10:31:32",38.3,0.4,300,903900,
"PVS","10:31:24",38.3,0.4,12800,903600,
"PVS","10:31:18",38.3,0.4,3000,890800,
"PVS","10:31:11",38.3,0.4,100,887800,
"PVS","10:31:04",38.3,0.4,5000,887700,
"PVS","10:30:44",38.2,0.3,200,882700,
"PVS","10:30:38",38.3,0.4,9500,882500,
"PVS","10:30:37",38.4,0.5,2700,873000,
"PVS","10:30:34",38.3,0.4,2000,870300,
"PVS","10:30:32",38.4,0.5,400,868300,
"PVS","10:30:01",38.4,0.5,800,867900,
"PVS","10:29:59",38.3,0.4,400,867100,
"PVS","10:29:58",38.3,0.4,3500,866700,
"PVS","10:29:57",38.3,0.4,500,863200,
"PVS","10:29:54",38.3,0.4,5000,862700,
"PVS","10:29:51",38.3,0.4,14200,857700,
"PVS","10:29:49",38.3,0.4,200,843500,
"PVS","10:29:47",38.3,0.4,1600,843300,
"PVS","10:29:46",38.3,0.4,1000,841700,
"PVS","10:29:45",38.3,0.4,1300,840700,
"PVS","10:29:44",38.2,0.3,300,839400,
"PVS","10:29:42",38.3,0.4,10900,839100,
"PVS","10:29:31",38.3,0.4,2000,828200,
"PVS","10:28:56",38.3,0.4,10000,826200,
"PVS","10:28:44",38.2,0.3,200,816200,
"PVS","10:28:39",38.2,0.3,500,816000,
"PVS","10:28:36",38.2,0.3,1000,815500,
"PVS","10:27:43",38.2,0.3,200,814500,
"PVS","10:27:37",38.2,0.3,100,814300,
"PVS","10:27:31",38.3,0.4,800,814200,
"PVS","10:27:24",38.3,0.4,100,813400,
"PVS","10:26:51",38.2,0.3,100,813300,
"PVS","10:26:43",38.2,0.3,200,813200,
"PVS","10:26:41",38.3,0.4,5000,813000,
"PVS","10:26:21",38.2,0.3,200,808000,
"PVS","10:26:20",38.2,0.3,500,807800,
"PVS","10:26:19",38.2,0.3,1000,807300,
"PVS","10:26:09",38.2,0.3,2000,806300,
"PVS","10:26:05",38.2,0.3,2000,804300,
"PVS","10:26:01",38.2,0.3,900,802300,
"PVS","10:25:59",38.2,0.3,19100,801400,
"PVS","10:25:53",38.2,0.3,1000,782300,
"PVS","10:25:43",38.2,0.3,200,781300,
"PVS","10:25:25",38.3,0.4,3600,781100,
"PVS","10:25:24",38.3,0.4,1000,777500,
"PVS","10:25:22",38.3,0.4,5000,776500,
"PVS","10:25:15",38.3,0.4,15000,771500,
"PVS","10:25:09",38.2,0.3,20000,756500,
"PVS","10:25:07",38.2,0.3,10100,736500,
"PVS","10:25:06",38.2,0.3,2200,726400,
"PVS","10:25:05",38.2,0.3,20000,724200,
"PVS","10:25:04",38.2,0.3,5700,704200,
"PVS","10:25:03",38.2,0.3,400,698500,
"PVS","10:25:01",38.2,0.3,800,698100,
"PVS","10:24:58",38.2,0.3,10000,697300,
"PVS","10:24:50",38.2,0.3,42400,687300,
"PVS","10:24:43",38.1,0.2,200,644900,
"PVS","10:24:09",38.1,0.2,17000,644700,
"PVS","10:24:07",38.1,0.2,5000,627700,
"PVS","10:24:06",38.1,0.2,5500,622700,
"PVS","10:24:02",38.1,0.2,2600,617200,
"PVS","10:24:00",38.1,0.2,300,614600,
"PVS","10:23:59",38.1,0.2,500,614300,
"PVS","10:23:57",38.1,0.2,1000,613800,
"PVS","10:23:53",38.1,0.2,5000,612800,
"PVS","10:23:42",38,0.1,200,607800,
"PVS","10:23:09",38.1,0.2,5000,607600,
"PVS","10:23:03",38.1,0.2,2000,602600,
"PVS","10:23:02",38.1,0.2,500,600600,
"PVS","10:22:44",38.1,0.2,29900,600100,
"PVS","10:22:42",38,0.1,200,570200,
"PVS","10:22:31",38.1,0.2,800,570000,
"PVS","10:22:18",38.1,0.2,100,569200,
"PVS","10:22:02",38,0.1,1000,569100,
"PVS","10:21:42",38,0.1,200,568100,
"PVS","10:20:42",38,0.1,200,567900,
"PVS","10:20:25",38.1,0.2,100,567700,
"PVS","10:20:01",38.1,0.2,800,567600,
"PVS","10:19:42",38,0.1,200,566800,
"PVS","10:19:11",38.1,0.2,200,566600,
"PVS","10:18:59",38,0.1,5000,566400,
"PVS","10:18:42",38,0.1,200,561400,
"PVS","10:17:41",38,0.1,200,561200,
"PVS","10:17:32",38.1,0.2,800,561000,
"PVS","10:16:41",38,0.1,200,560200,
"PVS","10:16:08",38,0.1,1000,560000,
"PVS","10:16:06",38.1,0.2,10000,559000,
"PVS","10:15:42",38.1,0.2,1000,549000,
"PVS","10:15:41",38,0.1,200,548000,
"PVS","10:15:02",38.1,0.2,800,547800,
"PVS","10:14:41",38,0.1,200,547000,
"PVS","10:13:50",38,0.1,2500,546800,
"PVS","10:13:49",38,0.1,300,544300,
"PVS","10:13:40",38,0.1,200,544000,
"PVS","10:12:40",38,0.1,200,543800,
"PVS","10:12:32",38.1,0.2,800,543600,
"PVS","10:11:40",38,0.1,200,542800,
"PVS","10:11:31",38,0.1,100,542600,
"PVS","10:11:14",38,0.1,100,542500,
"PVS","10:11:11",38,0.1,3400,542400,
"PVS","10:11:08",38,0.1,700,539000,
"PVS","10:11:05",38,0.1,100,538300,
"PVS","10:11:03",38,0.1,2400,538200,
"PVS","10:10:57",38,0.1,5000,535800,
"PVS","10:10:51",38,0.1,3600,530800,
"PVS","10:10:42",38,0.1,1000,527200,
"PVS","10:10:39",38,0.1,200,526200,
"PVS","10:10:38",37.9,0,200,526000,
"PVS","10:10:23",38,0.1,10000,525800,
"PVS","10:10:04",38,0.1,5000,515800,
"PVS","10:10:02",38,0.1,800,510800,
"PVS","10:09:47",38,0.1,5000,510000,
"PVS","10:09:46",38,0.1,100,505000,
"PVS","10:09:40",38,0.1,100,504900,
"PVS","10:09:38",37.9,0,200,504800,
"PVS","10:09:12",38,0.1,5000,504600,
"PVS","10:08:59",37.9,0,3000,499600,
"PVS","10:08:43",38,0.1,3000,496600,
"PVS","10:08:38",37.9,0,200,493600,
"PVS","10:08:36",38,0.1,3000,493400,
"PVS","10:08:19",38,0.1,2400,490400,
"PVS","10:08:14",37.9,0,100,488000,
"PVS","10:08:10",38,0.1,3500,487900,
"PVS","10:07:58",38,0.1,2000,484400,
"PVS","10:07:43",38,0.1,5000,482400,
"PVS","10:07:37",37.9,0,200,477400,
"PVS","10:07:31",38,0.1,800,477200,
"PVS","10:07:22",38,0.1,500,476400,
"PVS","10:06:37",37.9,0,200,475900,
"PVS","10:05:37",37.9,0,200,475700,
"PVS","10:05:02",38,0.1,800,475500,
"PVS","10:04:37",37.9,0,200,474700,
"PVS","10:03:47",37.9,0,100,474500,
"PVS","10:03:36",37.9,0,200,474400,
"PVS","10:03:22",37.9,0,2000,474200,
"PVS","10:02:36",37.9,0,200,472200,
"PVS","10:02:32",38,0.1,800,472000,
"PVS","10:02:29",37.9,0,500,471200,
"PVS","10:02:11",37.9,0,3000,470700,
"PVS","10:02:04",37.9,0,2500,467700,
"PVS","10:02:03",37.9,0,7000,465200,
"PVS","10:01:36",37.9,0,200,458200,
"PVS","10:01:07",37.9,0,2000,458000,
"PVS","10:00:35",37.9,0,300,456000,
"PVS","10:00:32",38,0.1,600,455700,
"PVS","10:00:16",38,0.1,100,455100,
"PVS","10:00:02",38,0.1,800,455000,
"PVS","09:59:58",37.9,0,4500,454200,
"PVS","09:59:35",37.9,0,300,449700,
"PVS","09:58:41",38,0.1,1000,449400,
"PVS","09:58:38",38,0.1,400,448400,
"PVS","09:58:35",37.9,0,300,448000,
"PVS","09:57:35",37.9,0,300,447700,
"PVS","09:57:32",38,0.1,800,447400,
"PVS","09:57:22",38,0.1,1000,446600,
"PVS","09:57:11",38,0.1,29300,445600,
"PVS","09:56:34",38,0.1,300,416300,
"PVS","09:56:21",38,0.1,24500,416000,
"PVS","09:56:03",38,0.1,3300,391500,
"PVS","09:55:57",38,0.1,300,388200,
"PVS","09:55:34",38,0.1,300,387900,
"PVS","09:55:02",38.1,0.2,800,387600,
"PVS","09:54:57",38,0.1,100,386800,
"PVS","09:54:51",38,0.1,100,386700,
"PVS","09:54:34",38,0.1,300,386600,
"PVS","09:53:33",38,0.1,300,386300,
"PVS","09:53:03",38,0.1,500,386000,
"PVS","09:52:46",38,0.1,4000,385500,
"PVS","09:52:33",38,0.1,300,381500,
"PVS","09:52:32",38.1,0.2,800,381200,
"PVS","09:52:23",38.1,0.2,3000,380400,
"PVS","09:52:07",38,0.1,200,377400,
"PVS","09:51:34",38,0.1,300,377200,
"PVS","09:50:56",38,0.1,300,376900,
"PVS","09:50:33",38,0.1,300,376600,
"PVS","09:50:32",38.1,0.2,2000,376300,
"PVS","09:50:05",38,0.1,3100,374300,
"PVS","09:50:02",38.1,0.2,800,371200,
"PVS","09:49:33",38,0.1,300,370400,
"PVS","09:48:45",38.1,0.2,200,370100,
"PVS","09:48:32",38,0.1,300,369900,
"PVS","09:47:33",38,0.1,300,369600,
"PVS","09:47:32",38.1,0.2,800,369300,
"PVS","09:47:25",38,0.1,1000,368500,
"PVS","09:47:23",38,0.1,1000,367500,
"PVS","09:47:22",38.1,0.2,100,366500,
"PVS","09:47:09",38.1,0.2,100,366400,
"PVS","09:47:08",38,0.1,1000,366300,
"PVS","09:46:53",38,0.1,300,365300,
"PVS","09:46:41",38,0.1,1000,365000,
"PVS","09:46:32",38,0.1,300,364000,
"PVS","09:45:32",38,0.1,300,363700,
"PVS","09:45:18",38.1,0.2,300,363400,
"PVS","09:45:02",38.1,0.2,800,363100,
"PVS","09:44:53",38,0.1,5000,362300,
"PVS","09:44:34",38,0.1,300,357300,
"PVS","09:44:32",38,0.1,300,357000,
"PVS","09:43:31",38,0.1,300,356700,
"PVS","09:42:43",38.1,0.2,100,356400,
"PVS","09:42:32",38.1,0.2,800,356300,
"PVS","09:42:31",38,0.1,300,355500,
"PVS","09:42:23",38.1,0.2,500,355200,
"PVS","09:42:05",38.1,0.2,200,354700,
"PVS","09:41:55",38,0.1,200,354500,
"PVS","09:41:43",38.1,0.2,1000,354300,
"PVS","09:41:36",38,0.1,100,353300,
"PVS","09:41:31",38,0.1,300,353200,
"PVS","09:41:23",38,0.1,100,352900,
"PVS","09:41:22",38,0.1,1000,352800,
"PVS","09:41:05",38,0.1,1000,351800,
"PVS","09:40:57",38,0.1,200,350800,
"PVS","09:40:48",38,0.1,200,350600,
"PVS","09:40:46",38,0.1,1100,350400,
"PVS","09:40:31",38,0.1,300,349300,
"PVS","09:40:17",38,0.1,3000,349000,
"PVS","09:40:08",38,0.1,100,346000,
"PVS","09:40:02",38.1,0.2,800,345900,
"PVS","09:39:57",38,0.1,1000,345100,
"PVS","09:39:51",38,0.1,5000,344100,
"PVS","09:39:29",38,0.1,300,339100,
"PVS","09:38:45",38.1,0.2,5000,338800,
"PVS","09:38:29",38,0.1,300,333800,
"PVS","09:38:14",38,0.1,200,333500,
"PVS","09:37:58",38,0.1,3000,333300,
"PVS","09:37:49",38,0.1,1500,330300,
"PVS","09:37:31",38.1,0.2,800,328800,
"PVS","09:37:29",38,0.1,300,328000,
"PVS","09:37:23",38,0.1,2400,327700,
"PVS","09:37:17",38,0.1,200,325300,
"PVS","09:36:54",38,0.1,2000,325100,
"PVS","09:36:53",38,0.1,2000,323100,
"PVS","09:36:48",38,0.1,1300,321100,
"PVS","09:36:37",38,0.1,1000,319800,
"PVS","09:36:33",38,0.1,500,318800,
"PVS","09:36:30",38,0.1,1000,318300,
"PVS","09:36:28",38,0.1,300,317300,
"PVS","09:36:17",38,0.1,500,317000,
"PVS","09:36:16",38,0.1,4000,316500,
"PVS","09:35:55",38,0.1,2500,312500,
"PVS","09:35:28",38,0.1,300,310000,
"PVS","09:35:05",38.1,0.2,100,309700,
"PVS","09:35:01",38.1,0.2,800,309600,
"PVS","09:34:28",38,0.1,300,308800,
"PVS","09:34:20",38,0.1,2000,308500,
"PVS","09:34:16",38,0.1,1000,306500,
"PVS","09:34:12",38,0.1,10000,305500,
"PVS","09:34:03",38,0.1,1000,295500,
"PVS","09:33:27",38,0.1,300,294500,
"PVS","09:33:07",38.1,0.2,4000,294200,
"PVS","09:32:56",38.1,0.2,700,290200,
"PVS","09:32:32",38.1,0.2,800,289500,
"PVS","09:32:27",38,0.1,300,288700,
"PVS","09:32:18",38,0.1,100,288400,
"PVS","09:31:27",38,0.1,300,288300,
"PVS","09:30:54",38.1,0.2,600,288000,
"PVS","09:30:39",38,0.1,200,287400,
"PVS","09:30:27",38,0.1,300,287200,
"PVS","09:30:08",38,0.1,100,286900,
"PVS","09:30:02",38.1,0.2,1600,286800,
"PVS","09:29:31",38.1,0.2,200,285200,
"PVS","09:29:26",38,0.1,300,285000,
"PVS","09:29:06",38.1,0.2,100,284700,
"PVS","09:29:03",38,0.1,500,284600,
"PVS","09:28:35",38,0.1,2900,284100,
"PVS","09:28:31",38.1,0.2,600,281200,
"PVS","09:28:30",38.1,0.2,100,280600,
"PVS","09:28:26",38,0.1,300,280500,
"PVS","09:28:08",38.1,0.2,500,280200,
"PVS","09:28:07",38.1,0.2,400,279700,
"PVS","09:28:04",38,0.1,200,279300,
"PVS","09:27:49",38.1,0.2,100,279100,
"PVS","09:27:44",38,0.1,200,279000,
"PVS","09:27:32",38.1,0.2,800,278800,
"PVS","09:27:01",38,0.1,1000,278000,
"PVS","09:26:34",38.1,0.2,1200,277000,
"PVS","09:26:18",38.1,0.2,1000,275800,
"PVS","09:25:40",38.1,0.2,200,274800,
"PVS","09:25:24",38.1,0.2,1100,274600,
"PVS","09:25:02",38.1,0.2,800,273500,
"PVS","09:24:47",38.1,0.2,6000,272700,
"PVS","09:24:26",38.1,0.2,300,266700,
"PVS","09:24:13",38.1,0.2,1200,266400,
"PVS","09:23:03",38.1,0.2,1200,265200,
"PVS","09:22:32",38.1,0.2,800,264000,
"PVS","09:22:29",38.1,0.2,1400,263200,
"PVS","09:22:03",38.1,0.2,400,261800,
"PVS","09:21:53",38.1,0.2,1200,261400,
"PVS","09:21:38",38.1,0.2,300,260200,
"PVS","09:21:12",38,0.1,900,259900,
"PVS","09:21:10",38,0.1,200,259000,
"PVS","09:20:58",38,0.1,5000,258800,
"PVS","09:20:43",38,0.1,1200,253800,
"PVS","09:20:38",38,0.1,2000,252600,
"PVS","09:20:23",38,0.1,1000,250600,
"PVS","09:20:02",38,0.1,900,249600,
"PVS","09:19:36",38,0.1,600,248700,
"PVS","09:19:32",38,0.1,1200,248100,
"PVS","09:19:08",38,0.1,400,246900,
"PVS","09:18:40",38,0.1,1000,246500,
"PVS","09:18:22",38,0.1,1200,245500,
"PVS","09:17:52",38,0.1,1400,244300,
"PVS","09:17:35",38,0.1,2000,242900,
"PVS","09:17:32",38.1,0.2,800,240900,
"PVS","09:17:31",38,0.1,2000,240100,
"PVS","09:17:25",38,0.1,5300,238100,
"PVS","09:17:13",38,0.1,5200,232800,
"PVS","09:17:02",38,0.1,200,227600,
"PVS","09:16:49",38,0.1,1800,227400,
"PVS","09:16:45",38,0.1,20000,225600,
"PVS","09:16:38",38,0.1,1000,205600,
"PVS","09:15:38",38,0.1,600,204600,
"PVS","09:14:52",38,0.1,1800,204000,
"PVS","09:14:50",38,0.1,1200,202200,
"PVS","09:14:47",38,0.1,600,201000,
"PVS","09:14:18",38,0.1,42100,200400,
"PVS","09:13:56",38.1,0.2,600,158300,
"PVS","09:13:51",38.1,0.2,500,157700,
"PVS","09:13:40",38.1,0.2,3000,157200,
"PVS","09:13:27",38.1,0.2,1000,154200,
"PVS","09:13:22",38.1,0.2,1000,153200,
"PVS","09:13:15",38.1,0.2,2000,152200,
"PVS","09:13:11",38.1,0.2,1000,150200,
"PVS","09:13:01",38.1,0.2,2000,149200,
"PVS","09:12:55",38.1,0.2,5000,147200,
"PVS","09:12:47",38.1,0.2,1600,142200,
"PVS","09:12:40",38.1,0.2,1000,140600,
"PVS","09:12:36",38.1,0.2,1000,139600,
"PVS","09:12:21",38.1,0.2,4200,138600,
"PVS","09:11:56",38.1,0.2,5000,134400,
"PVS","09:11:45",38.1,0.2,2800,129400,
"PVS","09:11:40",38.1,0.2,100,126600,
"PVS","09:11:39",38.1,0.2,2000,126500,
"PVS","09:11:31",38.1,0.2,2000,124500,
"PVS","09:11:28",38.1,0.2,500,122500,
"PVS","09:11:23",38.1,0.2,200,122000,
"PVS","09:11:22",38.1,0.2,100,121800,
"PVS","09:11:13",38.1,0.2,2000,121700,
"PVS","09:11:08",38.1,0.2,100,119700,
"PVS","09:11:07",38.1,0.2,1500,119600,
"PVS","09:11:02",38.1,0.2,1000,118100,
"PVS","09:10:58",38.1,0.2,1000,117100,
"PVS","09:10:57",38.1,0.2,2000,116100,
"PVS","09:10:56",38.1,0.2,100,114100,
"PVS","09:10:44",38.1,0.2,1000,114000,
"PVS","09:10:42",38.1,0.2,10000,113000,
"PVS","09:10:31",38.1,0.2,700,103000,
"PVS","09:10:18",38.1,0.2,500,102300,
"PVS","09:09:57",38.1,0.2,5800,101800,
"PVS","09:09:46",38.1,0.2,26100,96000,
"PVS","09:09:34",38.2,0.3,200,69900,
"PVS","09:09:32",38.1,0.2,1000,69700,
"PVS","09:08:57",38.2,0.3,1200,68700,
"PVS","09:08:45",38.2,0.3,500,67500,
"PVS","09:08:18",38.2,0.3,1000,67000,
"PVS","09:08:04",38.2,0.3,3400,66000,
"PVS","09:07:57",38.2,0.3,500,62600,
"PVS","09:07:46",38.2,0.3,1200,62100,
"PVS","09:07:26",38.2,0.3,800,60900,
"PVS","09:07:19",38.1,0.2,500,60100,
"PVS","09:07:18",38.2,0.3,2800,59600,
"PVS","09:06:54",38.2,0.3,500,56800,
"PVS","09:06:52",38.2,0.3,6400,56300,
"PVS","09:06:45",38.2,0.3,4000,49900,
"PVS","09:06:44",38.2,0.3,100,45900,
"PVS","09:06:36",38.2,0.3,1500,45800,
"PVS","09:06:29",38.2,0.3,500,44300,
"PVS","09:06:18",38.1,0.2,600,43800,
"PVS","09:06:17",38.1,0.2,300,43200,
"PVS","09:06:02",38.1,0.2,4900,42900,
"PVS","09:06:00",38.1,0.2,10100,38000,
"PVS","09:05:55",38.1,0.2,5600,27900,
"PVS","09:05:34",38,0.1,1000,22300,
"PVS","09:04:55",38,0.1,400,21300,
"PVS","09:04:45",38,0.1,9100,20900,
"PVS","09:03:52",38,0.1,2000,11800,
"PVS","09:03:17",38,0.1,900,9800,
"PVS","09:03:12",38.1,0.2,500,8900,
"PVS","09:03:02",38.1,0.2,1000,8400,
"PVS","09:02:22",38.1,0.2,100,7400,
"PVS","09:02:00",38.1,0.2,100,7300,
"PVS","09:01:53",38.1,0.2,400,7200,
"PVS","09:01:38",38.1,0.2,200,6800,
"PVS","09:01:28",38.1,0.2,100,6600,
"PVS","09:01:13",38,0.1,2000,6500,
"PVS","09:01:06",38.1,0.2,200,4500,
"PVS","09:00:43",38.1,0.2,2000,4300,
"PVS","09:00:24",38,0.1,100,2300,
"PVS","09:00:14",38,0.1,2000,2200,
"PVS","09:00:02",37.9,0,200,200,
