"Stockcode","Package","TradingDate","Price","Vol","TotalVol","TotalVal","Change","IsBuy","PerChange"
"CIG",144418,"/Date(1702885500000)/",6580,1000,83200,547000000,-80,false,-1.2
"CIG",141437,"/Date(1702883716000)/",6600,1100,82200,540000000,-60,false,-0.9
"CIG",141418,"/Date(1702883698000)/",6600,800,81100,533000000,-60,false,-0.9
"CIG",141051,"/Date(1702883491000)/",6600,900,80300,528000000,-60,true,-0.9
"CIG",140837,"/Date(1702883356000)/",6600,1500,79400,522000000,-60,true,-0.9
"CIG",140749,"/Date(1702883308000)/",6600,900,77900,512000000,-60,false,-0.9
"CIG",140600,"/Date(1702883200000)/",6600,1500,77000,506000000,-60,false,-0.9
"CIG",140538,"/Date(1702883175000)/",6600,1100,75500,496000000,-60,false,-0.9
"CIG",140519,"/Date(1702883158000)/",6600,800,74400,489000000,-60,false,-0.9
"CIG",140519,"/Date(1702883158000)/",6600,700,73600,484000000,-60,false,-0.9
"CIG",140456,"/Date(1702883134000)/",6600,1100,72900,479000000,-60,false,-0.9
"CIG",140447,"/Date(1702883126000)/",6600,1500,71800,472000000,-60,false,-0.9
"CIG",140107,"/Date(1702882905000)/",6600,1300,70300,462000000,-60,false,-0.9
"CIG",140104,"/Date(1702882902000)/",6600,1500,69000,453000000,-60,false,-0.9
"CIG",140000,"/Date(1702882839000)/",6500,900,67500,443000000,-160,false,-2.4
"CIG",135759,"/Date(1702882715000)/",6500,1500,66600,438000000,-160,false,-2.4
"CIG",135708,"/Date(1702882666000)/",6500,1800,65100,428000000,-160,false,-2.4
"CIG",135708,"/Date(1702882664000)/",6500,500,63300,416000000,-160,false,-2.4
"CIG",135516,"/Date(1702882555000)/",6500,100,62800,413000000,-160,false,-2.4
"CIG",135444,"/Date(1702882522000)/",6500,2100,62700,412000000,-160,false,-2.4
"CIG",135434,"/Date(1702882512000)/",6500,200,60600,399000000,-160,false,-2.4
"CIG",135434,"/Date(1702882512000)/",6500,100,60400,397000000,-160,false,-2.4
"CIG",135434,"/Date(1702882512000)/",6500,800,60300,397000000,-160,false,-2.4
"CIG",135236,"/Date(1702882394000)/",6500,9200,59500,391000000,-160,true,-2.4
"CIG",135236,"/Date(1702882394000)/",6500,100,50300,332000000,-160,true,-2.4
"CIG",135236,"/Date(1702882394000)/",6500,100,50200,331000000,-160,true,-2.4
"CIG",135236,"/Date(1702882394000)/",6550,600,50100,330000000,-110,false,-1.65
"CIG",133633,"/Date(1702881429000)/",6650,100,49500,326000000,-10,false,-0.15
"CIG",132439,"/Date(1702880714000)/",6550,300,49400,326000000,-110,true,-1.65
"CIG",132322,"/Date(1702880636000)/",6550,800,49100,324000000,-110,false,-1.65
"CIG",131641,"/Date(1702880235000)/",6550,200,48300,319000000,-110,true,-1.65
"CIG",131034,"/Date(1702879866000)/",6500,900,48100,317000000,-160,false,-2.4
"CIG",131018,"/Date(1702879852000)/",6500,1000,47200,311000000,-160,false,-2.4
"CIG",130849,"/Date(1702879761000)/",6500,900,46200,305000000,-160,false,-2.4
"CIG",130840,"/Date(1702879751000)/",6500,100,45300,299000000,-160,false,-2.4
"CIG",130836,"/Date(1702879750000)/",6500,1600,45200,298000000,-160,false,-2.4
"CIG",130814,"/Date(1702879726000)/",6500,1200,43600,288000000,-160,true,-2.4
"CIG",130814,"/Date(1702879726000)/",6500,500,42400,280000000,-160,true,-2.4
"CIG",130814,"/Date(1702879726000)/",6500,500,41900,277000000,-160,true,-2.4
"CIG",130814,"/Date(1702879726000)/",6500,100,41400,274000000,-160,true,-2.4
"CIG",130814,"/Date(1702879726000)/",6500,300,41300,273000000,-160,true,-2.4
"CIG",130814,"/Date(1702879726000)/",6500,2000,41000,271000000,-160,true,-2.4
"CIG",130152,"/Date(1702879342000)/",6660,100,39000,258000000,0,false,0
"CIG",130000,"/Date(1702879202000)/",6560,500,38900,257000000,-100,true,-1.5
"CIG",130000,"/Date(1702879202000)/",6560,6000,38400,254000000,-100,true,-1.5
"CIG",112729,"/Date(1702873670000)/",6560,4000,32400,215000000,-100,true,-1.5
"CIG",112729,"/Date(1702873670000)/",6560,500,28400,189000000,-100,true,-1.5
"CIG",112729,"/Date(1702873670000)/",6560,100,27900,185000000,-100,true,-1.5
"CIG",110100,"/Date(1702872078000)/",6660,800,27800,185000000,0,false,0
"CIG",110054,"/Date(1702872074000)/",6660,900,27000,179000000,0,false,0
"CIG",105604,"/Date(1702871784000)/",6660,1100,26100,173000000,0,false,0
"CIG",105601,"/Date(1702871779000)/",6660,1200,25000,166000000,0,false,0
"CIG",103429,"/Date(1702870487000)/",6560,100,23800,158000000,-100,true,-1.5
"CIG",103429,"/Date(1702870487000)/",6560,1000,23700,157000000,-100,true,-1.5
"CIG",103429,"/Date(1702870487000)/",6560,1000,22700,151000000,-100,true,-1.5
"CIG",102032,"/Date(1702869648000)/",6600,200,21700,144000000,-60,true,-0.9
"CIG",100542,"/Date(1702868758000)/",6600,100,21500,143000000,-60,true,-0.9
"CIG",100523,"/Date(1702868737000)/",6600,100,21400,142000000,-60,true,-0.9
"CIG",100439,"/Date(1702868692000)/",6600,100,21300,142000000,-60,false,-0.9
"CIG",95937,"/Date(1702868389000)/",6600,200,21200,141000000,-60,true,-0.9
"CIG",95733,"/Date(1702868266000)/",6600,1400,21000,140000000,-60,false,-0.9
"CIG",95444,"/Date(1702868096000)/",6600,100,19600,130000000,-60,true,-0.9
"CIG",95334,"/Date(1702868026000)/",6600,1300,19500,130000000,-60,true,-0.9
"CIG",95334,"/Date(1702868026000)/",6600,1000,18200,121000000,-60,true,-0.9
"CIG",95228,"/Date(1702867959000)/",6660,100,17200,114000000,0,false,0
"CIG",95228,"/Date(1702867959000)/",6660,600,17100,114000000,0,false,0
"CIG",94425,"/Date(1702867478000)/",6680,1200,16500,110000000,20,false,0.3
"CIG",94225,"/Date(1702867356000)/",6700,600,15300,102000000,40,false,0.6
"CIG",94225,"/Date(1702867356000)/",6700,500,14700,98000000,40,false,0.6
"CIG",93727,"/Date(1702867057000)/",6700,100,14200,94000000,40,false,0.6
"CIG",93342,"/Date(1702866830000)/",6660,100,14100,94000000,0,true,0
"CIG",93000,"/Date(1702866609000)/",6700,1400,14000,93000000,40,false,0.6
"CIG",92815,"/Date(1702866505000)/",6700,1100,12600,84000000,40,false,0.6
"CIG",92809,"/Date(1702866498000)/",6700,1600,11500,76000000,40,false,0.6
"CIG",92349,"/Date(1702866239000)/",6700,1400,9900,66000000,40,false,0.6
"CIG",92236,"/Date(1702866166000)/",6680,400,8500,56000000,20,false,0.3
"CIG",92152,"/Date(1702866120000)/",6680,100,8100,54000000,20,true,0.3
"CIG",92108,"/Date(1702866078000)/",6680,1600,8000,53000000,20,true,0.3
"CIG",92102,"/Date(1702866069000)/",6680,100,6400,42000000,20,false,0.3
"CIG",92049,"/Date(1702866059000)/",6680,1300,6300,42000000,20,false,0.3
"CIG",92043,"/Date(1702866053000)/",6660,800,5000,33000000,0,true,0
"CIG",92043,"/Date(1702866053000)/",6660,300,4200,28000000,0,true,0
"CIG",91746,"/Date(1702865874000)/",6680,700,3900,26000000,20,false,0.3
"CIG",91508,"/Date(1702865717000)/",6680,1500,3200,21000000,20,false,0.3
"CIG",91453,"/Date(1702865700000)/",6660,1700,1700,11000000,0,true,0
