"Stockcode","Package","TradingDate","Price","Vol","TotalVol","TotalVal","Change","IsBuy","PerChange"
"CTG",144418,"/Date(1702885500000)/",26050,338600,3836500,100768000000,-650,false,-2.43
"CTG",142915,"/Date(1702884598000)/",26200,1000,3497900,91947000000,-500,false,-1.87
"CTG",142915,"/Date(1702884596000)/",26200,1100,3496900,91921000000,-500,false,-1.87
"CTG",142912,"/Date(1702884593000)/",26200,100,3495800,91892000000,-500,false,-1.87
"CTG",142912,"/Date(1702884593000)/",26200,100,3495700,91890000000,-500,false,-1.87
"CTG",142912,"/Date(1702884593000)/",26200,900,3495600,91887000000,-500,false,-1.87
"CTG",142912,"/Date(1702884593000)/",26200,600,3494700,91863000000,-500,false,-1.87
"CTG",142900,"/Date(1702884580000)/",26200,900,3494100,91848000000,-500,true,-1.87
"CTG",142850,"/Date(1702884571000)/",26200,600,3493200,91824000000,-500,true,-1.87
"CTG",142844,"/Date(1702884565000)/",26200,3600,3492600,91808000000,-500,true,-1.87
"CTG",142844,"/Date(1702884564000)/",26200,2300,3489000,91714000000,-500,true,-1.87
"CTG",142815,"/Date(1702884537000)/",26250,8700,3486700,91654000000,-450,false,-1.69
"CTG",142815,"/Date(1702884537000)/",26200,1300,3478000,91425000000,-500,false,-1.87
"CTG",142815,"/Date(1702884534000)/",26150,4600,3476700,91391000000,-550,true,-2.06
"CTG",142815,"/Date(1702884534000)/",26150,100,3472100,91271000000,-550,true,-2.06
"CTG",142815,"/Date(1702884534000)/",26150,100,3472000,91268000000,-550,true,-2.06
"CTG",142815,"/Date(1702884534000)/",26150,200,3471900,91266000000,-550,true,-2.06
"CTG",142815,"/Date(1702884534000)/",26200,3700,3471700,91261000000,-500,false,-1.87
"CTG",142815,"/Date(1702884534000)/",26200,200,3468000,91164000000,-500,false,-1.87
"CTG",142815,"/Date(1702884534000)/",26200,100,3467800,91158000000,-500,false,-1.87
"CTG",142815,"/Date(1702884534000)/",26200,4000,3467700,91156000000,-500,false,-1.87
"CTG",142808,"/Date(1702884529000)/",26150,8000,3463700,91051000000,-550,true,-2.06
"CTG",142802,"/Date(1702884523000)/",26150,1800,3455700,90842000000,-550,true,-2.06
"CTG",142802,"/Date(1702884523000)/",26150,100,3453900,90795000000,-550,true,-2.06
"CTG",142802,"/Date(1702884523000)/",26150,100,3453800,90792000000,-550,true,-2.06
"CTG",142802,"/Date(1702884523000)/",26150,2000,3453700,90789000000,-550,true,-2.06
"CTG",142756,"/Date(1702884515000)/",26200,1000,3451700,90737000000,-500,false,-1.87
"CTG",142752,"/Date(1702884513000)/",26150,100,3450700,90711000000,-550,true,-2.06
"CTG",142752,"/Date(1702884513000)/",26150,3800,3450600,90708000000,-550,true,-2.06
"CTG",142749,"/Date(1702884511000)/",26150,2600,3446800,90609000000,-550,true,-2.06
"CTG",142746,"/Date(1702884506000)/",26150,2600,3444200,90541000000,-550,true,-2.06
"CTG",142746,"/Date(1702884505000)/",26150,2600,3441600,90473000000,-550,true,-2.06
"CTG",142743,"/Date(1702884503000)/",26150,2600,3439000,90405000000,-550,true,-2.06
"CTG",142740,"/Date(1702884501000)/",26150,2600,3436400,90337000000,-550,true,-2.06
"CTG",142740,"/Date(1702884500000)/",26150,1500,3433800,90269000000,-550,true,-2.06
"CTG",142740,"/Date(1702884500000)/",26150,300,3432300,90230000000,-550,true,-2.06
"CTG",142740,"/Date(1702884500000)/",26150,800,3432000,90222000000,-550,true,-2.06
"CTG",142727,"/Date(1702884489000)/",26150,700,3431200,90201000000,-550,true,-2.06
"CTG",142727,"/Date(1702884489000)/",26150,2000,3430500,90183000000,-550,true,-2.06
"CTG",142727,"/Date(1702884489000)/",26150,100,3428500,90130000000,-550,true,-2.06
"CTG",142727,"/Date(1702884489000)/",26150,100,3428400,90128000000,-550,true,-2.06
"CTG",142727,"/Date(1702884489000)/",26150,300,3428300,90125000000,-550,true,-2.06
"CTG",142727,"/Date(1702884489000)/",26150,100,3428000,90117000000,-550,true,-2.06
"CTG",142727,"/Date(1702884489000)/",26150,8000,3427900,90115000000,-550,true,-2.06
"CTG",142727,"/Date(1702884489000)/",26150,500,3419900,89905000000,-550,true,-2.06
"CTG",142727,"/Date(1702884489000)/",26150,200,3419400,89892000000,-550,true,-2.06
"CTG",142727,"/Date(1702884489000)/",26150,500,3419200,89887000000,-550,true,-2.06
"CTG",142727,"/Date(1702884489000)/",26150,100,3418700,89874000000,-550,true,-2.06
"CTG",142727,"/Date(1702884489000)/",26150,1000,3418600,89872000000,-550,true,-2.06
"CTG",142727,"/Date(1702884489000)/",26150,200,3417600,89845000000,-550,true,-2.06
"CTG",142727,"/Date(1702884489000)/",26150,2000,3417400,89840000000,-550,true,-2.06
"CTG",142727,"/Date(1702884489000)/",26150,1000,3415400,89788000000,-550,true,-2.06
"CTG",142727,"/Date(1702884489000)/",26150,200,3414400,89762000000,-550,true,-2.06
"CTG",142727,"/Date(1702884489000)/",26150,1500,3414200,89756000000,-550,true,-2.06
"CTG",142727,"/Date(1702884489000)/",26150,13700,3412700,89717000000,-550,true,-2.06
"CTG",142705,"/Date(1702884465000)/",26150,6300,3399000,89359000000,-550,true,-2.06
"CTG",142705,"/Date(1702884465000)/",26150,100,3392700,89194000000,-550,true,-2.06
"CTG",142705,"/Date(1702884465000)/",26150,1100,3392600,89192000000,-550,true,-2.06
"CTG",142705,"/Date(1702884464000)/",26200,100,3391500,89163000000,-500,false,-1.87
"CTG",142655,"/Date(1702884456000)/",26200,500,3391400,89160000000,-500,false,-1.87
"CTG",142645,"/Date(1702884445000)/",26200,100,3390900,89147000000,-500,false,-1.87
"CTG",142610,"/Date(1702884410000)/",26200,2000,3390800,89144000000,-500,false,-1.87
"CTG",142607,"/Date(1702884407000)/",26200,3000,3388800,89092000000,-500,true,-1.87
"CTG",142607,"/Date(1702884407000)/",26200,1000,3385800,89013000000,-500,true,-1.87
"CTG",142607,"/Date(1702884407000)/",26200,500,3384800,88987000000,-500,true,-1.87
"CTG",142607,"/Date(1702884407000)/",26200,2000,3384300,88974000000,-500,true,-1.87
"CTG",142607,"/Date(1702884407000)/",26200,2000,3382300,88922000000,-500,true,-1.87
"CTG",142607,"/Date(1702884407000)/",26200,18000,3380300,88869000000,-500,true,-1.87
"CTG",142607,"/Date(1702884407000)/",26200,300,3362300,88398000000,-500,true,-1.87
"CTG",142607,"/Date(1702884407000)/",26200,5000,3362000,88390000000,-500,true,-1.87
"CTG",142607,"/Date(1702884407000)/",26200,400,3357000,88259000000,-500,true,-1.87
"CTG",142607,"/Date(1702884407000)/",26200,500,3356600,88248000000,-500,true,-1.87
"CTG",142607,"/Date(1702884407000)/",26200,200,3356100,88235000000,-500,true,-1.87
"CTG",142607,"/Date(1702884407000)/",26200,300,3355900,88230000000,-500,true,-1.87
"CTG",142607,"/Date(1702884407000)/",26200,200,3355600,88222000000,-500,true,-1.87
"CTG",142607,"/Date(1702884407000)/",26200,100,3355400,88217000000,-500,true,-1.87
"CTG",142607,"/Date(1702884407000)/",26200,200,3355300,88214000000,-500,true,-1.87
"CTG",142607,"/Date(1702884407000)/",26200,2500,3355100,88209000000,-500,true,-1.87
"CTG",142607,"/Date(1702884407000)/",26200,1000,3352600,88144000000,-500,true,-1.87
"CTG",142607,"/Date(1702884407000)/",26200,100,3351600,88117000000,-500,true,-1.87
"CTG",142607,"/Date(1702884407000)/",26200,6100,3351500,88115000000,-500,true,-1.87
"CTG",142607,"/Date(1702884406000)/",26200,1500,3345400,87955000000,-500,true,-1.87
"CTG",142554,"/Date(1702884396000)/",26200,2400,3343900,87916000000,-500,true,-1.87
"CTG",142554,"/Date(1702884396000)/",26200,400,3341500,87853000000,-500,true,-1.87
"CTG",142554,"/Date(1702884396000)/",26200,200,3341100,87842000000,-500,true,-1.87
"CTG",142551,"/Date(1702884392000)/",26200,300,3340900,87837000000,-500,true,-1.87
"CTG",142551,"/Date(1702884392000)/",26200,100,3340600,87829000000,-500,true,-1.87
"CTG",142551,"/Date(1702884392000)/",26200,2000,3340500,87827000000,-500,true,-1.87
"CTG",142551,"/Date(1702884392000)/",26200,300,3338500,87774000000,-500,true,-1.87
"CTG",142551,"/Date(1702884392000)/",26200,100,3338200,87766000000,-500,true,-1.87
"CTG",142551,"/Date(1702884392000)/",26200,1000,3338100,87764000000,-500,true,-1.87
"CTG",142551,"/Date(1702884392000)/",26200,100,3337100,87738000000,-500,true,-1.87
"CTG",142551,"/Date(1702884392000)/",26200,300,3337000,87735000000,-500,true,-1.87
"CTG",142548,"/Date(1702884390000)/",26200,700,3336700,87727000000,-500,true,-1.87
"CTG",142548,"/Date(1702884390000)/",26200,300,3336000,87709000000,-500,true,-1.87
"CTG",142548,"/Date(1702884390000)/",26200,1000,3335700,87701000000,-500,true,-1.87
"CTG",142548,"/Date(1702884390000)/",26200,500,3334700,87675000000,-500,true,-1.87
"CTG",142548,"/Date(1702884390000)/",26200,300,3334200,87662000000,-500,true,-1.87
"CTG",142548,"/Date(1702884390000)/",26200,1000,3333900,87654000000,-500,true,-1.87
"CTG",142548,"/Date(1702884390000)/",26200,400,3332900,87628000000,-500,true,-1.87
"CTG",142548,"/Date(1702884390000)/",26200,100,3332500,87617000000,-500,true,-1.87
"CTG",142548,"/Date(1702884390000)/",26200,2300,3332400,87614000000,-500,true,-1.87
"CTG",142548,"/Date(1702884390000)/",26200,20000,3330100,87554000000,-500,true,-1.87
"CTG",142548,"/Date(1702884390000)/",26200,1000,3310100,87030000000,-500,true,-1.87
"CTG",142548,"/Date(1702884390000)/",26200,2000,3309100,87004000000,-500,true,-1.87
"CTG",142548,"/Date(1702884390000)/",26200,100,3307100,86952000000,-500,true,-1.87
"CTG",142548,"/Date(1702884390000)/",26200,100,3307000,86949000000,-500,true,-1.87
"CTG",142548,"/Date(1702884390000)/",26200,200,3306900,86946000000,-500,true,-1.87
"CTG",142545,"/Date(1702884387000)/",26200,3600,3306700,86941000000,-500,true,-1.87
"CTG",142541,"/Date(1702884382000)/",26200,100,3303100,86847000000,-500,true,-1.87
"CTG",142541,"/Date(1702884382000)/",26200,700,3303000,86844000000,-500,true,-1.87
"CTG",142541,"/Date(1702884382000)/",26200,1000,3302300,86826000000,-500,true,-1.87
"CTG",142541,"/Date(1702884382000)/",26200,2000,3301300,86800000000,-500,true,-1.87
"CTG",142541,"/Date(1702884382000)/",26200,1000,3299300,86747000000,-500,true,-1.87
"CTG",142541,"/Date(1702884382000)/",26200,500,3298300,86721000000,-500,true,-1.87
"CTG",142541,"/Date(1702884382000)/",26200,200,3297800,86708000000,-500,true,-1.87
"CTG",142541,"/Date(1702884382000)/",26200,200,3297600,86703000000,-500,true,-1.87
"CTG",142541,"/Date(1702884382000)/",26200,100,3297400,86697000000,-500,true,-1.87
"CTG",142541,"/Date(1702884382000)/",26200,100,3297300,86695000000,-500,true,-1.87
"CTG",142541,"/Date(1702884382000)/",26200,1500,3297200,86692000000,-500,true,-1.87
"CTG",142541,"/Date(1702884382000)/",26200,500,3295700,86653000000,-500,true,-1.87
"CTG",142541,"/Date(1702884382000)/",26200,200,3295200,86640000000,-500,true,-1.87
"CTG",142541,"/Date(1702884382000)/",26200,100,3295000,86635000000,-500,true,-1.87
"CTG",142541,"/Date(1702884382000)/",26200,100,3294900,86632000000,-500,true,-1.87
"CTG",142541,"/Date(1702884382000)/",26200,10000,3294800,86629000000,-500,true,-1.87
"CTG",142541,"/Date(1702884382000)/",26200,100,3284800,86367000000,-500,true,-1.87
"CTG",142541,"/Date(1702884382000)/",26200,100,3284700,86365000000,-500,true,-1.87
"CTG",142541,"/Date(1702884382000)/",26200,1500,3284600,86362000000,-500,true,-1.87
"CTG",142538,"/Date(1702884380000)/",26200,600,3283100,86323000000,-500,true,-1.87
"CTG",142535,"/Date(1702884376000)/",26200,3600,3282500,86307000000,-500,true,-1.87
"CTG",142457,"/Date(1702884337000)/",26250,600,3278900,86213000000,-450,false,-1.69
"CTG",142437,"/Date(1702884318000)/",26200,4300,3278300,86197000000,-500,true,-1.87
"CTG",142437,"/Date(1702884318000)/",26200,100,3274000,86084000000,-500,true,-1.87
"CTG",142437,"/Date(1702884318000)/",26200,300,3273900,86082000000,-500,true,-1.87
"CTG",142437,"/Date(1702884318000)/",26200,500,3273600,86074000000,-500,true,-1.87
"CTG",142437,"/Date(1702884318000)/",26200,1000,3273100,86061000000,-500,true,-1.87
"CTG",142437,"/Date(1702884318000)/",26200,100,3272100,86035000000,-500,true,-1.87
"CTG",142437,"/Date(1702884318000)/",26200,5000,3272000,86032000000,-500,true,-1.87
"CTG",142437,"/Date(1702884318000)/",26200,500,3267000,85901000000,-500,true,-1.87
"CTG",142437,"/Date(1702884318000)/",26200,100,3266500,85888000000,-500,true,-1.87
"CTG",142437,"/Date(1702884318000)/",26200,1000,3266400,85885000000,-500,true,-1.87
"CTG",142437,"/Date(1702884318000)/",26200,1500,3265400,85859000000,-500,true,-1.87
"CTG",142437,"/Date(1702884318000)/",26200,100,3263900,85820000000,-500,true,-1.87
"CTG",142437,"/Date(1702884318000)/",26200,500,3263800,85817000000,-500,true,-1.87
"CTG",142428,"/Date(1702884309000)/",26250,100,3263300,85804000000,-450,false,-1.69
"CTG",142415,"/Date(1702884297000)/",26250,400,3263200,85801000000,-450,false,-1.69
"CTG",142359,"/Date(1702884279000)/",26250,1000,3262800,85791000000,-450,true,-1.69
"CTG",142359,"/Date(1702884279000)/",26250,2000,3261800,85765000000,-450,true,-1.69
"CTG",142359,"/Date(1702884279000)/",26250,100,3259800,85712000000,-450,true,-1.69
"CTG",142359,"/Date(1702884279000)/",26250,200,3259700,85709000000,-450,true,-1.69
"CTG",142359,"/Date(1702884279000)/",26250,5000,3259500,85704000000,-450,true,-1.69
"CTG",142359,"/Date(1702884279000)/",26250,800,3254500,85573000000,-450,true,-1.69
"CTG",142359,"/Date(1702884279000)/",26250,5800,3253700,85552000000,-450,true,-1.69
"CTG",142359,"/Date(1702884279000)/",26250,1800,3247900,85400000000,-450,true,-1.69
"CTG",142349,"/Date(1702884270000)/",26250,3000,3246100,85352000000,-450,true,-1.69
"CTG",142343,"/Date(1702884263000)/",26250,100,3243100,85274000000,-450,true,-1.69
"CTG",142330,"/Date(1702884250000)/",26250,3600,3243000,85271000000,-450,true,-1.69
"CTG",142321,"/Date(1702884242000)/",26250,1500,3239400,85177000000,-450,true,-1.69
"CTG",142321,"/Date(1702884242000)/",26250,1100,3237900,85137000000,-450,true,-1.69
"CTG",142318,"/Date(1702884237000)/",26250,3600,3236800,85108000000,-450,true,-1.69
"CTG",142311,"/Date(1702884233000)/",26250,300,3233200,85014000000,-450,true,-1.69
"CTG",142311,"/Date(1702884233000)/",26250,100,3232900,85006000000,-450,true,-1.69
"CTG",142311,"/Date(1702884233000)/",26250,100,3232800,85003000000,-450,true,-1.69
"CTG",142311,"/Date(1702884233000)/",26250,100,3232700,85001000000,-450,true,-1.69
"CTG",142308,"/Date(1702884227000)/",26250,3100,3232600,84998000000,-450,true,-1.69
"CTG",142308,"/Date(1702884227000)/",26250,3600,3229500,84917000000,-450,true,-1.69
"CTG",142305,"/Date(1702884226000)/",26250,500,3225900,84822000000,-450,true,-1.69
"CTG",142305,"/Date(1702884226000)/",26300,100,3225400,84809000000,-400,false,-1.5
"CTG",142302,"/Date(1702884221000)/",26300,600,3225300,84806000000,-400,true,-1.5
"CTG",142258,"/Date(1702884218000)/",26300,600,3224700,84791000000,-400,true,-1.5
"CTG",142255,"/Date(1702884217000)/",26300,500,3224100,84775000000,-400,true,-1.5
"CTG",142255,"/Date(1702884217000)/",26300,2500,3223600,84762000000,-400,true,-1.5
"CTG",142255,"/Date(1702884216000)/",26350,2000,3221100,84696000000,-350,false,-1.31
"CTG",142249,"/Date(1702884209000)/",26350,100,3219100,84643000000,-350,false,-1.31
"CTG",142242,"/Date(1702884203000)/",26300,200,3219000,84641000000,-400,true,-1.5
"CTG",142242,"/Date(1702884203000)/",26300,100,3218800,84635000000,-400,true,-1.5
"CTG",142242,"/Date(1702884203000)/",26300,3300,3218700,84633000000,-400,true,-1.5
"CTG",142217,"/Date(1702884176000)/",26300,1700,3215400,84546000000,-400,true,-1.5
"CTG",142217,"/Date(1702884176000)/",26350,200,3213700,84501000000,-350,false,-1.31
"CTG",142142,"/Date(1702884141000)/",26400,2500,3213500,84496000000,-300,false,-1.12
"CTG",142119,"/Date(1702884120000)/",26400,100,3211000,84430000000,-300,false,-1.12
"CTG",142106,"/Date(1702884107000)/",26250,2700,3210900,84427000000,-450,true,-1.69
"CTG",142106,"/Date(1702884107000)/",26250,2000,3208200,84356000000,-450,true,-1.69
"CTG",142106,"/Date(1702884107000)/",26250,10000,3206200,84304000000,-450,true,-1.69
"CTG",142106,"/Date(1702884107000)/",26250,5000,3196200,84041000000,-450,true,-1.69
"CTG",142106,"/Date(1702884107000)/",26250,100,3191200,83910000000,-450,true,-1.69
"CTG",142106,"/Date(1702884107000)/",26250,3000,3191100,83908000000,-450,true,-1.69
"CTG",142106,"/Date(1702884107000)/",26250,7000,3188100,83829000000,-450,true,-1.69
"CTG",142106,"/Date(1702884107000)/",26250,2900,3181100,83645000000,-450,true,-1.69
"CTG",142106,"/Date(1702884107000)/",26300,300,3178200,83569000000,-400,false,-1.5
"CTG",142106,"/Date(1702884107000)/",26300,15100,3177900,83561000000,-400,false,-1.5
"CTG",142106,"/Date(1702884107000)/",26300,800,3162800,83164000000,-400,false,-1.5
"CTG",142106,"/Date(1702884107000)/",26300,100,3162000,83143000000,-400,false,-1.5
"CTG",142106,"/Date(1702884107000)/",26300,1000,3161900,83140000000,-400,false,-1.5
"CTG",142106,"/Date(1702884106000)/",26400,3300,3160900,83114000000,-300,false,-1.12
"CTG",142106,"/Date(1702884106000)/",26400,100,3157600,83027000000,-300,false,-1.12
"CTG",142106,"/Date(1702884106000)/",26400,5800,3157500,83024000000,-300,false,-1.12
"CTG",142106,"/Date(1702884106000)/",26400,1000,3151700,82871000000,-300,false,-1.12
"CTG",142106,"/Date(1702884106000)/",26400,100,3150700,82845000000,-300,false,-1.12
"CTG",142106,"/Date(1702884106000)/",26400,4000,3150600,82842000000,-300,false,-1.12
"CTG",142106,"/Date(1702884106000)/",26350,2600,3146600,82736000000,-350,false,-1.31
"CTG",142106,"/Date(1702884106000)/",26350,2600,3144000,82668000000,-350,false,-1.31
"CTG",142106,"/Date(1702884106000)/",26350,500,3141400,82599000000,-350,false,-1.31
"CTG",142103,"/Date(1702884103000)/",26350,2500,3140900,82586000000,-350,false,-1.31
"CTG",142103,"/Date(1702884103000)/",26350,2500,3138400,82520000000,-350,false,-1.31
"CTG",142054,"/Date(1702884095000)/",26350,300,3135900,82455000000,-350,false,-1.31
"CTG",142031,"/Date(1702884071000)/",26350,500,3135600,82447000000,-350,false,-1.31
"CTG",142028,"/Date(1702884068000)/",26350,300,3135100,82433000000,-350,false,-1.31
"CTG",142003,"/Date(1702884042000)/",26350,200,3134800,82426000000,-350,false,-1.31
"CTG",142003,"/Date(1702884042000)/",26350,300,3134600,82420000000,-350,false,-1.31
"CTG",141927,"/Date(1702884008000)/",26350,900,3134300,82412000000,-350,false,-1.31
"CTG",141927,"/Date(1702884008000)/",26350,5000,3133400,82389000000,-350,false,-1.31
"CTG",141927,"/Date(1702884008000)/",26350,1000,3128400,82257000000,-350,false,-1.31
"CTG",141927,"/Date(1702884008000)/",26350,900,3127400,82231000000,-350,false,-1.31
"CTG",141927,"/Date(1702884008000)/",26300,2200,3126500,82207000000,-400,true,-1.5
"CTG",141927,"/Date(1702884008000)/",26300,300,3124300,82149000000,-400,true,-1.5
"CTG",141927,"/Date(1702884008000)/",26300,200,3124000,82141000000,-400,true,-1.5
"CTG",141927,"/Date(1702884008000)/",26300,1000,3123800,82136000000,-400,true,-1.5
"CTG",141927,"/Date(1702884008000)/",26300,1000,3122800,82110000000,-400,true,-1.5
"CTG",141927,"/Date(1702884008000)/",26300,300,3121800,82083000000,-400,true,-1.5
"CTG",141924,"/Date(1702884005000)/",26350,200,3121500,82075000000,-350,false,-1.31
"CTG",141924,"/Date(1702884005000)/",26350,3000,3121300,82070000000,-350,false,-1.31
"CTG",141924,"/Date(1702884005000)/",26350,1200,3118300,81991000000,-350,false,-1.31
"CTG",141924,"/Date(1702884005000)/",26350,500,3117100,81959000000,-350,false,-1.31
"CTG",141924,"/Date(1702884005000)/",26350,2200,3116600,81946000000,-350,false,-1.31
"CTG",141924,"/Date(1702884005000)/",26350,900,3114400,81888000000,-350,false,-1.31
"CTG",141918,"/Date(1702883998000)/",26300,400,3113500,81865000000,-400,true,-1.5
"CTG",141902,"/Date(1702883982000)/",26350,300,3113100,81854000000,-350,false,-1.31
"CTG",141836,"/Date(1702883958000)/",26300,1800,3112800,81846000000,-400,false,-1.5
"CTG",141836,"/Date(1702883955000)/",26300,300,3111000,81799000000,-400,false,-1.5
"CTG",141833,"/Date(1702883952000)/",26300,500,3110700,81791000000,-400,false,-1.5
"CTG",141808,"/Date(1702883928000)/",26300,300,3110200,81778000000,-400,false,-1.5
"CTG",141742,"/Date(1702883902000)/",26300,100,3109900,81770000000,-400,false,-1.5
"CTG",141742,"/Date(1702883902000)/",26300,200,3109800,81767000000,-400,false,-1.5
"CTG",141726,"/Date(1702883888000)/",26300,100,3109600,81762000000,-400,true,-1.5
"CTG",141720,"/Date(1702883881000)/",26300,400,3109500,81759000000,-400,false,-1.5
"CTG",141713,"/Date(1702883875000)/",26350,300,3109100,81749000000,-350,false,-1.31
"CTG",141710,"/Date(1702883869000)/",26300,100,3108800,81741000000,-400,false,-1.5
"CTG",141701,"/Date(1702883861000)/",26300,2500,3108700,81738000000,-400,false,-1.5
"CTG",141701,"/Date(1702883861000)/",26300,2000,3106200,81673000000,-400,false,-1.5
"CTG",141701,"/Date(1702883861000)/",26300,1000,3104200,81620000000,-400,false,-1.5
"CTG",141701,"/Date(1702883861000)/",26300,200,3103200,81594000000,-400,false,-1.5
"CTG",141701,"/Date(1702883861000)/",26300,3000,3103000,81588000000,-400,false,-1.5
"CTG",141701,"/Date(1702883861000)/",26300,500,3100000,81509000000,-400,false,-1.5
"CTG",141701,"/Date(1702883861000)/",26300,800,3099500,81496000000,-400,false,-1.5
"CTG",141648,"/Date(1702883847000)/",26300,300,3098700,81475000000,-400,false,-1.5
"CTG",141645,"/Date(1702883843000)/",26250,1200,3098400,81467000000,-450,false,-1.69
"CTG",141642,"/Date(1702883843000)/",26250,500,3097200,81436000000,-450,false,-1.69
"CTG",141642,"/Date(1702883843000)/",26250,400,3096700,81423000000,-450,false,-1.69
"CTG",141635,"/Date(1702883836000)/",26250,3000,3096300,81412000000,-450,false,-1.69
"CTG",141626,"/Date(1702883827000)/",26250,5000,3093300,81334000000,-450,false,-1.69
"CTG",141622,"/Date(1702883821000)/",26250,500,3088300,81202000000,-450,false,-1.69
"CTG",141619,"/Date(1702883820000)/",26250,300,3087800,81189000000,-450,false,-1.69
"CTG",141610,"/Date(1702883809000)/",26250,300,3087500,81181000000,-450,true,-1.69
"CTG",141610,"/Date(1702883809000)/",26250,2000,3087200,81173000000,-450,true,-1.69
"CTG",141610,"/Date(1702883809000)/",26250,10000,3085200,81121000000,-450,true,-1.69
"CTG",141610,"/Date(1702883809000)/",26250,3500,3075200,80858000000,-450,true,-1.69
"CTG",141557,"/Date(1702883796000)/",26300,8000,3071700,80767000000,-400,false,-1.5
"CTG",141554,"/Date(1702883794000)/",26250,5000,3063700,80556000000,-450,false,-1.69
"CTG",141554,"/Date(1702883794000)/",26250,300,3058700,80425000000,-450,false,-1.69
"CTG",141554,"/Date(1702883794000)/",26250,1200,3058400,80417000000,-450,false,-1.69
"CTG",141554,"/Date(1702883794000)/",26250,1000,3057200,80385000000,-450,false,-1.69
"CTG",141554,"/Date(1702883793000)/",26250,300,3056200,80359000000,-450,false,-1.69
"CTG",141550,"/Date(1702883789000)/",26250,2500,3055900,80351000000,-450,false,-1.69
"CTG",141550,"/Date(1702883789000)/",26250,400,3053400,80286000000,-450,false,-1.69
"CTG",141550,"/Date(1702883789000)/",26250,7100,3053000,80275000000,-450,false,-1.69
"CTG",141528,"/Date(1702883766000)/",26250,300,3045900,80089000000,-450,false,-1.69
"CTG",141512,"/Date(1702883753000)/",26250,1000,3045600,80081000000,-450,false,-1.69
"CTG",141459,"/Date(1702883739000)/",26250,300,3044600,80055000000,-450,false,-1.69
"CTG",141447,"/Date(1702883726000)/",26250,5000,3044300,80047000000,-450,false,-1.69
"CTG",141443,"/Date(1702883723000)/",26250,100,3039300,79916000000,-450,false,-1.69
"CTG",141431,"/Date(1702883712000)/",26250,300,3039200,79913000000,-450,false,-1.69
"CTG",141431,"/Date(1702883711000)/",26250,100,3038900,79905000000,-450,false,-1.69
"CTG",141427,"/Date(1702883708000)/",26250,100,3038800,79902000000,-450,false,-1.69
"CTG",141349,"/Date(1702883667000)/",26250,800,3038700,79900000000,-450,false,-1.69
"CTG",141346,"/Date(1702883666000)/",26250,500,3037900,79879000000,-450,true,-1.69
"CTG",141346,"/Date(1702883665000)/",26250,300,3037400,79866000000,-450,true,-1.69
"CTG",141346,"/Date(1702883665000)/",26250,1000,3037100,79858000000,-450,true,-1.69
"CTG",141346,"/Date(1702883665000)/",26250,200,3036100,79832000000,-450,true,-1.69
"CTG",141346,"/Date(1702883665000)/",26250,1400,3035900,79826000000,-450,true,-1.69
"CTG",141346,"/Date(1702883665000)/",26250,6500,3034500,79790000000,-450,true,-1.69
"CTG",141333,"/Date(1702883653000)/",26300,300,3028000,79619000000,-400,false,-1.5
"CTG",141327,"/Date(1702883646000)/",26300,600,3027700,79611000000,-400,false,-1.5
"CTG",141327,"/Date(1702883646000)/",26300,1500,3027100,79595000000,-400,false,-1.5
"CTG",141327,"/Date(1702883646000)/",26300,400,3025600,79556000000,-400,false,-1.5
"CTG",141308,"/Date(1702883626000)/",26300,300,3025200,79545000000,-400,false,-1.5
"CTG",141305,"/Date(1702883625000)/",26250,300,3024900,79537000000,-450,true,-1.69
"CTG",141305,"/Date(1702883624000)/",26250,3200,3024600,79530000000,-450,true,-1.69
"CTG",141305,"/Date(1702883624000)/",26250,100,3021400,79446000000,-450,true,-1.69
"CTG",141305,"/Date(1702883624000)/",26250,100,3021300,79443000000,-450,true,-1.69
"CTG",141239,"/Date(1702883599000)/",26300,300,3021200,79440000000,-400,false,-1.5
"CTG",141236,"/Date(1702883595000)/",26250,500,3020900,79432000000,-450,true,-1.69
"CTG",141236,"/Date(1702883594000)/",26250,2000,3020400,79419000000,-450,true,-1.69
"CTG",141233,"/Date(1702883593000)/",26250,2400,3018400,79367000000,-450,true,-1.69
"CTG",141233,"/Date(1702883593000)/",26250,100,3016000,79304000000,-450,true,-1.69
"CTG",141233,"/Date(1702883593000)/",26250,900,3015900,79301000000,-450,true,-1.69
"CTG",141229,"/Date(1702883588000)/",26300,900,3015000,79278000000,-400,false,-1.5
"CTG",141229,"/Date(1702883588000)/",26300,1000,3014100,79254000000,-400,false,-1.5
"CTG",141229,"/Date(1702883588000)/",26300,1900,3013100,79228000000,-400,false,-1.5
"CTG",141229,"/Date(1702883588000)/",26300,100,3011200,79178000000,-400,false,-1.5
"CTG",141229,"/Date(1702883588000)/",26300,1000,3011100,79175000000,-400,false,-1.5
"CTG",141229,"/Date(1702883588000)/",26300,100,3010100,79149000000,-400,false,-1.5
"CTG",141214,"/Date(1702883572000)/",26300,300,3010000,79146000000,-400,false,-1.5
"CTG",141145,"/Date(1702883544000)/",26300,300,3009700,79138000000,-400,false,-1.5
"CTG",141119,"/Date(1702883518000)/",26300,300,3009400,79130000000,-400,false,-1.5
"CTG",141113,"/Date(1702883513000)/",26250,100,3009100,79122000000,-450,true,-1.69
"CTG",141113,"/Date(1702883511000)/",26250,1700,3009000,79120000000,-450,true,-1.69
"CTG",141107,"/Date(1702883506000)/",26350,6900,3007300,79075000000,-350,false,-1.31
"CTG",141107,"/Date(1702883506000)/",26300,1100,3000400,78893000000,-400,false,-1.5
"CTG",141107,"/Date(1702883506000)/",26300,2000,2999300,78864000000,-400,false,-1.5
"CTG",141103,"/Date(1702883501000)/",26300,900,2997300,78812000000,-400,false,-1.5
"CTG",141103,"/Date(1702883501000)/",26300,2000,2996400,78788000000,-400,false,-1.5
"CTG",141103,"/Date(1702883501000)/",26300,100,2994400,78736000000,-400,false,-1.5
"CTG",141103,"/Date(1702883501000)/",26300,1900,2994300,78733000000,-400,false,-1.5
"CTG",141103,"/Date(1702883501000)/",26300,100,2992400,78683000000,-400,false,-1.5
"CTG",141103,"/Date(1702883501000)/",26300,1100,2992300,78680000000,-400,false,-1.5
"CTG",141103,"/Date(1702883501000)/",26300,300,2991200,78651000000,-400,false,-1.5
"CTG",141103,"/Date(1702883501000)/",26300,1000,2990900,78643000000,-400,false,-1.5
"CTG",141103,"/Date(1702883501000)/",26300,1000,2989900,78617000000,-400,false,-1.5
"CTG",141103,"/Date(1702883501000)/",26300,1000,2988900,78591000000,-400,false,-1.5
"CTG",141103,"/Date(1702883501000)/",26300,600,2987900,78565000000,-400,false,-1.5
"CTG",141051,"/Date(1702883490000)/",26300,300,2987300,78549000000,-400,false,-1.5
"CTG",141044,"/Date(1702883485000)/",26250,100,2987000,78541000000,-450,true,-1.69
"CTG",141044,"/Date(1702883483000)/",26250,1700,2986900,78538000000,-450,true,-1.69
"CTG",141041,"/Date(1702883481000)/",26250,100,2985200,78494000000,-450,false,-1.69
"CTG",141041,"/Date(1702883481000)/",26250,400,2985100,78491000000,-450,false,-1.69
"CTG",141041,"/Date(1702883481000)/",26250,100,2984700,78481000000,-450,false,-1.69
"CTG",141041,"/Date(1702883481000)/",26250,1000,2984600,78478000000,-450,false,-1.69
"CTG",141041,"/Date(1702883481000)/",26250,500,2983600,78452000000,-450,false,-1.69
"CTG",141041,"/Date(1702883481000)/",26250,400,2983100,78439000000,-450,false,-1.69
"CTG",141041,"/Date(1702883481000)/",26250,1000,2982700,78428000000,-450,false,-1.69
"CTG",141041,"/Date(1702883481000)/",26250,100,2981700,78402000000,-450,false,-1.69
"CTG",141041,"/Date(1702883481000)/",26250,11900,2981600,78399000000,-450,false,-1.69
"CTG",141041,"/Date(1702883480000)/",26200,500,2969700,78087000000,-500,true,-1.87
"CTG",141041,"/Date(1702883480000)/",26200,1000,2969200,78074000000,-500,true,-1.87
"CTG",141041,"/Date(1702883480000)/",26200,200,2968200,78047000000,-500,true,-1.87
"CTG",141031,"/Date(1702883466000)/",26250,4400,2968000,78042000000,-450,false,-1.69
"CTG",141025,"/Date(1702883463000)/",26250,300,2963600,77927000000,-450,false,-1.69
"CTG",141019,"/Date(1702883456000)/",26250,100,2963300,77919000000,-450,false,-1.69
"CTG",141012,"/Date(1702883453000)/",26250,1300,2963200,77916000000,-450,false,-1.69
"CTG",141012,"/Date(1702883451000)/",26250,100,2961900,77882000000,-450,false,-1.69
"CTG",141009,"/Date(1702883450000)/",26200,100,2961800,77879000000,-500,true,-1.87
"CTG",141009,"/Date(1702883447000)/",26200,100,2961700,77877000000,-500,true,-1.87
"CTG",141009,"/Date(1702883447000)/",26200,100,2961600,77874000000,-500,true,-1.87
"CTG",141009,"/Date(1702883447000)/",26200,1000,2961500,77872000000,-500,true,-1.87
"CTG",141009,"/Date(1702883447000)/",26200,100,2960500,77845000000,-500,true,-1.87
"CTG",141009,"/Date(1702883447000)/",26200,400,2960400,77843000000,-500,true,-1.87
"CTG",140956,"/Date(1702883436000)/",26250,300,2960000,77832000000,-450,false,-1.69
"CTG",140947,"/Date(1702883426000)/",26250,500,2959700,77824000000,-450,false,-1.69
"CTG",140937,"/Date(1702883417000)/",26200,100,2959200,77811000000,-500,true,-1.87
"CTG",140937,"/Date(1702883416000)/",26200,500,2959100,77809000000,-500,true,-1.87
"CTG",140937,"/Date(1702883416000)/",26200,1200,2958600,77796000000,-500,true,-1.87
"CTG",140931,"/Date(1702883409000)/",26250,300,2957400,77764000000,-450,false,-1.69
"CTG",140905,"/Date(1702883385000)/",26200,200,2957100,77756000000,-500,true,-1.87
"CTG",140905,"/Date(1702883384000)/",26200,1700,2956900,77751000000,-500,true,-1.87
"CTG",140905,"/Date(1702883383000)/",26200,1000,2955200,77707000000,-500,true,-1.87
"CTG",140902,"/Date(1702883382000)/",26250,300,2954200,77680000000,-450,false,-1.69
"CTG",140837,"/Date(1702883356000)/",26250,200,2953900,77672000000,-450,false,-1.69
"CTG",140837,"/Date(1702883355000)/",26250,300,2953700,77667000000,-450,false,-1.69
"CTG",140837,"/Date(1702883355000)/",26200,100,2953400,77659000000,-500,true,-1.87
"CTG",140833,"/Date(1702883353000)/",26200,1600,2953300,77657000000,-500,true,-1.87
"CTG",140833,"/Date(1702883352000)/",26250,100,2951700,77615000000,-450,false,-1.69
"CTG",140827,"/Date(1702883345000)/",26250,4900,2951600,77612000000,-450,false,-1.69
"CTG",140827,"/Date(1702883345000)/",26250,100,2946700,77484000000,-450,false,-1.69
"CTG",140808,"/Date(1702883328000)/",26250,100,2946600,77481000000,-450,false,-1.69
"CTG",140808,"/Date(1702883328000)/",26250,200,2946500,77478000000,-450,false,-1.69
"CTG",140808,"/Date(1702883326000)/",26250,900,2946300,77473000000,-450,false,-1.69
"CTG",140805,"/Date(1702883323000)/",26200,100,2945400,77449000000,-500,true,-1.87
"CTG",140802,"/Date(1702883322000)/",26200,1600,2945300,77447000000,-500,true,-1.87
"CTG",140746,"/Date(1702883306000)/",26250,800,2943700,77405000000,-450,false,-1.69
"CTG",140746,"/Date(1702883306000)/",26250,500,2942900,77384000000,-450,false,-1.69
"CTG",140742,"/Date(1702883302000)/",26250,300,2942400,77371000000,-450,false,-1.69
"CTG",140736,"/Date(1702883294000)/",26250,1200,2942100,77363000000,-450,false,-1.69
"CTG",140736,"/Date(1702883294000)/",26250,100,2940900,77331000000,-450,false,-1.69
"CTG",140733,"/Date(1702883291000)/",26200,100,2940800,77329000000,-500,true,-1.87
"CTG",140730,"/Date(1702883289000)/",26200,1600,2940700,77326000000,-500,true,-1.87
"CTG",140717,"/Date(1702883275000)/",26250,300,2939100,77284000000,-450,false,-1.69
"CTG",140710,"/Date(1702883268000)/",26250,100,2938800,77276000000,-450,false,-1.69
"CTG",140701,"/Date(1702883259000)/",26200,100,2938700,77274000000,-500,true,-1.87
"CTG",140658,"/Date(1702883258000)/",26200,700,2938600,77271000000,-500,true,-1.87
"CTG",140658,"/Date(1702883258000)/",26200,500,2937900,77253000000,-500,true,-1.87
"CTG",140658,"/Date(1702883258000)/",26200,100,2937400,77240000000,-500,true,-1.87
"CTG",140658,"/Date(1702883258000)/",26200,300,2937300,77237000000,-500,true,-1.87
"CTG",140648,"/Date(1702883248000)/",26250,300,2937000,77229000000,-450,false,-1.69
"CTG",140629,"/Date(1702883229000)/",26200,100,2936700,77221000000,-500,true,-1.87
"CTG",140629,"/Date(1702883227000)/",26200,1600,2936600,77219000000,-500,true,-1.87
"CTG",140623,"/Date(1702883221000)/",26250,300,2935000,77177000000,-450,false,-1.69
"CTG",140604,"/Date(1702883201000)/",26250,600,2934700,77169000000,-450,false,-1.69
"CTG",140557,"/Date(1702883197000)/",26200,100,2934100,77153000000,-500,true,-1.87
"CTG",140557,"/Date(1702883196000)/",26200,1600,2934000,77151000000,-500,true,-1.87
"CTG",140554,"/Date(1702883193000)/",26250,200,2932400,77109000000,-450,false,-1.69
"CTG",140554,"/Date(1702883193000)/",26250,100,2932200,77103000000,-450,false,-1.69
"CTG",140551,"/Date(1702883189000)/",26200,300,2932100,77101000000,-500,true,-1.87
"CTG",140547,"/Date(1702883188000)/",26200,2400,2931800,77093000000,-500,true,-1.87
"CTG",140547,"/Date(1702883188000)/",26200,500,2929400,77030000000,-500,true,-1.87
"CTG",140547,"/Date(1702883188000)/",26200,100,2928900,77017000000,-500,true,-1.87
"CTG",140531,"/Date(1702883169000)/",26200,200,2928800,77014000000,-500,true,-1.87
"CTG",140528,"/Date(1702883168000)/",26200,1000,2928600,77009000000,-500,true,-1.87
"CTG",140528,"/Date(1702883168000)/",26200,900,2927600,76983000000,-500,true,-1.87
"CTG",140528,"/Date(1702883166000)/",26250,300,2926700,76959000000,-450,false,-1.69
"CTG",140525,"/Date(1702883165000)/",26200,1600,2926400,76951000000,-500,true,-1.87
"CTG",140503,"/Date(1702883141000)/",26250,100,2924800,76909000000,-450,false,-1.69
"CTG",140503,"/Date(1702883141000)/",26250,200,2924700,76907000000,-450,false,-1.69
"CTG",140459,"/Date(1702883138000)/",26250,1700,2924500,76902000000,-450,true,-1.69
"CTG",140459,"/Date(1702883137000)/",26250,3100,2922800,76857000000,-450,true,-1.69
"CTG",140459,"/Date(1702883137000)/",26250,100,2919700,76776000000,-450,true,-1.69
"CTG",140456,"/Date(1702883135000)/",26250,2800,2919600,76773000000,-450,false,-1.69
"CTG",140456,"/Date(1702883135000)/",26250,25000,2916800,76699000000,-450,false,-1.69
"CTG",140456,"/Date(1702883135000)/",26250,1100,2891800,76043000000,-450,false,-1.69
"CTG",140456,"/Date(1702883133000)/",26200,1600,2890700,76014000000,-500,true,-1.87
"CTG",140434,"/Date(1702883112000)/",26250,300,2889100,75972000000,-450,false,-1.69
"CTG",140424,"/Date(1702883103000)/",26200,100,2888800,75965000000,-500,true,-1.87
"CTG",140424,"/Date(1702883102000)/",26200,1600,2888700,75962000000,-500,true,-1.87
"CTG",140356,"/Date(1702883073000)/",26200,100,2887100,75920000000,-500,true,-1.87
"CTG",140353,"/Date(1702883071000)/",26200,1600,2887000,75917000000,-500,true,-1.87
"CTG",140340,"/Date(1702883057000)/",26250,300,2885400,75875000000,-450,true,-1.69
"CTG",140340,"/Date(1702883057000)/",26250,200,2885100,75868000000,-450,true,-1.69
"CTG",140324,"/Date(1702883041000)/",26250,100,2884900,75862000000,-450,true,-1.69
"CTG",140321,"/Date(1702883040000)/",26250,200,2884800,75860000000,-450,true,-1.69
"CTG",140321,"/Date(1702883040000)/",26250,300,2884600,75854000000,-450,true,-1.69
"CTG",140321,"/Date(1702883040000)/",26250,1000,2884300,75847000000,-450,true,-1.69
"CTG",140302,"/Date(1702883022000)/",26300,300,2883300,75820000000,-400,false,-1.5
"CTG",140252,"/Date(1702883011000)/",26200,100,2883000,75812000000,-500,true,-1.87
"CTG",140252,"/Date(1702883010000)/",26200,1000,2882900,75810000000,-500,true,-1.87
"CTG",140252,"/Date(1702883010000)/",26250,300,2881900,75784000000,-450,false,-1.69
"CTG",140252,"/Date(1702883010000)/",26250,200,2881600,75776000000,-450,false,-1.69
"CTG",140236,"/Date(1702882996000)/",26250,300,2881400,75770000000,-450,false,-1.69
"CTG",140236,"/Date(1702882995000)/",26250,300,2881100,75763000000,-450,false,-1.69
"CTG",140230,"/Date(1702882987000)/",26250,900,2880800,75755000000,-450,false,-1.69
"CTG",140226,"/Date(1702882986000)/",26250,200,2879900,75731000000,-450,false,-1.69
"CTG",140226,"/Date(1702882986000)/",26250,400,2879700,75726000000,-450,false,-1.69
"CTG",140226,"/Date(1702882986000)/",26250,500,2879300,75715000000,-450,false,-1.69
"CTG",140226,"/Date(1702882986000)/",26250,500,2878800,75702000000,-450,false,-1.69
"CTG",140226,"/Date(1702882986000)/",26250,800,2878300,75689000000,-450,false,-1.69
"CTG",140226,"/Date(1702882986000)/",26250,11700,2877500,75668000000,-450,false,-1.69
"CTG",140220,"/Date(1702882978000)/",26250,500,2865800,75361000000,-450,false,-1.69
"CTG",140220,"/Date(1702882978000)/",26200,1400,2865300,75348000000,-500,true,-1.87
"CTG",140220,"/Date(1702882978000)/",26200,100,2863900,75311000000,-500,true,-1.87
"CTG",140211,"/Date(1702882970000)/",26250,5000,2863800,75309000000,-450,false,-1.69
"CTG",140204,"/Date(1702882963000)/",26250,5000,2858800,75177000000,-450,false,-1.69
"CTG",140201,"/Date(1702882959000)/",26250,100,2853800,75046000000,-450,false,-1.69
"CTG",140201,"/Date(1702882959000)/",26250,5000,2853700,75043000000,-450,false,-1.69
"CTG",140201,"/Date(1702882959000)/",26250,500,2848700,74912000000,-450,false,-1.69
"CTG",140201,"/Date(1702882959000)/",26250,300,2848200,74899000000,-450,false,-1.69
"CTG",140201,"/Date(1702882959000)/",26250,100,2847900,74891000000,-450,false,-1.69
"CTG",140201,"/Date(1702882959000)/",26250,300,2847800,74889000000,-450,false,-1.69
"CTG",140201,"/Date(1702882959000)/",26250,300,2847500,74881000000,-450,false,-1.69
"CTG",140201,"/Date(1702882959000)/",26250,1200,2847200,74873000000,-450,false,-1.69
"CTG",140151,"/Date(1702882949000)/",26250,100,2846000,74841000000,-450,true,-1.69
"CTG",140148,"/Date(1702882946000)/",26250,1500,2845900,74839000000,-450,true,-1.69
"CTG",140139,"/Date(1702882936000)/",26300,300,2844400,74799000000,-400,false,-1.5
"CTG",140139,"/Date(1702882936000)/",26300,300,2844100,74791000000,-400,false,-1.5
"CTG",140119,"/Date(1702882917000)/",26250,100,2843800,74784000000,-450,true,-1.69
"CTG",140116,"/Date(1702882915000)/",26250,1500,2843700,74781000000,-450,true,-1.69
"CTG",140110,"/Date(1702882909000)/",26300,200,2842200,74742000000,-400,false,-1.5
"CTG",140110,"/Date(1702882909000)/",26300,600,2842000,74736000000,-400,false,-1.5
"CTG",140110,"/Date(1702882909000)/",26300,500,2841400,74720000000,-400,false,-1.5
"CTG",140110,"/Date(1702882909000)/",26300,100,2840900,74707000000,-400,false,-1.5
"CTG",140110,"/Date(1702882909000)/",26300,5000,2840800,74705000000,-400,false,-1.5
"CTG",140110,"/Date(1702882909000)/",26300,100,2835800,74573000000,-400,false,-1.5
"CTG",140110,"/Date(1702882909000)/",26300,3500,2835700,74571000000,-400,false,-1.5
"CTG",140110,"/Date(1702882908000)/",26250,600,2832200,74479000000,-450,false,-1.69
"CTG",140104,"/Date(1702882901000)/",26250,500,2831600,74463000000,-450,false,-1.69
"CTG",140100,"/Date(1702882900000)/",26250,100,2831100,74450000000,-450,false,-1.69
"CTG",140100,"/Date(1702882900000)/",26250,100,2831000,74447000000,-450,false,-1.69
"CTG",140100,"/Date(1702882900000)/",26250,100,2830900,74444000000,-450,false,-1.69
"CTG",140100,"/Date(1702882900000)/",26250,200,2830800,74442000000,-450,false,-1.69
"CTG",140100,"/Date(1702882897000)/",26250,900,2830600,74437000000,-450,false,-1.69
"CTG",140100,"/Date(1702882897000)/",26250,200,2829700,74413000000,-450,false,-1.69
"CTG",140100,"/Date(1702882897000)/",26250,500,2829500,74408000000,-450,false,-1.69
"CTG",140100,"/Date(1702882897000)/",26250,1000,2829000,74395000000,-450,false,-1.69
"CTG",140100,"/Date(1702882897000)/",26250,500,2828000,74368000000,-450,false,-1.69
"CTG",140100,"/Date(1702882897000)/",26250,300,2827500,74355000000,-450,false,-1.69
"CTG",140100,"/Date(1702882897000)/",26250,6600,2827200,74347000000,-450,false,-1.69
"CTG",140048,"/Date(1702882885000)/",26200,100,2820600,74174000000,-500,true,-1.87
"CTG",140044,"/Date(1702882883000)/",26200,1500,2820500,74171000000,-500,true,-1.87
"CTG",140044,"/Date(1702882882000)/",26250,300,2819000,74132000000,-450,false,-1.69
"CTG",140016,"/Date(1702882855000)/",26250,300,2818700,74124000000,-450,false,-1.69
"CTG",140016,"/Date(1702882853000)/",26200,200,2818400,74116000000,-500,true,-1.87
"CTG",140012,"/Date(1702882852000)/",26200,1500,2818200,74111000000,-500,true,-1.87
"CTG",140012,"/Date(1702882852000)/",26200,500,2816700,74072000000,-500,true,-1.87
"CTG",140009,"/Date(1702882847000)/",26250,1500,2816200,74059000000,-450,false,-1.69
"CTG",135950,"/Date(1702882828000)/",26250,300,2814700,74019000000,-450,false,-1.69
"CTG",135944,"/Date(1702882823000)/",26200,100,2814400,74011000000,-500,true,-1.87
"CTG",135944,"/Date(1702882821000)/",26200,1500,2814300,74009000000,-500,true,-1.87
"CTG",135928,"/Date(1702882807000)/",26250,1000,2812800,73970000000,-450,false,-1.69
"CTG",135921,"/Date(1702882801000)/",26250,300,2811800,73943000000,-450,false,-1.69
"CTG",135918,"/Date(1702882797000)/",26200,200,2811500,73935000000,-500,true,-1.87
"CTG",135918,"/Date(1702882795000)/",26200,2000,2811300,73930000000,-500,true,-1.87
"CTG",135912,"/Date(1702882791000)/",26200,100,2809300,73878000000,-500,true,-1.87
"CTG",135912,"/Date(1702882790000)/",26200,1500,2809200,73875000000,-500,true,-1.87
"CTG",135859,"/Date(1702882778000)/",26250,100,2807700,73836000000,-450,false,-1.69
"CTG",135859,"/Date(1702882776000)/",26250,100,2807600,73833000000,-450,false,-1.69
"CTG",135856,"/Date(1702882774000)/",26250,300,2807500,73831000000,-450,false,-1.69
"CTG",135843,"/Date(1702882761000)/",26200,100,2807200,73823000000,-500,true,-1.87
"CTG",135840,"/Date(1702882759000)/",26200,600,2807100,73820000000,-500,true,-1.87
"CTG",135840,"/Date(1702882759000)/",26200,900,2806500,73804000000,-500,true,-1.87
"CTG",135827,"/Date(1702882747000)/",26250,300,2805600,73781000000,-450,false,-1.69
"CTG",135827,"/Date(1702882746000)/",26250,1000,2805300,73773000000,-450,false,-1.69
"CTG",135811,"/Date(1702882730000)/",26250,1000,2804300,73747000000,-450,false,-1.69
"CTG",135811,"/Date(1702882730000)/",26250,300,2803300,73720000000,-450,false,-1.69
"CTG",135811,"/Date(1702882730000)/",26250,400,2803000,73713000000,-450,false,-1.69
"CTG",135811,"/Date(1702882730000)/",26250,1900,2802600,73702000000,-450,false,-1.69
"CTG",135811,"/Date(1702882730000)/",26250,1900,2800700,73652000000,-450,false,-1.69
"CTG",135811,"/Date(1702882730000)/",26250,1900,2798800,73602000000,-450,false,-1.69
"CTG",135811,"/Date(1702882730000)/",26250,1900,2796900,73552000000,-450,false,-1.69
"CTG",135811,"/Date(1702882730000)/",26250,700,2795000,73503000000,-450,false,-1.69
"CTG",135811,"/Date(1702882729000)/",26200,100,2794300,73484000000,-500,true,-1.87
"CTG",135811,"/Date(1702882728000)/",26200,1500,2794200,73482000000,-500,true,-1.87
"CTG",135802,"/Date(1702882720000)/",26250,300,2792700,73442000000,-450,false,-1.69
"CTG",135802,"/Date(1702882719000)/",26200,1900,2792400,73434000000,-500,true,-1.87
"CTG",135746,"/Date(1702882705000)/",26200,200,2790500,73385000000,-500,true,-1.87
"CTG",135746,"/Date(1702882703000)/",26200,1900,2790300,73379000000,-500,true,-1.87
"CTG",135743,"/Date(1702882699000)/",26200,100,2788400,73330000000,-500,true,-1.87
"CTG",135739,"/Date(1702882697000)/",26200,1500,2788300,73327000000,-500,true,-1.87
"CTG",135736,"/Date(1702882693000)/",26250,300,2786800,73288000000,-450,false,-1.69
"CTG",135720,"/Date(1702882679000)/",26250,500,2786500,73280000000,-450,false,-1.69
"CTG",135708,"/Date(1702882667000)/",26200,100,2786000,73267000000,-500,true,-1.87
"CTG",135708,"/Date(1702882666000)/",26200,1500,2785900,73264000000,-500,true,-1.87
"CTG",135708,"/Date(1702882665000)/",26250,100,2784400,73225000000,-450,false,-1.69
"CTG",135708,"/Date(1702882665000)/",26250,200,2784300,73222000000,-450,false,-1.69
"CTG",135708,"/Date(1702882665000)/",26250,500,2784100,73217000000,-450,false,-1.69
"CTG",135642,"/Date(1702882639000)/",26250,300,2783600,73204000000,-450,false,-1.69
"CTG",135639,"/Date(1702882637000)/",26200,100,2783300,73196000000,-500,true,-1.87
"CTG",135639,"/Date(1702882635000)/",26200,1500,2783200,73193000000,-500,true,-1.87
"CTG",135626,"/Date(1702882623000)/",26250,100,2781700,73154000000,-450,false,-1.69
"CTG",135613,"/Date(1702882612000)/",26250,300,2781600,73151000000,-450,false,-1.69
"CTG",135610,"/Date(1702882607000)/",26200,100,2781300,73143000000,-500,true,-1.87
"CTG",135607,"/Date(1702882605000)/",26200,1500,2781200,73141000000,-500,true,-1.87
"CTG",135600,"/Date(1702882597000)/",26200,700,2779700,73102000000,-500,true,-1.87
"CTG",135557,"/Date(1702882596000)/",26200,600,2779000,73083000000,-500,true,-1.87
"CTG",135557,"/Date(1702882596000)/",26200,1500,2778400,73067000000,-500,true,-1.87
"CTG",135557,"/Date(1702882596000)/",26200,4300,2776900,73028000000,-500,true,-1.87
"CTG",135554,"/Date(1702882590000)/",26200,400,2772600,72916000000,-500,false,-1.87
"CTG",135554,"/Date(1702882590000)/",26200,400,2772200,72905000000,-500,false,-1.87
"CTG",135551,"/Date(1702882590000)/",26200,500,2771800,72895000000,-500,false,-1.87
"CTG",135551,"/Date(1702882589000)/",26200,5000,2771300,72881000000,-500,false,-1.87
"CTG",135544,"/Date(1702882581000)/",26200,200,2766300,72750000000,-500,false,-1.87
"CTG",135544,"/Date(1702882581000)/",26200,500,2766100,72745000000,-500,false,-1.87
"CTG",135538,"/Date(1702882574000)/",26200,500,2765600,72732000000,-500,false,-1.87
"CTG",135522,"/Date(1702882558000)/",26200,300,2765100,72719000000,-500,false,-1.87
"CTG",135522,"/Date(1702882558000)/",26200,200,2764800,72711000000,-500,false,-1.87
"CTG",135522,"/Date(1702882558000)/",26200,200,2764600,72706000000,-500,false,-1.87
"CTG",135522,"/Date(1702882558000)/",26200,2500,2764400,72701000000,-500,false,-1.87
"CTG",135522,"/Date(1702882558000)/",26200,1500,2761900,72635000000,-500,false,-1.87
"CTG",135522,"/Date(1702882558000)/",26200,200,2760400,72596000000,-500,false,-1.87
"CTG",135522,"/Date(1702882558000)/",26200,1000,2760200,72591000000,-500,false,-1.87
"CTG",135522,"/Date(1702882558000)/",26200,10000,2759200,72564000000,-500,false,-1.87
"CTG",135522,"/Date(1702882558000)/",26200,100,2749200,72302000000,-500,false,-1.87
"CTG",135522,"/Date(1702882558000)/",26200,500,2749100,72300000000,-500,false,-1.87
"CTG",135522,"/Date(1702882558000)/",26200,100,2748600,72287000000,-500,false,-1.87
"CTG",135522,"/Date(1702882558000)/",26200,100,2748500,72284000000,-500,false,-1.87
"CTG",135522,"/Date(1702882558000)/",26200,1300,2748400,72281000000,-500,false,-1.87
"CTG",135522,"/Date(1702882558000)/",26200,100,2747100,72247000000,-500,false,-1.87
"CTG",135522,"/Date(1702882558000)/",26200,3600,2747000,72245000000,-500,false,-1.87
"CTG",135522,"/Date(1702882558000)/",26200,10000,2743400,72150000000,-500,false,-1.87
"CTG",135522,"/Date(1702882558000)/",26200,1300,2733400,71888000000,-500,false,-1.87
"CTG",135522,"/Date(1702882558000)/",26200,1000,2732100,71854000000,-500,false,-1.87
"CTG",135522,"/Date(1702882558000)/",26200,300,2731100,71828000000,-500,false,-1.87
"CTG",135522,"/Date(1702882558000)/",26200,8600,2730800,71820000000,-500,false,-1.87
"CTG",135516,"/Date(1702882554000)/",26250,300,2722200,71595000000,-450,false,-1.69
"CTG",135513,"/Date(1702882551000)/",26250,200,2721900,71587000000,-450,false,-1.69
"CTG",135513,"/Date(1702882551000)/",26250,3200,2721700,71582000000,-450,false,-1.69
"CTG",135513,"/Date(1702882551000)/",26250,1600,2718500,71498000000,-450,false,-1.69
"CTG",135509,"/Date(1702882548000)/",26250,100,2716900,71456000000,-450,false,-1.69
"CTG",135506,"/Date(1702882545000)/",26200,100,2716800,71453000000,-500,true,-1.87
"CTG",135506,"/Date(1702882543000)/",26200,1300,2716700,71451000000,-500,true,-1.87
"CTG",135506,"/Date(1702882543000)/",26200,100,2715400,71417000000,-500,true,-1.87
"CTG",135506,"/Date(1702882543000)/",26200,100,2715300,71414000000,-500,true,-1.87
"CTG",135450,"/Date(1702882527000)/",26250,300,2715200,71411000000,-450,false,-1.69
"CTG",135434,"/Date(1702882513000)/",26200,100,2714900,71403000000,-500,true,-1.87
"CTG",135434,"/Date(1702882511000)/",26200,1100,2714800,71401000000,-500,true,-1.87
"CTG",135434,"/Date(1702882511000)/",26200,400,2713700,71372000000,-500,true,-1.87
"CTG",135425,"/Date(1702882503000)/",26250,900,2713300,71362000000,-450,false,-1.69
"CTG",135422,"/Date(1702882500000)/",26250,300,2712400,71338000000,-450,false,-1.69
"CTG",135422,"/Date(1702882498000)/",26250,100,2712100,71330000000,-450,false,-1.69
"CTG",135402,"/Date(1702882481000)/",26200,100,2712000,71327000000,-500,true,-1.87
"CTG",135402,"/Date(1702882480000)/",26200,1500,2711900,71325000000,-500,true,-1.87
"CTG",135356,"/Date(1702882473000)/",26250,300,2710400,71286000000,-450,false,-1.69
"CTG",135334,"/Date(1702882451000)/",26200,100,2710100,71278000000,-500,true,-1.87
"CTG",135330,"/Date(1702882449000)/",26200,1500,2710000,71275000000,-500,true,-1.87
"CTG",135327,"/Date(1702882446000)/",26250,300,2708500,71236000000,-450,false,-1.69
"CTG",135327,"/Date(1702882445000)/",26200,100,2708200,71228000000,-500,true,-1.87
"CTG",135327,"/Date(1702882443000)/",26200,1100,2708100,71225000000,-500,true,-1.87
"CTG",135324,"/Date(1702882441000)/",26200,5200,2707000,71196000000,-500,true,-1.87
"CTG",135324,"/Date(1702882441000)/",26200,200,2701800,71060000000,-500,true,-1.87
"CTG",135324,"/Date(1702882441000)/",26200,4600,2701600,71055000000,-500,true,-1.87
"CTG",135302,"/Date(1702882419000)/",26200,100,2697000,70934000000,-500,true,-1.87
"CTG",135302,"/Date(1702882417000)/",26200,1500,2696900,70932000000,-500,true,-1.87
"CTG",135252,"/Date(1702882409000)/",26200,200,2695400,70892000000,-500,true,-1.87
"CTG",135249,"/Date(1702882407000)/",26200,2200,2695200,70887000000,-500,true,-1.87
"CTG",135249,"/Date(1702882406000)/",26200,1400,2693000,70830000000,-500,true,-1.87
"CTG",135249,"/Date(1702882406000)/",26200,300,2691600,70793000000,-500,true,-1.87
"CTG",135249,"/Date(1702882406000)/",26200,5000,2691300,70785000000,-500,true,-1.87
"CTG",135249,"/Date(1702882406000)/",26200,300,2686300,70654000000,-500,true,-1.87
"CTG",135249,"/Date(1702882406000)/",26200,1000,2686000,70646000000,-500,true,-1.87
"CTG",135249,"/Date(1702882406000)/",26200,1600,2685000,70620000000,-500,true,-1.87
"CTG",135249,"/Date(1702882406000)/",26200,200,2683400,70578000000,-500,true,-1.87
"CTG",135249,"/Date(1702882406000)/",26200,100,2683200,70573000000,-500,true,-1.87
"CTG",135249,"/Date(1702882406000)/",26200,200,2683100,70570000000,-500,true,-1.87
"CTG",135249,"/Date(1702882406000)/",26200,1500,2682900,70565000000,-500,true,-1.87
"CTG",135249,"/Date(1702882406000)/",26200,2000,2681400,70526000000,-500,true,-1.87
"CTG",135249,"/Date(1702882406000)/",26200,100,2679400,70473000000,-500,true,-1.87
"CTG",135249,"/Date(1702882406000)/",26200,500,2679300,70471000000,-500,true,-1.87
"CTG",135249,"/Date(1702882406000)/",26200,100,2678800,70458000000,-500,true,-1.87
"CTG",135249,"/Date(1702882406000)/",26200,200,2678700,70455000000,-500,true,-1.87
"CTG",135249,"/Date(1702882406000)/",26200,100,2678500,70450000000,-500,true,-1.87
"CTG",135249,"/Date(1702882406000)/",26200,100,2678400,70447000000,-500,true,-1.87
"CTG",135249,"/Date(1702882406000)/",26200,100,2678300,70444000000,-500,true,-1.87
"CTG",135249,"/Date(1702882406000)/",26200,100,2678200,70442000000,-500,true,-1.87
"CTG",135249,"/Date(1702882406000)/",26200,1000,2678100,70439000000,-500,true,-1.87
"CTG",135249,"/Date(1702882406000)/",26200,4100,2677100,70413000000,-500,true,-1.87
"CTG",135243,"/Date(1702882401000)/",26250,5000,2673000,70306000000,-450,false,-1.69
"CTG",135230,"/Date(1702882387000)/",26200,200,2668000,70174000000,-500,true,-1.87
"CTG",135230,"/Date(1702882387000)/",26250,300,2667800,70169000000,-450,false,-1.69
"CTG",135227,"/Date(1702882385000)/",26200,700,2667500,70161000000,-500,true,-1.87
"CTG",135227,"/Date(1702882385000)/",26200,200,2666800,70143000000,-500,true,-1.87
"CTG",135227,"/Date(1702882385000)/",26200,100,2666600,70138000000,-500,true,-1.87
"CTG",135227,"/Date(1702882385000)/",26200,500,2666500,70135000000,-500,true,-1.87
"CTG",135227,"/Date(1702882385000)/",26200,800,2666000,70122000000,-500,true,-1.87
"CTG",135227,"/Date(1702882385000)/",26200,100,2665200,70101000000,-500,true,-1.87
"CTG",135227,"/Date(1702882385000)/",26200,100,2665100,70098000000,-500,true,-1.87
"CTG",135224,"/Date(1702882381000)/",26200,100,2665000,70096000000,-500,true,-1.87
"CTG",135224,"/Date(1702882380000)/",26200,100,2664900,70093000000,-500,true,-1.87
"CTG",135224,"/Date(1702882380000)/",26200,200,2664800,70091000000,-500,true,-1.87
"CTG",135224,"/Date(1702882380000)/",26200,1000,2664600,70085000000,-500,true,-1.87
"CTG",135224,"/Date(1702882380000)/",26200,200,2663600,70059000000,-500,true,-1.87
"CTG",135217,"/Date(1702882373000)/",26200,600,2663400,70054000000,-500,true,-1.87
"CTG",135214,"/Date(1702882371000)/",26200,1200,2662800,70038000000,-500,true,-1.87
"CTG",135214,"/Date(1702882371000)/",26200,100,2661600,70007000000,-500,true,-1.87
"CTG",135214,"/Date(1702882371000)/",26200,100,2661500,70004000000,-500,true,-1.87
"CTG",135214,"/Date(1702882371000)/",26200,100,2661400,70001000000,-500,true,-1.87
"CTG",135214,"/Date(1702882371000)/",26200,1000,2661300,69999000000,-500,true,-1.87
"CTG",135214,"/Date(1702882371000)/",26200,1600,2660300,69973000000,-500,true,-1.87
"CTG",135214,"/Date(1702882371000)/",26200,200,2658700,69931000000,-500,true,-1.87
"CTG",135214,"/Date(1702882371000)/",26200,300,2658500,69925000000,-500,true,-1.87
"CTG",135214,"/Date(1702882371000)/",26200,100,2658200,69918000000,-500,true,-1.87
"CTG",135214,"/Date(1702882371000)/",26200,800,2658100,69915000000,-500,true,-1.87
"CTG",135211,"/Date(1702882369000)/",26200,200,2657300,69894000000,-500,true,-1.87
"CTG",135211,"/Date(1702882369000)/",26200,15000,2657100,69889000000,-500,true,-1.87
"CTG",135211,"/Date(1702882369000)/",26200,100,2642100,69496000000,-500,true,-1.87
"CTG",135211,"/Date(1702882369000)/",26200,1000,2642000,69493000000,-500,true,-1.87
"CTG",135211,"/Date(1702882369000)/",26200,200,2641000,69467000000,-500,true,-1.87
"CTG",135211,"/Date(1702882369000)/",26200,100,2640800,69462000000,-500,true,-1.87
"CTG",135211,"/Date(1702882369000)/",26200,100,2640700,69459000000,-500,true,-1.87
"CTG",135211,"/Date(1702882369000)/",26200,200,2640600,69456000000,-500,true,-1.87
"CTG",135211,"/Date(1702882369000)/",26200,400,2640400,69451000000,-500,true,-1.87
"CTG",135211,"/Date(1702882369000)/",26200,100,2640000,69441000000,-500,true,-1.87
"CTG",135211,"/Date(1702882369000)/",26200,20000,2639900,69438000000,-500,true,-1.87
"CTG",135211,"/Date(1702882369000)/",26200,5000,2619900,68914000000,-500,true,-1.87
"CTG",135211,"/Date(1702882369000)/",26200,100,2614900,68783000000,-500,true,-1.87
"CTG",135211,"/Date(1702882369000)/",26200,200,2614800,68781000000,-500,true,-1.87
"CTG",135211,"/Date(1702882369000)/",26200,100,2614600,68775000000,-500,true,-1.87
"CTG",135211,"/Date(1702882369000)/",26200,300,2614500,68773000000,-500,true,-1.87
"CTG",135211,"/Date(1702882369000)/",26200,2000,2614200,68765000000,-500,true,-1.87
"CTG",135211,"/Date(1702882369000)/",26200,300,2612200,68712000000,-500,true,-1.87
"CTG",135211,"/Date(1702882369000)/",26200,4600,2611900,68705000000,-500,true,-1.87
"CTG",135201,"/Date(1702882360000)/",26250,300,2607300,68584000000,-450,false,-1.69
"CTG",135158,"/Date(1702882355000)/",26200,100,2607000,68576000000,-500,true,-1.87
"CTG",135158,"/Date(1702882354000)/",26200,1500,2606900,68574000000,-500,true,-1.87
"CTG",135158,"/Date(1702882354000)/",26200,300,2605400,68534000000,-500,true,-1.87
"CTG",135145,"/Date(1702882343000)/",26250,3000,2605100,68526000000,-450,false,-1.69
"CTG",135136,"/Date(1702882333000)/",26250,300,2602100,68448000000,-450,false,-1.69
"CTG",135129,"/Date(1702882325000)/",26200,100,2601800,68440000000,-500,true,-1.87
"CTG",135126,"/Date(1702882323000)/",26200,1500,2601700,68437000000,-500,true,-1.87
"CTG",135116,"/Date(1702882314000)/",26250,2000,2600200,68398000000,-450,false,-1.69
"CTG",135110,"/Date(1702882306000)/",26250,300,2598200,68345000000,-450,false,-1.69
"CTG",135100,"/Date(1702882297000)/",26250,1300,2597900,68337000000,-450,false,-1.69
"CTG",135057,"/Date(1702882294000)/",26250,100,2596600,68303000000,-450,false,-1.69
"CTG",135057,"/Date(1702882293000)/",26200,100,2596500,68301000000,-500,true,-1.87
"CTG",135054,"/Date(1702882291000)/",26200,200,2596400,68298000000,-500,true,-1.87
"CTG",135054,"/Date(1702882291000)/",26200,100,2596200,68293000000,-500,true,-1.87
"CTG",135054,"/Date(1702882291000)/",26200,1200,2596100,68290000000,-500,true,-1.87
"CTG",135041,"/Date(1702882279000)/",26250,300,2594900,68259000000,-450,false,-1.69
"CTG",135029,"/Date(1702882266000)/",26250,100,2594600,68251000000,-450,false,-1.69
"CTG",135019,"/Date(1702882256000)/",26250,100,2594500,68248000000,-450,false,-1.69
"CTG",135019,"/Date(1702882256000)/",26200,800,2594400,68246000000,-500,true,-1.87
"CTG",135019,"/Date(1702882256000)/",26200,700,2593600,68225000000,-500,true,-1.87
"CTG",135016,"/Date(1702882252000)/",26250,300,2592900,68206000000,-450,false,-1.69
"CTG",135009,"/Date(1702882245000)/",26250,1000,2592600,68198000000,-450,false,-1.69
"CTG",135003,"/Date(1702882241000)/",26200,100,2591600,68172000000,-500,true,-1.87
"CTG",135003,"/Date(1702882239000)/",26200,1000,2591500,68170000000,-500,true,-1.87
"CTG",134957,"/Date(1702882233000)/",26250,200,2590500,68143000000,-450,false,-1.69
"CTG",134953,"/Date(1702882230000)/",26250,300,2590300,68138000000,-450,false,-1.69
"CTG",134953,"/Date(1702882229000)/",26200,200,2590000,68130000000,-500,true,-1.87
"CTG",134950,"/Date(1702882228000)/",26200,1900,2589800,68125000000,-500,true,-1.87
"CTG",134950,"/Date(1702882227000)/",26200,100,2587900,68075000000,-500,true,-1.87
"CTG",134947,"/Date(1702882225000)/",26200,1000,2587800,68073000000,-500,true,-1.87
"CTG",134947,"/Date(1702882225000)/",26200,300,2586800,68046000000,-500,true,-1.87
"CTG",134947,"/Date(1702882225000)/",26200,200,2586500,68039000000,-500,true,-1.87
"CTG",134947,"/Date(1702882225000)/",26250,300,2586300,68033000000,-450,false,-1.69
"CTG",134944,"/Date(1702882222000)/",26200,200,2586000,68025000000,-500,true,-1.87
"CTG",134941,"/Date(1702882219000)/",26200,600,2585800,68020000000,-500,true,-1.87
"CTG",134941,"/Date(1702882219000)/",26200,1300,2585200,68004000000,-500,true,-1.87
"CTG",134918,"/Date(1702882195000)/",26200,100,2583900,67970000000,-500,true,-1.87
"CTG",134915,"/Date(1702882194000)/",26200,1500,2583800,67968000000,-500,true,-1.87
"CTG",134912,"/Date(1702882188000)/",26250,100,2582300,67929000000,-450,false,-1.69
"CTG",134859,"/Date(1702882177000)/",26250,500,2582200,67926000000,-450,false,-1.69
"CTG",134859,"/Date(1702882176000)/",26250,1000,2581700,67913000000,-450,false,-1.69
"CTG",134856,"/Date(1702882172000)/",26250,300,2580700,67887000000,-450,true,-1.69
"CTG",134856,"/Date(1702882172000)/",26250,600,2580400,67879000000,-450,true,-1.69
"CTG",134856,"/Date(1702882172000)/",26250,100,2579800,67863000000,-450,true,-1.69
"CTG",134856,"/Date(1702882172000)/",26250,600,2579700,67860000000,-450,true,-1.69
"CTG",134856,"/Date(1702882172000)/",26250,200,2579100,67845000000,-450,true,-1.69
"CTG",134856,"/Date(1702882172000)/",26250,500,2578900,67839000000,-450,true,-1.69
"CTG",134856,"/Date(1702882172000)/",26250,100,2578400,67826000000,-450,true,-1.69
"CTG",134856,"/Date(1702882172000)/",26250,9700,2578300,67824000000,-450,true,-1.69
"CTG",134856,"/Date(1702882172000)/",26250,300,2568600,67569000000,-450,true,-1.69
"CTG",134856,"/Date(1702882172000)/",26250,200,2568300,67561000000,-450,true,-1.69
"CTG",134856,"/Date(1702882172000)/",26250,100,2568100,67556000000,-450,true,-1.69
"CTG",134856,"/Date(1702882172000)/",26250,500,2568000,67553000000,-450,true,-1.69
"CTG",134856,"/Date(1702882172000)/",26250,500,2567500,67540000000,-450,true,-1.69
"CTG",134856,"/Date(1702882172000)/",26250,3800,2567000,67527000000,-450,true,-1.69
"CTG",134856,"/Date(1702882172000)/",26250,200,2563200,67427000000,-450,true,-1.69
"CTG",134856,"/Date(1702882172000)/",26250,10000,2563000,67422000000,-450,true,-1.69
"CTG",134856,"/Date(1702882172000)/",26250,500,2553000,67159000000,-450,true,-1.69
"CTG",134856,"/Date(1702882172000)/",26250,100,2552500,67146000000,-450,true,-1.69
"CTG",134856,"/Date(1702882172000)/",26250,200,2552400,67144000000,-450,true,-1.69
"CTG",134856,"/Date(1702882172000)/",26250,800,2552200,67138000000,-450,true,-1.69
"CTG",134850,"/Date(1702882168000)/",26300,100,2551400,67117000000,-400,false,-1.5
"CTG",134850,"/Date(1702882167000)/",26300,300,2551300,67115000000,-400,false,-1.5
"CTG",134846,"/Date(1702882165000)/",26250,100,2551000,67107000000,-450,true,-1.69
"CTG",134846,"/Date(1702882163000)/",26250,1500,2550900,67104000000,-450,true,-1.69
"CTG",134824,"/Date(1702882140000)/",26300,100,2549400,67065000000,-400,false,-1.5
"CTG",134824,"/Date(1702882140000)/",26300,200,2549300,67062000000,-400,false,-1.5
"CTG",134815,"/Date(1702882133000)/",26250,200,2549100,67057000000,-450,true,-1.69
"CTG",134815,"/Date(1702882131000)/",26250,1500,2548900,67052000000,-450,true,-1.69
"CTG",134815,"/Date(1702882131000)/",26250,400,2547400,67012000000,-450,true,-1.69
"CTG",134755,"/Date(1702882114000)/",26300,300,2547000,67002000000,-400,false,-1.5
"CTG",134746,"/Date(1702882103000)/",26250,100,2546700,66994000000,-450,true,-1.69
"CTG",134743,"/Date(1702882101000)/",26250,1500,2546600,66991000000,-450,true,-1.69
"CTG",134736,"/Date(1702882093000)/",26300,300,2545100,66952000000,-400,false,-1.5
"CTG",134730,"/Date(1702882087000)/",26300,300,2544800,66944000000,-400,false,-1.5
"CTG",134727,"/Date(1702882082000)/",26300,800,2544500,66936000000,-400,false,-1.5
"CTG",134727,"/Date(1702882082000)/",26300,1900,2543700,66915000000,-400,false,-1.5
"CTG",134727,"/Date(1702882082000)/",26300,100,2541800,66865000000,-400,false,-1.5
"CTG",134727,"/Date(1702882082000)/",26300,2200,2541700,66863000000,-400,false,-1.5
"CTG",134714,"/Date(1702882072000)/",26300,100,2539500,66805000000,-400,false,-1.5
"CTG",134714,"/Date(1702882071000)/",26250,100,2539400,66802000000,-450,true,-1.69
"CTG",134714,"/Date(1702882069000)/",26250,1500,2539300,66799000000,-450,true,-1.69
"CTG",134704,"/Date(1702882060000)/",26300,300,2537800,66760000000,-400,false,-1.5
"CTG",134642,"/Date(1702882039000)/",26250,100,2537500,66752000000,-450,true,-1.69
"CTG",134642,"/Date(1702882038000)/",26250,1500,2537400,66750000000,-450,true,-1.69
"CTG",134636,"/Date(1702882032000)/",26300,300,2535900,66710000000,-400,false,-1.5
"CTG",134623,"/Date(1702882019000)/",26250,400,2535600,66702000000,-450,true,-1.69
"CTG",134620,"/Date(1702882016000)/",26250,100,2535200,66692000000,-450,false,-1.69
"CTG",134620,"/Date(1702882016000)/",26250,200,2535100,66689000000,-450,false,-1.69
"CTG",134616,"/Date(1702882013000)/",26200,100,2534900,66684000000,-500,true,-1.87
"CTG",134616,"/Date(1702882012000)/",26200,1100,2534800,66681000000,-500,true,-1.87
"CTG",134613,"/Date(1702882009000)/",26200,100,2533700,66652000000,-500,true,-1.87
"CTG",134613,"/Date(1702882009000)/",26250,4400,2533600,66650000000,-450,false,-1.69
"CTG",134613,"/Date(1702882009000)/",26250,5600,2529200,66534000000,-450,false,-1.69
"CTG",134610,"/Date(1702882007000)/",26200,800,2523600,66387000000,-500,true,-1.87
"CTG",134610,"/Date(1702882007000)/",26200,100,2522800,66366000000,-500,true,-1.87
"CTG",134610,"/Date(1702882007000)/",26200,600,2522700,66364000000,-500,true,-1.87
"CTG",134610,"/Date(1702882005000)/",26250,300,2522100,66348000000,-450,false,-1.69
"CTG",134607,"/Date(1702882005000)/",26250,100,2521800,66340000000,-450,false,-1.69
"CTG",134607,"/Date(1702882003000)/",26250,200,2521700,66338000000,-450,false,-1.69
"CTG",134604,"/Date(1702881999000)/",26250,100,2521500,66332000000,-450,false,-1.69
"CTG",134557,"/Date(1702881993000)/",26250,1000,2521400,66330000000,-450,false,-1.69
"CTG",134554,"/Date(1702881992000)/",26250,200,2520400,66303000000,-450,false,-1.69
"CTG",134548,"/Date(1702881983000)/",26250,500,2520200,66298000000,-450,false,-1.69
"CTG",134544,"/Date(1702881981000)/",26250,100,2519700,66285000000,-450,false,-1.69
"CTG",134541,"/Date(1702881979000)/",26250,300,2519600,66282000000,-450,true,-1.69
"CTG",134541,"/Date(1702881979000)/",26250,100,2519300,66275000000,-450,true,-1.69
"CTG",134541,"/Date(1702881979000)/",26250,100,2519200,66272000000,-450,true,-1.69
"CTG",134541,"/Date(1702881979000)/",26250,10000,2519100,66269000000,-450,true,-1.69
"CTG",134541,"/Date(1702881979000)/",26250,5000,2509100,66007000000,-450,true,-1.69
"CTG",134541,"/Date(1702881979000)/",26250,2000,2504100,65876000000,-450,true,-1.69
"CTG",134541,"/Date(1702881979000)/",26250,1000,2502100,65823000000,-450,true,-1.69
"CTG",134541,"/Date(1702881979000)/",26250,300,2501100,65797000000,-450,true,-1.69
"CTG",134541,"/Date(1702881979000)/",26250,200,2500800,65789000000,-450,true,-1.69
"CTG",134541,"/Date(1702881979000)/",26250,100,2500600,65784000000,-450,true,-1.69
"CTG",134541,"/Date(1702881979000)/",26250,800,2500500,65781000000,-450,true,-1.69
"CTG",134541,"/Date(1702881979000)/",26250,1000,2499700,65760000000,-450,true,-1.69
"CTG",134541,"/Date(1702881979000)/",26250,200,2498700,65734000000,-450,true,-1.69
"CTG",134541,"/Date(1702881979000)/",26250,2000,2498500,65729000000,-450,true,-1.69
"CTG",134541,"/Date(1702881979000)/",26250,10000,2496500,65676000000,-450,true,-1.69
"CTG",134541,"/Date(1702881979000)/",26250,8800,2486500,65414000000,-450,true,-1.69
"CTG",134541,"/Date(1702881977000)/",26250,100,2477700,65183000000,-450,true,-1.69
"CTG",134538,"/Date(1702881976000)/",26250,1100,2477600,65180000000,-450,true,-1.69
"CTG",134538,"/Date(1702881976000)/",26250,300,2476500,65151000000,-450,true,-1.69
"CTG",134538,"/Date(1702881976000)/",26250,100,2476200,65143000000,-450,true,-1.69
"CTG",134538,"/Date(1702881974000)/",26300,300,2476100,65141000000,-400,false,-1.5
"CTG",134525,"/Date(1702881961000)/",26300,200,2475800,65133000000,-400,false,-1.5
"CTG",134513,"/Date(1702881948000)/",26300,300,2475600,65127000000,-400,false,-1.5
"CTG",134509,"/Date(1702881947000)/",26250,100,2475300,65119000000,-450,true,-1.69
"CTG",134509,"/Date(1702881947000)/",26300,1300,2475200,65117000000,-400,false,-1.5
"CTG",134509,"/Date(1702881945000)/",26250,100,2473900,65083000000,-450,true,-1.69
"CTG",134509,"/Date(1702881945000)/",26250,100,2473800,65080000000,-450,true,-1.69
"CTG",134509,"/Date(1702881945000)/",26250,100,2473700,65077000000,-450,true,-1.69
"CTG",134509,"/Date(1702881945000)/",26250,1200,2473600,65075000000,-450,true,-1.69
"CTG",134457,"/Date(1702881932000)/",26300,400,2472400,65043000000,-400,false,-1.5
"CTG",134444,"/Date(1702881920000)/",26300,300,2472000,65033000000,-400,false,-1.5
"CTG",134437,"/Date(1702881915000)/",26250,100,2471700,65025000000,-450,true,-1.69
"CTG",134437,"/Date(1702881914000)/",26250,1500,2471600,65022000000,-450,true,-1.69
"CTG",134434,"/Date(1702881910000)/",26250,200,2470100,64983000000,-450,true,-1.69
"CTG",134434,"/Date(1702881910000)/",26250,600,2469900,64978000000,-450,true,-1.69
"CTG",134428,"/Date(1702881903000)/",26250,100,2469300,64962000000,-450,true,-1.69
"CTG",134425,"/Date(1702881901000)/",26250,100,2469200,64959000000,-450,true,-1.69
"CTG",134425,"/Date(1702881901000)/",26250,200,2469100,64957000000,-450,true,-1.69
"CTG",134425,"/Date(1702881901000)/",26250,200,2468900,64951000000,-450,true,-1.69
"CTG",134425,"/Date(1702881901000)/",26250,200,2468700,64946000000,-450,true,-1.69
"CTG",134425,"/Date(1702881901000)/",26250,500,2468500,64941000000,-450,true,-1.69
"CTG",134425,"/Date(1702881900000)/",26250,100,2468000,64928000000,-450,true,-1.69
"CTG",134425,"/Date(1702881900000)/",26250,400,2467900,64925000000,-450,true,-1.69
"CTG",134425,"/Date(1702881900000)/",26250,200,2467500,64915000000,-450,true,-1.69
"CTG",134425,"/Date(1702881900000)/",26250,200,2467300,64909000000,-450,true,-1.69
"CTG",134425,"/Date(1702881900000)/",26250,200,2467100,64904000000,-450,true,-1.69
"CTG",134418,"/Date(1702881893000)/",26250,200,2466900,64899000000,-450,false,-1.69
"CTG",134418,"/Date(1702881893000)/",26250,300,2466700,64894000000,-450,false,-1.69
"CTG",134418,"/Date(1702881893000)/",26250,400,2466400,64886000000,-450,false,-1.69
"CTG",134418,"/Date(1702881893000)/",26250,100,2466000,64875000000,-450,false,-1.69
"CTG",134418,"/Date(1702881893000)/",26250,1000,2465900,64873000000,-450,false,-1.69
"CTG",134418,"/Date(1702881893000)/",26250,300,2464900,64846000000,-450,false,-1.69
"CTG",134412,"/Date(1702881889000)/",26250,100,2464600,64839000000,-450,false,-1.69
"CTG",134405,"/Date(1702881883000)/",26200,100,2464500,64836000000,-500,true,-1.87
"CTG",134405,"/Date(1702881883000)/",26200,1500,2464400,64833000000,-500,true,-1.87
"CTG",134350,"/Date(1702881866000)/",26250,300,2462900,64794000000,-450,false,-1.69
"CTG",134343,"/Date(1702881861000)/",26250,200,2462600,64786000000,-450,false,-1.69
"CTG",134343,"/Date(1702881859000)/",26250,500,2462400,64781000000,-450,false,-1.69
"CTG",134340,"/Date(1702881857000)/",26250,500,2461900,64768000000,-450,false,-1.69
"CTG",134337,"/Date(1702881854000)/",26250,2000,2461400,64755000000,-450,false,-1.69
"CTG",134337,"/Date(1702881853000)/",26200,100,2459400,64702000000,-500,true,-1.87
"CTG",134337,"/Date(1702881852000)/",26200,1500,2459300,64699000000,-500,true,-1.87
"CTG",134324,"/Date(1702881839000)/",26250,300,2457800,64660000000,-450,false,-1.69
"CTG",134321,"/Date(1702881837000)/",26250,100,2457500,64652000000,-450,false,-1.69
"CTG",134311,"/Date(1702881829000)/",26250,100,2457400,64650000000,-450,false,-1.69
"CTG",134308,"/Date(1702881824000)/",26250,500,2457300,64647000000,-450,false,-1.69
"CTG",134305,"/Date(1702881820000)/",26250,500,2456800,64634000000,-450,false,-1.69
"CTG",134305,"/Date(1702881820000)/",26200,1500,2456300,64621000000,-500,true,-1.87
"CTG",134259,"/Date(1702881814000)/",26250,3600,2454800,64582000000,-450,false,-1.69
"CTG",134259,"/Date(1702881813000)/",26250,5000,2451200,64487000000,-450,false,-1.69
"CTG",134259,"/Date(1702881813000)/",26250,600,2446200,64356000000,-450,false,-1.69
"CTG",134252,"/Date(1702881810000)/",26250,500,2445600,64340000000,-450,false,-1.69
"CTG",134252,"/Date(1702881809000)/",26250,900,2445100,64327000000,-450,false,-1.69
"CTG",134252,"/Date(1702881809000)/",26250,600,2444200,64303000000,-450,false,-1.69
"CTG",134249,"/Date(1702881805000)/",26250,2600,2443600,64288000000,-450,false,-1.69
"CTG",134246,"/Date(1702881803000)/",26250,1300,2441000,64219000000,-450,false,-1.69
"CTG",134246,"/Date(1702881803000)/",26250,600,2439700,64185000000,-450,false,-1.69
"CTG",134246,"/Date(1702881801000)/",26250,100,2439100,64169000000,-450,false,-1.69
"CTG",134243,"/Date(1702881800000)/",26250,2800,2439000,64167000000,-450,false,-1.69
"CTG",134243,"/Date(1702881798000)/",26250,3600,2436200,64093000000,-450,false,-1.69
"CTG",134243,"/Date(1702881798000)/",26250,600,2432600,63999000000,-450,false,-1.69
"CTG",134239,"/Date(1702881794000)/",26250,600,2432000,63983000000,-450,false,-1.69
"CTG",134236,"/Date(1702881793000)/",26250,200,2431400,63967000000,-450,true,-1.69
"CTG",134236,"/Date(1702881793000)/",26250,300,2431200,63962000000,-450,true,-1.69
"CTG",134233,"/Date(1702881791000)/",26250,100,2430900,63954000000,-450,true,-1.69
"CTG",134233,"/Date(1702881791000)/",26300,2900,2430800,63952000000,-400,false,-1.5
"CTG",134233,"/Date(1702881789000)/",26250,900,2427900,63875000000,-450,true,-1.69
"CTG",134233,"/Date(1702881789000)/",26250,300,2427000,63852000000,-450,true,-1.69
"CTG",134233,"/Date(1702881789000)/",26250,300,2426700,63844000000,-450,true,-1.69
"CTG",134227,"/Date(1702881781000)/",26300,300,2426400,63836000000,-400,false,-1.5
"CTG",134223,"/Date(1702881779000)/",26300,1100,2426100,63828000000,-400,false,-1.5
"CTG",134223,"/Date(1702881779000)/",26300,1500,2425000,63799000000,-400,false,-1.5
"CTG",134201,"/Date(1702881759000)/",26200,200,2423500,63760000000,-500,true,-1.87
"CTG",134201,"/Date(1702881758000)/",26200,1400,2423300,63754000000,-500,true,-1.87
"CTG",134201,"/Date(1702881757000)/",26300,1000,2421900,63718000000,-400,false,-1.5
"CTG",134158,"/Date(1702881754000)/",26300,400,2420900,63691000000,-400,false,-1.5
"CTG",134158,"/Date(1702881754000)/",26300,2000,2420500,63681000000,-400,false,-1.5
"CTG",134139,"/Date(1702881734000)/",26300,100,2418500,63628000000,-400,false,-1.5
"CTG",134139,"/Date(1702881734000)/",26250,400,2418400,63626000000,-450,false,-1.69
"CTG",134139,"/Date(1702881734000)/",26250,200,2418000,63615000000,-450,false,-1.69
"CTG",134139,"/Date(1702881734000)/",26250,300,2417800,63610000000,-450,false,-1.69
"CTG",134139,"/Date(1702881734000)/",26250,400,2417500,63602000000,-450,false,-1.69
"CTG",134139,"/Date(1702881734000)/",26250,400,2417100,63591000000,-450,false,-1.69
"CTG",134139,"/Date(1702881734000)/",26250,100,2416700,63581000000,-450,false,-1.69
"CTG",134139,"/Date(1702881734000)/",26250,200,2416600,63578000000,-450,false,-1.69
"CTG",134139,"/Date(1702881734000)/",26250,700,2416400,63573000000,-450,false,-1.69
"CTG",134132,"/Date(1702881728000)/",26250,2000,2415700,63555000000,-450,false,-1.69
"CTG",134132,"/Date(1702881728000)/",26250,300,2413700,63502000000,-450,false,-1.69
"CTG",134129,"/Date(1702881727000)/",26200,1400,2413400,63494000000,-500,true,-1.87
"CTG",134123,"/Date(1702881719000)/",26250,2800,2412000,63458000000,-450,false,-1.69
"CTG",134123,"/Date(1702881718000)/",26250,600,2409200,63384000000,-450,false,-1.69
"CTG",134117,"/Date(1702881714000)/",26250,600,2408600,63368000000,-450,false,-1.69
"CTG",134113,"/Date(1702881710000)/",26250,3100,2408000,63353000000,-450,false,-1.69
"CTG",134113,"/Date(1702881710000)/",26250,600,2404900,63271000000,-450,false,-1.69
"CTG",134107,"/Date(1702881704000)/",26250,600,2404300,63256000000,-450,false,-1.69
"CTG",134107,"/Date(1702881702000)/",26250,300,2403700,63240000000,-450,false,-1.69
"CTG",134101,"/Date(1702881698000)/",26250,600,2403400,63232000000,-450,false,-1.69
"CTG",134101,"/Date(1702881697000)/",26250,3100,2402800,63216000000,-450,false,-1.69
"CTG",134101,"/Date(1702881695000)/",26200,1400,2399700,63135000000,-500,true,-1.87
"CTG",134054,"/Date(1702881692000)/",26250,1600,2398300,63098000000,-450,false,-1.69
"CTG",134029,"/Date(1702881665000)/",26200,100,2396700,63056000000,-500,true,-1.87
"CTG",134029,"/Date(1702881664000)/",26200,200,2396600,63054000000,-500,true,-1.87
"CTG",134029,"/Date(1702881664000)/",26200,500,2396400,63048000000,-500,true,-1.87
"CTG",134029,"/Date(1702881664000)/",26200,700,2395900,63035000000,-500,true,-1.87
"CTG",134022,"/Date(1702881659000)/",26200,200,2395200,63017000000,-500,true,-1.87
"CTG",134019,"/Date(1702881655000)/",26200,200,2395000,63012000000,-500,true,-1.87
"CTG",134010,"/Date(1702881645000)/",26200,2200,2394800,63006000000,-500,true,-1.87
"CTG",134006,"/Date(1702881644000)/",26200,1700,2392600,62949000000,-500,true,-1.87
"CTG",134006,"/Date(1702881644000)/",26200,300,2390900,62904000000,-500,true,-1.87
"CTG",134006,"/Date(1702881644000)/",26200,700,2390600,62896000000,-500,true,-1.87
"CTG",134006,"/Date(1702881644000)/",26200,2000,2389900,62878000000,-500,true,-1.87
"CTG",134006,"/Date(1702881644000)/",26200,1300,2387900,62826000000,-500,true,-1.87
"CTG",134006,"/Date(1702881644000)/",26200,1000,2386600,62792000000,-500,true,-1.87
"CTG",134006,"/Date(1702881644000)/",26200,1000,2385600,62765000000,-500,true,-1.87
"CTG",134006,"/Date(1702881644000)/",26200,1300,2384600,62739000000,-500,true,-1.87
"CTG",134006,"/Date(1702881644000)/",26200,2000,2383300,62705000000,-500,true,-1.87
"CTG",134006,"/Date(1702881644000)/",26200,8700,2381300,62653000000,-500,true,-1.87
"CTG",134003,"/Date(1702881640000)/",26250,300,2372600,62425000000,-450,false,-1.69
"CTG",133957,"/Date(1702881633000)/",26200,100,2372300,62417000000,-500,true,-1.87
"CTG",133957,"/Date(1702881632000)/",26200,1400,2372200,62414000000,-500,true,-1.87
"CTG",133938,"/Date(1702881613000)/",26250,300,2370800,62378000000,-450,false,-1.69
"CTG",133928,"/Date(1702881603000)/",26200,100,2370500,62370000000,-500,true,-1.87
"CTG",133925,"/Date(1702881601000)/",26200,1400,2370400,62367000000,-500,true,-1.87
"CTG",133912,"/Date(1702881587000)/",26250,300,2369000,62330000000,-450,false,-1.69
"CTG",133903,"/Date(1702881577000)/",26200,100,2368700,62322000000,-500,true,-1.87
"CTG",133859,"/Date(1702881575000)/",26200,1300,2368600,62320000000,-500,true,-1.87
"CTG",133859,"/Date(1702881574000)/",26200,1400,2367300,62286000000,-500,true,-1.87
"CTG",133859,"/Date(1702881574000)/",26200,100,2365900,62249000000,-500,true,-1.87
"CTG",133859,"/Date(1702881574000)/",26200,100,2365800,62247000000,-500,true,-1.87
"CTG",133859,"/Date(1702881574000)/",26200,100,2365700,62244000000,-500,true,-1.87
"CTG",133859,"/Date(1702881574000)/",26200,100,2365600,62241000000,-500,true,-1.87
"CTG",133859,"/Date(1702881574000)/",26200,1000,2365500,62239000000,-500,true,-1.87
"CTG",133859,"/Date(1702881574000)/",26200,1900,2364500,62212000000,-500,true,-1.87
"CTG",133859,"/Date(1702881574000)/",26200,2200,2362600,62163000000,-500,true,-1.87
"CTG",133856,"/Date(1702881573000)/",26200,5000,2360400,62105000000,-500,false,-1.87
"CTG",133843,"/Date(1702881559000)/",26200,300,2355400,61974000000,-500,false,-1.87
"CTG",133840,"/Date(1702881556000)/",26200,1000,2355100,61966000000,-500,false,-1.87
"CTG",133834,"/Date(1702881549000)/",26200,300,2354100,61940000000,-500,false,-1.87
"CTG",133818,"/Date(1702881532000)/",26200,300,2353800,61932000000,-500,false,-1.87
"CTG",133815,"/Date(1702881530000)/",26200,1000,2353500,61924000000,-500,false,-1.87
"CTG",133808,"/Date(1702881526000)/",26200,1000,2352500,61898000000,-500,false,-1.87
"CTG",133759,"/Date(1702881514000)/",26200,100,2351500,61872000000,-500,false,-1.87
"CTG",133756,"/Date(1702881511000)/",26200,100,2351400,61869000000,-500,false,-1.87
"CTG",133743,"/Date(1702881499000)/",26200,900,2351300,61867000000,-500,false,-1.87
"CTG",133740,"/Date(1702881495000)/",26200,100,2350400,61843000000,-500,true,-1.87
"CTG",133740,"/Date(1702881495000)/",26200,100,2350300,61840000000,-500,true,-1.87
"CTG",133740,"/Date(1702881495000)/",26200,200,2350200,61838000000,-500,true,-1.87
"CTG",133740,"/Date(1702881495000)/",26200,300,2350000,61833000000,-500,true,-1.87
"CTG",133740,"/Date(1702881495000)/",26200,100,2349700,61825000000,-500,true,-1.87
"CTG",133740,"/Date(1702881495000)/",26200,100,2349600,61822000000,-500,true,-1.87
"CTG",133740,"/Date(1702881495000)/",26200,10000,2349500,61819000000,-500,true,-1.87
"CTG",133740,"/Date(1702881495000)/",26200,200,2339500,61557000000,-500,true,-1.87
"CTG",133740,"/Date(1702881495000)/",26200,200,2339300,61552000000,-500,true,-1.87
"CTG",133740,"/Date(1702881495000)/",26200,100,2339100,61547000000,-500,true,-1.87
"CTG",133740,"/Date(1702881495000)/",26200,500,2339000,61544000000,-500,true,-1.87
"CTG",133740,"/Date(1702881495000)/",26200,200,2338500,61531000000,-500,true,-1.87
"CTG",133740,"/Date(1702881495000)/",26200,200,2338300,61526000000,-500,true,-1.87
"CTG",133740,"/Date(1702881495000)/",26200,500,2338100,61521000000,-500,true,-1.87
"CTG",133740,"/Date(1702881495000)/",26200,3000,2337600,61508000000,-500,true,-1.87
"CTG",133740,"/Date(1702881495000)/",26200,300,2334600,61429000000,-500,true,-1.87
"CTG",133740,"/Date(1702881495000)/",26200,200,2334300,61421000000,-500,true,-1.87
"CTG",133740,"/Date(1702881495000)/",26200,500,2334100,61416000000,-500,true,-1.87
"CTG",133740,"/Date(1702881495000)/",26200,300,2333600,61403000000,-500,true,-1.87
"CTG",133740,"/Date(1702881495000)/",26200,200,2333300,61395000000,-500,true,-1.87
"CTG",133740,"/Date(1702881495000)/",26200,500,2333100,61390000000,-500,true,-1.87
"CTG",133724,"/Date(1702881479000)/",26200,100,2332600,61377000000,-500,true,-1.87
"CTG",133720,"/Date(1702881477000)/",26200,400,2332500,61374000000,-500,true,-1.87
"CTG",133720,"/Date(1702881477000)/",26200,1000,2332100,61364000000,-500,true,-1.87
"CTG",133717,"/Date(1702881475000)/",26250,300,2331100,61337000000,-450,true,-1.69
"CTG",133717,"/Date(1702881472000)/",26250,1900,2330800,61329000000,-450,true,-1.69
"CTG",133714,"/Date(1702881469000)/",26250,100,2328900,61280000000,-450,true,-1.69
"CTG",133711,"/Date(1702881467000)/",26250,1600,2328800,61277000000,-450,false,-1.69
"CTG",133711,"/Date(1702881465000)/",26200,9000,2327200,61235000000,-500,true,-1.87
"CTG",133711,"/Date(1702881465000)/",26200,1000,2318200,60999000000,-500,true,-1.87
"CTG",133711,"/Date(1702881465000)/",26200,200,2317200,60973000000,-500,true,-1.87
"CTG",133711,"/Date(1702881465000)/",26200,4800,2317000,60968000000,-500,true,-1.87
"CTG",133652,"/Date(1702881448000)/",26300,100,2312200,60842000000,-400,false,-1.5
"CTG",133652,"/Date(1702881448000)/",26300,200,2312100,60839000000,-400,false,-1.5
"CTG",133652,"/Date(1702881447000)/",26200,100,2311900,60834000000,-500,true,-1.87
"CTG",133649,"/Date(1702881446000)/",26200,100,2311800,60831000000,-500,true,-1.87
"CTG",133649,"/Date(1702881446000)/",26200,1000,2311700,60829000000,-500,true,-1.87
"CTG",133649,"/Date(1702881446000)/",26200,100,2310700,60803000000,-500,true,-1.87
"CTG",133649,"/Date(1702881446000)/",26200,200,2310600,60800000000,-500,true,-1.87
"CTG",133626,"/Date(1702881421000)/",26300,300,2310400,60795000000,-400,false,-1.5
"CTG",133620,"/Date(1702881415000)/",26300,1000,2310100,60787000000,-400,false,-1.5
"CTG",133620,"/Date(1702881415000)/",26200,100,2309100,60761000000,-500,true,-1.87
"CTG",133620,"/Date(1702881414000)/",26200,400,2309000,60758000000,-500,true,-1.87
"CTG",133620,"/Date(1702881414000)/",26200,1000,2308600,60748000000,-500,true,-1.87
"CTG",133558,"/Date(1702881394000)/",26300,300,2307600,60721000000,-400,false,-1.5
"CTG",133548,"/Date(1702881385000)/",26200,100,2307300,60713000000,-500,true,-1.87
"CTG",133548,"/Date(1702881384000)/",26200,1400,2307200,60711000000,-500,true,-1.87
"CTG",133545,"/Date(1702881380000)/",26200,500,2305800,60674000000,-500,true,-1.87
"CTG",133532,"/Date(1702881366000)/",26300,200,2305300,60661000000,-400,false,-1.5
"CTG",133532,"/Date(1702881366000)/",26300,100,2305100,60656000000,-400,false,-1.5
"CTG",133529,"/Date(1702881365000)/",26200,200,2305000,60653000000,-500,true,-1.87
"CTG",133529,"/Date(1702881363000)/",26200,1800,2304800,60648000000,-500,true,-1.87
"CTG",133529,"/Date(1702881363000)/",26200,100,2303000,60601000000,-500,true,-1.87
"CTG",133519,"/Date(1702881355000)/",26200,100,2302900,60598000000,-500,true,-1.87
"CTG",133516,"/Date(1702881353000)/",26200,800,2302800,60595000000,-500,true,-1.87
"CTG",133516,"/Date(1702881353000)/",26200,600,2302000,60575000000,-500,true,-1.87
"CTG",133448,"/Date(1702881323000)/",26200,100,2301400,60559000000,-500,true,-1.87
"CTG",133448,"/Date(1702881323000)/",26300,200,2301300,60556000000,-400,false,-1.5
"CTG",133448,"/Date(1702881322000)/",26200,800,2301100,60551000000,-500,true,-1.87
"CTG",133448,"/Date(1702881322000)/",26250,400,2300300,60530000000,-450,false,-1.69
"CTG",133448,"/Date(1702881322000)/",26250,100,2299900,60519000000,-450,false,-1.69
"CTG",133448,"/Date(1702881322000)/",26250,100,2299800,60517000000,-450,false,-1.69
"CTG",133435,"/Date(1702881309000)/",26300,300,2299700,60514000000,-400,false,-1.5
"CTG",133416,"/Date(1702881291000)/",26250,100,2299400,60506000000,-450,true,-1.69
"CTG",133416,"/Date(1702881290000)/",26250,1400,2299300,60504000000,-450,true,-1.69
"CTG",133406,"/Date(1702881281000)/",26300,400,2297900,60467000000,-400,false,-1.5
"CTG",133350,"/Date(1702881265000)/",26300,200,2297500,60456000000,-400,false,-1.5
"CTG",133350,"/Date(1702881265000)/",26300,300,2297300,60451000000,-400,false,-1.5
"CTG",133347,"/Date(1702881262000)/",26250,100,2297000,60443000000,-450,true,-1.69
"CTG",133344,"/Date(1702881260000)/",26250,1400,2296900,60441000000,-450,true,-1.69
"CTG",133337,"/Date(1702881254000)/",26300,300,2295500,60404000000,-400,false,-1.5
"CTG",133315,"/Date(1702881231000)/",26250,100,2295200,60396000000,-450,true,-1.69
"CTG",133312,"/Date(1702881229000)/",26250,1400,2295100,60393000000,-450,true,-1.69
"CTG",133312,"/Date(1702881227000)/",26300,400,2293700,60357000000,-400,false,-1.5
"CTG",133309,"/Date(1702881224000)/",26250,400,2293300,60346000000,-450,false,-1.69
"CTG",133243,"/Date(1702881200000)/",26250,300,2292900,60336000000,-450,false,-1.69
"CTG",133243,"/Date(1702881199000)/",26200,100,2292600,60328000000,-500,true,-1.87
"CTG",133243,"/Date(1702881198000)/",26200,500,2292500,60325000000,-500,true,-1.87
"CTG",133243,"/Date(1702881198000)/",26200,100,2292000,60312000000,-500,true,-1.87
"CTG",133243,"/Date(1702881198000)/",26200,200,2291900,60309000000,-500,true,-1.87
"CTG",133243,"/Date(1702881198000)/",26200,100,2291700,60304000000,-500,true,-1.87
"CTG",133243,"/Date(1702881198000)/",26200,500,2291600,60302000000,-500,true,-1.87
"CTG",133218,"/Date(1702881173000)/",26250,400,2291100,60288000000,-450,false,-1.69
"CTG",133212,"/Date(1702881167000)/",26200,100,2290700,60278000000,-500,true,-1.87
"CTG",133212,"/Date(1702881166000)/",26200,1400,2290600,60275000000,-500,true,-1.87
"CTG",133208,"/Date(1702881162000)/",26250,500,2289200,60239000000,-450,false,-1.69
"CTG",133149,"/Date(1702881146000)/",26250,300,2288700,60226000000,-450,false,-1.69
"CTG",133143,"/Date(1702881137000)/",26200,100,2288400,60218000000,-500,true,-1.87
"CTG",133140,"/Date(1702881135000)/",26200,1400,2288300,60215000000,-500,true,-1.87
"CTG",133124,"/Date(1702881119000)/",26250,300,2286900,60178000000,-450,false,-1.69
"CTG",133114,"/Date(1702881109000)/",26200,200,2286600,60170000000,-500,true,-1.87
"CTG",133114,"/Date(1702881108000)/",26200,1300,2286400,60165000000,-500,true,-1.87
"CTG",133111,"/Date(1702881108000)/",26200,100,2285100,60131000000,-500,false,-1.87
"CTG",133111,"/Date(1702881108000)/",26200,100,2285000,60129000000,-500,false,-1.87
"CTG",133111,"/Date(1702881108000)/",26200,100,2284900,60126000000,-500,false,-1.87
"CTG",133111,"/Date(1702881108000)/",26200,200,2284800,60123000000,-500,false,-1.87
"CTG",133111,"/Date(1702881107000)/",26200,100,2284600,60118000000,-500,false,-1.87
"CTG",133102,"/Date(1702881098000)/",26200,1000,2284500,60115000000,-500,false,-1.87
"CTG",133102,"/Date(1702881095000)/",26200,200,2283500,60089000000,-500,false,-1.87
"CTG",133049,"/Date(1702881085000)/",26200,600,2283300,60084000000,-500,true,-1.87
"CTG",133049,"/Date(1702881085000)/",26200,500,2282700,60068000000,-500,true,-1.87
"CTG",133049,"/Date(1702881085000)/",26200,100,2282200,60055000000,-500,true,-1.87
"CTG",133049,"/Date(1702881084000)/",26200,300,2282100,60053000000,-500,true,-1.87
"CTG",133049,"/Date(1702881084000)/",26200,100,2281800,60045000000,-500,true,-1.87
"CTG",133049,"/Date(1702881084000)/",26200,900,2281700,60042000000,-500,true,-1.87
"CTG",133049,"/Date(1702881084000)/",26200,200,2280800,60019000000,-500,true,-1.87
"CTG",133049,"/Date(1702881084000)/",26200,2000,2280600,60013000000,-500,true,-1.87
"CTG",133049,"/Date(1702881084000)/",26200,100,2278600,59961000000,-500,true,-1.87
"CTG",133049,"/Date(1702881084000)/",26200,100,2278500,59958000000,-500,true,-1.87
"CTG",133049,"/Date(1702881084000)/",26200,100,2278400,59956000000,-500,true,-1.87
"CTG",133049,"/Date(1702881084000)/",26200,20000,2278300,59953000000,-500,true,-1.87
"CTG",133049,"/Date(1702881084000)/",26200,200,2258300,59429000000,-500,true,-1.87
"CTG",133049,"/Date(1702881084000)/",26200,1000,2258100,59424000000,-500,true,-1.87
"CTG",133039,"/Date(1702881075000)/",26200,100,2257100,59398000000,-500,true,-1.87
"CTG",133036,"/Date(1702881073000)/",26200,900,2257000,59395000000,-500,true,-1.87
"CTG",133036,"/Date(1702881073000)/",26200,200,2256100,59371000000,-500,true,-1.87
"CTG",133036,"/Date(1702881073000)/",26200,300,2255900,59366000000,-500,true,-1.87
"CTG",133036,"/Date(1702881072000)/",26250,100,2255600,59358000000,-450,false,-1.69
"CTG",133033,"/Date(1702881069000)/",26200,400,2255500,59356000000,-500,true,-1.87
"CTG",133033,"/Date(1702881068000)/",26200,100,2255100,59345000000,-500,true,-1.87
"CTG",133033,"/Date(1702881068000)/",26200,100,2255000,59343000000,-500,true,-1.87
"CTG",133033,"/Date(1702881068000)/",26200,100,2254900,59340000000,-500,true,-1.87
"CTG",133033,"/Date(1702881068000)/",26200,500,2254800,59337000000,-500,true,-1.87
"CTG",133033,"/Date(1702881068000)/",26200,700,2254300,59324000000,-500,true,-1.87
"CTG",133033,"/Date(1702881068000)/",26200,2000,2253600,59306000000,-500,true,-1.87
"CTG",133033,"/Date(1702881068000)/",26200,700,2251600,59253000000,-500,true,-1.87
"CTG",133030,"/Date(1702881064000)/",26250,200,2250900,59235000000,-450,false,-1.69
"CTG",133026,"/Date(1702881060000)/",26250,300,2250700,59230000000,-450,false,-1.69
"CTG",133007,"/Date(1702881043000)/",26200,100,2250400,59222000000,-500,true,-1.87
"CTG",133007,"/Date(1702881042000)/",26200,1200,2250300,59219000000,-500,true,-1.87
"CTG",133007,"/Date(1702881042000)/",26200,100,2249100,59188000000,-500,true,-1.87
"CTG",133007,"/Date(1702881042000)/",26200,100,2249000,59185000000,-500,true,-1.87
"CTG",132939,"/Date(1702881014000)/",26250,500,2248900,59183000000,-450,false,-1.69
"CTG",132939,"/Date(1702881013000)/",26200,100,2248400,59170000000,-500,true,-1.87
"CTG",132936,"/Date(1702881012000)/",26200,500,2248300,59167000000,-500,true,-1.87
"CTG",132936,"/Date(1702881012000)/",26200,500,2247800,59154000000,-500,true,-1.87
"CTG",132936,"/Date(1702881012000)/",26200,400,2247300,59141000000,-500,true,-1.87
"CTG",132926,"/Date(1702881001000)/",26250,400,2246900,59130000000,-450,false,-1.69
"CTG",132926,"/Date(1702881001000)/",26250,300,2246500,59120000000,-450,false,-1.69
"CTG",132926,"/Date(1702881001000)/",26250,2600,2246200,59112000000,-450,false,-1.69
"CTG",132926,"/Date(1702881001000)/",26250,10000,2243600,59044000000,-450,false,-1.69
"CTG",132926,"/Date(1702881001000)/",26250,10000,2233600,58781000000,-450,false,-1.69
"CTG",132926,"/Date(1702881001000)/",26250,100,2223600,58519000000,-450,false,-1.69
"CTG",132926,"/Date(1702881001000)/",26250,100,2223500,58516000000,-450,false,-1.69
"CTG",132926,"/Date(1702881001000)/",26250,300,2223400,58513000000,-450,false,-1.69
"CTG",132907,"/Date(1702880981000)/",26250,100,2223100,58506000000,-450,true,-1.69
"CTG",132904,"/Date(1702880980000)/",26250,500,2223000,58503000000,-450,true,-1.69
"CTG",132904,"/Date(1702880980000)/",26250,900,2222500,58490000000,-450,true,-1.69
"CTG",132900,"/Date(1702880974000)/",26300,400,2221600,58466000000,-400,false,-1.5
"CTG",132835,"/Date(1702880949000)/",26250,100,2221200,58456000000,-450,true,-1.69
"CTG",132832,"/Date(1702880948000)/",26250,300,2221100,58453000000,-450,true,-1.69
"CTG",132832,"/Date(1702880948000)/",26250,1100,2220800,58445000000,-450,true,-1.69
"CTG",132832,"/Date(1702880947000)/",26300,200,2219700,58416000000,-400,false,-1.5
"CTG",132832,"/Date(1702880947000)/",26300,200,2219500,58411000000,-400,false,-1.5
"CTG",132806,"/Date(1702880920000)/",26300,300,2219300,58406000000,-400,false,-1.5
"CTG",132803,"/Date(1702880919000)/",26250,100,2219000,58398000000,-450,true,-1.69
"CTG",132803,"/Date(1702880917000)/",26250,100,2218900,58395000000,-450,true,-1.69
"CTG",132803,"/Date(1702880917000)/",26250,1300,2218800,58393000000,-450,true,-1.69
"CTG",132738,"/Date(1702880893000)/",26300,400,2217500,58358000000,-400,false,-1.5
"CTG",132734,"/Date(1702880889000)/",26300,100,2217100,58348000000,-400,false,-1.5
"CTG",132731,"/Date(1702880887000)/",26250,100,2217000,58345000000,-450,true,-1.69
"CTG",132731,"/Date(1702880886000)/",26250,500,2216900,58343000000,-450,true,-1.69
"CTG",132731,"/Date(1702880886000)/",26250,900,2216400,58330000000,-450,true,-1.69
"CTG",132731,"/Date(1702880884000)/",26350,10800,2215500,58306000000,-350,false,-1.31
"CTG",132731,"/Date(1702880884000)/",26300,1100,2204700,58021000000,-400,true,-1.5
"CTG",132731,"/Date(1702880884000)/",26300,600,2203600,57992000000,-400,true,-1.5
"CTG",132731,"/Date(1702880884000)/",26300,7500,2203000,57977000000,-400,true,-1.5
"CTG",132712,"/Date(1702880866000)/",26300,300,2195500,57779000000,-400,false,-1.5
"CTG",132702,"/Date(1702880857000)/",26250,100,2195200,57772000000,-450,true,-1.69
"CTG",132659,"/Date(1702880855000)/",26250,1400,2195100,57769000000,-450,true,-1.69
"CTG",132659,"/Date(1702880853000)/",26300,10000,2193700,57732000000,-400,false,-1.5
"CTG",132643,"/Date(1702880839000)/",26300,300,2183700,57469000000,-400,false,-1.5
"CTG",132631,"/Date(1702880825000)/",26250,100,2183400,57461000000,-450,true,-1.69
"CTG",132631,"/Date(1702880824000)/",26250,1400,2183300,57459000000,-450,true,-1.69
"CTG",132621,"/Date(1702880815000)/",26300,5700,2181900,57422000000,-400,false,-1.5
"CTG",132618,"/Date(1702880812000)/",26300,400,2176200,57272000000,-400,false,-1.5
"CTG",132608,"/Date(1702880804000)/",26250,300,2175800,57261000000,-450,true,-1.69
"CTG",132602,"/Date(1702880795000)/",26250,100,2175500,57254000000,-450,true,-1.69
"CTG",132559,"/Date(1702880793000)/",26250,1400,2175400,57251000000,-450,true,-1.69
"CTG",132549,"/Date(1702880785000)/",26300,400,2174000,57214000000,-400,false,-1.5
"CTG",132549,"/Date(1702880785000)/",26250,200,2173600,57204000000,-450,true,-1.69
"CTG",132549,"/Date(1702880783000)/",26250,2200,2173400,57198000000,-450,true,-1.69
"CTG",132540,"/Date(1702880774000)/",26300,400,2171200,57141000000,-400,false,-1.5
"CTG",132527,"/Date(1702880763000)/",26250,100,2170800,57130000000,-450,true,-1.69
"CTG",132527,"/Date(1702880762000)/",26250,1400,2170700,57128000000,-450,true,-1.69
"CTG",132458,"/Date(1702880733000)/",26250,100,2169300,57091000000,-450,true,-1.69
"CTG",132455,"/Date(1702880731000)/",26250,900,2169200,57088000000,-450,true,-1.69
"CTG",132455,"/Date(1702880731000)/",26300,300,2168300,57065000000,-400,true,-1.5
"CTG",132455,"/Date(1702880731000)/",26300,200,2168000,57057000000,-400,true,-1.5
"CTG",132452,"/Date(1702880726000)/",26350,300,2167800,57051000000,-350,false,-1.31
"CTG",132429,"/Date(1702880703000)/",26350,200,2167500,57043000000,-350,false,-1.31
"CTG",132426,"/Date(1702880701000)/",26250,100,2167300,57038000000,-450,true,-1.69
"CTG",132426,"/Date(1702880700000)/",26250,1400,2167200,57036000000,-450,true,-1.69
"CTG",132423,"/Date(1702880699000)/",26350,300,2165800,56999000000,-350,false,-1.31
"CTG",132410,"/Date(1702880685000)/",26400,1100,2165500,56991000000,-300,false,-1.12
"CTG",132358,"/Date(1702880672000)/",26400,200,2164400,56962000000,-300,false,-1.12
"CTG",132358,"/Date(1702880672000)/",26350,100,2164200,56957000000,-350,false,-1.31
"CTG",132358,"/Date(1702880671000)/",26200,100,2164100,56954000000,-500,true,-1.87
"CTG",132354,"/Date(1702880669000)/",26200,1400,2164000,56951000000,-500,true,-1.87
"CTG",132351,"/Date(1702880667000)/",26200,100,2162600,56915000000,-500,true,-1.87
"CTG",132332,"/Date(1702880646000)/",26400,400,2162500,56912000000,-300,false,-1.12
"CTG",132326,"/Date(1702880641000)/",26200,100,2162100,56902000000,-500,true,-1.87
"CTG",132326,"/Date(1702880639000)/",26200,1400,2162000,56899000000,-500,true,-1.87
"CTG",132322,"/Date(1702880637000)/",26400,4300,2160600,56862000000,-300,false,-1.12
"CTG",132322,"/Date(1702880637000)/",26400,4700,2156300,56749000000,-300,false,-1.12
"CTG",132322,"/Date(1702880637000)/",26350,1000,2151600,56625000000,-350,false,-1.31
"CTG",132319,"/Date(1702880632000)/",26400,5300,2150600,56598000000,-300,false,-1.12
"CTG",132319,"/Date(1702880632000)/",26350,9600,2145300,56458000000,-350,false,-1.31
"CTG",132319,"/Date(1702880632000)/",26300,400,2135700,56205000000,-400,false,-1.5
"CTG",132319,"/Date(1702880632000)/",26300,300,2135300,56195000000,-400,false,-1.5
"CTG",132319,"/Date(1702880632000)/",26300,300,2135000,56187000000,-400,false,-1.5
"CTG",132319,"/Date(1702880632000)/",26300,4000,2134700,56179000000,-400,false,-1.5
"CTG",132319,"/Date(1702880632000)/",26300,100,2130700,56074000000,-400,false,-1.5
"CTG",132306,"/Date(1702880620000)/",26300,1000,2130600,56071000000,-400,false,-1.5
"CTG",132306,"/Date(1702880620000)/",26300,2600,2129600,56045000000,-400,false,-1.5
"CTG",132306,"/Date(1702880619000)/",26300,100,2127000,55977000000,-400,false,-1.5
"CTG",132303,"/Date(1702880618000)/",26300,300,2126900,55974000000,-400,false,-1.5
"CTG",132300,"/Date(1702880614000)/",26300,600,2126600,55966000000,-400,false,-1.5
"CTG",132257,"/Date(1702880611000)/",26300,2800,2126000,55950000000,-400,false,-1.5
"CTG",132254,"/Date(1702880609000)/",26200,100,2123200,55877000000,-500,true,-1.87
"CTG",132254,"/Date(1702880607000)/",26200,300,2123100,55874000000,-500,true,-1.87
"CTG",132254,"/Date(1702880607000)/",26200,1100,2122800,55866000000,-500,true,-1.87
"CTG",132250,"/Date(1702880606000)/",26300,3200,2121700,55837000000,-400,false,-1.5
"CTG",132238,"/Date(1702880591000)/",26300,400,2118500,55753000000,-400,false,-1.5
"CTG",132235,"/Date(1702880588000)/",26200,200,2118100,55743000000,-500,true,-1.87
"CTG",132235,"/Date(1702880588000)/",26200,200,2117900,55737000000,-500,true,-1.87
"CTG",132235,"/Date(1702880588000)/",26200,100,2117700,55732000000,-500,true,-1.87
"CTG",132222,"/Date(1702880577000)/",26200,200,2117600,55730000000,-500,true,-1.87
"CTG",132222,"/Date(1702880576000)/",26200,800,2117400,55724000000,-500,true,-1.87
"CTG",132222,"/Date(1702880576000)/",26250,600,2116600,55703000000,-450,false,-1.69
"CTG",132222,"/Date(1702880575000)/",26250,900,2116000,55688000000,-450,false,-1.69
"CTG",132219,"/Date(1702880573000)/",26250,100,2115100,55664000000,-450,true,-1.69
"CTG",132219,"/Date(1702880573000)/",26250,300,2115000,55661000000,-450,true,-1.69
"CTG",132219,"/Date(1702880573000)/",26250,200,2114700,55653000000,-450,true,-1.69
"CTG",132219,"/Date(1702880573000)/",26250,7000,2114500,55648000000,-450,true,-1.69
"CTG",132219,"/Date(1702880573000)/",26250,500,2107500,55464000000,-450,true,-1.69
"CTG",132219,"/Date(1702880573000)/",26250,100,2107000,55451000000,-450,true,-1.69
"CTG",132219,"/Date(1702880573000)/",26250,300,2106900,55449000000,-450,true,-1.69
"CTG",132209,"/Date(1702880564000)/",26250,400,2106600,55441000000,-450,false,-1.69
"CTG",132206,"/Date(1702880559000)/",26250,1100,2106200,55430000000,-450,false,-1.69
"CTG",132156,"/Date(1702880551000)/",26250,200,2105100,55401000000,-450,false,-1.69
"CTG",132153,"/Date(1702880549000)/",26250,1000,2104900,55396000000,-450,false,-1.69
"CTG",132153,"/Date(1702880549000)/",26250,100,2103900,55370000000,-450,false,-1.69
"CTG",132153,"/Date(1702880549000)/",26250,100,2103800,55367000000,-450,false,-1.69
"CTG",132153,"/Date(1702880549000)/",26250,1600,2103700,55365000000,-450,false,-1.69
"CTG",132153,"/Date(1702880547000)/",26200,100,2102100,55323000000,-500,true,-1.87
"CTG",132150,"/Date(1702880545000)/",26200,500,2102000,55320000000,-500,true,-1.87
"CTG",132150,"/Date(1702880545000)/",26200,900,2101500,55307000000,-500,true,-1.87
"CTG",132147,"/Date(1702880541000)/",26200,500,2100600,55283000000,-500,true,-1.87
"CTG",132144,"/Date(1702880539000)/",26200,1200,2100100,55270000000,-500,true,-1.87
"CTG",132144,"/Date(1702880539000)/",26200,300,2098900,55239000000,-500,true,-1.87
"CTG",132144,"/Date(1702880539000)/",26200,3500,2098600,55231000000,-500,true,-1.87
"CTG",132124,"/Date(1702880519000)/",26200,400,2095100,55139000000,-500,true,-1.87
"CTG",132124,"/Date(1702880517000)/",26200,1100,2094700,55129000000,-500,true,-1.87
"CTG",132124,"/Date(1702880517000)/",26200,1000,2093600,55100000000,-500,true,-1.87
"CTG",132124,"/Date(1702880517000)/",26200,300,2092600,55074000000,-500,true,-1.87
"CTG",132124,"/Date(1702880517000)/",26200,200,2092300,55066000000,-500,true,-1.87
"CTG",132124,"/Date(1702880517000)/",26200,1200,2092100,55061000000,-500,true,-1.87
"CTG",132121,"/Date(1702880515000)/",26200,100,2090900,55029000000,-500,true,-1.87
"CTG",132121,"/Date(1702880514000)/",26200,200,2090800,55027000000,-500,true,-1.87
"CTG",132121,"/Date(1702880514000)/",26200,1200,2090600,55021000000,-500,true,-1.87
"CTG",132112,"/Date(1702880505000)/",26250,400,2089400,54990000000,-450,false,-1.69
"CTG",132059,"/Date(1702880493000)/",26200,100,2089000,54979000000,-500,false,-1.87
"CTG",132059,"/Date(1702880492000)/",26200,700,2088900,54977000000,-500,false,-1.87
"CTG",132056,"/Date(1702880491000)/",26200,800,2088200,54959000000,-500,false,-1.87
"CTG",132056,"/Date(1702880489000)/",26200,1400,2087400,54938000000,-500,false,-1.87
"CTG",132056,"/Date(1702880489000)/",26200,100,2086000,54901000000,-500,false,-1.87
