"Stockcode","Package","TradingDate","Price","Vol","TotalVol","TotalVal","Change","IsBuy","PerChange"
"ITC",144421,"/Date(1702885500000)/",10050,14500,106000,1069000000,0,true,0
"ITC",142808,"/Date(1702884530000)/",10100,1400,91500,924000000,50,true,0.5
"ITC",142808,"/Date(1702884530000)/",10100,1300,90100,910000000,50,true,0.5
"ITC",142808,"/Date(1702884530000)/",10100,1100,88800,896000000,50,true,0.5
"ITC",142538,"/Date(1702884378000)/",10100,2000,87700,885000000,50,true,0.5
"ITC",142434,"/Date(1702884315000)/",10100,2000,85700,865000000,50,true,0.5
"ITC",142409,"/Date(1702884288000)/",10100,3000,83700,845000000,50,true,0.5
"ITC",142340,"/Date(1702884260000)/",10150,2000,80700,815000000,100,false,1
"ITC",142041,"/Date(1702884081000)/",10150,200,78700,794000000,100,true,1
"ITC",141915,"/Date(1702883996000)/",10150,200,78500,792000000,100,true,1
"ITC",141531,"/Date(1702883770000)/",10150,1000,78300,790000000,100,true,1
"ITC",141421,"/Date(1702883700000)/",10150,200,77300,780000000,100,true,1
"ITC",141340,"/Date(1702883658000)/",10150,200,77100,778000000,100,true,1
"ITC",140931,"/Date(1702883411000)/",10150,1000,76900,776000000,100,true,1
"ITC",140931,"/Date(1702883411000)/",10150,200,75900,766000000,100,true,1
"ITC",140415,"/Date(1702883094000)/",10150,1000,75700,764000000,100,false,1
"ITC",140415,"/Date(1702883094000)/",10150,300,74700,754000000,100,false,1
"ITC",140415,"/Date(1702883094000)/",10150,900,74400,751000000,100,false,1
"ITC",140233,"/Date(1702882990000)/",10150,500,73500,742000000,100,false,1
"ITC",140233,"/Date(1702882990000)/",10150,1000,73000,736000000,100,false,1
"ITC",140233,"/Date(1702882990000)/",10150,4600,72000,726000000,100,false,1
"ITC",140116,"/Date(1702882913000)/",10150,500,67400,680000000,100,true,1
"ITC",140035,"/Date(1702882872000)/",10150,1000,66900,675000000,100,true,1
"ITC",135947,"/Date(1702882824000)/",10150,2900,65900,664000000,100,true,1
"ITC",135843,"/Date(1702882760000)/",10200,600,63000,635000000,150,false,1.49
"ITC",135843,"/Date(1702882760000)/",10200,400,62400,629000000,150,false,1.49
"ITC",134620,"/Date(1702882018000)/",10200,600,62000,625000000,150,false,1.49
"ITC",134620,"/Date(1702882018000)/",10200,400,61400,619000000,150,false,1.49
"ITC",134437,"/Date(1702881913000)/",10150,500,61000,615000000,100,false,1
"ITC",134437,"/Date(1702881913000)/",10150,300,60500,609000000,100,false,1
"ITC",134431,"/Date(1702881907000)/",10150,200,60200,606000000,100,false,1
"ITC",134246,"/Date(1702881804000)/",10150,100,60000,604000000,100,false,1
"ITC",134246,"/Date(1702881804000)/",10150,900,59900,603000000,100,false,1
"ITC",134217,"/Date(1702881774000)/",10100,500,59000,594000000,50,true,0.5
"ITC",133859,"/Date(1702881575000)/",10100,300,58500,589000000,50,true,0.5
"ITC",133808,"/Date(1702881523000)/",10100,800,58200,586000000,50,false,0.5
"ITC",133808,"/Date(1702881523000)/",10100,300,57400,578000000,50,false,0.5
"ITC",133808,"/Date(1702881523000)/",10100,5000,57100,575000000,50,false,0.5
"ITC",133808,"/Date(1702881523000)/",10100,400,52100,525000000,50,false,0.5
"ITC",133808,"/Date(1702881523000)/",10100,500,51700,521000000,50,false,0.5
"ITC",133808,"/Date(1702881523000)/",10100,1400,51200,515000000,50,false,0.5
"ITC",133808,"/Date(1702881523000)/",10050,2700,49800,501000000,0,false,0
"ITC",133740,"/Date(1702881494000)/",10050,100,47100,474000000,0,false,0
"ITC",133558,"/Date(1702881392000)/",10050,1200,47000,473000000,0,false,0
"ITC",133259,"/Date(1702881215000)/",10050,500,45800,461000000,0,false,0
"ITC",133227,"/Date(1702881184000)/",10050,100,45300,456000000,0,false,0
"ITC",131955,"/Date(1702880429000)/",10000,900,45200,455000000,-50,true,-0.5
"ITC",131955,"/Date(1702880429000)/",10000,1000,44300,446000000,-50,true,-0.5
"ITC",131955,"/Date(1702880429000)/",10000,100,43300,436000000,-50,true,-0.5
"ITC",131955,"/Date(1702880429000)/",10000,300,43200,435000000,-50,true,-0.5
"ITC",131955,"/Date(1702880429000)/",10000,2000,42900,432000000,-50,true,-0.5
"ITC",131955,"/Date(1702880429000)/",10000,200,40900,412000000,-50,true,-0.5
"ITC",131955,"/Date(1702880429000)/",10000,1000,40700,410000000,-50,true,-0.5
"ITC",131955,"/Date(1702880429000)/",10000,500,39700,400000000,-50,true,-0.5
"ITC",131848,"/Date(1702880361000)/",10000,200,39200,395000000,-50,true,-0.5
"ITC",131757,"/Date(1702880311000)/",10000,100,39000,393000000,-50,true,-0.5
"ITC",130610,"/Date(1702879603000)/",10050,300,38900,392000000,0,false,0
"ITC",130007,"/Date(1702879209000)/",10050,100,38600,389000000,0,true,0
"ITC",130003,"/Date(1702879203000)/",10050,500,38500,388000000,0,true,0
"ITC",130003,"/Date(1702879203000)/",10050,1000,38000,383000000,0,true,0
"ITC",130003,"/Date(1702879203000)/",10050,200,37000,373000000,0,true,0
"ITC",111549,"/Date(1702872970000)/",10100,600,36800,371000000,50,false,0.5
"ITC",111549,"/Date(1702872970000)/",10100,1500,36200,365000000,50,false,0.5
"ITC",110858,"/Date(1702872558000)/",10100,1000,34700,350000000,50,false,0.5
"ITC",105941,"/Date(1702872000000)/",10050,900,33700,340000000,0,true,0
"ITC",105824,"/Date(1702871923000)/",10100,100,32800,331000000,50,false,0.5
"ITC",105824,"/Date(1702871922000)/",10050,3200,32700,330000000,0,true,0
"ITC",105824,"/Date(1702871922000)/",10050,1800,29500,297000000,0,true,0
"ITC",105759,"/Date(1702871898000)/",10050,3200,27700,279000000,0,true,0
"ITC",105422,"/Date(1702871681000)/",10100,300,24500,247000000,50,false,0.5
"ITC",104054,"/Date(1702870871000)/",10100,100,24200,244000000,50,false,0.5
"ITC",103532,"/Date(1702870548000)/",10100,100,24100,243000000,50,true,0.5
"ITC",103532,"/Date(1702870548000)/",10100,1000,24000,242000000,50,true,0.5
"ITC",103532,"/Date(1702870548000)/",10100,900,23000,232000000,50,true,0.5
"ITC",102302,"/Date(1702869796000)/",10100,2000,22100,223000000,50,true,0.5
"ITC",102246,"/Date(1702869781000)/",10100,2000,20100,203000000,50,true,0.5
"ITC",102211,"/Date(1702869747000)/",10100,2000,18100,183000000,50,true,0.5
"ITC",102211,"/Date(1702869747000)/",10100,2000,16100,162000000,50,true,0.5
"ITC",102211,"/Date(1702869747000)/",10100,1000,14100,142000000,50,true,0.5
"ITC",102136,"/Date(1702869710000)/",10100,2000,13100,132000000,50,true,0.5
"ITC",102055,"/Date(1702869668000)/",10100,2000,11100,112000000,50,true,0.5
"ITC",100900,"/Date(1702868955000)/",10100,700,9100,92000000,50,true,0.5
"ITC",100737,"/Date(1702868872000)/",10200,100,8400,85000000,150,false,1.49
"ITC",100737,"/Date(1702868872000)/",10200,800,8300,84000000,150,false,1.49
"ITC",100222,"/Date(1702868555000)/",10200,100,7500,75000000,150,false,1.49
"ITC",100012,"/Date(1702868424000)/",10100,1000,7400,74000000,50,true,0.5
"ITC",95707,"/Date(1702868240000)/",10100,1000,6400,64000000,50,true,0.5
"ITC",95024,"/Date(1702867837000)/",10100,300,5400,54000000,50,true,0.5
"ITC",93203,"/Date(1702866734000)/",10200,100,5100,51000000,150,false,1.49
"ITC",93203,"/Date(1702866734000)/",10200,100,5000,50000000,150,false,1.49
"ITC",92612,"/Date(1702866381000)/",10200,200,4900,49000000,150,false,1.49
"ITC",92411,"/Date(1702866261000)/",10200,200,4700,47000000,150,false,1.49
"ITC",92411,"/Date(1702866261000)/",10200,100,4500,45000000,150,false,1.49
"ITC",92411,"/Date(1702866261000)/",10200,200,4400,44000000,150,false,1.49
"ITC",92411,"/Date(1702866261000)/",10200,700,4200,42000000,150,false,1.49
"ITC",92411,"/Date(1702866261000)/",10200,600,3500,35000000,150,false,1.49
"ITC",92205,"/Date(1702866134000)/",10200,100,2900,29000000,150,false,1.49
"ITC",92052,"/Date(1702866060000)/",10150,1000,2800,28000000,100,false,1
"ITC",92027,"/Date(1702866035000)/",10200,300,1800,18000000,150,false,1.49
"ITC",91453,"/Date(1702865700000)/",10000,1500,1500,15000000,-50,true,-0.5
