"Stockcode","Package","TradingDate","Price","Vol","TotalVol","TotalVal","Change","IsBuy","PerChange"
"PDR",144418,"/Date(1702885500000)/",26300,1119100,7631700,199633000000,0,false,0
"PDR",142912,"/Date(1702884594000)/",26000,100,6512600,170201000000,-300,true,-1.14
"PDR",142909,"/Date(1702884591000)/",26000,200,6512500,170198000000,-300,true,-1.14
"PDR",142909,"/Date(1702884590000)/",26000,1000,6512300,170193000000,-300,true,-1.14
"PDR",142909,"/Date(1702884590000)/",26000,400,6511300,170167000000,-300,true,-1.14
"PDR",142906,"/Date(1702884589000)/",26000,2100,6510900,170157000000,-300,true,-1.14
"PDR",142906,"/Date(1702884589000)/",26000,300,6508800,170102000000,-300,true,-1.14
"PDR",142906,"/Date(1702884589000)/",26000,500,6508500,170094000000,-300,true,-1.14
"PDR",142906,"/Date(1702884589000)/",26000,100,6508000,170081000000,-300,true,-1.14
"PDR",142906,"/Date(1702884589000)/",26000,100,6507900,170079000000,-300,true,-1.14
"PDR",142906,"/Date(1702884589000)/",26000,100,6507800,170076000000,-300,true,-1.14
"PDR",142906,"/Date(1702884589000)/",26000,500,6507700,170074000000,-300,true,-1.14
"PDR",142906,"/Date(1702884589000)/",26000,1400,6507200,170061000000,-300,true,-1.14
"PDR",142906,"/Date(1702884589000)/",26000,100,6505800,170024000000,-300,true,-1.14
"PDR",142906,"/Date(1702884589000)/",26000,800,6505700,170022000000,-300,true,-1.14
"PDR",142906,"/Date(1702884589000)/",26000,100,6504900,170001000000,-300,true,-1.14
"PDR",142906,"/Date(1702884589000)/",26000,300,6504800,169998000000,-300,true,-1.14
"PDR",142906,"/Date(1702884589000)/",26000,100,6504500,169990000000,-300,true,-1.14
"PDR",142906,"/Date(1702884589000)/",26000,500,6504400,169988000000,-300,true,-1.14
"PDR",142906,"/Date(1702884589000)/",26000,500,6503900,169975000000,-300,true,-1.14
"PDR",142906,"/Date(1702884589000)/",26000,1000,6503400,169962000000,-300,true,-1.14
"PDR",142906,"/Date(1702884589000)/",26000,1000,6502400,169936000000,-300,true,-1.14
"PDR",142906,"/Date(1702884589000)/",26000,100,6501400,169910000000,-300,true,-1.14
"PDR",142906,"/Date(1702884589000)/",26000,200,6501300,169907000000,-300,true,-1.14
"PDR",142906,"/Date(1702884589000)/",26000,200,6501100,169902000000,-300,true,-1.14
"PDR",142906,"/Date(1702884588000)/",26050,2000,6500900,169897000000,-250,false,-0.95
"PDR",142906,"/Date(1702884588000)/",26000,1000,6498900,169845000000,-300,true,-1.14
"PDR",142906,"/Date(1702884586000)/",26000,100,6497900,169819000000,-300,true,-1.14
"PDR",142906,"/Date(1702884586000)/",26000,1900,6497800,169816000000,-300,true,-1.14
"PDR",142900,"/Date(1702884582000)/",26000,300,6495900,169767000000,-300,true,-1.14
"PDR",142900,"/Date(1702884582000)/",26050,8400,6495600,169759000000,-250,false,-0.95
"PDR",142900,"/Date(1702884582000)/",26050,300,6487200,169540000000,-250,false,-0.95
"PDR",142900,"/Date(1702884582000)/",26050,100,6486900,169532000000,-250,false,-0.95
"PDR",142900,"/Date(1702884582000)/",26050,100,6486800,169530000000,-250,false,-0.95
"PDR",142900,"/Date(1702884582000)/",26050,1100,6486700,169527000000,-250,false,-0.95
"PDR",142900,"/Date(1702884581000)/",26050,1900,6485600,169498000000,-250,false,-0.95
"PDR",142900,"/Date(1702884581000)/",26050,1000,6483700,169449000000,-250,false,-0.95
"PDR",142900,"/Date(1702884581000)/",26050,2100,6482700,169423000000,-250,false,-0.95
"PDR",142900,"/Date(1702884579000)/",26050,200,6480600,169368000000,-250,false,-0.95
"PDR",142856,"/Date(1702884578000)/",26000,800,6480400,169363000000,-300,true,-1.14
"PDR",142856,"/Date(1702884578000)/",26000,700,6479600,169342000000,-300,true,-1.14
"PDR",142856,"/Date(1702884577000)/",26050,500,6478900,169324000000,-250,false,-0.95
"PDR",142856,"/Date(1702884577000)/",26050,2000,6478400,169311000000,-250,false,-0.95
"PDR",142853,"/Date(1702884575000)/",26050,2200,6476400,169259000000,-250,false,-0.95
"PDR",142853,"/Date(1702884575000)/",26050,2800,6474200,169201000000,-250,false,-0.95
"PDR",142853,"/Date(1702884574000)/",26000,300,6471400,169129000000,-300,true,-1.14
"PDR",142850,"/Date(1702884572000)/",26000,2000,6471100,169121000000,-300,true,-1.14
"PDR",142850,"/Date(1702884572000)/",26000,2000,6469100,169069000000,-300,true,-1.14
"PDR",142850,"/Date(1702884572000)/",26000,2000,6467100,169017000000,-300,true,-1.14
"PDR",142850,"/Date(1702884572000)/",26000,1000,6465100,168965000000,-300,true,-1.14
"PDR",142850,"/Date(1702884572000)/",26000,2000,6464100,168939000000,-300,true,-1.14
"PDR",142850,"/Date(1702884572000)/",26000,600,6462100,168887000000,-300,true,-1.14
"PDR",142850,"/Date(1702884572000)/",26000,100,6461500,168871000000,-300,true,-1.14
"PDR",142850,"/Date(1702884572000)/",26000,400,6461400,168869000000,-300,true,-1.14
"PDR",142850,"/Date(1702884572000)/",26000,300,6461000,168858000000,-300,true,-1.14
"PDR",142850,"/Date(1702884572000)/",26000,300,6460700,168850000000,-300,true,-1.14
"PDR",142850,"/Date(1702884572000)/",26000,100,6460400,168843000000,-300,true,-1.14
"PDR",142850,"/Date(1702884572000)/",26000,500,6460300,168840000000,-300,true,-1.14
"PDR",142850,"/Date(1702884572000)/",26000,100,6459800,168827000000,-300,true,-1.14
"PDR",142850,"/Date(1702884572000)/",26000,1000,6459700,168824000000,-300,true,-1.14
"PDR",142850,"/Date(1702884572000)/",26000,200,6458700,168798000000,-300,true,-1.14
"PDR",142850,"/Date(1702884572000)/",26000,2000,6458500,168793000000,-300,true,-1.14
"PDR",142850,"/Date(1702884572000)/",26000,200,6456500,168741000000,-300,true,-1.14
"PDR",142850,"/Date(1702884572000)/",26000,200,6456300,168736000000,-300,true,-1.14
"PDR",142850,"/Date(1702884572000)/",26000,500,6456100,168731000000,-300,true,-1.14
"PDR",142850,"/Date(1702884572000)/",26000,200,6455600,168718000000,-300,true,-1.14
"PDR",142850,"/Date(1702884572000)/",26000,100,6455400,168713000000,-300,true,-1.14
"PDR",142850,"/Date(1702884572000)/",26000,500,6455300,168710000000,-300,true,-1.14
"PDR",142850,"/Date(1702884572000)/",26000,1000,6454800,168697000000,-300,true,-1.14
"PDR",142850,"/Date(1702884572000)/",26000,1000,6453800,168671000000,-300,true,-1.14
"PDR",142850,"/Date(1702884572000)/",26000,10000,6452800,168645000000,-300,true,-1.14
"PDR",142850,"/Date(1702884572000)/",26000,100,6442800,168385000000,-300,true,-1.14
"PDR",142850,"/Date(1702884572000)/",26000,1000,6442700,168382000000,-300,true,-1.14
"PDR",142850,"/Date(1702884572000)/",26000,1600,6441700,168356000000,-300,true,-1.14
"PDR",142850,"/Date(1702884571000)/",26000,300,6440100,168315000000,-300,true,-1.14
"PDR",142850,"/Date(1702884570000)/",26000,100,6439800,168307000000,-300,true,-1.14
"PDR",142850,"/Date(1702884569000)/",26000,700,6439700,168304000000,-300,true,-1.14
"PDR",142844,"/Date(1702884566000)/",26000,1100,6439000,168286000000,-300,true,-1.14
"PDR",142840,"/Date(1702884562000)/",26050,100,6437900,168258000000,-250,false,-0.95
"PDR",142840,"/Date(1702884562000)/",26050,3000,6437800,168255000000,-250,false,-0.95
"PDR",142840,"/Date(1702884560000)/",26000,1200,6434800,168177000000,-300,true,-1.14
"PDR",142840,"/Date(1702884560000)/",26000,500,6433600,168146000000,-300,true,-1.14
"PDR",142840,"/Date(1702884560000)/",26000,200,6433100,168133000000,-300,true,-1.14
"PDR",142840,"/Date(1702884560000)/",26000,10000,6432900,168127000000,-300,true,-1.14
"PDR",142840,"/Date(1702884560000)/",26000,500,6422900,167867000000,-300,true,-1.14
"PDR",142840,"/Date(1702884560000)/",26000,200,6422400,167854000000,-300,true,-1.14
"PDR",142840,"/Date(1702884560000)/",26000,1000,6422200,167849000000,-300,true,-1.14
"PDR",142840,"/Date(1702884560000)/",26000,100,6421200,167823000000,-300,true,-1.14
"PDR",142840,"/Date(1702884560000)/",26000,1000,6421100,167821000000,-300,true,-1.14
"PDR",142840,"/Date(1702884560000)/",26000,100,6420100,167795000000,-300,true,-1.14
"PDR",142840,"/Date(1702884560000)/",26000,500,6420000,167792000000,-300,true,-1.14
"PDR",142840,"/Date(1702884560000)/",26000,100,6419500,167779000000,-300,true,-1.14
"PDR",142840,"/Date(1702884560000)/",26000,5000,6419400,167776000000,-300,true,-1.14
"PDR",142840,"/Date(1702884560000)/",26000,1000,6414400,167646000000,-300,true,-1.14
"PDR",142840,"/Date(1702884560000)/",26000,200,6413400,167620000000,-300,true,-1.14
"PDR",142840,"/Date(1702884560000)/",26000,200,6413200,167615000000,-300,true,-1.14
"PDR",142840,"/Date(1702884560000)/",26000,100,6413000,167610000000,-300,true,-1.14
"PDR",142840,"/Date(1702884560000)/",26000,300,6412900,167607000000,-300,true,-1.14
"PDR",142840,"/Date(1702884560000)/",26000,1000,6412600,167600000000,-300,true,-1.14
"PDR",142840,"/Date(1702884560000)/",26000,500,6411600,167574000000,-300,true,-1.14
"PDR",142840,"/Date(1702884560000)/",26000,100,6411100,167561000000,-300,true,-1.14
"PDR",142840,"/Date(1702884560000)/",26000,500,6411000,167558000000,-300,true,-1.14
"PDR",142840,"/Date(1702884560000)/",26000,100,6410500,167545000000,-300,true,-1.14
"PDR",142840,"/Date(1702884560000)/",26000,500,6410400,167542000000,-300,true,-1.14
"PDR",142840,"/Date(1702884560000)/",26000,1000,6409900,167529000000,-300,true,-1.14
"PDR",142840,"/Date(1702884560000)/",26000,100,6408900,167503000000,-300,true,-1.14
"PDR",142840,"/Date(1702884560000)/",26000,100,6408800,167501000000,-300,true,-1.14
"PDR",142840,"/Date(1702884560000)/",26000,3000,6408700,167498000000,-300,true,-1.14
"PDR",142840,"/Date(1702884560000)/",26000,100,6405700,167420000000,-300,true,-1.14
"PDR",142840,"/Date(1702884560000)/",26000,1000,6405600,167418000000,-300,true,-1.14
"PDR",142840,"/Date(1702884560000)/",26000,500,6404600,167392000000,-300,true,-1.14
"PDR",142840,"/Date(1702884560000)/",26000,500,6404100,167379000000,-300,true,-1.14
"PDR",142840,"/Date(1702884560000)/",26000,100,6403600,167366000000,-300,true,-1.14
"PDR",142840,"/Date(1702884560000)/",26000,1000,6403500,167363000000,-300,true,-1.14
"PDR",142840,"/Date(1702884560000)/",26000,200,6402500,167337000000,-300,true,-1.14
"PDR",142840,"/Date(1702884560000)/",26000,100,6402300,167332000000,-300,true,-1.14
"PDR",142840,"/Date(1702884560000)/",26000,10000,6402200,167329000000,-300,true,-1.14
"PDR",142840,"/Date(1702884560000)/",26000,2000,6392200,167069000000,-300,true,-1.14
"PDR",142840,"/Date(1702884560000)/",26000,5000,6390200,167017000000,-300,true,-1.14
"PDR",142840,"/Date(1702884560000)/",26000,100,6385200,166887000000,-300,true,-1.14
"PDR",142840,"/Date(1702884560000)/",26000,2000,6385100,166885000000,-300,true,-1.14
"PDR",142840,"/Date(1702884560000)/",26000,8300,6383100,166833000000,-300,true,-1.14
"PDR",142837,"/Date(1702884559000)/",26050,100,6374800,166617000000,-250,true,-0.95
"PDR",142837,"/Date(1702884559000)/",26050,1000,6374700,166614000000,-250,true,-0.95
"PDR",142837,"/Date(1702884559000)/",26050,5000,6373700,166588000000,-250,true,-0.95
"PDR",142837,"/Date(1702884559000)/",26050,6000,6368700,166458000000,-250,true,-0.95
"PDR",142831,"/Date(1702884552000)/",26050,2500,6362700,166302000000,-250,false,-0.95
"PDR",142831,"/Date(1702884552000)/",26050,100,6360200,166236000000,-250,false,-0.95
"PDR",142831,"/Date(1702884552000)/",26050,1300,6360100,166234000000,-250,false,-0.95
"PDR",142831,"/Date(1702884552000)/",26050,100,6358800,166200000000,-250,false,-0.95
"PDR",142831,"/Date(1702884552000)/",26050,100,6358700,166197000000,-250,false,-0.95
"PDR",142831,"/Date(1702884552000)/",26000,100,6358600,166195000000,-300,true,-1.14
"PDR",142831,"/Date(1702884551000)/",26000,1600,6358500,166192000000,-300,true,-1.14
"PDR",142831,"/Date(1702884551000)/",26000,200,6356900,166151000000,-300,true,-1.14
"PDR",142828,"/Date(1702884548000)/",26000,100,6356700,166145000000,-300,true,-1.14
"PDR",142824,"/Date(1702884546000)/",26050,800,6356600,166143000000,-250,false,-0.95
"PDR",142824,"/Date(1702884546000)/",26050,300,6355800,166122000000,-250,false,-0.95
"PDR",142824,"/Date(1702884545000)/",26050,500,6355500,166114000000,-250,false,-0.95
"PDR",142824,"/Date(1702884545000)/",26000,200,6355000,166101000000,-300,true,-1.14
"PDR",142821,"/Date(1702884542000)/",26050,1000,6354800,166096000000,-250,false,-0.95
"PDR",142818,"/Date(1702884540000)/",26050,500,6353800,166070000000,-250,true,-0.95
"PDR",142818,"/Date(1702884538000)/",26000,100,6353300,166057000000,-300,true,-1.14
"PDR",142818,"/Date(1702884538000)/",26000,300,6353200,166054000000,-300,true,-1.14
"PDR",142818,"/Date(1702884538000)/",26000,600,6352900,166046000000,-300,true,-1.14
"PDR",142818,"/Date(1702884538000)/",26050,100,6352300,166031000000,-250,true,-0.95
"PDR",142818,"/Date(1702884538000)/",26050,300,6352200,166028000000,-250,true,-0.95
"PDR",142818,"/Date(1702884538000)/",26050,200,6351900,166020000000,-250,true,-0.95
"PDR",142818,"/Date(1702884538000)/",26050,400,6351700,166015000000,-250,true,-0.95
"PDR",142815,"/Date(1702884535000)/",26050,400,6351300,166005000000,-250,true,-0.95
"PDR",142815,"/Date(1702884535000)/",26050,700,6350900,165994000000,-250,true,-0.95
"PDR",142815,"/Date(1702884535000)/",26050,100,6350200,165976000000,-250,true,-0.95
"PDR",142815,"/Date(1702884535000)/",26050,200,6350100,165973000000,-250,true,-0.95
"PDR",142812,"/Date(1702884533000)/",26050,300,6349900,165968000000,-250,true,-0.95
"PDR",142812,"/Date(1702884533000)/",26050,300,6349600,165960000000,-250,true,-0.95
"PDR",142812,"/Date(1702884533000)/",26050,100,6349300,165953000000,-250,true,-0.95
"PDR",142812,"/Date(1702884533000)/",26050,100,6349200,165950000000,-250,true,-0.95
"PDR",142812,"/Date(1702884533000)/",26050,100,6349100,165947000000,-250,true,-0.95
"PDR",142808,"/Date(1702884529000)/",26050,400,6349000,165945000000,-250,true,-0.95
"PDR",142808,"/Date(1702884529000)/",26050,500,6348600,165934000000,-250,true,-0.95
"PDR",142808,"/Date(1702884529000)/",26050,500,6348100,165921000000,-250,true,-0.95
"PDR",142808,"/Date(1702884529000)/",26050,1000,6347600,165908000000,-250,true,-0.95
"PDR",142808,"/Date(1702884529000)/",26050,800,6346600,165882000000,-250,true,-0.95
"PDR",142805,"/Date(1702884528000)/",26050,200,6345800,165861000000,-250,true,-0.95
"PDR",142805,"/Date(1702884528000)/",26050,800,6345600,165856000000,-250,true,-0.95
"PDR",142805,"/Date(1702884527000)/",26050,200,6344800,165835000000,-250,true,-0.95
"PDR",142805,"/Date(1702884527000)/",26050,100,6344600,165830000000,-250,true,-0.95
"PDR",142805,"/Date(1702884526000)/",26050,200,6344500,165828000000,-250,true,-0.95
"PDR",142802,"/Date(1702884524000)/",26050,100,6344300,165822000000,-250,true,-0.95
"PDR",142802,"/Date(1702884523000)/",26050,100,6344200,165820000000,-250,true,-0.95
"PDR",142802,"/Date(1702884523000)/",26050,400,6344100,165817000000,-250,true,-0.95
"PDR",142802,"/Date(1702884522000)/",26050,4200,6343700,165807000000,-250,true,-0.95
"PDR",142802,"/Date(1702884522000)/",26050,100,6339500,165697000000,-250,true,-0.95
"PDR",142759,"/Date(1702884520000)/",26050,300,6339400,165695000000,-250,true,-0.95
"PDR",142759,"/Date(1702884519000)/",26050,100,6339100,165687000000,-250,true,-0.95
"PDR",142756,"/Date(1702884517000)/",26050,800,6339000,165684000000,-250,true,-0.95
"PDR",142756,"/Date(1702884517000)/",26050,100,6338200,165663000000,-250,true,-0.95
"PDR",142756,"/Date(1702884517000)/",26050,500,6338100,165661000000,-250,true,-0.95
"PDR",142756,"/Date(1702884517000)/",26050,100,6337600,165648000000,-250,true,-0.95
"PDR",142756,"/Date(1702884517000)/",26050,100,6337500,165645000000,-250,true,-0.95
"PDR",142756,"/Date(1702884517000)/",26050,1000,6337400,165643000000,-250,true,-0.95
"PDR",142756,"/Date(1702884517000)/",26050,2000,6336400,165617000000,-250,true,-0.95
"PDR",142756,"/Date(1702884517000)/",26050,100,6334400,165565000000,-250,true,-0.95
"PDR",142756,"/Date(1702884517000)/",26050,1000,6334300,165562000000,-250,true,-0.95
"PDR",142756,"/Date(1702884517000)/",26050,6100,6333300,165536000000,-250,true,-0.95
"PDR",142756,"/Date(1702884516000)/",26050,200,6327200,165377000000,-250,true,-0.95
"PDR",142756,"/Date(1702884515000)/",26050,3700,6327000,165372000000,-250,true,-0.95
"PDR",142756,"/Date(1702884515000)/",26050,1400,6323300,165275000000,-250,true,-0.95
"PDR",142752,"/Date(1702884515000)/",26050,1000,6321900,165239000000,-250,true,-0.95
"PDR",142752,"/Date(1702884515000)/",26050,100,6320900,165213000000,-250,true,-0.95
"PDR",142752,"/Date(1702884513000)/",26050,2500,6320800,165210000000,-250,true,-0.95
"PDR",142752,"/Date(1702884513000)/",26050,200,6318300,165145000000,-250,true,-0.95
"PDR",142752,"/Date(1702884513000)/",26050,900,6318100,165140000000,-250,true,-0.95
"PDR",142752,"/Date(1702884513000)/",26050,1000,6317200,165116000000,-250,true,-0.95
"PDR",142752,"/Date(1702884512000)/",26050,100,6316200,165090000000,-250,true,-0.95
"PDR",142752,"/Date(1702884512000)/",26050,100,6316100,165088000000,-250,true,-0.95
"PDR",142752,"/Date(1702884512000)/",26050,100,6316000,165085000000,-250,true,-0.95
"PDR",142752,"/Date(1702884512000)/",26050,500,6315900,165083000000,-250,true,-0.95
"PDR",142752,"/Date(1702884512000)/",26050,1000,6315400,165070000000,-250,true,-0.95
"PDR",142752,"/Date(1702884512000)/",26050,4700,6314400,165044000000,-250,true,-0.95
"PDR",142752,"/Date(1702884512000)/",26050,1000,6309700,164921000000,-250,true,-0.95
"PDR",142752,"/Date(1702884512000)/",26050,1000,6308700,164895000000,-250,true,-0.95
"PDR",142752,"/Date(1702884512000)/",26050,200,6307700,164869000000,-250,true,-0.95
"PDR",142752,"/Date(1702884512000)/",26050,500,6307500,164864000000,-250,true,-0.95
"PDR",142752,"/Date(1702884512000)/",26050,800,6307000,164851000000,-250,true,-0.95
"PDR",142749,"/Date(1702884509000)/",26050,1200,6306200,164830000000,-250,true,-0.95
"PDR",142749,"/Date(1702884509000)/",26050,2000,6305000,164799000000,-250,true,-0.95
"PDR",142749,"/Date(1702884509000)/",26050,300,6303000,164747000000,-250,true,-0.95
"PDR",142746,"/Date(1702884509000)/",26050,700,6302700,164739000000,-250,true,-0.95
"PDR",142746,"/Date(1702884509000)/",26050,100,6302000,164720000000,-250,true,-0.95
"PDR",142746,"/Date(1702884509000)/",26050,1000,6301900,164718000000,-250,true,-0.95
"PDR",142746,"/Date(1702884509000)/",26050,8000,6300900,164692000000,-250,true,-0.95
"PDR",142746,"/Date(1702884509000)/",26050,200,6292900,164483000000,-250,true,-0.95
"PDR",142746,"/Date(1702884509000)/",26050,100,6292700,164478000000,-250,true,-0.95
"PDR",142746,"/Date(1702884509000)/",26050,100,6292600,164476000000,-250,true,-0.95
"PDR",142746,"/Date(1702884509000)/",26050,1000,6292500,164473000000,-250,true,-0.95
"PDR",142746,"/Date(1702884509000)/",26050,1000,6291500,164447000000,-250,true,-0.95
"PDR",142746,"/Date(1702884509000)/",26050,1000,6290500,164421000000,-250,true,-0.95
"PDR",142746,"/Date(1702884509000)/",26050,500,6289500,164395000000,-250,true,-0.95
"PDR",142746,"/Date(1702884509000)/",26050,100,6289000,164382000000,-250,true,-0.95
"PDR",142746,"/Date(1702884509000)/",26050,100,6288900,164379000000,-250,true,-0.95
"PDR",142746,"/Date(1702884509000)/",26050,100,6288800,164377000000,-250,true,-0.95
"PDR",142746,"/Date(1702884509000)/",26050,600,6288700,164374000000,-250,true,-0.95
"PDR",142746,"/Date(1702884509000)/",26050,500,6288100,164358000000,-250,true,-0.95
"PDR",142746,"/Date(1702884509000)/",26050,500,6287600,164345000000,-250,true,-0.95
"PDR",142746,"/Date(1702884509000)/",26050,100,6287100,164332000000,-250,true,-0.95
"PDR",142746,"/Date(1702884509000)/",26050,1000,6287000,164330000000,-250,true,-0.95
"PDR",142746,"/Date(1702884509000)/",26050,300,6286000,164304000000,-250,true,-0.95
"PDR",142746,"/Date(1702884509000)/",26050,1000,6285700,164296000000,-250,true,-0.95
"PDR",142746,"/Date(1702884509000)/",26050,300,6284700,164270000000,-250,true,-0.95
"PDR",142746,"/Date(1702884509000)/",26050,100,6284400,164262000000,-250,true,-0.95
"PDR",142746,"/Date(1702884509000)/",26050,1000,6284300,164259000000,-250,true,-0.95
"PDR",142746,"/Date(1702884509000)/",26050,100,6283300,164233000000,-250,true,-0.95
"PDR",142746,"/Date(1702884509000)/",26050,500,6283200,164231000000,-250,true,-0.95
"PDR",142746,"/Date(1702884509000)/",26050,500,6282700,164218000000,-250,true,-0.95
"PDR",142746,"/Date(1702884509000)/",26050,100,6282200,164205000000,-250,true,-0.95
"PDR",142746,"/Date(1702884509000)/",26050,100,6282100,164202000000,-250,true,-0.95
"PDR",142746,"/Date(1702884509000)/",26050,600,6282000,164199000000,-250,true,-0.95
"PDR",142746,"/Date(1702884509000)/",26050,1000,6281400,164184000000,-250,true,-0.95
"PDR",142746,"/Date(1702884509000)/",26050,2000,6280400,164158000000,-250,true,-0.95
"PDR",142746,"/Date(1702884507000)/",26050,2000,6278400,164106000000,-250,true,-0.95
"PDR",142746,"/Date(1702884507000)/",26050,300,6276400,164054000000,-250,true,-0.95
"PDR",142746,"/Date(1702884507000)/",26050,100,6276100,164046000000,-250,true,-0.95
"PDR",142746,"/Date(1702884507000)/",26050,1000,6276000,164043000000,-250,true,-0.95
"PDR",142746,"/Date(1702884507000)/",26050,100,6275000,164017000000,-250,true,-0.95
"PDR",142746,"/Date(1702884507000)/",26050,5000,6274900,164015000000,-250,true,-0.95
"PDR",142746,"/Date(1702884507000)/",26050,100,6269900,163884000000,-250,true,-0.95
"PDR",142746,"/Date(1702884507000)/",26050,1000,6269800,163882000000,-250,true,-0.95
"PDR",142746,"/Date(1702884507000)/",26050,400,6268800,163856000000,-250,true,-0.95
"PDR",142746,"/Date(1702884507000)/",26050,1000,6268400,163845000000,-250,true,-0.95
"PDR",142746,"/Date(1702884506000)/",26050,4000,6267400,163819000000,-250,true,-0.95
"PDR",142746,"/Date(1702884506000)/",26050,6000,6263400,163715000000,-250,true,-0.95
"PDR",142743,"/Date(1702884504000)/",26050,200,6257400,163559000000,-250,true,-0.95
"PDR",142743,"/Date(1702884502000)/",26050,10000,6257200,163553000000,-250,true,-0.95
"PDR",142740,"/Date(1702884501000)/",26050,2600,6247200,163293000000,-250,true,-0.95
"PDR",142740,"/Date(1702884501000)/",26050,1200,6244600,163225000000,-250,true,-0.95
"PDR",142740,"/Date(1702884501000)/",26050,500,6243400,163194000000,-250,true,-0.95
"PDR",142740,"/Date(1702884501000)/",26050,1000,6242900,163181000000,-250,true,-0.95
"PDR",142740,"/Date(1702884501000)/",26050,1000,6241900,163155000000,-250,true,-0.95
"PDR",142740,"/Date(1702884501000)/",26050,2000,6240900,163129000000,-250,true,-0.95
"PDR",142740,"/Date(1702884501000)/",26050,1000,6238900,163077000000,-250,true,-0.95
"PDR",142740,"/Date(1702884501000)/",26050,200,6237900,163051000000,-250,true,-0.95
"PDR",142740,"/Date(1702884501000)/",26050,100,6237700,163045000000,-250,true,-0.95
"PDR",142740,"/Date(1702884501000)/",26050,1000,6237600,163043000000,-250,true,-0.95
"PDR",142740,"/Date(1702884501000)/",26050,1000,6236600,163017000000,-250,true,-0.95
"PDR",142740,"/Date(1702884501000)/",26050,100,6235600,162991000000,-250,true,-0.95
"PDR",142740,"/Date(1702884501000)/",26050,900,6235500,162988000000,-250,true,-0.95
"PDR",142736,"/Date(1702884498000)/",26050,100,6234600,162965000000,-250,true,-0.95
"PDR",142736,"/Date(1702884498000)/",26050,100,6234500,162962000000,-250,true,-0.95
"PDR",142736,"/Date(1702884498000)/",26050,100,6234400,162960000000,-250,true,-0.95
"PDR",142736,"/Date(1702884498000)/",26050,100,6234300,162957000000,-250,true,-0.95
"PDR",142736,"/Date(1702884498000)/",26050,100,6234200,162954000000,-250,true,-0.95
"PDR",142736,"/Date(1702884498000)/",26050,800,6234100,162952000000,-250,true,-0.95
"PDR",142736,"/Date(1702884498000)/",26050,1500,6233300,162931000000,-250,true,-0.95
"PDR",142733,"/Date(1702884494000)/",26050,2700,6231800,162892000000,-250,true,-0.95
"PDR",142733,"/Date(1702884494000)/",26050,300,6229100,162821000000,-250,true,-0.95
"PDR",142733,"/Date(1702884494000)/",26050,700,6228800,162814000000,-250,true,-0.95
"PDR",142730,"/Date(1702884491000)/",26050,200,6228100,162795000000,-250,true,-0.95
"PDR",142730,"/Date(1702884491000)/",26050,1100,6227900,162790000000,-250,true,-0.95
"PDR",142730,"/Date(1702884491000)/",26050,3000,6226800,162762000000,-250,true,-0.95
"PDR",142730,"/Date(1702884491000)/",26050,900,6223800,162683000000,-250,true,-0.95
"PDR",142727,"/Date(1702884489000)/",26050,500,6222900,162660000000,-250,true,-0.95
"PDR",142727,"/Date(1702884488000)/",26050,600,6222400,162647000000,-250,true,-0.95
"PDR",142727,"/Date(1702884488000)/",26050,100,6221800,162631000000,-250,true,-0.95
"PDR",142727,"/Date(1702884488000)/",26050,1300,6221700,162629000000,-250,true,-0.95
"PDR",142727,"/Date(1702884486000)/",26050,2000,6220400,162595000000,-250,true,-0.95
"PDR",142721,"/Date(1702884482000)/",26050,1000,6218400,162543000000,-250,true,-0.95
"PDR",142721,"/Date(1702884482000)/",26100,100,6217400,162517000000,-200,false,-0.76
"PDR",142721,"/Date(1702884480000)/",26050,1000,6217300,162514000000,-250,true,-0.95
"PDR",142717,"/Date(1702884479000)/",26050,1000,6216300,162488000000,-250,true,-0.95
"PDR",142714,"/Date(1702884476000)/",26050,13700,6215300,162462000000,-250,true,-0.95
"PDR",142714,"/Date(1702884476000)/",26050,100,6201600,162105000000,-250,true,-0.95
"PDR",142714,"/Date(1702884476000)/",26050,100,6201500,162102000000,-250,true,-0.95
"PDR",142714,"/Date(1702884476000)/",26050,1000,6201400,162100000000,-250,true,-0.95
"PDR",142714,"/Date(1702884476000)/",26050,200,6200400,162074000000,-250,true,-0.95
"PDR",142714,"/Date(1702884476000)/",26050,100,6200200,162069000000,-250,true,-0.95
"PDR",142714,"/Date(1702884476000)/",26050,1000,6200100,162066000000,-250,true,-0.95
"PDR",142714,"/Date(1702884476000)/",26050,1800,6199100,162040000000,-250,true,-0.95
"PDR",142714,"/Date(1702884475000)/",26050,1000,6197300,161993000000,-250,true,-0.95
"PDR",142711,"/Date(1702884471000)/",26100,100,6196300,161967000000,-200,false,-0.76
"PDR",142705,"/Date(1702884467000)/",26050,100,6196200,161964000000,-250,true,-0.95
"PDR",142705,"/Date(1702884465000)/",26100,500,6196100,161962000000,-200,false,-0.76
"PDR",142705,"/Date(1702884464000)/",26050,100,6195600,161949000000,-250,true,-0.95
"PDR",142705,"/Date(1702884464000)/",26050,1400,6195500,161946000000,-250,true,-0.95
"PDR",142701,"/Date(1702884463000)/",26100,200,6194100,161910000000,-200,false,-0.76
"PDR",142658,"/Date(1702884458000)/",26100,100,6193900,161904000000,-200,true,-0.76
"PDR",142655,"/Date(1702884457000)/",26050,1600,6193800,161902000000,-250,true,-0.95
"PDR",142655,"/Date(1702884457000)/",26050,100,6192200,161860000000,-250,true,-0.95
"PDR",142655,"/Date(1702884457000)/",26050,1000,6192100,161858000000,-250,true,-0.95
"PDR",142655,"/Date(1702884457000)/",26050,200,6191100,161831000000,-250,true,-0.95
"PDR",142655,"/Date(1702884457000)/",26050,200,6190900,161826000000,-250,true,-0.95
"PDR",142655,"/Date(1702884457000)/",26050,5400,6190700,161821000000,-250,true,-0.95
"PDR",142655,"/Date(1702884457000)/",26050,100,6185300,161680000000,-250,true,-0.95
"PDR",142655,"/Date(1702884457000)/",26050,15300,6185200,161678000000,-250,true,-0.95
"PDR",142655,"/Date(1702884457000)/",26100,100,6169900,161279000000,-200,true,-0.76
"PDR",142655,"/Date(1702884457000)/",26100,1000,6169800,161277000000,-200,true,-0.76
"PDR",142655,"/Date(1702884457000)/",26100,5000,6168800,161251000000,-200,true,-0.76
"PDR",142655,"/Date(1702884457000)/",26100,700,6163800,161120000000,-200,true,-0.76
"PDR",142655,"/Date(1702884457000)/",26100,500,6163100,161102000000,-200,true,-0.76
"PDR",142655,"/Date(1702884457000)/",26100,1000,6162600,161089000000,-200,true,-0.76
"PDR",142655,"/Date(1702884457000)/",26100,5000,6161600,161063000000,-200,true,-0.76
"PDR",142655,"/Date(1702884457000)/",26100,2000,6156600,160932000000,-200,true,-0.76
"PDR",142655,"/Date(1702884457000)/",26100,200,6154600,160880000000,-200,true,-0.76
"PDR",142655,"/Date(1702884457000)/",26100,1000,6154400,160875000000,-200,true,-0.76
"PDR",142655,"/Date(1702884457000)/",26100,500,6153400,160849000000,-200,true,-0.76
"PDR",142655,"/Date(1702884457000)/",26100,1000,6152900,160836000000,-200,true,-0.76
"PDR",142655,"/Date(1702884457000)/",26100,100,6151900,160809000000,-200,true,-0.76
"PDR",142655,"/Date(1702884457000)/",26100,500,6151800,160807000000,-200,true,-0.76
"PDR",142655,"/Date(1702884457000)/",26100,100,6151300,160794000000,-200,true,-0.76
"PDR",142655,"/Date(1702884457000)/",26100,100,6151200,160791000000,-200,true,-0.76
"PDR",142655,"/Date(1702884457000)/",26100,1700,6151100,160789000000,-200,true,-0.76
"PDR",142655,"/Date(1702884456000)/",26100,300,6149400,160744000000,-200,true,-0.76
"PDR",142655,"/Date(1702884456000)/",26100,600,6149100,160736000000,-200,true,-0.76
"PDR",142652,"/Date(1702884454000)/",26100,400,6148500,160721000000,-200,true,-0.76
"PDR",142652,"/Date(1702884454000)/",26100,200,6148100,160710000000,-200,true,-0.76
"PDR",142652,"/Date(1702884454000)/",26100,1400,6147900,160705000000,-200,true,-0.76
"PDR",142652,"/Date(1702884453000)/",26100,1000,6146500,160668000000,-200,true,-0.76
"PDR",142652,"/Date(1702884452000)/",26100,200,6145500,160642000000,-200,true,-0.76
"PDR",142652,"/Date(1702884452000)/",26100,2400,6145300,160637000000,-200,true,-0.76
"PDR",142652,"/Date(1702884452000)/",26100,500,6142900,160575000000,-200,true,-0.76
"PDR",142652,"/Date(1702884452000)/",26100,1000,6142400,160561000000,-200,true,-0.76
"PDR",142652,"/Date(1702884452000)/",26100,100,6141400,160535000000,-200,true,-0.76
"PDR",142649,"/Date(1702884449000)/",26100,1900,6141300,160533000000,-200,true,-0.76
"PDR",142649,"/Date(1702884449000)/",26100,500,6139400,160483000000,-200,true,-0.76
"PDR",142649,"/Date(1702884449000)/",26100,100,6138900,160470000000,-200,true,-0.76
"PDR",142645,"/Date(1702884447000)/",26100,100,6138800,160468000000,-200,true,-0.76
"PDR",142645,"/Date(1702884447000)/",26100,200,6138700,160465000000,-200,true,-0.76
"PDR",142645,"/Date(1702884447000)/",26100,100,6138500,160460000000,-200,true,-0.76
"PDR",142645,"/Date(1702884447000)/",26100,2000,6138400,160457000000,-200,true,-0.76
"PDR",142645,"/Date(1702884447000)/",26100,900,6136400,160405000000,-200,true,-0.76
"PDR",142645,"/Date(1702884447000)/",26100,5000,6135500,160381000000,-200,true,-0.76
"PDR",142645,"/Date(1702884447000)/",26100,100,6130500,160251000000,-200,true,-0.76
"PDR",142645,"/Date(1702884447000)/",26100,300,6130400,160248000000,-200,true,-0.76
"PDR",142645,"/Date(1702884447000)/",26100,5000,6130100,160240000000,-200,true,-0.76
"PDR",142645,"/Date(1702884447000)/",26100,500,6125100,160110000000,-200,true,-0.76
"PDR",142645,"/Date(1702884447000)/",26100,100,6124600,160097000000,-200,true,-0.76
"PDR",142645,"/Date(1702884447000)/",26100,200,6124500,160094000000,-200,true,-0.76
"PDR",142645,"/Date(1702884447000)/",26100,800,6124300,160089000000,-200,true,-0.76
"PDR",142645,"/Date(1702884447000)/",26100,200,6123500,160068000000,-200,true,-0.76
"PDR",142645,"/Date(1702884447000)/",26100,200,6123300,160063000000,-200,true,-0.76
"PDR",142645,"/Date(1702884447000)/",26100,200,6123100,160058000000,-200,true,-0.76
"PDR",142645,"/Date(1702884447000)/",26100,100,6122900,160053000000,-200,true,-0.76
"PDR",142645,"/Date(1702884447000)/",26100,1000,6122800,160050000000,-200,true,-0.76
"PDR",142645,"/Date(1702884447000)/",26100,500,6121800,160024000000,-200,true,-0.76
"PDR",142645,"/Date(1702884447000)/",26100,100,6121300,160011000000,-200,true,-0.76
"PDR",142645,"/Date(1702884447000)/",26100,1000,6121200,160008000000,-200,true,-0.76
"PDR",142645,"/Date(1702884447000)/",26100,1400,6120200,159982000000,-200,true,-0.76
"PDR",142645,"/Date(1702884446000)/",26150,1400,6118800,159946000000,-150,false,-0.57
"PDR",142645,"/Date(1702884446000)/",26100,600,6117400,159909000000,-200,true,-0.76
"PDR",142645,"/Date(1702884446000)/",26100,300,6116800,159893000000,-200,true,-0.76
"PDR",142645,"/Date(1702884446000)/",26100,100,6116500,159885000000,-200,true,-0.76
"PDR",142645,"/Date(1702884446000)/",26100,1000,6116400,159883000000,-200,true,-0.76
"PDR",142645,"/Date(1702884446000)/",26100,1000,6115400,159857000000,-200,true,-0.76
"PDR",142645,"/Date(1702884446000)/",26100,100,6114400,159831000000,-200,true,-0.76
"PDR",142645,"/Date(1702884446000)/",26100,100,6114300,159828000000,-200,true,-0.76
"PDR",142645,"/Date(1702884446000)/",26100,2800,6114200,159825000000,-200,true,-0.76
"PDR",142639,"/Date(1702884440000)/",26100,800,6111400,159752000000,-200,true,-0.76
"PDR",142639,"/Date(1702884440000)/",26100,100,6110600,159731000000,-200,true,-0.76
"PDR",142639,"/Date(1702884440000)/",26100,700,6110500,159729000000,-200,true,-0.76
"PDR",142639,"/Date(1702884440000)/",26100,300,6109800,159711000000,-200,true,-0.76
"PDR",142639,"/Date(1702884440000)/",26100,100,6109500,159703000000,-200,true,-0.76
"PDR",142629,"/Date(1702884429000)/",26100,400,6109400,159700000000,-200,true,-0.76
"PDR",142629,"/Date(1702884429000)/",26100,400,6109000,159690000000,-200,true,-0.76
"PDR",142629,"/Date(1702884429000)/",26100,100,6108600,159679000000,-200,true,-0.76
"PDR",142629,"/Date(1702884429000)/",26100,100,6108500,159677000000,-200,true,-0.76
"PDR",142626,"/Date(1702884428000)/",26150,2000,6108400,159674000000,-150,false,-0.57
"PDR",142623,"/Date(1702884423000)/",26100,100,6106400,159622000000,-200,true,-0.76
"PDR",142623,"/Date(1702884423000)/",26100,200,6106300,159619000000,-200,true,-0.76
"PDR",142623,"/Date(1702884423000)/",26100,1400,6106100,159614000000,-200,true,-0.76
"PDR",142623,"/Date(1702884423000)/",26100,500,6104700,159577000000,-200,true,-0.76
"PDR",142620,"/Date(1702884421000)/",26100,100,6104200,159564000000,-200,true,-0.76
"PDR",142620,"/Date(1702884420000)/",26150,100,6104100,159562000000,-150,false,-0.57
"PDR",142617,"/Date(1702884417000)/",26150,400,6104000,159559000000,-150,false,-0.57
"PDR",142610,"/Date(1702884412000)/",26100,1500,6103600,159549000000,-200,true,-0.76
"PDR",142610,"/Date(1702884412000)/",26100,2400,6102100,159509000000,-200,true,-0.76
"PDR",142610,"/Date(1702884412000)/",26100,100,6099700,159447000000,-200,true,-0.76
"PDR",142610,"/Date(1702884412000)/",26100,100,6099600,159444000000,-200,true,-0.76
"PDR",142610,"/Date(1702884412000)/",26100,2000,6099500,159442000000,-200,true,-0.76
"PDR",142610,"/Date(1702884412000)/",26100,100,6097500,159389000000,-200,true,-0.76
"PDR",142610,"/Date(1702884412000)/",26100,1000,6097400,159387000000,-200,true,-0.76
"PDR",142610,"/Date(1702884412000)/",26100,100,6096400,159361000000,-200,true,-0.76
"PDR",142610,"/Date(1702884412000)/",26100,2000,6096300,159358000000,-200,true,-0.76
"PDR",142610,"/Date(1702884412000)/",26100,1000,6094300,159306000000,-200,true,-0.76
"PDR",142610,"/Date(1702884412000)/",26100,1000,6093300,159280000000,-200,true,-0.76
"PDR",142610,"/Date(1702884412000)/",26100,100,6092300,159254000000,-200,true,-0.76
"PDR",142610,"/Date(1702884412000)/",26100,100,6092200,159251000000,-200,true,-0.76
"PDR",142610,"/Date(1702884411000)/",26100,1000,6092100,159248000000,-200,true,-0.76
"PDR",142610,"/Date(1702884411000)/",26100,5000,6091100,159222000000,-200,true,-0.76
"PDR",142607,"/Date(1702884409000)/",26100,500,6086100,159092000000,-200,true,-0.76
"PDR",142607,"/Date(1702884407000)/",26100,1000,6085600,159079000000,-200,true,-0.76
"PDR",142607,"/Date(1702884407000)/",26150,500,6084600,159053000000,-150,false,-0.57
"PDR",142607,"/Date(1702884406000)/",26150,100,6084100,159040000000,-150,false,-0.57
"PDR",142604,"/Date(1702884405000)/",26100,1000,6084000,159037000000,-200,true,-0.76
"PDR",142604,"/Date(1702884404000)/",26100,500,6083000,159011000000,-200,true,-0.76
"PDR",142551,"/Date(1702884393000)/",26100,900,6082500,158998000000,-200,true,-0.76
"PDR",142551,"/Date(1702884393000)/",26100,100,6081600,158974000000,-200,true,-0.76
"PDR",142551,"/Date(1702884393000)/",26100,100,6081500,158972000000,-200,true,-0.76
"PDR",142551,"/Date(1702884393000)/",26100,300,6081400,158969000000,-200,true,-0.76
"PDR",142551,"/Date(1702884393000)/",26100,1000,6081100,158961000000,-200,true,-0.76
"PDR",142551,"/Date(1702884393000)/",26100,100,6080100,158935000000,-200,true,-0.76
"PDR",142551,"/Date(1702884392000)/",26150,300,6080000,158933000000,-150,true,-0.57
"PDR",142551,"/Date(1702884392000)/",26150,500,6079700,158925000000,-150,true,-0.57
"PDR",142551,"/Date(1702884390000)/",26150,100,6079200,158912000000,-150,true,-0.57
"PDR",142551,"/Date(1702884390000)/",26150,200,6079100,158909000000,-150,true,-0.57
"PDR",142551,"/Date(1702884390000)/",26150,100,6078900,158904000000,-150,true,-0.57
"PDR",142551,"/Date(1702884390000)/",26150,1000,6078800,158901000000,-150,true,-0.57
"PDR",142551,"/Date(1702884390000)/",26150,500,6077800,158875000000,-150,true,-0.57
"PDR",142551,"/Date(1702884390000)/",26150,1000,6077300,158862000000,-150,true,-0.57
"PDR",142551,"/Date(1702884390000)/",26150,100,6076300,158836000000,-150,true,-0.57
"PDR",142551,"/Date(1702884390000)/",26150,200,6076200,158833000000,-150,true,-0.57
"PDR",142551,"/Date(1702884390000)/",26150,100,6076000,158828000000,-150,true,-0.57
"PDR",142551,"/Date(1702884390000)/",26150,300,6075900,158825000000,-150,true,-0.57
"PDR",142551,"/Date(1702884390000)/",26150,500,6075600,158818000000,-150,true,-0.57
"PDR",142551,"/Date(1702884390000)/",26150,1000,6075100,158804000000,-150,true,-0.57
"PDR",142551,"/Date(1702884390000)/",26150,100,6074100,158778000000,-150,true,-0.57
"PDR",142551,"/Date(1702884390000)/",26150,100,6074000,158776000000,-150,true,-0.57
"PDR",142551,"/Date(1702884390000)/",26150,3000,6073900,158773000000,-150,true,-0.57
"PDR",142551,"/Date(1702884390000)/",26150,1000,6070900,158695000000,-150,true,-0.57
"PDR",142551,"/Date(1702884390000)/",26150,100,6069900,158669000000,-150,true,-0.57
"PDR",142551,"/Date(1702884390000)/",26150,200,6069800,158666000000,-150,true,-0.57
"PDR",142551,"/Date(1702884390000)/",26150,1500,6069600,158661000000,-150,true,-0.57
"PDR",142548,"/Date(1702884388000)/",26150,500,6068100,158621000000,-150,true,-0.57
"PDR",142548,"/Date(1702884387000)/",26150,1400,6067600,158608000000,-150,true,-0.57
"PDR",142545,"/Date(1702884384000)/",26150,600,6066200,158572000000,-150,true,-0.57
"PDR",142545,"/Date(1702884384000)/",26150,500,6065600,158556000000,-150,true,-0.57
"PDR",142545,"/Date(1702884384000)/",26150,100,6065100,158543000000,-150,true,-0.57
"PDR",142545,"/Date(1702884384000)/",26150,500,6065000,158540000000,-150,true,-0.57
"PDR",142545,"/Date(1702884384000)/",26150,100,6064500,158527000000,-150,true,-0.57
"PDR",142545,"/Date(1702884384000)/",26150,200,6064400,158525000000,-150,true,-0.57
"PDR",142535,"/Date(1702884374000)/",26200,100,6064200,158519000000,-100,false,-0.38
"PDR",142532,"/Date(1702884374000)/",26150,1400,6064100,158517000000,-150,true,-0.57
"PDR",142532,"/Date(1702884373000)/",26150,100,6062700,158480000000,-150,true,-0.57
"PDR",142532,"/Date(1702884371000)/",26250,200,6062600,158478000000,-50,false,-0.19
"PDR",142532,"/Date(1702884371000)/",26250,300,6062400,158472000000,-50,false,-0.19
"PDR",142532,"/Date(1702884371000)/",26200,700,6062100,158464000000,-100,false,-0.38
"PDR",142532,"/Date(1702884371000)/",26200,100,6061400,158446000000,-100,false,-0.38
"PDR",142532,"/Date(1702884371000)/",26200,500,6061300,158444000000,-100,false,-0.38
"PDR",142529,"/Date(1702884370000)/",26200,1500,6060800,158430000000,-100,false,-0.38
"PDR",142529,"/Date(1702884370000)/",26200,500,6059300,158391000000,-100,false,-0.38
"PDR",142529,"/Date(1702884368000)/",26200,100,6058800,158378000000,-100,false,-0.38
"PDR",142525,"/Date(1702884367000)/",26200,1500,6058700,158375000000,-100,false,-0.38
"PDR",142522,"/Date(1702884364000)/",26150,900,6057200,158336000000,-150,true,-0.57
"PDR",142522,"/Date(1702884364000)/",26150,100,6056300,158313000000,-150,true,-0.57
"PDR",142522,"/Date(1702884364000)/",26150,100,6056200,158310000000,-150,true,-0.57
"PDR",142522,"/Date(1702884364000)/",26150,300,6056100,158307000000,-150,true,-0.57
"PDR",142519,"/Date(1702884361000)/",26200,1000,6055800,158299000000,-100,false,-0.38
"PDR",142519,"/Date(1702884360000)/",26200,2400,6054800,158273000000,-100,false,-0.38
"PDR",142519,"/Date(1702884360000)/",26200,100,6052400,158210000000,-100,false,-0.38
"PDR",142516,"/Date(1702884355000)/",26200,500,6052300,158208000000,-100,false,-0.38
"PDR",142516,"/Date(1702884355000)/",26200,1000,6051800,158195000000,-100,false,-0.38
"PDR",142516,"/Date(1702884355000)/",26200,1000,6050800,158168000000,-100,false,-0.38
"PDR",142513,"/Date(1702884352000)/",26200,100,6049800,158142000000,-100,false,-0.38
"PDR",142509,"/Date(1702884351000)/",26200,2000,6049700,158140000000,-100,false,-0.38
"PDR",142509,"/Date(1702884350000)/",26200,400,6047700,158087000000,-100,false,-0.38
"PDR",142506,"/Date(1702884348000)/",26250,2300,6047300,158077000000,-50,false,-0.19
"PDR",142503,"/Date(1702884344000)/",26250,1100,6045000,158016000000,-50,false,-0.19
"PDR",142503,"/Date(1702884344000)/",26250,600,6043900,157988000000,-50,false,-0.19
"PDR",142503,"/Date(1702884344000)/",26200,100,6043300,157972000000,-100,false,-0.38
"PDR",142503,"/Date(1702884344000)/",26200,400,6043200,157969000000,-100,false,-0.38
"PDR",142500,"/Date(1702884340000)/",26200,600,6042800,157959000000,-100,false,-0.38
"PDR",142500,"/Date(1702884340000)/",26200,1600,6042200,157943000000,-100,false,-0.38
"PDR",142457,"/Date(1702884337000)/",26200,100,6040600,157901000000,-100,true,-0.38
"PDR",142457,"/Date(1702884337000)/",26200,500,6040500,157898000000,-100,true,-0.38
"PDR",142457,"/Date(1702884337000)/",26200,1000,6040000,157885000000,-100,true,-0.38
"PDR",142457,"/Date(1702884337000)/",26200,1800,6039000,157859000000,-100,true,-0.38
"PDR",142453,"/Date(1702884335000)/",26200,200,6037200,157812000000,-100,true,-0.38
"PDR",142453,"/Date(1702884335000)/",26200,100,6037000,157807000000,-100,true,-0.38
"PDR",142453,"/Date(1702884335000)/",26200,700,6036900,157804000000,-100,true,-0.38
"PDR",142453,"/Date(1702884333000)/",26200,300,6036200,157786000000,-100,true,-0.38
"PDR",142453,"/Date(1702884333000)/",26200,1000,6035900,157778000000,-100,true,-0.38
"PDR",142453,"/Date(1702884333000)/",26200,500,6034900,157752000000,-100,true,-0.38
"PDR",142453,"/Date(1702884333000)/",26200,200,6034400,157739000000,-100,true,-0.38
"PDR",142453,"/Date(1702884333000)/",26200,100,6034200,157733000000,-100,true,-0.38
"PDR",142453,"/Date(1702884333000)/",26200,3000,6034100,157731000000,-100,true,-0.38
"PDR",142453,"/Date(1702884333000)/",26200,400,6031100,157652000000,-100,true,-0.38
"PDR",142453,"/Date(1702884333000)/",26200,4500,6030700,157642000000,-100,true,-0.38
"PDR",142450,"/Date(1702884332000)/",26250,800,6026200,157524000000,-50,false,-0.19
"PDR",142450,"/Date(1702884332000)/",26250,100,6025400,157503000000,-50,false,-0.19
"PDR",142450,"/Date(1702884332000)/",26250,400,6025300,157500000000,-50,false,-0.19
"PDR",142450,"/Date(1702884332000)/",26250,700,6024900,157490000000,-50,false,-0.19
"PDR",142447,"/Date(1702884329000)/",26200,500,6024200,157471000000,-100,true,-0.38
"PDR",142447,"/Date(1702884329000)/",26200,500,6023700,157458000000,-100,true,-0.38
"PDR",142447,"/Date(1702884327000)/",26250,1300,6023200,157445000000,-50,false,-0.19
"PDR",142447,"/Date(1702884327000)/",26250,100,6021900,157411000000,-50,false,-0.19
"PDR",142447,"/Date(1702884327000)/",26250,200,6021800,157408000000,-50,false,-0.19
"PDR",142447,"/Date(1702884327000)/",26250,400,6021600,157403000000,-50,false,-0.19
"PDR",142447,"/Date(1702884326000)/",26250,600,6021200,157393000000,-50,false,-0.19
"PDR",142447,"/Date(1702884326000)/",26250,400,6020600,157377000000,-50,false,-0.19
"PDR",142444,"/Date(1702884324000)/",26200,500,6020200,157366000000,-100,true,-0.38
"PDR",142444,"/Date(1702884324000)/",26200,500,6019700,157353000000,-100,true,-0.38
"PDR",142437,"/Date(1702884319000)/",26250,300,6019200,157340000000,-50,false,-0.19
"PDR",142437,"/Date(1702884319000)/",26250,200,6018900,157332000000,-50,false,-0.19
"PDR",142437,"/Date(1702884319000)/",26250,200,6018700,157327000000,-50,false,-0.19
"PDR",142437,"/Date(1702884319000)/",26250,500,6018500,157322000000,-50,false,-0.19
"PDR",142437,"/Date(1702884319000)/",26250,600,6018000,157309000000,-50,false,-0.19
"PDR",142434,"/Date(1702884316000)/",26200,500,6017400,157293000000,-100,true,-0.38
"PDR",142431,"/Date(1702884312000)/",26250,100,6016900,157280000000,-50,false,-0.19
"PDR",142431,"/Date(1702884312000)/",26250,100,6016800,157277000000,-50,false,-0.19
"PDR",142431,"/Date(1702884311000)/",26250,3700,6016700,157275000000,-50,false,-0.19
"PDR",142431,"/Date(1702884311000)/",26250,700,6013000,157177000000,-50,false,-0.19
"PDR",142431,"/Date(1702884310000)/",26250,1500,6012300,157159000000,-50,false,-0.19
"PDR",142425,"/Date(1702884305000)/",26250,2500,6010800,157120000000,-50,false,-0.19
"PDR",142425,"/Date(1702884305000)/",26250,1200,6008300,157054000000,-50,false,-0.19
"PDR",142421,"/Date(1702884301000)/",26250,2100,6007100,157023000000,-50,false,-0.19
"PDR",142421,"/Date(1702884301000)/",26250,400,6005000,156967000000,-50,false,-0.19
"PDR",142421,"/Date(1702884301000)/",26250,200,6004600,156957000000,-50,false,-0.19
"PDR",142418,"/Date(1702884298000)/",26250,400,6004400,156952000000,-50,false,-0.19
"PDR",142418,"/Date(1702884298000)/",26250,100,6004000,156941000000,-50,false,-0.19
"PDR",142418,"/Date(1702884297000)/",26250,100,6003900,156939000000,-50,false,-0.19
"PDR",142412,"/Date(1702884291000)/",26250,900,6003800,156936000000,-50,false,-0.19
"PDR",142412,"/Date(1702884291000)/",26250,500,6002900,156912000000,-50,false,-0.19
"PDR",142409,"/Date(1702884289000)/",26250,2300,6002400,156899000000,-50,false,-0.19
"PDR",142409,"/Date(1702884288000)/",26250,500,6000100,156839000000,-50,false,-0.19
"PDR",142409,"/Date(1702884288000)/",26250,600,5999600,156826000000,-50,false,-0.19
"PDR",142405,"/Date(1702884287000)/",26250,1000,5999000,156810000000,-50,true,-0.19
"PDR",142405,"/Date(1702884286000)/",26250,2000,5998000,156784000000,-50,true,-0.19
"PDR",142405,"/Date(1702884286000)/",26250,600,5996000,156731000000,-50,true,-0.19
"PDR",142405,"/Date(1702884285000)/",26250,1900,5995400,156715000000,-50,true,-0.19
"PDR",142402,"/Date(1702884282000)/",26300,2200,5993500,156666000000,0,false,0
"PDR",142402,"/Date(1702884282000)/",26250,2000,5991300,156608000000,-50,true,-0.19
"PDR",142359,"/Date(1702884281000)/",26300,100,5989300,156555000000,0,false,0
"PDR",142359,"/Date(1702884280000)/",26250,1400,5989200,156553000000,-50,true,-0.19
"PDR",142356,"/Date(1702884277000)/",26300,100,5987800,156516000000,0,false,0
"PDR",142356,"/Date(1702884277000)/",26300,1000,5987700,156513000000,0,false,0
"PDR",142356,"/Date(1702884277000)/",26300,100,5986700,156487000000,0,false,0
"PDR",142356,"/Date(1702884277000)/",26300,500,5986600,156484000000,0,false,0
"PDR",142356,"/Date(1702884277000)/",26300,500,5986100,156471000000,0,false,0
"PDR",142356,"/Date(1702884276000)/",26300,400,5985600,156458000000,0,false,0
"PDR",142356,"/Date(1702884276000)/",26250,400,5985200,156447000000,-50,true,-0.19
"PDR",142353,"/Date(1702884274000)/",26250,100,5984800,156437000000,-50,true,-0.19
"PDR",142349,"/Date(1702884269000)/",26300,2000,5984700,156434000000,0,false,0
"PDR",142346,"/Date(1702884266000)/",26300,2000,5982700,156382000000,0,false,0
"PDR",142343,"/Date(1702884265000)/",26300,100,5980700,156329000000,0,false,0
"PDR",142343,"/Date(1702884265000)/",26300,4000,5980600,156326000000,0,false,0
"PDR",142343,"/Date(1702884265000)/",26300,1000,5976600,156221000000,0,false,0
"PDR",142343,"/Date(1702884265000)/",26300,1900,5975600,156195000000,0,false,0
"PDR",142343,"/Date(1702884265000)/",26250,3000,5973700,156145000000,-50,false,-0.19
"PDR",142343,"/Date(1702884262000)/",26300,3100,5970700,156066000000,0,false,0
"PDR",142343,"/Date(1702884262000)/",26300,1000,5967600,155985000000,0,false,0
"PDR",142343,"/Date(1702884262000)/",26300,400,5966600,155958000000,0,false,0
"PDR",142343,"/Date(1702884262000)/",26300,500,5966200,155948000000,0,false,0
"PDR",142340,"/Date(1702884261000)/",26300,4500,5965700,155935000000,0,false,0
"PDR",142340,"/Date(1702884261000)/",26300,5000,5961200,155816000000,0,false,0
"PDR",142340,"/Date(1702884261000)/",26300,200,5956200,155685000000,0,false,0
"PDR",142340,"/Date(1702884261000)/",26250,300,5956000,155680000000,-50,false,-0.19
"PDR",142340,"/Date(1702884259000)/",26250,200,5955700,155672000000,-50,false,-0.19
"PDR",142340,"/Date(1702884259000)/",26250,100,5955500,155666000000,-50,false,-0.19
"PDR",142337,"/Date(1702884259000)/",26250,200,5955400,155664000000,-50,true,-0.19
"PDR",142337,"/Date(1702884259000)/",26250,100,5955200,155659000000,-50,true,-0.19
"PDR",142337,"/Date(1702884259000)/",26250,200,5955100,155656000000,-50,true,-0.19
"PDR",142337,"/Date(1702884259000)/",26250,100,5954900,155651000000,-50,true,-0.19
"PDR",142337,"/Date(1702884259000)/",26250,100,5954800,155648000000,-50,true,-0.19
"PDR",142337,"/Date(1702884259000)/",26250,100,5954700,155645000000,-50,true,-0.19
"PDR",142337,"/Date(1702884256000)/",26300,1100,5954600,155643000000,0,false,0
"PDR",142337,"/Date(1702884256000)/",26300,100,5953500,155614000000,0,false,0
"PDR",142337,"/Date(1702884256000)/",26300,100,5953400,155611000000,0,false,0
"PDR",142337,"/Date(1702884256000)/",26300,100,5953300,155609000000,0,false,0
"PDR",142333,"/Date(1702884253000)/",26250,200,5953200,155606000000,-50,true,-0.19
"PDR",142330,"/Date(1702884251000)/",26300,1200,5953000,155601000000,0,false,0
"PDR",142330,"/Date(1702884251000)/",26300,5000,5951800,155569000000,0,false,0
"PDR",142330,"/Date(1702884251000)/",26300,2000,5946800,155438000000,0,false,0
"PDR",142330,"/Date(1702884251000)/",26300,1500,5944800,155385000000,0,false,0
"PDR",142330,"/Date(1702884251000)/",26300,100,5943300,155346000000,0,false,0
"PDR",142330,"/Date(1702884251000)/",26300,2100,5943200,155343000000,0,false,0
"PDR",142330,"/Date(1702884251000)/",26300,3600,5941100,155288000000,0,false,0
"PDR",142330,"/Date(1702884251000)/",26300,3600,5937500,155193000000,0,false,0
"PDR",142330,"/Date(1702884251000)/",26300,800,5933900,155098000000,0,false,0
"PDR",142330,"/Date(1702884251000)/",26300,5000,5933100,155077000000,0,false,0
"PDR",142330,"/Date(1702884251000)/",26300,1400,5928100,154946000000,0,false,0
"PDR",142330,"/Date(1702884251000)/",26300,100,5926700,154909000000,0,false,0
"PDR",142330,"/Date(1702884251000)/",26300,1400,5926600,154906000000,0,false,0
"PDR",142330,"/Date(1702884251000)/",26300,1000,5925200,154870000000,0,false,0
"PDR",142330,"/Date(1702884251000)/",26300,300,5924200,154843000000,0,false,0
"PDR",142330,"/Date(1702884250000)/",26250,600,5923900,154835000000,-50,true,-0.19
"PDR",142330,"/Date(1702884250000)/",26250,2100,5923300,154820000000,-50,true,-0.19
"PDR",142330,"/Date(1702884250000)/",26250,300,5921200,154765000000,-50,true,-0.19
"PDR",142330,"/Date(1702884250000)/",26250,500,5920900,154757000000,-50,true,-0.19
"PDR",142330,"/Date(1702884250000)/",26250,200,5920400,154744000000,-50,true,-0.19
"PDR",142330,"/Date(1702884250000)/",26250,1000,5920200,154738000000,-50,true,-0.19
"PDR",142330,"/Date(1702884250000)/",26250,300,5919200,154712000000,-50,true,-0.19
"PDR",142330,"/Date(1702884250000)/",26250,100,5918900,154704000000,-50,true,-0.19
"PDR",142330,"/Date(1702884250000)/",26250,100,5918800,154702000000,-50,true,-0.19
"PDR",142330,"/Date(1702884250000)/",26250,400,5918700,154699000000,-50,true,-0.19
"PDR",142327,"/Date(1702884248000)/",26300,1700,5918300,154688000000,0,false,0
"PDR",142327,"/Date(1702884248000)/",26300,1900,5916600,154644000000,0,false,0
"PDR",142327,"/Date(1702884247000)/",26250,600,5914700,154594000000,-50,true,-0.19
"PDR",142327,"/Date(1702884247000)/",26250,400,5914100,154578000000,-50,true,-0.19
"PDR",142327,"/Date(1702884247000)/",26250,100,5913700,154568000000,-50,true,-0.19
"PDR",142327,"/Date(1702884247000)/",26300,8100,5913600,154565000000,0,false,0
"PDR",142327,"/Date(1702884247000)/",26300,500,5905500,154352000000,0,false,0
"PDR",142327,"/Date(1702884247000)/",26300,100,5905000,154339000000,0,false,0
"PDR",142327,"/Date(1702884247000)/",26300,1300,5904900,154336000000,0,false,0
"PDR",142324,"/Date(1702884245000)/",26250,300,5903600,154302000000,-50,true,-0.19
"PDR",142324,"/Date(1702884244000)/",26250,700,5903300,154294000000,-50,true,-0.19
"PDR",142321,"/Date(1702884242000)/",26250,100,5902600,154276000000,-50,true,-0.19
"PDR",142321,"/Date(1702884241000)/",26250,3900,5902500,154273000000,-50,true,-0.19
"PDR",142321,"/Date(1702884241000)/",26250,1100,5898600,154171000000,-50,true,-0.19
"PDR",142318,"/Date(1702884239000)/",26300,1400,5897500,154142000000,0,false,0
"PDR",142318,"/Date(1702884239000)/",26300,2300,5896100,154105000000,0,false,0
"PDR",142318,"/Date(1702884239000)/",26300,400,5893800,154044000000,0,false,0
"PDR",142318,"/Date(1702884239000)/",26300,100,5893400,154034000000,0,false,0
"PDR",142318,"/Date(1702884238000)/",26250,1600,5893300,154031000000,-50,true,-0.19
"PDR",142314,"/Date(1702884236000)/",26300,800,5891700,153989000000,0,false,0
"PDR",142314,"/Date(1702884236000)/",26300,500,5890900,153968000000,0,false,0
"PDR",142314,"/Date(1702884236000)/",26300,1500,5890400,153955000000,0,false,0
"PDR",142314,"/Date(1702884235000)/",26300,500,5888900,153916000000,0,false,0
"PDR",142314,"/Date(1702884235000)/",26300,500,5888400,153903000000,0,false,0
"PDR",142314,"/Date(1702884235000)/",26300,2600,5887900,153889000000,0,false,0
"PDR",142314,"/Date(1702884234000)/",26300,4000,5885300,153821000000,0,false,0
"PDR",142314,"/Date(1702884234000)/",26250,2400,5881300,153716000000,-50,true,-0.19
"PDR",142311,"/Date(1702884231000)/",26300,3600,5878900,153653000000,0,false,0
"PDR",142311,"/Date(1702884231000)/",26300,2000,5875300,153558000000,0,false,0
"PDR",142311,"/Date(1702884230000)/",26250,1000,5873300,153506000000,-50,true,-0.19
"PDR",142308,"/Date(1702884229000)/",26250,400,5872300,153479000000,-50,true,-0.19
"PDR",142308,"/Date(1702884229000)/",26250,100,5871900,153469000000,-50,true,-0.19
"PDR",142308,"/Date(1702884229000)/",26250,100,5871800,153466000000,-50,true,-0.19
"PDR",142308,"/Date(1702884229000)/",26250,1000,5871700,153464000000,-50,true,-0.19
"PDR",142308,"/Date(1702884229000)/",26250,300,5870700,153437000000,-50,true,-0.19
"PDR",142308,"/Date(1702884229000)/",26250,600,5870400,153429000000,-50,true,-0.19
"PDR",142308,"/Date(1702884228000)/",26300,2000,5869800,153414000000,0,false,0
"PDR",142305,"/Date(1702884226000)/",26300,2800,5867800,153361000000,0,false,0
"PDR",142305,"/Date(1702884224000)/",26300,300,5865000,153287000000,0,false,0
"PDR",142302,"/Date(1702884222000)/",26300,2800,5864700,153280000000,0,false,0
"PDR",142302,"/Date(1702884221000)/",26300,3600,5861900,153206000000,0,false,0
"PDR",142258,"/Date(1702884220000)/",26300,7000,5858300,153111000000,0,false,0
"PDR",142258,"/Date(1702884218000)/",26250,300,5851300,152927000000,-50,true,-0.19
"PDR",142255,"/Date(1702884217000)/",26300,100,5851000,152919000000,0,false,0
"PDR",142255,"/Date(1702884217000)/",26250,100,5850900,152917000000,-50,true,-0.19
"PDR",142255,"/Date(1702884215000)/",26300,2800,5850800,152914000000,0,false,0
"PDR",142255,"/Date(1702884215000)/",26300,1000,5848000,152840000000,0,false,0
"PDR",142255,"/Date(1702884215000)/",26300,2000,5847000,152814000000,0,false,0
"PDR",142252,"/Date(1702884213000)/",26300,300,5845000,152761000000,0,false,0
"PDR",142249,"/Date(1702884211000)/",26300,2000,5844700,152754000000,0,false,0
"PDR",142249,"/Date(1702884211000)/",26300,1000,5842700,152701000000,0,false,0
"PDR",142249,"/Date(1702884211000)/",26300,1800,5841700,152675000000,0,false,0
"PDR",142249,"/Date(1702884208000)/",26300,1200,5839900,152627000000,0,false,0
"PDR",142249,"/Date(1702884208000)/",26300,500,5838700,152596000000,0,false,0
"PDR",142246,"/Date(1702884207000)/",26300,100,5838200,152583000000,0,false,0
"PDR",142246,"/Date(1702884207000)/",26300,200,5838100,152580000000,0,false,0
"PDR",142246,"/Date(1702884207000)/",26300,3000,5837900,152575000000,0,false,0
"PDR",142246,"/Date(1702884207000)/",26300,400,5834900,152496000000,0,false,0
"PDR",142242,"/Date(1702884204000)/",26300,500,5834500,152485000000,0,false,0
"PDR",142242,"/Date(1702884202000)/",26250,1000,5834000,152472000000,-50,true,-0.19
"PDR",142242,"/Date(1702884202000)/",26300,100,5833000,152446000000,0,false,0
"PDR",142242,"/Date(1702884202000)/",26300,200,5832900,152443000000,0,false,0
"PDR",142242,"/Date(1702884202000)/",26300,100,5832700,152438000000,0,false,0
"PDR",142242,"/Date(1702884202000)/",26300,2000,5832600,152435000000,0,false,0
"PDR",142242,"/Date(1702884202000)/",26300,200,5830600,152383000000,0,false,0
"PDR",142242,"/Date(1702884202000)/",26300,300,5830400,152377000000,0,false,0
"PDR",142242,"/Date(1702884202000)/",26300,12100,5830100,152370000000,0,false,0
"PDR",142242,"/Date(1702884202000)/",26300,3600,5818000,152051000000,0,false,0
"PDR",142242,"/Date(1702884202000)/",26300,2000,5814400,151957000000,0,false,0
"PDR",142239,"/Date(1702884199000)/",26300,500,5812400,151904000000,0,false,0
"PDR",142239,"/Date(1702884199000)/",26300,1000,5811900,151891000000,0,false,0
"PDR",142236,"/Date(1702884197000)/",26300,2800,5810900,151865000000,0,false,0
"PDR",142236,"/Date(1702884197000)/",26300,2000,5808100,151791000000,0,false,0
"PDR",142236,"/Date(1702884195000)/",26300,300,5806100,151738000000,0,false,0
"PDR",142233,"/Date(1702884194000)/",26300,2800,5805800,151731000000,0,false,0
"PDR",142233,"/Date(1702884192000)/",26300,100,5803000,151657000000,0,false,0
"PDR",142230,"/Date(1702884190000)/",26300,500,5802900,151654000000,0,false,0
"PDR",142230,"/Date(1702884189000)/",26300,2000,5802400,151641000000,0,false,0
"PDR",142226,"/Date(1702884187000)/",26300,500,5800400,151588000000,0,false,0
"PDR",142226,"/Date(1702884185000)/",26300,2000,5799900,151575000000,0,false,0
"PDR",142220,"/Date(1702884181000)/",26300,1000,5797900,151523000000,0,false,0
"PDR",142220,"/Date(1702884181000)/",26300,4000,5796900,151496000000,0,false,0
"PDR",142217,"/Date(1702884178000)/",26250,100,5792900,151391000000,-50,true,-0.19
"PDR",142214,"/Date(1702884175000)/",26300,10000,5792800,151389000000,0,false,0
"PDR",142210,"/Date(1702884171000)/",26300,2800,5782800,151126000000,0,false,0
"PDR",142210,"/Date(1702884171000)/",26300,900,5780000,151052000000,0,false,0
"PDR",142210,"/Date(1702884171000)/",26250,1400,5779100,151028000000,-50,false,-0.19
"PDR",142210,"/Date(1702884171000)/",26250,1000,5777700,150992000000,-50,false,-0.19
"PDR",142210,"/Date(1702884171000)/",26250,100,5776700,150965000000,-50,false,-0.19
"PDR",142210,"/Date(1702884171000)/",26250,1400,5776600,150963000000,-50,false,-0.19
"PDR",142210,"/Date(1702884171000)/",26250,2400,5775200,150926000000,-50,false,-0.19
"PDR",142201,"/Date(1702884161000)/",26250,500,5772800,150863000000,-50,false,-0.19
"PDR",142201,"/Date(1702884161000)/",26250,1400,5772300,150850000000,-50,false,-0.19
"PDR",142201,"/Date(1702884161000)/",26250,700,5770900,150813000000,-50,false,-0.19
"PDR",142201,"/Date(1702884161000)/",26250,300,5770200,150795000000,-50,false,-0.19
"PDR",142158,"/Date(1702884159000)/",26250,500,5769900,150787000000,-50,false,-0.19
"PDR",142154,"/Date(1702884154000)/",26250,1000,5769400,150774000000,-50,false,-0.19
"PDR",142154,"/Date(1702884153000)/",26250,1000,5768400,150747000000,-50,false,-0.19
"PDR",142154,"/Date(1702884153000)/",26250,1500,5767400,150721000000,-50,false,-0.19
"PDR",142151,"/Date(1702884153000)/",26250,1700,5765900,150682000000,-50,false,-0.19
"PDR",142151,"/Date(1702884153000)/",26250,300,5764200,150637000000,-50,false,-0.19
"PDR",142151,"/Date(1702884153000)/",26250,1400,5763900,150629000000,-50,false,-0.19
"PDR",142151,"/Date(1702884153000)/",26250,100,5762500,150593000000,-50,false,-0.19
"PDR",142151,"/Date(1702884153000)/",26250,100,5762400,150590000000,-50,false,-0.19
"PDR",142148,"/Date(1702884149000)/",26250,1400,5762300,150587000000,-50,false,-0.19
"PDR",142148,"/Date(1702884149000)/",26250,500,5760900,150551000000,-50,false,-0.19
"PDR",142148,"/Date(1702884149000)/",26250,1400,5760400,150537000000,-50,false,-0.19
"PDR",142148,"/Date(1702884149000)/",26250,6700,5759000,150501000000,-50,false,-0.19
"PDR",142148,"/Date(1702884149000)/",26250,5000,5752300,150325000000,-50,false,-0.19
"PDR",142148,"/Date(1702884149000)/",26250,200,5747300,150194000000,-50,false,-0.19
"PDR",142148,"/Date(1702884149000)/",26250,3600,5747100,150188000000,-50,false,-0.19
"PDR",142148,"/Date(1702884148000)/",26250,500,5743500,150094000000,-50,false,-0.19
"PDR",142145,"/Date(1702884146000)/",26250,1000,5743000,150081000000,-50,false,-0.19
"PDR",142142,"/Date(1702884143000)/",26250,3000,5742000,150054000000,-50,false,-0.19
"PDR",142142,"/Date(1702884143000)/",26250,2800,5739000,149976000000,-50,false,-0.19
"PDR",142138,"/Date(1702884140000)/",26250,200,5736200,149902000000,-50,false,-0.19
"PDR",142138,"/Date(1702884139000)/",26250,2800,5736000,149897000000,-50,false,-0.19
"PDR",142138,"/Date(1702884138000)/",26250,100,5733200,149823000000,-50,false,-0.19
"PDR",142135,"/Date(1702884137000)/",26250,1000,5733100,149821000000,-50,false,-0.19
"PDR",142135,"/Date(1702884135000)/",26250,2000,5732100,149795000000,-50,false,-0.19
"PDR",142132,"/Date(1702884132000)/",26250,200,5730100,149742000000,-50,false,-0.19
"PDR",142132,"/Date(1702884132000)/",26250,2000,5729900,149737000000,-50,false,-0.19
"PDR",142129,"/Date(1702884130000)/",26250,2000,5727900,149684000000,-50,false,-0.19
"PDR",142129,"/Date(1702884130000)/",26250,10000,5725900,149632000000,-50,false,-0.19
"PDR",142126,"/Date(1702884127000)/",26250,300,5715900,149369000000,-50,false,-0.19
"PDR",142126,"/Date(1702884125000)/",26250,1000,5715600,149361000000,-50,false,-0.19
"PDR",142126,"/Date(1702884125000)/",26250,1500,5714600,149335000000,-50,false,-0.19
"PDR",142122,"/Date(1702884123000)/",26250,3600,5713100,149296000000,-50,false,-0.19
"PDR",142119,"/Date(1702884118000)/",26250,500,5709500,149201000000,-50,false,-0.19
"PDR",142119,"/Date(1702884118000)/",26250,100,5709000,149188000000,-50,false,-0.19
"PDR",142119,"/Date(1702884118000)/",26250,3000,5708900,149186000000,-50,false,-0.19
"PDR",142116,"/Date(1702884117000)/",26250,1000,5705900,149107000000,-50,false,-0.19
"PDR",142113,"/Date(1702884112000)/",26250,1000,5704900,149081000000,-50,false,-0.19
"PDR",142113,"/Date(1702884112000)/",26250,500,5703900,149054000000,-50,false,-0.19
"PDR",142113,"/Date(1702884112000)/",26250,500,5703400,149041000000,-50,false,-0.19
"PDR",142113,"/Date(1702884112000)/",26250,800,5702900,149028000000,-50,false,-0.19
"PDR",142106,"/Date(1702884108000)/",26250,2200,5702100,149007000000,-50,false,-0.19
"PDR",142106,"/Date(1702884108000)/",26250,100,5699900,148949000000,-50,false,-0.19
"PDR",142106,"/Date(1702884108000)/",26250,400,5699800,148947000000,-50,false,-0.19
"PDR",142106,"/Date(1702884108000)/",26250,100,5699400,148936000000,-50,false,-0.19
"PDR",142100,"/Date(1702884101000)/",26250,200,5699300,148934000000,-50,false,-0.19
"PDR",142100,"/Date(1702884101000)/",26250,1800,5699100,148928000000,-50,false,-0.19
"PDR",142100,"/Date(1702884101000)/",26200,600,5697300,148881000000,-100,true,-0.38
"PDR",142057,"/Date(1702884096000)/",26250,100,5696700,148865000000,-50,false,-0.19
"PDR",142054,"/Date(1702884095000)/",26250,2000,5696600,148863000000,-50,false,-0.19
"PDR",142047,"/Date(1702884086000)/",26250,1000,5694600,148810000000,-50,false,-0.19
"PDR",142031,"/Date(1702884071000)/",26250,100,5693600,148784000000,-50,false,-0.19
"PDR",142031,"/Date(1702884071000)/",26250,100,5693500,148781000000,-50,false,-0.19
"PDR",142031,"/Date(1702884071000)/",26250,100,5693400,148779000000,-50,false,-0.19
"PDR",142031,"/Date(1702884071000)/",26200,700,5693300,148776000000,-100,true,-0.38
"PDR",142031,"/Date(1702884071000)/",26200,100,5692600,148758000000,-100,true,-0.38
"PDR",142031,"/Date(1702884071000)/",26200,200,5692500,148755000000,-100,true,-0.38
"PDR",142028,"/Date(1702884068000)/",26200,800,5692300,148750000000,-100,true,-0.38
"PDR",142028,"/Date(1702884068000)/",26200,200,5691500,148729000000,-100,true,-0.38
"PDR",142028,"/Date(1702884067000)/",26200,100,5691300,148724000000,-100,true,-0.38
"PDR",142015,"/Date(1702884057000)/",26250,400,5691200,148721000000,-50,false,-0.19
"PDR",142015,"/Date(1702884057000)/",26250,100,5690800,148711000000,-50,false,-0.19
"PDR",142012,"/Date(1702884054000)/",26200,300,5690700,148708000000,-100,true,-0.38
"PDR",142003,"/Date(1702884043000)/",26200,1400,5690400,148700000000,-100,false,-0.38
"PDR",142003,"/Date(1702884043000)/",26200,300,5689000,148663000000,-100,false,-0.38
"PDR",142003,"/Date(1702884043000)/",26200,1400,5688700,148656000000,-100,false,-0.38
"PDR",142003,"/Date(1702884043000)/",26200,1300,5687300,148619000000,-100,false,-0.38
"PDR",142003,"/Date(1702884042000)/",26200,100,5686000,148585000000,-100,false,-0.38
"PDR",142003,"/Date(1702884042000)/",26200,1400,5685900,148582000000,-100,false,-0.38
"PDR",142003,"/Date(1702884042000)/",26200,500,5684500,148546000000,-100,false,-0.38
"PDR",142003,"/Date(1702884042000)/",26200,500,5684000,148532000000,-100,false,-0.38
"PDR",142003,"/Date(1702884041000)/",26200,100,5683500,148519000000,-100,false,-0.38
"PDR",141959,"/Date(1702884041000)/",26200,900,5683400,148517000000,-100,false,-0.38
"PDR",141959,"/Date(1702884041000)/",26200,100,5682500,148493000000,-100,false,-0.38
"PDR",141959,"/Date(1702884038000)/",26200,400,5682400,148490000000,-100,false,-0.38
"PDR",141959,"/Date(1702884038000)/",26200,700,5682000,148480000000,-100,false,-0.38
"PDR",141959,"/Date(1702884038000)/",26200,900,5681300,148462000000,-100,false,-0.38
"PDR",141953,"/Date(1702884034000)/",26200,100,5680400,148438000000,-100,false,-0.38
"PDR",141953,"/Date(1702884034000)/",26200,100,5680300,148435000000,-100,false,-0.38
"PDR",141953,"/Date(1702884033000)/",26200,300,5680200,148433000000,-100,false,-0.38
"PDR",141953,"/Date(1702884032000)/",26200,1000,5679900,148425000000,-100,false,-0.38
"PDR",141950,"/Date(1702884030000)/",26200,38200,5678900,148399000000,-100,false,-0.38
"PDR",141950,"/Date(1702884028000)/",26200,2000,5640700,147398000000,-100,false,-0.38
"PDR",141947,"/Date(1702884028000)/",26200,3400,5638700,147346000000,-100,false,-0.38
"PDR",141943,"/Date(1702884022000)/",26200,10000,5635300,147256000000,-100,false,-0.38
"PDR",141940,"/Date(1702884021000)/",26200,300,5625300,146994000000,-100,false,-0.38
"PDR",141940,"/Date(1702884020000)/",26200,4000,5625000,146987000000,-100,false,-0.38
"PDR",141940,"/Date(1702884020000)/",26200,600,5621000,146882000000,-100,false,-0.38
"PDR",141940,"/Date(1702884019000)/",26200,600,5620400,146866000000,-100,false,-0.38
"PDR",141937,"/Date(1702884019000)/",26200,1000,5619800,146850000000,-100,false,-0.38
"PDR",141937,"/Date(1702884019000)/",26200,5000,5618800,146824000000,-100,false,-0.38
"PDR",141934,"/Date(1702884015000)/",26200,32500,5613800,146693000000,-100,false,-0.38
"PDR",141934,"/Date(1702884015000)/",26200,100,5581300,145842000000,-100,false,-0.38
"PDR",141934,"/Date(1702884015000)/",26200,6700,5581200,145839000000,-100,false,-0.38
"PDR",141934,"/Date(1702884015000)/",26200,3400,5574500,145664000000,-100,false,-0.38
"PDR",141934,"/Date(1702884015000)/",26200,100,5571100,145574000000,-100,false,-0.38
"PDR",141934,"/Date(1702884015000)/",26200,500,5571000,145572000000,-100,false,-0.38
"PDR",141934,"/Date(1702884015000)/",26200,100,5570500,145559000000,-100,false,-0.38
"PDR",141934,"/Date(1702884015000)/",26200,4000,5570400,145556000000,-100,false,-0.38
"PDR",141934,"/Date(1702884015000)/",26200,500,5566400,145451000000,-100,false,-0.38
"PDR",141934,"/Date(1702884015000)/",26200,900,5565900,145438000000,-100,false,-0.38
"PDR",141934,"/Date(1702884015000)/",26200,500,5565000,145415000000,-100,false,-0.38
"PDR",141934,"/Date(1702884015000)/",26200,700,5564500,145402000000,-100,false,-0.38
"PDR",141924,"/Date(1702884004000)/",26150,200,5563800,145383000000,-150,true,-0.57
"PDR",141911,"/Date(1702883992000)/",26200,100,5563600,145378000000,-100,false,-0.38
"PDR",141908,"/Date(1702883989000)/",26200,700,5563500,145375000000,-100,false,-0.38
"PDR",141908,"/Date(1702883989000)/",26200,300,5562800,145357000000,-100,false,-0.38
"PDR",141908,"/Date(1702883988000)/",26200,200,5562500,145349000000,-100,false,-0.38
"PDR",141908,"/Date(1702883988000)/",26200,100,5562300,145344000000,-100,false,-0.38
"PDR",141905,"/Date(1702883985000)/",26200,100,5562200,145341000000,-100,false,-0.38
"PDR",141902,"/Date(1702883983000)/",26200,100,5562100,145339000000,-100,false,-0.38
"PDR",141902,"/Date(1702883983000)/",26200,200,5562000,145336000000,-100,false,-0.38
"PDR",141902,"/Date(1702883983000)/",26200,500,5561800,145331000000,-100,false,-0.38
"PDR",141902,"/Date(1702883983000)/",26200,200,5561300,145318000000,-100,false,-0.38
"PDR",141843,"/Date(1702883962000)/",26200,800,5561100,145312000000,-100,false,-0.38
"PDR",141843,"/Date(1702883962000)/",26200,1200,5560300,145291000000,-100,false,-0.38
"PDR",141840,"/Date(1702883961000)/",26200,800,5559100,145260000000,-100,false,-0.38
"PDR",141840,"/Date(1702883961000)/",26200,1000,5558300,145239000000,-100,false,-0.38
"PDR",141840,"/Date(1702883961000)/",26200,100,5557300,145213000000,-100,false,-0.38
"PDR",141840,"/Date(1702883961000)/",26200,100,5557200,145210000000,-100,false,-0.38
"PDR",141840,"/Date(1702883960000)/",26200,100,5557100,145208000000,-100,false,-0.38
"PDR",141840,"/Date(1702883959000)/",26150,1000,5557000,145205000000,-150,true,-0.57
"PDR",141817,"/Date(1702883937000)/",26150,1000,5556000,145179000000,-150,false,-0.57
"PDR",141817,"/Date(1702883937000)/",26150,400,5555000,145153000000,-150,false,-0.57
"PDR",141817,"/Date(1702883937000)/",26150,1400,5554600,145142000000,-150,false,-0.57
"PDR",141817,"/Date(1702883937000)/",26150,2000,5553200,145106000000,-150,false,-0.57
"PDR",141817,"/Date(1702883937000)/",26150,200,5551200,145053000000,-150,false,-0.57
"PDR",141817,"/Date(1702883937000)/",26150,1400,5551000,145048000000,-150,false,-0.57
"PDR",141817,"/Date(1702883937000)/",26150,3000,5549600,145012000000,-150,false,-0.57
"PDR",141817,"/Date(1702883937000)/",26150,300,5546600,144933000000,-150,false,-0.57
"PDR",141817,"/Date(1702883937000)/",26150,900,5546300,144925000000,-150,false,-0.57
"PDR",141817,"/Date(1702883937000)/",26150,1200,5545400,144902000000,-150,false,-0.57
"PDR",141817,"/Date(1702883937000)/",26150,1500,5544200,144870000000,-150,false,-0.57
"PDR",141814,"/Date(1702883934000)/",26150,1000,5542700,144831000000,-150,false,-0.57
"PDR",141814,"/Date(1702883933000)/",26150,500,5541700,144805000000,-150,false,-0.57
"PDR",141811,"/Date(1702883932000)/",26150,300,5541200,144792000000,-150,false,-0.57
"PDR",141805,"/Date(1702883925000)/",26150,300,5540900,144784000000,-150,false,-0.57
"PDR",141805,"/Date(1702883924000)/",26100,900,5540600,144776000000,-200,true,-0.76
"PDR",141805,"/Date(1702883924000)/",26100,1000,5539700,144753000000,-200,true,-0.76
"PDR",141805,"/Date(1702883924000)/",26100,300,5538700,144727000000,-200,true,-0.76
"PDR",141805,"/Date(1702883924000)/",26100,4100,5538400,144719000000,-200,true,-0.76
"PDR",141801,"/Date(1702883921000)/",26150,3000,5534300,144612000000,-150,false,-0.57
"PDR",141755,"/Date(1702883916000)/",26150,500,5531300,144533000000,-150,false,-0.57
"PDR",141752,"/Date(1702883912000)/",26150,5900,5530800,144520000000,-150,false,-0.57
"PDR",141752,"/Date(1702883912000)/",26150,4100,5524900,144366000000,-150,false,-0.57
"PDR",141752,"/Date(1702883912000)/",26150,5300,5520800,144259000000,-150,false,-0.57
"PDR",141745,"/Date(1702883905000)/",26100,200,5515500,144120000000,-200,true,-0.76
"PDR",141736,"/Date(1702883897000)/",26100,2000,5515300,144115000000,-200,true,-0.76
"PDR",141733,"/Date(1702883892000)/",26150,600,5513300,144063000000,-150,false,-0.57
"PDR",141733,"/Date(1702883892000)/",26150,4400,5512700,144047000000,-150,false,-0.57
"PDR",141723,"/Date(1702883881000)/",26150,500,5508300,143932000000,-150,false,-0.57
"PDR",141723,"/Date(1702883881000)/",26150,1000,5507800,143919000000,-150,false,-0.57
"PDR",141713,"/Date(1702883873000)/",26150,100,5506800,143893000000,-150,false,-0.57
"PDR",141707,"/Date(1702883867000)/",26150,2000,5506700,143890000000,-150,false,-0.57
"PDR",141654,"/Date(1702883854000)/",26150,100,5504700,143838000000,-150,true,-0.57
"PDR",141654,"/Date(1702883854000)/",26150,700,5504600,143835000000,-150,true,-0.57
"PDR",141654,"/Date(1702883854000)/",26150,600,5503900,143817000000,-150,true,-0.57
"PDR",141654,"/Date(1702883854000)/",26150,100,5503300,143801000000,-150,true,-0.57
"PDR",141654,"/Date(1702883854000)/",26150,100,5503200,143799000000,-150,true,-0.57
"PDR",141654,"/Date(1702883854000)/",26150,100,5503100,143796000000,-150,true,-0.57
"PDR",141654,"/Date(1702883854000)/",26150,300,5503000,143793000000,-150,true,-0.57
"PDR",141651,"/Date(1702883853000)/",26150,1700,5502700,143785000000,-150,true,-0.57
"PDR",141651,"/Date(1702883853000)/",26150,100,5501000,143741000000,-150,true,-0.57
"PDR",141651,"/Date(1702883853000)/",26150,500,5500900,143738000000,-150,true,-0.57
"PDR",141651,"/Date(1702883853000)/",26150,200,5500400,143725000000,-150,true,-0.57
"PDR",141651,"/Date(1702883852000)/",26150,600,5500200,143720000000,-150,true,-0.57
"PDR",141651,"/Date(1702883852000)/",26150,900,5499600,143704000000,-150,true,-0.57
"PDR",141651,"/Date(1702883852000)/",26150,100,5498700,143681000000,-150,true,-0.57
"PDR",141651,"/Date(1702883852000)/",26150,3400,5498600,143678000000,-150,true,-0.57
"PDR",141651,"/Date(1702883851000)/",26200,100,5495200,143589000000,-100,false,-0.38
"PDR",141651,"/Date(1702883851000)/",26200,200,5495100,143587000000,-100,false,-0.38
"PDR",141648,"/Date(1702883849000)/",26150,100,5494900,143582000000,-150,true,-0.57
"PDR",141645,"/Date(1702883844000)/",26150,500,5494800,143579000000,-150,true,-0.57
"PDR",141638,"/Date(1702883839000)/",26150,100,5494300,143566000000,-150,true,-0.57
"PDR",141632,"/Date(1702883833000)/",26150,900,5494200,143563000000,-150,true,-0.57
"PDR",141632,"/Date(1702883833000)/",26150,100,5493300,143540000000,-150,true,-0.57
"PDR",141632,"/Date(1702883833000)/",26150,500,5493200,143537000000,-150,true,-0.57
"PDR",141632,"/Date(1702883833000)/",26150,900,5492700,143524000000,-150,true,-0.57
"PDR",141632,"/Date(1702883833000)/",26150,600,5491800,143500000000,-150,true,-0.57
"PDR",141632,"/Date(1702883832000)/",26150,100,5491200,143485000000,-150,true,-0.57
"PDR",141632,"/Date(1702883831000)/",26200,800,5491100,143482000000,-100,false,-0.38
"PDR",141632,"/Date(1702883831000)/",26200,300,5490300,143461000000,-100,false,-0.38
"PDR",141632,"/Date(1702883831000)/",26200,2400,5490000,143453000000,-100,false,-0.38
"PDR",141626,"/Date(1702883824000)/",26200,200,5487600,143390000000,-100,false,-0.38
"PDR",141622,"/Date(1702883822000)/",26150,12300,5487400,143385000000,-150,true,-0.57
"PDR",141622,"/Date(1702883822000)/",26150,2000,5475100,143064000000,-150,true,-0.57
"PDR",141622,"/Date(1702883822000)/",26150,900,5473100,143011000000,-150,true,-0.57
"PDR",141622,"/Date(1702883822000)/",26150,5000,5472200,142988000000,-150,true,-0.57
"PDR",141622,"/Date(1702883822000)/",26150,100,5467200,142857000000,-150,true,-0.57
"PDR",141622,"/Date(1702883822000)/",26150,100,5467100,142854000000,-150,true,-0.57
"PDR",141622,"/Date(1702883822000)/",26150,50000,5467000,142852000000,-150,true,-0.57
"PDR",141622,"/Date(1702883822000)/",26150,9600,5417000,141544000000,-150,true,-0.57
"PDR",141613,"/Date(1702883813000)/",26200,1000,5407400,141293000000,-100,false,-0.38
"PDR",141603,"/Date(1702883804000)/",26200,1000,5406400,141267000000,-100,false,-0.38
"PDR",141547,"/Date(1702883787000)/",26200,600,5405400,141241000000,-100,false,-0.38
"PDR",141544,"/Date(1702883785000)/",26200,500,5404800,141225000000,-100,false,-0.38
"PDR",141538,"/Date(1702883776000)/",26200,200,5404300,141212000000,-100,false,-0.38
"PDR",141512,"/Date(1702883753000)/",26200,1000,5404100,141207000000,-100,false,-0.38
"PDR",141509,"/Date(1702883748000)/",26150,100,5403100,141181000000,-150,true,-0.57
"PDR",141506,"/Date(1702883745000)/",26200,2500,5403000,141178000000,-100,false,-0.38
"PDR",141506,"/Date(1702883744000)/",26200,1000,5400500,141112000000,-100,false,-0.38
"PDR",141453,"/Date(1702883733000)/",26150,300,5399500,141086000000,-150,true,-0.57
"PDR",141453,"/Date(1702883733000)/",26150,100,5399200,141078000000,-150,true,-0.57
"PDR",141453,"/Date(1702883733000)/",26150,200,5399100,141076000000,-150,true,-0.57
"PDR",141453,"/Date(1702883733000)/",26150,100,5398900,141071000000,-150,true,-0.57
"PDR",141453,"/Date(1702883733000)/",26150,100,5398800,141068000000,-150,true,-0.57
"PDR",141453,"/Date(1702883733000)/",26150,9200,5398700,141065000000,-150,true,-0.57
"PDR",141447,"/Date(1702883725000)/",26150,200,5389500,140825000000,-150,true,-0.57
"PDR",141431,"/Date(1702883712000)/",26150,300,5389300,140819000000,-150,true,-0.57
"PDR",141418,"/Date(1702883698000)/",26150,2300,5389000,140812000000,-150,true,-0.57
"PDR",141418,"/Date(1702883698000)/",26150,500,5386700,140752000000,-150,true,-0.57
"PDR",141418,"/Date(1702883698000)/",26150,1200,5386200,140738000000,-150,true,-0.57
"PDR",141418,"/Date(1702883698000)/",26150,1500,5385000,140707000000,-150,true,-0.57
"PDR",141415,"/Date(1702883695000)/",26150,200,5383500,140668000000,-150,true,-0.57
"PDR",141346,"/Date(1702883666000)/",26150,5100,5383300,140663000000,-150,true,-0.57
"PDR",141346,"/Date(1702883666000)/",26150,500,5378200,140529000000,-150,true,-0.57
"PDR",141346,"/Date(1702883666000)/",26150,7400,5377700,140516000000,-150,true,-0.57
"PDR",141336,"/Date(1702883656000)/",26150,400,5370300,140323000000,-150,true,-0.57
"PDR",141317,"/Date(1702883638000)/",26150,400,5369900,140312000000,-150,true,-0.57
"PDR",141317,"/Date(1702883638000)/",26200,3500,5369500,140302000000,-100,false,-0.38
"PDR",141317,"/Date(1702883637000)/",26150,1000,5366000,140210000000,-150,true,-0.57
"PDR",141311,"/Date(1702883631000)/",26150,800,5365000,140184000000,-150,true,-0.57
"PDR",141311,"/Date(1702883631000)/",26150,100,5364200,140163000000,-150,true,-0.57
"PDR",141311,"/Date(1702883631000)/",26150,600,5364100,140160000000,-150,true,-0.57
"PDR",141305,"/Date(1702883624000)/",26150,1000,5363500,140145000000,-150,true,-0.57
"PDR",141252,"/Date(1702883611000)/",26150,100,5362500,140119000000,-150,true,-0.57
"PDR",141223,"/Date(1702883584000)/",26200,100,5362400,140116000000,-100,false,-0.38
"PDR",141214,"/Date(1702883572000)/",26200,100,5362300,140113000000,-100,false,-0.38
"PDR",141214,"/Date(1702883572000)/",26200,1000,5362200,140111000000,-100,false,-0.38
"PDR",141210,"/Date(1702883570000)/",26200,500,5361200,140084000000,-100,false,-0.38
"PDR",141210,"/Date(1702883570000)/",26200,100,5360700,140071000000,-100,false,-0.38
"PDR",141204,"/Date(1702883564000)/",26200,100,5360600,140069000000,-100,false,-0.38
"PDR",141158,"/Date(1702883555000)/",26200,200,5360500,140066000000,-100,false,-0.38
"PDR",141145,"/Date(1702883543000)/",26200,100,5360300,140061000000,-100,false,-0.38
"PDR",141145,"/Date(1702883543000)/",26200,400,5360200,140058000000,-100,false,-0.38
"PDR",141138,"/Date(1702883539000)/",26150,200,5359800,140048000000,-150,true,-0.57
"PDR",141116,"/Date(1702883517000)/",26150,5000,5359600,140043000000,-150,true,-0.57
"PDR",141116,"/Date(1702883517000)/",26150,100,5354600,139912000000,-150,true,-0.57
"PDR",141057,"/Date(1702883498000)/",26150,2500,5354500,139909000000,-150,false,-0.57
"PDR",141057,"/Date(1702883498000)/",26150,100,5352000,139844000000,-150,false,-0.57
"PDR",141057,"/Date(1702883498000)/",26150,100,5351900,139841000000,-150,false,-0.57
"PDR",141057,"/Date(1702883498000)/",26150,1000,5351800,139839000000,-150,false,-0.57
"PDR",141057,"/Date(1702883498000)/",26150,400,5350800,139812000000,-150,false,-0.57
"PDR",141057,"/Date(1702883498000)/",26150,900,5350400,139802000000,-150,false,-0.57
"PDR",141057,"/Date(1702883496000)/",26150,800,5349500,139778000000,-150,false,-0.57
"PDR",141057,"/Date(1702883496000)/",26150,2200,5348700,139758000000,-150,false,-0.57
"PDR",141057,"/Date(1702883496000)/",26150,500,5346500,139700000000,-150,false,-0.57
"PDR",141057,"/Date(1702883496000)/",26150,400,5346000,139687000000,-150,false,-0.57
"PDR",141057,"/Date(1702883496000)/",26150,300,5345600,139676000000,-150,false,-0.57
"PDR",141057,"/Date(1702883496000)/",26150,200,5345300,139669000000,-150,false,-0.57
"PDR",141057,"/Date(1702883496000)/",26150,100,5345100,139663000000,-150,false,-0.57
"PDR",141057,"/Date(1702883496000)/",26150,3400,5345000,139661000000,-150,false,-0.57
"PDR",141057,"/Date(1702883496000)/",26150,2000,5341600,139572000000,-150,false,-0.57
"PDR",141057,"/Date(1702883496000)/",26150,1600,5339600,139520000000,-150,false,-0.57
"PDR",141057,"/Date(1702883495000)/",26150,300,5338000,139478000000,-150,false,-0.57
"PDR",141054,"/Date(1702883493000)/",26150,300,5337700,139470000000,-150,false,-0.57
"PDR",141047,"/Date(1702883486000)/",26150,1300,5337400,139462000000,-150,false,-0.57
"PDR",141041,"/Date(1702883482000)/",26150,1500,5336100,139428000000,-150,false,-0.57
"PDR",141041,"/Date(1702883482000)/",26150,12500,5334600,139389000000,-150,false,-0.57
"PDR",141025,"/Date(1702883464000)/",26150,2500,5322100,139062000000,-150,false,-0.57
"PDR",141012,"/Date(1702883451000)/",26100,2000,5319600,138997000000,-200,true,-0.76
"PDR",140956,"/Date(1702883437000)/",26100,2000,5317600,138944000000,-200,true,-0.76
"PDR",140940,"/Date(1702883418000)/",26100,100,5315600,138892000000,-200,true,-0.76
"PDR",140937,"/Date(1702883416000)/",26100,600,5315500,138890000000,-200,true,-0.76
"PDR",140937,"/Date(1702883416000)/",26100,100,5314900,138874000000,-200,true,-0.76
"PDR",140937,"/Date(1702883416000)/",26100,500,5314800,138871000000,-200,true,-0.76
"PDR",140937,"/Date(1702883416000)/",26100,800,5314300,138858000000,-200,true,-0.76
"PDR",140934,"/Date(1702883412000)/",26150,2000,5313500,138837000000,-150,false,-0.57
"PDR",140934,"/Date(1702883412000)/",26150,1000,5311500,138785000000,-150,false,-0.57
"PDR",140934,"/Date(1702883412000)/",26150,1800,5310500,138759000000,-150,false,-0.57
"PDR",140934,"/Date(1702883412000)/",26150,1400,5308700,138712000000,-150,false,-0.57
"PDR",140934,"/Date(1702883412000)/",26150,800,5307300,138675000000,-150,false,-0.57
"PDR",140912,"/Date(1702883392000)/",26150,500,5306500,138654000000,-150,false,-0.57
"PDR",140905,"/Date(1702883385000)/",26100,100,5306000,138641000000,-200,true,-0.76
"PDR",140902,"/Date(1702883381000)/",26100,2000,5305900,138639000000,-200,true,-0.76
"PDR",140837,"/Date(1702883355000)/",26100,100,5303900,138586000000,-200,true,-0.76
"PDR",140830,"/Date(1702883349000)/",26100,2000,5303800,138584000000,-200,true,-0.76
"PDR",140805,"/Date(1702883325000)/",26100,1900,5301800,138532000000,-200,true,-0.76
"PDR",140805,"/Date(1702883325000)/",26100,100,5299900,138482000000,-200,true,-0.76
"PDR",140805,"/Date(1702883325000)/",26100,1000,5299800,138479000000,-200,true,-0.76
"PDR",140805,"/Date(1702883325000)/",26100,2000,5298800,138453000000,-200,true,-0.76
"PDR",140755,"/Date(1702883315000)/",26100,300,5296800,138401000000,-200,true,-0.76
"PDR",140755,"/Date(1702883315000)/",26100,500,5296500,138393000000,-200,true,-0.76
"PDR",140755,"/Date(1702883315000)/",26100,1000,5296000,138380000000,-200,true,-0.76
"PDR",140755,"/Date(1702883315000)/",26100,100,5295000,138354000000,-200,true,-0.76
"PDR",140755,"/Date(1702883314000)/",26150,3000,5294900,138351000000,-150,false,-0.57
"PDR",140736,"/Date(1702883293000)/",26150,300,5291900,138273000000,-150,false,-0.57
"PDR",140730,"/Date(1702883287000)/",26150,1000,5291600,138265000000,-150,false,-0.57
"PDR",140723,"/Date(1702883282000)/",26150,500,5290600,138239000000,-150,false,-0.57
"PDR",140723,"/Date(1702883282000)/",26100,400,5290100,138226000000,-200,true,-0.76
"PDR",140723,"/Date(1702883282000)/",26100,1500,5289700,138216000000,-200,true,-0.76
"PDR",140707,"/Date(1702883265000)/",26100,200,5288200,138176000000,-200,true,-0.76
"PDR",140651,"/Date(1702883249000)/",26100,300,5288000,138171000000,-200,true,-0.76
"PDR",140651,"/Date(1702883249000)/",26100,1000,5287700,138163000000,-200,true,-0.76
"PDR",140651,"/Date(1702883249000)/",26100,500,5286700,138137000000,-200,true,-0.76
"PDR",140645,"/Date(1702883243000)/",26150,300,5286200,138124000000,-150,false,-0.57
"PDR",140642,"/Date(1702883241000)/",26150,2000,5285900,138116000000,-150,true,-0.57
"PDR",140642,"/Date(1702883241000)/",26150,1000,5283900,138064000000,-150,true,-0.57
"PDR",140642,"/Date(1702883241000)/",26150,1000,5282900,138038000000,-150,true,-0.57
"PDR",140642,"/Date(1702883241000)/",26150,500,5281900,138012000000,-150,true,-0.57
"PDR",140642,"/Date(1702883241000)/",26150,100,5281400,137999000000,-150,true,-0.57
"PDR",140642,"/Date(1702883241000)/",26150,500,5281300,137996000000,-150,true,-0.57
"PDR",140642,"/Date(1702883241000)/",26150,800,5280800,137983000000,-150,true,-0.57
"PDR",140642,"/Date(1702883241000)/",26150,500,5280000,137962000000,-150,true,-0.57
"PDR",140642,"/Date(1702883241000)/",26150,5000,5279500,137949000000,-150,true,-0.57
"PDR",140642,"/Date(1702883241000)/",26150,500,5274500,137818000000,-150,true,-0.57
"PDR",140642,"/Date(1702883241000)/",26150,500,5274000,137805000000,-150,true,-0.57
"PDR",140642,"/Date(1702883241000)/",26150,6200,5273500,137792000000,-150,true,-0.57
"PDR",140639,"/Date(1702883239000)/",26150,10000,5267300,137630000000,-150,true,-0.57
"PDR",140629,"/Date(1702883226000)/",26150,100,5257300,137368000000,-150,true,-0.57
"PDR",140623,"/Date(1702883223000)/",26150,3700,5257200,137366000000,-150,true,-0.57
"PDR",140623,"/Date(1702883223000)/",26150,100,5253500,137269000000,-150,true,-0.57
"PDR",140623,"/Date(1702883223000)/",26150,2100,5253400,137266000000,-150,true,-0.57
"PDR",140616,"/Date(1702883216000)/",26150,1800,5251300,137212000000,-150,true,-0.57
"PDR",140613,"/Date(1702883213000)/",26150,900,5249500,137164000000,-150,true,-0.57
"PDR",140554,"/Date(1702883194000)/",26200,1000,5248600,137141000000,-100,false,-0.38
"PDR",140547,"/Date(1702883187000)/",26150,1000,5247600,137115000000,-150,true,-0.57
"PDR",140544,"/Date(1702883184000)/",26150,1000,5246600,137089000000,-150,true,-0.57
"PDR",140544,"/Date(1702883182000)/",26150,1800,5245600,137062000000,-150,true,-0.57
"PDR",140541,"/Date(1702883181000)/",26200,500,5243800,137015000000,-100,false,-0.38
"PDR",140535,"/Date(1702883174000)/",26150,900,5243300,137002000000,-150,true,-0.57
"PDR",140525,"/Date(1702883163000)/",26150,10500,5242400,136979000000,-150,true,-0.57
"PDR",140525,"/Date(1702883163000)/",26150,100,5231900,136704000000,-150,true,-0.57
"PDR",140525,"/Date(1702883163000)/",26150,100,5231800,136702000000,-150,true,-0.57
"PDR",140525,"/Date(1702883163000)/",26150,400,5231700,136699000000,-150,true,-0.57
"PDR",140525,"/Date(1702883163000)/",26150,500,5231300,136688000000,-150,true,-0.57
"PDR",140525,"/Date(1702883163000)/",26150,2000,5230800,136675000000,-150,true,-0.57
"PDR",140525,"/Date(1702883163000)/",26150,2000,5228800,136623000000,-150,true,-0.57
"PDR",140525,"/Date(1702883163000)/",26150,1000,5226800,136571000000,-150,true,-0.57
"PDR",140525,"/Date(1702883163000)/",26150,1000,5225800,136545000000,-150,true,-0.57
"PDR",140525,"/Date(1702883163000)/",26150,100,5224800,136518000000,-150,true,-0.57
"PDR",140525,"/Date(1702883163000)/",26150,100,5224700,136516000000,-150,true,-0.57
"PDR",140525,"/Date(1702883163000)/",26150,1000,5224600,136513000000,-150,true,-0.57
"PDR",140525,"/Date(1702883163000)/",26150,500,5223600,136487000000,-150,true,-0.57
"PDR",140525,"/Date(1702883163000)/",26150,700,5223100,136474000000,-150,true,-0.57
"PDR",140519,"/Date(1702883157000)/",26150,300,5222400,136456000000,-150,true,-0.57
"PDR",140519,"/Date(1702883157000)/",26150,200,5222100,136448000000,-150,true,-0.57
"PDR",140509,"/Date(1702883149000)/",26150,1700,5221900,136443000000,-150,true,-0.57
"PDR",140509,"/Date(1702883149000)/",26150,100,5220200,136398000000,-150,true,-0.57
"PDR",140456,"/Date(1702883136000)/",26150,500,5220100,136396000000,-150,true,-0.57
"PDR",140437,"/Date(1702883116000)/",26150,400,5219600,136383000000,-150,true,-0.57
"PDR",140437,"/Date(1702883116000)/",26150,100,5219200,136372000000,-150,true,-0.57
"PDR",140437,"/Date(1702883116000)/",26150,100,5219100,136369000000,-150,true,-0.57
"PDR",140437,"/Date(1702883116000)/",26150,200,5219000,136367000000,-150,true,-0.57
"PDR",140437,"/Date(1702883116000)/",26150,500,5218800,136362000000,-150,true,-0.57
"PDR",140437,"/Date(1702883116000)/",26150,200,5218300,136349000000,-150,true,-0.57
"PDR",140437,"/Date(1702883116000)/",26150,300,5218100,136343000000,-150,true,-0.57
"PDR",140434,"/Date(1702883114000)/",26200,100,5217800,136335000000,-100,false,-0.38
"PDR",140431,"/Date(1702883110000)/",26200,1900,5217700,136333000000,-100,false,-0.38
"PDR",140431,"/Date(1702883110000)/",26200,100,5215800,136283000000,-100,false,-0.38
"PDR",140424,"/Date(1702883103000)/",26150,100,5215700,136280000000,-150,true,-0.57
"PDR",140424,"/Date(1702883103000)/",26150,900,5215600,136278000000,-150,true,-0.57
"PDR",140415,"/Date(1702883093000)/",26200,300,5214700,136254000000,-100,false,-0.38
"PDR",140405,"/Date(1702883083000)/",26150,100,5214400,136246000000,-150,true,-0.57
"PDR",140405,"/Date(1702883083000)/",26150,1000,5214300,136244000000,-150,true,-0.57
"PDR",140405,"/Date(1702883083000)/",26150,700,5213300,136218000000,-150,true,-0.57
"PDR",140405,"/Date(1702883083000)/",26200,600,5212600,136199000000,-100,false,-0.38
"PDR",140405,"/Date(1702883083000)/",26200,400,5212000,136184000000,-100,false,-0.38
"PDR",140359,"/Date(1702883079000)/",26200,1600,5211600,136173000000,-100,false,-0.38
"PDR",140359,"/Date(1702883079000)/",26200,400,5210000,136131000000,-100,false,-0.38
"PDR",140356,"/Date(1702883075000)/",26200,600,5209600,136121000000,-100,false,-0.38
"PDR",140356,"/Date(1702883075000)/",26200,1000,5209000,136105000000,-100,false,-0.38
"PDR",140356,"/Date(1702883075000)/",26200,200,5208000,136079000000,-100,false,-0.38
"PDR",140356,"/Date(1702883075000)/",26200,100,5207800,136074000000,-100,false,-0.38
"PDR",140356,"/Date(1702883075000)/",26200,1100,5207700,136071000000,-100,false,-0.38
"PDR",140353,"/Date(1702883070000)/",26150,2200,5206600,136042000000,-150,true,-0.57
"PDR",140346,"/Date(1702883066000)/",26150,200,5204400,135985000000,-150,true,-0.57
"PDR",140343,"/Date(1702883062000)/",26200,1900,5204200,135979000000,-100,false,-0.38
"PDR",140343,"/Date(1702883062000)/",26200,100,5202300,135930000000,-100,false,-0.38
"PDR",140343,"/Date(1702883062000)/",26200,5000,5202200,135927000000,-100,false,-0.38
"PDR",140343,"/Date(1702883062000)/",26200,200,5197200,135796000000,-100,false,-0.38
"PDR",140343,"/Date(1702883062000)/",26200,2800,5197000,135791000000,-100,false,-0.38
"PDR",140333,"/Date(1702883051000)/",26200,600,5194200,135717000000,-100,false,-0.38
"PDR",140330,"/Date(1702883050000)/",26150,1800,5193600,135702000000,-150,true,-0.57
"PDR",140305,"/Date(1702883024000)/",26200,100,5191800,135655000000,-100,false,-0.38
"PDR",140302,"/Date(1702883019000)/",26150,1800,5191700,135652000000,-150,true,-0.57
"PDR",140255,"/Date(1702883014000)/",26200,2000,5189900,135605000000,-100,false,-0.38
"PDR",140239,"/Date(1702882997000)/",26150,500,5187900,135553000000,-150,true,-0.57
"PDR",140233,"/Date(1702882990000)/",26150,800,5187400,135539000000,-150,true,-0.57
"PDR",140226,"/Date(1702882983000)/",26150,1800,5186600,135519000000,-150,true,-0.57
"PDR",140223,"/Date(1702882980000)/",26150,200,5184800,135471000000,-150,true,-0.57
"PDR",140217,"/Date(1702882975000)/",26150,100,5184600,135466000000,-150,false,-0.57
"PDR",140201,"/Date(1702882960000)/",26150,1700,5184500,135464000000,-150,false,-0.57
"PDR",140201,"/Date(1702882960000)/",26150,1200,5182800,135419000000,-150,false,-0.57
"PDR",140155,"/Date(1702882954000)/",26150,100,5181600,135388000000,-150,true,-0.57
"PDR",140155,"/Date(1702882954000)/",26150,100,5181500,135385000000,-150,true,-0.57
"PDR",140155,"/Date(1702882954000)/",26150,100,5181400,135383000000,-150,true,-0.57
"PDR",140155,"/Date(1702882954000)/",26150,400,5181300,135380000000,-150,true,-0.57
"PDR",140155,"/Date(1702882954000)/",26150,100,5180900,135369000000,-150,true,-0.57
"PDR",140151,"/Date(1702882950000)/",26150,800,5180800,135367000000,-150,true,-0.57
"PDR",140151,"/Date(1702882950000)/",26150,100,5180000,135346000000,-150,true,-0.57
"PDR",140151,"/Date(1702882950000)/",26150,500,5179900,135343000000,-150,true,-0.57
"PDR",140151,"/Date(1702882950000)/",26150,300,5179400,135330000000,-150,true,-0.57
"PDR",140123,"/Date(1702882922000)/",26150,700,5179100,135322000000,-150,true,-0.57
"PDR",140123,"/Date(1702882922000)/",26150,300,5178400,135304000000,-150,true,-0.57
"PDR",140119,"/Date(1702882918000)/",26150,100,5178100,135296000000,-150,false,-0.57
"PDR",140119,"/Date(1702882918000)/",26150,100,5178000,135294000000,-150,false,-0.57
"PDR",140119,"/Date(1702882918000)/",26150,900,5177900,135291000000,-150,false,-0.57
"PDR",140119,"/Date(1702882918000)/",26100,1700,5177000,135267000000,-200,true,-0.76
"PDR",140116,"/Date(1702882916000)/",26100,7800,5175300,135223000000,-200,true,-0.76
"PDR",140116,"/Date(1702882916000)/",26100,200,5167500,135020000000,-200,true,-0.76
"PDR",140116,"/Date(1702882916000)/",26100,100,5167300,135014000000,-200,true,-0.76
"PDR",140116,"/Date(1702882916000)/",26100,500,5167200,135012000000,-200,true,-0.76
"PDR",140116,"/Date(1702882916000)/",26100,1500,5166700,134999000000,-200,true,-0.76
"PDR",140116,"/Date(1702882916000)/",26100,1000,5165200,134959000000,-200,true,-0.76
"PDR",140116,"/Date(1702882916000)/",26100,500,5164200,134933000000,-200,true,-0.76
"PDR",140116,"/Date(1702882916000)/",26100,500,5163700,134920000000,-200,true,-0.76
"PDR",140116,"/Date(1702882916000)/",26100,300,5163200,134907000000,-200,true,-0.76
"PDR",140116,"/Date(1702882916000)/",26100,200,5162900,134899000000,-200,true,-0.76
"PDR",140116,"/Date(1702882916000)/",26100,1000,5162700,134894000000,-200,true,-0.76
"PDR",140116,"/Date(1702882916000)/",26100,2000,5161700,134868000000,-200,true,-0.76
"PDR",140116,"/Date(1702882916000)/",26100,200,5159700,134816000000,-200,true,-0.76
"PDR",140116,"/Date(1702882916000)/",26100,1000,5159500,134811000000,-200,true,-0.76
"PDR",140116,"/Date(1702882916000)/",26100,500,5158500,134785000000,-200,true,-0.76
"PDR",140116,"/Date(1702882916000)/",26100,2000,5158000,134772000000,-200,true,-0.76
"PDR",140116,"/Date(1702882916000)/",26100,5000,5156000,134719000000,-200,true,-0.76
"PDR",140116,"/Date(1702882916000)/",26100,400,5151000,134589000000,-200,true,-0.76
"PDR",140116,"/Date(1702882916000)/",26100,5000,5150600,134578000000,-200,true,-0.76
"PDR",140116,"/Date(1702882916000)/",26100,300,5145600,134448000000,-200,true,-0.76
"PDR",140116,"/Date(1702882915000)/",26150,100,5145300,134440000000,-150,false,-0.57
"PDR",140116,"/Date(1702882915000)/",26150,1000,5145200,134437000000,-150,false,-0.57
"PDR",140116,"/Date(1702882915000)/",26150,900,5144200,134411000000,-150,false,-0.57
"PDR",140116,"/Date(1702882915000)/",26150,5000,5143300,134388000000,-150,false,-0.57
"PDR",140116,"/Date(1702882914000)/",26150,400,5138300,134257000000,-150,false,-0.57
"PDR",140113,"/Date(1702882912000)/",26150,100,5137900,134247000000,-150,false,-0.57
"PDR",140113,"/Date(1702882911000)/",26150,500,5137800,134244000000,-150,false,-0.57
"PDR",140110,"/Date(1702882908000)/",26150,100,5137300,134231000000,-150,false,-0.57
"PDR",140110,"/Date(1702882908000)/",26150,100,5137200,134228000000,-150,false,-0.57
"PDR",140110,"/Date(1702882908000)/",26150,500,5137100,134226000000,-150,false,-0.57
"PDR",140110,"/Date(1702882907000)/",26150,100,5136600,134213000000,-150,false,-0.57
"PDR",140104,"/Date(1702882903000)/",26150,1000,5136500,134210000000,-150,false,-0.57
"PDR",140104,"/Date(1702882902000)/",26150,300,5135500,134184000000,-150,false,-0.57
"PDR",140104,"/Date(1702882902000)/",26150,500,5135200,134176000000,-150,false,-0.57
"PDR",140104,"/Date(1702882902000)/",26150,100,5134700,134163000000,-150,false,-0.57
"PDR",140104,"/Date(1702882902000)/",26150,100,5134600,134160000000,-150,false,-0.57
"PDR",140104,"/Date(1702882901000)/",26150,300,5134500,134158000000,-150,false,-0.57
"PDR",140104,"/Date(1702882901000)/",26150,700,5134200,134150000000,-150,false,-0.57
"PDR",140104,"/Date(1702882900000)/",26150,1000,5133500,134132000000,-150,false,-0.57
"PDR",140100,"/Date(1702882900000)/",26150,2000,5132500,134105000000,-150,false,-0.57
"PDR",140100,"/Date(1702882899000)/",26150,400,5130500,134053000000,-150,false,-0.57
"PDR",140054,"/Date(1702882892000)/",26150,3900,5130100,134043000000,-150,false,-0.57
"PDR",140054,"/Date(1702882892000)/",26150,100,5126200,133941000000,-150,false,-0.57
"PDR",140051,"/Date(1702882888000)/",26150,300,5126100,133938000000,-150,false,-0.57
"PDR",140048,"/Date(1702882886000)/",26100,1700,5125800,133930000000,-200,true,-0.76
"PDR",140044,"/Date(1702882882000)/",26150,300,5124100,133886000000,-150,false,-0.57
"PDR",140044,"/Date(1702882881000)/",26150,3000,5123800,133878000000,-150,false,-0.57
"PDR",140041,"/Date(1702882878000)/",26150,800,5120800,133800000000,-150,false,-0.57
"PDR",140035,"/Date(1702882875000)/",26150,400,5120000,133779000000,-150,false,-0.57
"PDR",140025,"/Date(1702882864000)/",26150,100,5119600,133768000000,-150,false,-0.57
"PDR",140019,"/Date(1702882858000)/",26150,200,5119500,133766000000,-150,false,-0.57
"PDR",140012,"/Date(1702882850000)/",26100,1000,5119300,133760000000,-200,true,-0.76
"PDR",140012,"/Date(1702882850000)/",26100,100,5118300,133734000000,-200,true,-0.76
"PDR",140012,"/Date(1702882850000)/",26100,200,5118200,133732000000,-200,true,-0.76
"PDR",140012,"/Date(1702882850000)/",26100,400,5118000,133726000000,-200,true,-0.76
"PDR",140006,"/Date(1702882846000)/",26150,4500,5117600,133716000000,-150,false,-0.57
"PDR",140006,"/Date(1702882846000)/",26150,500,5113100,133598000000,-150,false,-0.57
"PDR",140006,"/Date(1702882844000)/",26150,200,5112600,133585000000,-150,false,-0.57
"PDR",135957,"/Date(1702882836000)/",26100,1000,5112400,133580000000,-200,true,-0.76
"PDR",135950,"/Date(1702882827000)/",26150,200,5111400,133554000000,-150,false,-0.57
"PDR",135947,"/Date(1702882827000)/",26150,5000,5111200,133549000000,-150,false,-0.57
"PDR",135937,"/Date(1702882817000)/",26100,1700,5106200,133418000000,-200,true,-0.76
"PDR",135937,"/Date(1702882815000)/",26150,300,5104500,133373000000,-150,false,-0.57
"PDR",135928,"/Date(1702882807000)/",26100,300,5104200,133366000000,-200,true,-0.76
"PDR",135906,"/Date(1702882783000)/",26100,600,5103900,133358000000,-200,true,-0.76
"PDR",135906,"/Date(1702882783000)/",26100,800,5103300,133342000000,-200,true,-0.76
"PDR",135906,"/Date(1702882783000)/",26100,300,5102500,133321000000,-200,true,-0.76
"PDR",135902,"/Date(1702882779000)/",26150,800,5102200,133313000000,-150,false,-0.57
"PDR",135902,"/Date(1702882779000)/",26150,3500,5101400,133293000000,-150,false,-0.57
"PDR",135859,"/Date(1702882777000)/",26100,2000,5097900,133201000000,-200,true,-0.76
"PDR",135853,"/Date(1702882770000)/",26100,500,5095900,133149000000,-200,true,-0.76
"PDR",135834,"/Date(1702882751000)/",26100,1700,5095400,133136000000,-200,true,-0.76
"PDR",135759,"/Date(1702882718000)/",26100,500,5093700,133091000000,-200,true,-0.76
"PDR",135759,"/Date(1702882718000)/",26100,1000,5093200,133078000000,-200,true,-0.76
"PDR",135759,"/Date(1702882718000)/",26100,200,5092200,133052000000,-200,true,-0.76
"PDR",135736,"/Date(1702882695000)/",26150,200,5092000,133047000000,-150,false,-0.57
"PDR",135733,"/Date(1702882689000)/",26100,100,5091800,133042000000,-200,false,-0.76
"PDR",135730,"/Date(1702882689000)/",26100,300,5091700,133039000000,-200,false,-0.76
"PDR",135730,"/Date(1702882687000)/",26100,5000,5091400,133031000000,-200,false,-0.76
"PDR",135730,"/Date(1702882686000)/",26100,200,5086400,132901000000,-200,false,-0.76
"PDR",135730,"/Date(1702882686000)/",26100,500,5086200,132896000000,-200,false,-0.76
"PDR",135727,"/Date(1702882685000)/",26100,500,5085700,132883000000,-200,false,-0.76
"PDR",135727,"/Date(1702882685000)/",26100,5000,5085200,132870000000,-200,false,-0.76
"PDR",135727,"/Date(1702882684000)/",26050,1700,5080200,132739000000,-250,true,-0.95
"PDR",135727,"/Date(1702882684000)/",26100,1000,5078500,132695000000,-200,false,-0.76
"PDR",135727,"/Date(1702882684000)/",26100,1000,5077500,132669000000,-200,false,-0.76
"PDR",135727,"/Date(1702882684000)/",26100,1000,5076500,132643000000,-200,false,-0.76
"PDR",135724,"/Date(1702882682000)/",26100,5000,5075500,132616000000,-200,false,-0.76
"PDR",135724,"/Date(1702882681000)/",26100,900,5070500,132486000000,-200,false,-0.76
"PDR",135724,"/Date(1702882680000)/",26100,200,5069600,132462000000,-200,false,-0.76
"PDR",135720,"/Date(1702882678000)/",26100,800,5069400,132457000000,-200,false,-0.76
"PDR",135717,"/Date(1702882675000)/",26100,100,5068600,132436000000,-200,false,-0.76
