"Stockcode","Package","TradingDate","Price","Vol","TotalVol","TotalVal","Change","IsBuy","PerChange"
"TPB",144421,"/Date(1702885500000)/",16900,131600,3076300,52033000000,-50,false,-0.29
"TPB",142844,"/Date(1702884566000)/",16900,900,2944700,49809000000,-50,true,-0.29
"TPB",142844,"/Date(1702884566000)/",16900,1600,2943800,49794000000,-50,true,-0.29
"TPB",142844,"/Date(1702884564000)/",16900,3400,2942200,49767000000,-50,true,-0.29
"TPB",142844,"/Date(1702884564000)/",16900,400,2938800,49709000000,-50,true,-0.29
"TPB",142844,"/Date(1702884564000)/",16900,100,2938400,49703000000,-50,true,-0.29
"TPB",142844,"/Date(1702884564000)/",16900,100,2938300,49701000000,-50,true,-0.29
"TPB",142844,"/Date(1702884564000)/",16900,300,2938200,49699000000,-50,true,-0.29
"TPB",142844,"/Date(1702884564000)/",16900,100,2937900,49694000000,-50,true,-0.29
"TPB",142844,"/Date(1702884564000)/",16900,2200,2937800,49692000000,-50,true,-0.29
"TPB",142844,"/Date(1702884564000)/",16900,10000,2935600,49655000000,-50,true,-0.29
"TPB",142844,"/Date(1702884564000)/",16900,3800,2925600,49486000000,-50,true,-0.29
"TPB",142844,"/Date(1702884563000)/",16900,100,2921800,49422000000,-50,true,-0.29
"TPB",142834,"/Date(1702884555000)/",16900,100,2921700,49420000000,-50,true,-0.29
"TPB",142831,"/Date(1702884553000)/",16900,1000,2921600,49419000000,-50,true,-0.29
"TPB",142818,"/Date(1702884537000)/",16900,20000,2920600,49402000000,-50,true,-0.29
"TPB",142815,"/Date(1702884535000)/",16900,1600,2900600,49064000000,-50,true,-0.29
"TPB",142815,"/Date(1702884534000)/",16900,2000,2899000,49037000000,-50,true,-0.29
"TPB",142759,"/Date(1702884520000)/",16900,1000,2897000,49003000000,-50,true,-0.29
"TPB",142752,"/Date(1702884513000)/",16900,4400,2896000,48986000000,-50,true,-0.29
"TPB",142749,"/Date(1702884512000)/",16900,4400,2891600,48912000000,-50,true,-0.29
"TPB",142749,"/Date(1702884510000)/",16900,4200,2887200,48837000000,-50,true,-0.29
"TPB",142749,"/Date(1702884510000)/",16900,4200,2883000,48766000000,-50,true,-0.29
"TPB",142746,"/Date(1702884506000)/",16900,4400,2878800,48695000000,-50,true,-0.29
"TPB",142743,"/Date(1702884503000)/",16900,4400,2874400,48621000000,-50,true,-0.29
"TPB",142740,"/Date(1702884502000)/",16900,4400,2870000,48547000000,-50,true,-0.29
"TPB",142740,"/Date(1702884500000)/",16900,4400,2865600,48472000000,-50,true,-0.29
"TPB",142727,"/Date(1702884488000)/",16950,500,2861200,48398000000,0,false,0
"TPB",142717,"/Date(1702884479000)/",16900,5000,2860700,48389000000,-50,true,-0.29
"TPB",142717,"/Date(1702884477000)/",16900,1500,2855700,48305000000,-50,true,-0.29
"TPB",142708,"/Date(1702884468000)/",16900,3000,2854200,48280000000,-50,true,-0.29
"TPB",142705,"/Date(1702884467000)/",16900,3000,2851200,48229000000,-50,true,-0.29
"TPB",142655,"/Date(1702884455000)/",16900,3000,2848200,48178000000,-50,true,-0.29
"TPB",142642,"/Date(1702884443000)/",16900,1000,2845200,48127000000,-50,true,-0.29
"TPB",142639,"/Date(1702884440000)/",16900,2000,2844200,48111000000,-50,true,-0.29
"TPB",142551,"/Date(1702884392000)/",16900,6600,2842200,48077000000,-50,true,-0.29
"TPB",142545,"/Date(1702884386000)/",16900,6600,2835600,47965000000,-50,true,-0.29
"TPB",142541,"/Date(1702884383000)/",16900,100,2829000,47854000000,-50,true,-0.29
"TPB",142538,"/Date(1702884380000)/",16900,1000,2828900,47852000000,-50,true,-0.29
"TPB",142535,"/Date(1702884376000)/",16900,6600,2827900,47835000000,-50,true,-0.29
"TPB",142516,"/Date(1702884357000)/",16900,9000,2821300,47724000000,-50,true,-0.29
"TPB",142516,"/Date(1702884356000)/",16950,400,2812300,47571000000,0,false,0
"TPB",142513,"/Date(1702884354000)/",16950,1000,2811900,47565000000,0,false,0
"TPB",142457,"/Date(1702884338000)/",16950,2700,2810900,47548000000,0,false,0
"TPB",142457,"/Date(1702884338000)/",16950,2300,2808200,47502000000,0,false,0
"TPB",142450,"/Date(1702884331000)/",16900,4400,2805900,47463000000,-50,true,-0.29
"TPB",142450,"/Date(1702884330000)/",16900,1600,2801500,47389000000,-50,true,-0.29
"TPB",142450,"/Date(1702884330000)/",16900,2800,2799900,47362000000,-50,true,-0.29
"TPB",142447,"/Date(1702884329000)/",16950,400,2797100,47314000000,0,false,0
"TPB",142421,"/Date(1702884302000)/",16950,500,2796700,47307000000,0,false,0
"TPB",142356,"/Date(1702884276000)/",16950,500,2796200,47299000000,0,false,0
"TPB",142340,"/Date(1702884259000)/",16950,1000,2795700,47290000000,0,false,0
"TPB",142330,"/Date(1702884250000)/",16900,6600,2794700,47274000000,-50,true,-0.29
"TPB",142321,"/Date(1702884242000)/",16900,400,2788100,47162000000,-50,true,-0.29
"TPB",142321,"/Date(1702884242000)/",16900,500,2787700,47155000000,-50,true,-0.29
"TPB",142321,"/Date(1702884242000)/",16900,900,2787200,47147000000,-50,true,-0.29
"TPB",142321,"/Date(1702884242000)/",16900,100,2786300,47132000000,-50,true,-0.29
"TPB",142321,"/Date(1702884242000)/",16900,2500,2786200,47130000000,-50,true,-0.29
"TPB",142318,"/Date(1702884237000)/",16900,500,2783700,47088000000,-50,true,-0.29
"TPB",142318,"/Date(1702884237000)/",16900,100,2783200,47079000000,-50,true,-0.29
"TPB",142318,"/Date(1702884237000)/",16900,200,2783100,47077000000,-50,true,-0.29
"TPB",142318,"/Date(1702884237000)/",16900,2500,2782900,47074000000,-50,true,-0.29
"TPB",142318,"/Date(1702884237000)/",16900,100,2780400,47032000000,-50,true,-0.29
"TPB",142318,"/Date(1702884237000)/",16900,100,2780300,47030000000,-50,true,-0.29
"TPB",142318,"/Date(1702884237000)/",16900,2000,2780200,47028000000,-50,true,-0.29
"TPB",142318,"/Date(1702884237000)/",16900,200,2778200,46995000000,-50,true,-0.29
"TPB",142318,"/Date(1702884237000)/",16900,300,2778000,46991000000,-50,true,-0.29
"TPB",142318,"/Date(1702884237000)/",16900,100,2777700,46986000000,-50,true,-0.29
"TPB",142318,"/Date(1702884237000)/",16900,500,2777600,46985000000,-50,true,-0.29
"TPB",142314,"/Date(1702884235000)/",16950,500,2777100,46976000000,0,true,0
"TPB",142314,"/Date(1702884235000)/",16950,100,2776600,46968000000,0,true,0
"TPB",142314,"/Date(1702884235000)/",16950,100,2776500,46966000000,0,true,0
"TPB",142314,"/Date(1702884235000)/",16950,100,2776400,46964000000,0,true,0
"TPB",142314,"/Date(1702884235000)/",16950,100,2776300,46963000000,0,true,0
"TPB",142314,"/Date(1702884235000)/",16950,4400,2776200,46961000000,0,true,0
"TPB",142314,"/Date(1702884235000)/",16950,1000,2771800,46886000000,0,true,0
"TPB",142311,"/Date(1702884232000)/",16950,100,2770800,46869000000,0,true,0
"TPB",142308,"/Date(1702884227000)/",16950,2900,2770700,46868000000,0,true,0
"TPB",142308,"/Date(1702884227000)/",16950,100,2767800,46818000000,0,true,0
"TPB",142308,"/Date(1702884227000)/",16950,3600,2767700,46817000000,0,true,0
"TPB",142305,"/Date(1702884227000)/",16950,5000,2764100,46756000000,0,true,0
"TPB",142305,"/Date(1702884225000)/",16950,1000,2759100,46671000000,0,true,0
"TPB",142305,"/Date(1702884224000)/",17000,100,2758100,46654000000,50,false,0.29
"TPB",142302,"/Date(1702884223000)/",16950,10000,2758000,46652000000,0,true,0
"TPB",142302,"/Date(1702884221000)/",16950,1000,2748000,46483000000,0,true,0
"TPB",142258,"/Date(1702884218000)/",17000,500,2747000,46466000000,50,false,0.29
"TPB",142255,"/Date(1702884217000)/",16950,6600,2746500,46457000000,0,true,0
"TPB",142252,"/Date(1702884212000)/",17000,1200,2739900,46346000000,50,false,0.29
"TPB",142249,"/Date(1702884209000)/",17000,100,2738700,46325000000,50,false,0.29
"TPB",142242,"/Date(1702884203000)/",16950,4800,2738600,46323000000,0,true,0
"TPB",142242,"/Date(1702884203000)/",16950,300,2733800,46242000000,0,true,0
"TPB",142242,"/Date(1702884203000)/",16950,100,2733500,46237000000,0,true,0
"TPB",142242,"/Date(1702884203000)/",16950,1400,2733400,46235000000,0,true,0
"TPB",142242,"/Date(1702884202000)/",17000,300,2732000,46212000000,50,false,0.29
"TPB",142230,"/Date(1702884190000)/",17000,500,2731700,46206000000,50,false,0.29
"TPB",142220,"/Date(1702884179000)/",16950,200,2731200,46198000000,0,true,0
"TPB",142210,"/Date(1702884170000)/",16950,6600,2731000,46195000000,0,true,0
"TPB",142210,"/Date(1702884170000)/",16950,600,2724400,46083000000,0,true,0
"TPB",142204,"/Date(1702884163000)/",17000,500,2723800,46073000000,50,false,0.29
"TPB",142148,"/Date(1702884148000)/",17000,200,2723300,46064000000,50,false,0.29
"TPB",142135,"/Date(1702884136000)/",17000,500,2723100,46061000000,50,false,0.29
"TPB",142126,"/Date(1702884127000)/",17000,2000,2722600,46052000000,50,false,0.29
"TPB",142126,"/Date(1702884127000)/",17000,3000,2720600,46018000000,50,false,0.29
"TPB",142113,"/Date(1702884112000)/",17000,500,2717600,45967000000,50,false,0.29
"TPB",142110,"/Date(1702884109000)/",17000,500,2717100,45959000000,50,false,0.29
"TPB",142106,"/Date(1702884106000)/",17000,200,2716600,45950000000,50,false,0.29
"TPB",142106,"/Date(1702884106000)/",17000,100,2716400,45947000000,50,false,0.29
"TPB",142044,"/Date(1702884086000)/",17000,200,2716300,45945000000,50,false,0.29
"TPB",142041,"/Date(1702884082000)/",17000,100,2716100,45942000000,50,false,0.29
"TPB",142041,"/Date(1702884082000)/",17000,500,2716000,45940000000,50,false,0.29
"TPB",142015,"/Date(1702884055000)/",17000,500,2715500,45931000000,50,false,0.29
"TPB",142003,"/Date(1702884042000)/",16950,200,2715000,45923000000,0,true,0
"TPB",141950,"/Date(1702884029000)/",16950,1200,2714800,45920000000,0,true,0
"TPB",141947,"/Date(1702884028000)/",17000,200,2713600,45899000000,50,false,0.29
"TPB",141947,"/Date(1702884028000)/",17000,300,2713400,45896000000,50,false,0.29
"TPB",141947,"/Date(1702884026000)/",17000,1000,2713100,45891000000,50,false,0.29
"TPB",141921,"/Date(1702884002000)/",17000,500,2712100,45874000000,50,false,0.29
"TPB",141918,"/Date(1702883999000)/",16950,4000,2711600,45865000000,0,true,0
"TPB",141856,"/Date(1702883975000)/",17000,200,2707600,45797000000,50,false,0.29
"TPB",141856,"/Date(1702883975000)/",17000,100,2707400,45794000000,50,false,0.29
"TPB",141856,"/Date(1702883975000)/",17000,300,2707300,45792000000,50,false,0.29
"TPB",141833,"/Date(1702883953000)/",16950,1000,2707000,45787000000,0,true,0
"TPB",141827,"/Date(1702883947000)/",17000,600,2706000,45770000000,50,false,0.29
"TPB",141801,"/Date(1702883920000)/",17000,200,2705400,45760000000,50,false,0.29
"TPB",141801,"/Date(1702883920000)/",17000,100,2705200,45757000000,50,false,0.29
"TPB",141801,"/Date(1702883920000)/",17000,300,2705100,45755000000,50,false,0.29
"TPB",141739,"/Date(1702883900000)/",16950,2000,2704800,45750000000,0,true,0
"TPB",141736,"/Date(1702883897000)/",17000,300,2702800,45716000000,50,false,0.29
"TPB",141733,"/Date(1702883893000)/",17000,500,2702500,45711000000,50,false,0.29
"TPB",141720,"/Date(1702883879000)/",17000,1400,2702000,45702000000,50,false,0.29
"TPB",141720,"/Date(1702883879000)/",17000,500,2700600,45679000000,50,false,0.29
"TPB",141720,"/Date(1702883879000)/",17000,100,2700100,45670000000,50,false,0.29
"TPB",141707,"/Date(1702883866000)/",17000,600,2700000,45668000000,50,false,0.29
"TPB",141638,"/Date(1702883839000)/",17000,200,2699400,45658000000,50,false,0.29
"TPB",141638,"/Date(1702883839000)/",17000,400,2699200,45655000000,50,false,0.29
"TPB",141613,"/Date(1702883812000)/",17000,600,2698800,45648000000,50,false,0.29
"TPB",141544,"/Date(1702883785000)/",17000,600,2698200,45638000000,50,false,0.29
"TPB",141531,"/Date(1702883772000)/",16950,100,2697600,45628000000,0,true,0
"TPB",141528,"/Date(1702883767000)/",16950,500,2697500,45626000000,0,true,0
"TPB",141519,"/Date(1702883758000)/",17000,500,2697000,45617000000,50,false,0.29
"TPB",141519,"/Date(1702883758000)/",17000,100,2696500,45609000000,50,false,0.29
"TPB",141453,"/Date(1702883731000)/",17000,600,2696400,45607000000,50,false,0.29
"TPB",141443,"/Date(1702883723000)/",16950,3000,2695800,45597000000,0,true,0
"TPB",141424,"/Date(1702883704000)/",17000,400,2692800,45546000000,50,false,0.29
"TPB",141424,"/Date(1702883704000)/",17000,200,2692400,45539000000,50,false,0.29
"TPB",141408,"/Date(1702883689000)/",16950,100,2692200,45536000000,0,true,0
"TPB",141359,"/Date(1702883677000)/",17000,600,2692100,45534000000,50,false,0.29
"TPB",141333,"/Date(1702883652000)/",16950,1600,2691500,45524000000,0,true,0
"TPB",141330,"/Date(1702883651000)/",16950,10000,2689900,45497000000,0,true,0
"TPB",141330,"/Date(1702883650000)/",17000,600,2679900,45327000000,50,false,0.29
"TPB",141314,"/Date(1702883632000)/",17000,5000,2679300,45317000000,50,false,0.29
"TPB",141308,"/Date(1702883627000)/",17000,100,2674300,45232000000,50,false,0.29
"TPB",141305,"/Date(1702883623000)/",17000,600,2674200,45230000000,50,false,0.29
"TPB",141242,"/Date(1702883602000)/",17000,2900,2673600,45220000000,50,false,0.29
"TPB",141242,"/Date(1702883602000)/",17000,1000,2670700,45171000000,50,false,0.29
"TPB",141242,"/Date(1702883602000)/",17000,2000,2669700,45154000000,50,false,0.29
"TPB",141239,"/Date(1702883597000)/",17000,600,2667700,45120000000,50,false,0.29
"TPB",141210,"/Date(1702883569000)/",17000,400,2667100,45110000000,50,false,0.29
"TPB",141210,"/Date(1702883569000)/",17000,200,2666700,45103000000,50,false,0.29
"TPB",141142,"/Date(1702883542000)/",17000,600,2666500,45100000000,50,false,0.29
"TPB",141126,"/Date(1702883523000)/",17000,100,2665900,45089000000,50,false,0.29
"TPB",141116,"/Date(1702883515000)/",17000,100,2665800,45088000000,50,false,0.29
"TPB",141116,"/Date(1702883515000)/",17000,500,2665700,45086000000,50,false,0.29
"TPB",141113,"/Date(1702883513000)/",17000,800,2665200,45077000000,50,false,0.29
"TPB",141047,"/Date(1702883488000)/",17000,600,2664400,45064000000,50,false,0.29
"TPB",141022,"/Date(1702883461000)/",17000,600,2663800,45054000000,50,false,0.29
"TPB",141012,"/Date(1702883453000)/",17000,2200,2663200,45043000000,50,false,0.29
"TPB",141012,"/Date(1702883451000)/",17000,100,2661000,45006000000,50,false,0.29
"TPB",140956,"/Date(1702883434000)/",17000,700,2660900,45004000000,50,false,0.29
"TPB",140934,"/Date(1702883414000)/",17000,600,2660200,44992000000,50,false,0.29
"TPB",140931,"/Date(1702883411000)/",17000,1000,2659600,44982000000,50,false,0.29
"TPB",140928,"/Date(1702883407000)/",17000,600,2658600,44965000000,50,false,0.29
"TPB",140902,"/Date(1702883380000)/",17000,600,2658000,44955000000,50,false,0.29
"TPB",140833,"/Date(1702883353000)/",17000,600,2657400,44945000000,50,false,0.29
"TPB",140827,"/Date(1702883348000)/",17000,100,2656800,44935000000,50,false,0.29
"TPB",140827,"/Date(1702883348000)/",17000,100,2656700,44933000000,50,false,0.29
"TPB",140814,"/Date(1702883335000)/",17000,4200,2656600,44931000000,50,false,0.29
"TPB",140814,"/Date(1702883335000)/",17000,2800,2652400,44860000000,50,false,0.29
"TPB",140811,"/Date(1702883331000)/",17000,100,2649600,44812000000,50,false,0.29
"TPB",140808,"/Date(1702883326000)/",17000,600,2649500,44811000000,50,false,0.29
"TPB",140755,"/Date(1702883315000)/",17000,700,2648900,44800000000,50,false,0.29
"TPB",140755,"/Date(1702883315000)/",17000,1500,2648200,44788000000,50,false,0.29
"TPB",140755,"/Date(1702883315000)/",17000,2200,2646700,44763000000,50,false,0.29
"TPB",140755,"/Date(1702883314000)/",17000,500,2644500,44726000000,50,false,0.29
"TPB",140755,"/Date(1702883314000)/",17000,400,2644000,44717000000,50,false,0.29
"TPB",140755,"/Date(1702883314000)/",17000,500,2643600,44710000000,50,false,0.29
"TPB",140755,"/Date(1702883314000)/",17000,800,2643100,44702000000,50,false,0.29
"TPB",140746,"/Date(1702883306000)/",17000,2200,2642300,44688000000,50,false,0.29
"TPB",140742,"/Date(1702883301000)/",16950,300,2640100,44651000000,0,true,0
"TPB",140739,"/Date(1702883299000)/",17000,600,2639800,44646000000,50,false,0.29
"TPB",140736,"/Date(1702883294000)/",17000,600,2639200,44636000000,50,false,0.29
"TPB",140736,"/Date(1702883294000)/",17000,100,2638600,44625000000,50,false,0.29
"TPB",140736,"/Date(1702883294000)/",17000,600,2638500,44624000000,50,false,0.29
"TPB",140736,"/Date(1702883294000)/",17000,100,2637900,44613000000,50,false,0.29
"TPB",140736,"/Date(1702883294000)/",17000,800,2637800,44612000000,50,false,0.29
"TPB",140730,"/Date(1702883287000)/",17000,1200,2637000,44598000000,50,false,0.29
"TPB",140730,"/Date(1702883287000)/",17000,4200,2635800,44578000000,50,false,0.29
"TPB",140730,"/Date(1702883287000)/",17000,100,2631600,44506000000,50,false,0.29
"TPB",140730,"/Date(1702883287000)/",17000,3000,2631500,44505000000,50,false,0.29
"TPB",140730,"/Date(1702883287000)/",17000,1500,2628500,44454000000,50,false,0.29
"TPB",140726,"/Date(1702883285000)/",16950,1000,2627000,44428000000,0,true,0
"TPB",140720,"/Date(1702883278000)/",17000,2700,2626000,44411000000,50,false,0.29
"TPB",140720,"/Date(1702883278000)/",17000,3000,2623300,44365000000,50,false,0.29
"TPB",140720,"/Date(1702883278000)/",17000,100,2620300,44314000000,50,false,0.29
"TPB",140720,"/Date(1702883278000)/",17000,200,2620200,44313000000,50,false,0.29
"TPB",140720,"/Date(1702883278000)/",17000,2000,2620000,44309000000,50,false,0.29
"TPB",140720,"/Date(1702883278000)/",17000,900,2618000,44275000000,50,false,0.29
"TPB",140720,"/Date(1702883278000)/",17000,2600,2617100,44260000000,50,false,0.29
"TPB",140720,"/Date(1702883278000)/",17000,2500,2614500,44216000000,50,false,0.29
"TPB",140714,"/Date(1702883272000)/",17000,100,2612000,44173000000,50,false,0.29
"TPB",140714,"/Date(1702883272000)/",17000,100,2611900,44171000000,50,false,0.29
"TPB",140714,"/Date(1702883272000)/",17000,400,2611800,44170000000,50,false,0.29
"TPB",140704,"/Date(1702883264000)/",17000,200,2611400,44163000000,50,false,0.29
"TPB",140645,"/Date(1702883245000)/",17000,700,2611200,44160000000,50,false,0.29
"TPB",140632,"/Date(1702883232000)/",16950,200,2610500,44148000000,0,true,0
"TPB",140629,"/Date(1702883229000)/",16950,1000,2610300,44144000000,0,true,0
"TPB",140619,"/Date(1702883218000)/",17000,600,2609300,44127000000,50,false,0.29
"TPB",140616,"/Date(1702883216000)/",17000,500,2608700,44117000000,50,false,0.29
"TPB",140607,"/Date(1702883204000)/",17000,100,2608200,44109000000,50,false,0.29
"TPB",140604,"/Date(1702883202000)/",16950,200,2608100,44107000000,0,true,0
"TPB",140600,"/Date(1702883200000)/",16950,1000,2607900,44104000000,0,true,0
"TPB",140551,"/Date(1702883191000)/",17000,600,2606900,44087000000,50,false,0.29
"TPB",140544,"/Date(1702883182000)/",17000,1000,2606300,44076000000,50,false,0.29
"TPB",140525,"/Date(1702883164000)/",17000,600,2605300,44059000000,50,false,0.29
"TPB",140503,"/Date(1702883142000)/",17000,1800,2604700,44049000000,50,false,0.29
"TPB",140503,"/Date(1702883142000)/",17000,100,2602900,44019000000,50,false,0.29
"TPB",140503,"/Date(1702883142000)/",17000,1200,2602800,44017000000,50,false,0.29
"TPB",140503,"/Date(1702883142000)/",17000,3000,2601600,43996000000,50,false,0.29
"TPB",140503,"/Date(1702883142000)/",17000,100,2598600,43945000000,50,false,0.29
"TPB",140503,"/Date(1702883142000)/",17000,300,2598500,43944000000,50,false,0.29
"TPB",140503,"/Date(1702883142000)/",17000,5000,2598200,43939000000,50,false,0.29
"TPB",140503,"/Date(1702883142000)/",17000,10000,2593200,43854000000,50,false,0.29
"TPB",140503,"/Date(1702883142000)/",17000,4200,2583200,43684000000,50,false,0.29
"TPB",140503,"/Date(1702883142000)/",17000,4200,2579000,43612000000,50,false,0.29
"TPB",140503,"/Date(1702883142000)/",17000,4200,2574800,43541000000,50,false,0.29
"TPB",140503,"/Date(1702883142000)/",17000,4200,2570600,43469000000,50,false,0.29
"TPB",140503,"/Date(1702883142000)/",17000,300,2566400,43398000000,50,false,0.29
"TPB",140503,"/Date(1702883142000)/",17000,4200,2566100,43393000000,50,false,0.29
"TPB",140503,"/Date(1702883142000)/",17000,1000,2561900,43322000000,50,false,0.29
"TPB",140503,"/Date(1702883142000)/",17000,100,2560900,43305000000,50,false,0.29
"TPB",140503,"/Date(1702883142000)/",17000,10000,2560800,43303000000,50,false,0.29
"TPB",140503,"/Date(1702883142000)/",17000,200,2550800,43133000000,50,false,0.29
"TPB",140503,"/Date(1702883142000)/",17000,4000,2550600,43129000000,50,false,0.29
"TPB",140503,"/Date(1702883142000)/",17000,100,2546600,43061000000,50,false,0.29
"TPB",140503,"/Date(1702883142000)/",17000,200,2546500,43060000000,50,false,0.29
"TPB",140503,"/Date(1702883142000)/",17000,700,2546300,43056000000,50,false,0.29
"TPB",140503,"/Date(1702883142000)/",17000,100,2545600,43044000000,50,false,0.29
"TPB",140503,"/Date(1702883142000)/",17000,2000,2545500,43043000000,50,false,0.29
"TPB",140503,"/Date(1702883142000)/",17000,200,2543500,43009000000,50,false,0.29
"TPB",140503,"/Date(1702883142000)/",17000,100,2543300,43005000000,50,false,0.29
"TPB",140503,"/Date(1702883142000)/",17000,200,2543200,43004000000,50,false,0.29
"TPB",140503,"/Date(1702883142000)/",17000,100,2543000,43000000000,50,false,0.29
"TPB",140503,"/Date(1702883142000)/",17000,500,2542900,42999000000,50,false,0.29
"TPB",140503,"/Date(1702883142000)/",17000,1000,2542400,42990000000,50,false,0.29
"TPB",140503,"/Date(1702883142000)/",17000,200,2541400,42973000000,50,false,0.29
"TPB",140503,"/Date(1702883142000)/",17000,500,2541200,42970000000,50,false,0.29
"TPB",140503,"/Date(1702883142000)/",17000,200,2540700,42961000000,50,false,0.29
"TPB",140503,"/Date(1702883142000)/",17000,1000,2540500,42958000000,50,false,0.29
"TPB",140503,"/Date(1702883142000)/",17000,200,2539500,42941000000,50,false,0.29
"TPB",140503,"/Date(1702883142000)/",17000,300,2539300,42937000000,50,false,0.29
"TPB",140503,"/Date(1702883142000)/",17000,400,2539000,42932000000,50,false,0.29
"TPB",140503,"/Date(1702883142000)/",17000,300,2538600,42925000000,50,false,0.29
"TPB",140503,"/Date(1702883142000)/",17000,1000,2538300,42920000000,50,false,0.29
"TPB",140503,"/Date(1702883142000)/",17000,22600,2537300,42903000000,50,false,0.29
"TPB",140459,"/Date(1702883137000)/",17000,700,2514700,42519000000,50,false,0.29
"TPB",140453,"/Date(1702883132000)/",17000,200,2514000,42507000000,50,false,0.29
"TPB",140450,"/Date(1702883129000)/",17000,4000,2513800,42504000000,50,false,0.29
"TPB",140431,"/Date(1702883110000)/",17000,600,2509800,42436000000,50,false,0.29
"TPB",140431,"/Date(1702883109000)/",16950,200,2509200,42426000000,0,true,0
"TPB",140405,"/Date(1702883083000)/",17000,700,2509000,42422000000,50,false,0.29
"TPB",140402,"/Date(1702883080000)/",17000,300,2508300,42410000000,50,false,0.29
"TPB",140346,"/Date(1702883066000)/",17000,100,2508000,42405000000,50,false,0.29
"TPB",140337,"/Date(1702883056000)/",17000,700,2507900,42404000000,50,false,0.29
"TPB",140311,"/Date(1702883029000)/",17000,100,2507200,42392000000,50,false,0.29
"TPB",140311,"/Date(1702883029000)/",17000,600,2507100,42390000000,50,false,0.29
"TPB",140242,"/Date(1702883002000)/",17000,700,2506500,42380000000,50,false,0.29
"TPB",140236,"/Date(1702882993000)/",16950,100,2505800,42368000000,0,true,0
"TPB",140223,"/Date(1702882982000)/",16950,600,2505700,42366000000,0,true,0
"TPB",140217,"/Date(1702882975000)/",17000,700,2505100,42356000000,50,false,0.29
"TPB",140148,"/Date(1702882948000)/",17000,600,2504400,42344000000,50,false,0.29
"TPB",140139,"/Date(1702882938000)/",17000,1000,2503800,42334000000,50,false,0.29
"TPB",140135,"/Date(1702882933000)/",17000,400,2502800,42317000000,50,false,0.29
"TPB",140135,"/Date(1702882933000)/",17000,7800,2502400,42310000000,50,false,0.29
"TPB",140126,"/Date(1702882923000)/",17000,9400,2494600,42178000000,50,false,0.29
"TPB",140123,"/Date(1702882921000)/",17000,700,2485200,42018000000,50,false,0.29
"TPB",140116,"/Date(1702882914000)/",17000,8300,2484500,42006000000,50,false,0.29
"TPB",140110,"/Date(1702882908000)/",16950,500,2476200,41865000000,0,true,0
"TPB",140107,"/Date(1702882906000)/",17000,7200,2475700,41856000000,50,false,0.29
"TPB",140057,"/Date(1702882896000)/",17000,5600,2468500,41734000000,50,false,0.29
"TPB",140054,"/Date(1702882894000)/",17000,700,2462900,41639000000,50,false,0.29
"TPB",140044,"/Date(1702882884000)/",17000,11000,2462200,41627000000,50,false,0.29
"TPB",140038,"/Date(1702882875000)/",17000,8900,2451200,41440000000,50,false,0.29
"TPB",140028,"/Date(1702882867000)/",17000,700,2442300,41288000000,50,false,0.29
"TPB",140028,"/Date(1702882866000)/",17000,7900,2441600,41277000000,50,false,0.29
"TPB",140016,"/Date(1702882855000)/",17000,7600,2433700,41142000000,50,false,0.29
"TPB",140012,"/Date(1702882852000)/",16950,100,2426100,41013000000,0,true,0
"TPB",140009,"/Date(1702882849000)/",16950,5800,2426000,41011000000,0,true,0
"TPB",140009,"/Date(1702882849000)/",16950,2200,2420200,40913000000,0,true,0
"TPB",140009,"/Date(1702882848000)/",16950,7200,2418000,40876000000,0,true,0
"TPB",140003,"/Date(1702882841000)/",17000,5400,2410800,40754000000,50,false,0.29
"TPB",140003,"/Date(1702882839000)/",17000,700,2405400,40662000000,50,false,0.29
"TPB",135953,"/Date(1702882830000)/",17000,7600,2404700,40650000000,50,false,0.29
"TPB",135944,"/Date(1702882823000)/",17000,8000,2397100,40521000000,50,false,0.29
"TPB",135941,"/Date(1702882818000)/",16900,12100,2389100,40385000000,-50,true,-0.29
"TPB",135934,"/Date(1702882813000)/",17000,700,2377000,40180000000,50,false,0.29
"TPB",135928,"/Date(1702882806000)/",17000,5100,2376300,40168000000,50,false,0.29
"TPB",135928,"/Date(1702882806000)/",16950,200,2371200,40082000000,0,false,0
"TPB",135928,"/Date(1702882806000)/",16950,500,2371000,40078000000,0,false,0
"TPB",135928,"/Date(1702882806000)/",16950,3000,2370500,40070000000,0,false,0
"TPB",135928,"/Date(1702882806000)/",16950,3200,2367500,40019000000,0,false,0
"TPB",135925,"/Date(1702882802000)/",16950,100,2364300,39965000000,0,false,0
"TPB",135909,"/Date(1702882785000)/",16950,700,2364200,39963000000,0,false,0
"TPB",135840,"/Date(1702882758000)/",16950,200,2363500,39951000000,0,false,0
"TPB",135840,"/Date(1702882758000)/",16950,500,2363300,39948000000,0,false,0
"TPB",135818,"/Date(1702882736000)/",16950,200,2362800,39939000000,0,false,0
"TPB",135815,"/Date(1702882731000)/",16950,700,2362600,39936000000,0,false,0
"TPB",135755,"/Date(1702882714000)/",16950,2800,2361900,39924000000,0,false,0
"TPB",135755,"/Date(1702882714000)/",16950,100,2359100,39877000000,0,false,0
"TPB",135755,"/Date(1702882714000)/",16950,1000,2359000,39875000000,0,false,0
"TPB",135755,"/Date(1702882714000)/",16950,100,2358000,39858000000,0,false,0
"TPB",135755,"/Date(1702882714000)/",16950,2500,2357900,39856000000,0,false,0
"TPB",135755,"/Date(1702882714000)/",16950,200,2355400,39814000000,0,false,0
"TPB",135755,"/Date(1702882714000)/",16950,10000,2355200,39811000000,0,false,0
"TPB",135755,"/Date(1702882714000)/",16950,1000,2345200,39641000000,0,false,0
"TPB",135755,"/Date(1702882714000)/",16950,7600,2344200,39624000000,0,false,0
"TPB",135755,"/Date(1702882714000)/",16950,1000,2336600,39495000000,0,false,0
"TPB",135755,"/Date(1702882714000)/",16950,3700,2335600,39478000000,0,false,0
"TPB",135746,"/Date(1702882705000)/",16950,700,2331900,39416000000,0,false,0
"TPB",135720,"/Date(1702882678000)/",16950,700,2331200,39404000000,0,false,0
"TPB",135704,"/Date(1702882662000)/",16900,700,2330500,39392000000,-50,true,-0.29
"TPB",135701,"/Date(1702882659000)/",16900,5000,2329800,39380000000,-50,true,-0.29
"TPB",135655,"/Date(1702882652000)/",16900,800,2324800,39296000000,-50,true,-0.29
"TPB",135655,"/Date(1702882652000)/",16900,200,2324000,39282000000,-50,true,-0.29
"TPB",135651,"/Date(1702882650000)/",16950,700,2323800,39279000000,0,false,0
"TPB",135636,"/Date(1702882634000)/",16950,500,2323100,39267000000,0,false,0
"TPB",135626,"/Date(1702882624000)/",16950,700,2322600,39258000000,0,false,0
"TPB",135600,"/Date(1702882597000)/",16950,700,2321900,39246000000,0,false,0
"TPB",135541,"/Date(1702882577000)/",16900,100,2321200,39235000000,-50,true,-0.29
"TPB",135532,"/Date(1702882570000)/",16950,300,2321100,39233000000,0,false,0
"TPB",135532,"/Date(1702882570000)/",16950,400,2320800,39228000000,0,false,0
"TPB",135506,"/Date(1702882543000)/",16950,700,2320400,39221000000,0,false,0
"TPB",135437,"/Date(1702882516000)/",16950,700,2319700,39209000000,0,false,0
"TPB",135412,"/Date(1702882489000)/",16950,700,2319000,39197000000,0,false,0
"TPB",135343,"/Date(1702882462000)/",16950,700,2318300,39185000000,0,false,0
"TPB",135337,"/Date(1702882456000)/",16950,1800,2317600,39174000000,0,false,0
"TPB",135337,"/Date(1702882456000)/",16950,200,2315800,39143000000,0,false,0
"TPB",135334,"/Date(1702882451000)/",16950,200,2315600,39140000000,0,false,0
"TPB",135327,"/Date(1702882443000)/",16950,6600,2315400,39136000000,0,false,0
"TPB",135324,"/Date(1702882442000)/",16950,2000,2308800,39024000000,0,false,0
"TPB",135321,"/Date(1702882439000)/",16950,600,2306800,38990000000,0,false,0
"TPB",135318,"/Date(1702882435000)/",16950,400,2306200,38980000000,0,false,0
"TPB",135318,"/Date(1702882435000)/",16950,300,2305800,38974000000,0,false,0
"TPB",135249,"/Date(1702882408000)/",16950,700,2305500,38968000000,0,false,0
"TPB",135243,"/Date(1702882396000)/",16950,200,2304800,38957000000,0,false,0
"TPB",135243,"/Date(1702882396000)/",16950,9800,2304600,38953000000,0,false,0
"TPB",135224,"/Date(1702882381000)/",16950,2000,2294800,38787000000,0,false,0
"TPB",135214,"/Date(1702882372000)/",16950,100,2292800,38753000000,0,false,0
"TPB",135214,"/Date(1702882372000)/",16950,700,2292700,38751000000,0,false,0
"TPB",135214,"/Date(1702882372000)/",16950,7400,2292000,38740000000,0,false,0
"TPB",135208,"/Date(1702882365000)/",16950,2000,2284600,38614000000,0,true,0
"TPB",135152,"/Date(1702882349000)/",17000,700,2282600,38580000000,50,false,0.29
"TPB",135148,"/Date(1702882347000)/",17000,48000,2281900,38568000000,50,false,0.29
"TPB",135148,"/Date(1702882347000)/",17000,24000,2233900,37752000000,50,false,0.29
"TPB",135133,"/Date(1702882330000)/",17000,55000,2209900,37344000000,50,false,0.29
"TPB",135123,"/Date(1702882321000)/",17000,700,2154900,36409000000,50,false,0.29
"TPB",135123,"/Date(1702882319000)/",17000,32000,2154200,36397000000,50,false,0.29
"TPB",135113,"/Date(1702882311000)/",17000,13500,2122200,35853000000,50,false,0.29
"TPB",135113,"/Date(1702882311000)/",17000,11500,2108700,35624000000,50,false,0.29
"TPB",135107,"/Date(1702882304000)/",17000,8900,2097200,35428000000,50,false,0.29
"TPB",135100,"/Date(1702882297000)/",17000,2200,2088300,35277000000,50,false,0.29
"TPB",135057,"/Date(1702882295000)/",17000,5800,2086100,35240000000,50,false,0.29
"TPB",135057,"/Date(1702882295000)/",17000,700,2080300,35141000000,50,false,0.29
"TPB",135048,"/Date(1702882286000)/",17000,6700,2079600,35129000000,50,false,0.29
"TPB",135038,"/Date(1702882274000)/",17000,2000,2072900,35015000000,50,false,0.29
"TPB",135038,"/Date(1702882274000)/",16950,5000,2070900,34981000000,0,false,0
"TPB",135032,"/Date(1702882267000)/",17000,700,2065900,34897000000,50,false,0.29
"TPB",135029,"/Date(1702882266000)/",17000,5600,2065200,34885000000,50,false,0.29
"TPB",135019,"/Date(1702882255000)/",17000,3700,2059600,34790000000,50,false,0.29
"TPB",135019,"/Date(1702882255000)/",16950,4100,2055900,34727000000,0,false,0
"TPB",135016,"/Date(1702882253000)/",16950,5900,2051800,34657000000,0,true,0
"TPB",135016,"/Date(1702882253000)/",16950,4200,2045900,34557000000,0,true,0
"TPB",135003,"/Date(1702882242000)/",16950,32300,2041700,34486000000,0,false,0
"TPB",135003,"/Date(1702882241000)/",16950,1500,2009400,33938000000,0,false,0
"TPB",135003,"/Date(1702882241000)/",16950,700,2007900,33913000000,0,false,0
"TPB",135003,"/Date(1702882241000)/",16950,7800,2007200,33901000000,0,false,0
"TPB",134938,"/Date(1702882214000)/",17000,67400,1999400,33769000000,50,false,0.29
"TPB",134938,"/Date(1702882214000)/",17000,115100,1932000,32623000000,50,false,0.29
"TPB",134938,"/Date(1702882214000)/",16950,1100,1816900,30666000000,0,false,0
"TPB",134938,"/Date(1702882214000)/",16950,500,1815800,30648000000,0,false,0
"TPB",134938,"/Date(1702882214000)/",16950,10000,1815300,30639000000,0,false,0
"TPB",134938,"/Date(1702882214000)/",16950,4200,1805300,30470000000,0,false,0
"TPB",134938,"/Date(1702882214000)/",16950,4200,1801100,30399000000,0,false,0
"TPB",134938,"/Date(1702882214000)/",16950,105200,1796900,30327000000,0,false,0
"TPB",134938,"/Date(1702882214000)/",16950,2800,1691700,28544000000,0,false,0
"TPB",134938,"/Date(1702882214000)/",16950,200,1688900,28497000000,0,false,0
"TPB",134938,"/Date(1702882214000)/",16950,300,1688700,28493000000,0,false,0
"TPB",134938,"/Date(1702882214000)/",16950,2000,1688400,28488000000,0,false,0
"TPB",134938,"/Date(1702882214000)/",16950,500,1686400,28454000000,0,false,0
"TPB",134938,"/Date(1702882214000)/",16950,300,1685900,28446000000,0,false,0
"TPB",134938,"/Date(1702882214000)/",16950,500,1685600,28441000000,0,false,0
"TPB",134938,"/Date(1702882214000)/",16950,200,1685100,28432000000,0,false,0
"TPB",134938,"/Date(1702882214000)/",16950,100,1684900,28429000000,0,false,0
"TPB",134938,"/Date(1702882214000)/",16950,700,1684800,28427000000,0,false,0
"TPB",134938,"/Date(1702882214000)/",16950,700,1684100,28416000000,0,false,0
"TPB",134931,"/Date(1702882207000)/",16950,2500,1683400,28404000000,0,false,0
"TPB",134931,"/Date(1702882207000)/",16950,600,1680900,28361000000,0,false,0
"TPB",134931,"/Date(1702882207000)/",16950,300,1680300,28351000000,0,false,0
"TPB",134931,"/Date(1702882207000)/",16950,400,1680000,28346000000,0,false,0
"TPB",134931,"/Date(1702882207000)/",16950,1000,1679600,28339000000,0,false,0
"TPB",134931,"/Date(1702882207000)/",16950,200,1678600,28322000000,0,false,0
"TPB",134925,"/Date(1702882202000)/",16950,1000,1678400,28319000000,0,false,0
"TPB",134925,"/Date(1702882200000)/",16900,2000,1677400,28302000000,-50,true,-0.29
"TPB",134922,"/Date(1702882200000)/",16900,3000,1675400,28268000000,-50,true,-0.29
"TPB",134909,"/Date(1702882187000)/",16950,700,1672400,28217000000,0,false,0
"TPB",134843,"/Date(1702882159000)/",16950,700,1671700,28206000000,0,false,0
"TPB",134811,"/Date(1702882130000)/",16950,1900,1671000,28194000000,0,false,0
"TPB",134811,"/Date(1702882130000)/",16950,100,1669100,28162000000,0,false,0
"TPB",134811,"/Date(1702882130000)/",16950,800,1669000,28160000000,0,false,0
"TPB",134811,"/Date(1702882130000)/",16950,100,1668200,28146000000,0,false,0
"TPB",134811,"/Date(1702882130000)/",16950,100,1668100,28145000000,0,false,0
"TPB",134811,"/Date(1702882130000)/",16950,300,1668000,28143000000,0,false,0
"TPB",134811,"/Date(1702882130000)/",16950,6000,1667700,28138000000,0,false,0
"TPB",134811,"/Date(1702882130000)/",16950,2000,1661700,28036000000,0,false,0
"TPB",134811,"/Date(1702882130000)/",16950,100,1659700,28002000000,0,false,0
"TPB",134811,"/Date(1702882130000)/",16950,10000,1659600,28000000000,0,false,0
"TPB",134811,"/Date(1702882130000)/",16950,2000,1649600,27831000000,0,false,0
"TPB",134811,"/Date(1702882130000)/",16950,100,1647600,27797000000,0,false,0
"TPB",134811,"/Date(1702882130000)/",16950,100,1647500,27795000000,0,false,0
"TPB",134811,"/Date(1702882130000)/",16950,2200,1647400,27794000000,0,false,0
"TPB",134811,"/Date(1702882130000)/",16900,1000,1645200,27756000000,-50,false,-0.29
"TPB",134811,"/Date(1702882130000)/",16900,200,1644200,27740000000,-50,false,-0.29
"TPB",134811,"/Date(1702882130000)/",16900,1000,1644000,27736000000,-50,false,-0.29
"TPB",134749,"/Date(1702882106000)/",16900,700,1643000,27719000000,-50,true,-0.29
"TPB",134749,"/Date(1702882106000)/",16900,200,1642300,27707000000,-50,true,-0.29
"TPB",134749,"/Date(1702882106000)/",16900,100,1642100,27704000000,-50,true,-0.29
"TPB",134749,"/Date(1702882106000)/",16900,1000,1642000,27702000000,-50,true,-0.29
"TPB",134746,"/Date(1702882102000)/",16950,700,1641000,27685000000,0,false,0
"TPB",134717,"/Date(1702882075000)/",16950,700,1640300,27674000000,0,false,0
"TPB",134652,"/Date(1702882048000)/",16950,100,1639600,27662000000,0,false,0
"TPB",134652,"/Date(1702882048000)/",16950,600,1639500,27660000000,0,false,0
"TPB",134623,"/Date(1702882021000)/",16950,700,1638900,27650000000,0,false,0
"TPB",134557,"/Date(1702881995000)/",16950,700,1638200,27638000000,0,false,0
"TPB",134509,"/Date(1702881947000)/",16950,1100,1637500,27626000000,0,false,0
"TPB",134509,"/Date(1702881947000)/",16900,1100,1636400,27607000000,-50,false,-0.29
"TPB",134506,"/Date(1702881942000)/",16900,700,1635300,27589000000,-50,true,-0.29
"TPB",134506,"/Date(1702881942000)/",16900,100,1634600,27577000000,-50,true,-0.29
"TPB",134506,"/Date(1702881942000)/",16900,100,1634500,27575000000,-50,true,-0.29
"TPB",134500,"/Date(1702881935000)/",16950,700,1634400,27574000000,0,false,0
"TPB",134431,"/Date(1702881908000)/",16950,700,1633700,27562000000,0,false,0
"TPB",134425,"/Date(1702881902000)/",16950,200,1633000,27550000000,0,false,0
"TPB",134405,"/Date(1702881881000)/",16950,700,1632800,27547000000,0,false,0
"TPB",134337,"/Date(1702881854000)/",16950,700,1632100,27535000000,0,false,0
"TPB",134337,"/Date(1702881853000)/",16900,200,1631400,27523000000,-50,true,-0.29
"TPB",134330,"/Date(1702881846000)/",16900,1000,1631200,27519000000,-50,true,-0.29
"TPB",134314,"/Date(1702881830000)/",16950,700,1630200,27503000000,0,false,0
"TPB",134314,"/Date(1702881829000)/",16950,700,1629500,27491000000,0,false,0
"TPB",134314,"/Date(1702881829000)/",16950,500,1628800,27479000000,0,false,0
"TPB",134259,"/Date(1702881815000)/",16950,100,1628300,27470000000,0,false,0
"TPB",134259,"/Date(1702881814000)/",16950,6600,1628200,27469000000,0,false,0
"TPB",134259,"/Date(1702881813000)/",16950,1000,1621600,27357000000,0,false,0
"TPB",134252,"/Date(1702881808000)/",16950,1000,1620600,27340000000,0,false,0
"TPB",134252,"/Date(1702881808000)/",16950,2200,1619600,27323000000,0,false,0
"TPB",134252,"/Date(1702881807000)/",16950,1100,1617400,27286000000,0,false,0
"TPB",134252,"/Date(1702881807000)/",16950,3100,1616300,27267000000,0,false,0
"TPB",134249,"/Date(1702881805000)/",16950,2200,1613200,27214000000,0,false,0
"TPB",134249,"/Date(1702881805000)/",16950,4400,1611000,27177000000,0,false,0
"TPB",134249,"/Date(1702881805000)/",16950,2200,1606600,27103000000,0,false,0
"TPB",134246,"/Date(1702881803000)/",16950,200,1604400,27065000000,0,false,0
"TPB",134246,"/Date(1702881803000)/",16900,900,1604200,27062000000,-50,false,-0.29
"TPB",134246,"/Date(1702881803000)/",16900,1100,1603300,27047000000,-50,false,-0.29
"TPB",134246,"/Date(1702881802000)/",16900,200,1602200,27028000000,-50,false,-0.29
"TPB",134246,"/Date(1702881802000)/",16900,4000,1602000,27025000000,-50,false,-0.29
"TPB",134246,"/Date(1702881802000)/",16900,500,1598000,26957000000,-50,false,-0.29
"TPB",134243,"/Date(1702881798000)/",16900,300,1597500,26949000000,-50,false,-0.29
"TPB",134243,"/Date(1702881798000)/",16900,2000,1597200,26944000000,-50,false,-0.29
"TPB",134243,"/Date(1702881798000)/",16900,4300,1595200,26910000000,-50,false,-0.29
"TPB",134243,"/Date(1702881798000)/",16900,700,1590900,26837000000,-50,false,-0.29
"TPB",134243,"/Date(1702881798000)/",16900,300,1590200,26825000000,-50,false,-0.29
"TPB",134239,"/Date(1702881795000)/",16900,300,1589900,26820000000,-50,false,-0.29
"TPB",134239,"/Date(1702881795000)/",16900,500,1589600,26815000000,-50,false,-0.29
"TPB",134239,"/Date(1702881795000)/",16900,100,1589100,26807000000,-50,false,-0.29
"TPB",134239,"/Date(1702881795000)/",16900,100,1589000,26805000000,-50,false,-0.29
"TPB",134233,"/Date(1702881788000)/",16900,2300,1588900,26803000000,-50,false,-0.29
"TPB",134233,"/Date(1702881788000)/",16900,500,1586600,26764000000,-50,false,-0.29
"TPB",134233,"/Date(1702881788000)/",16900,1900,1586100,26756000000,-50,false,-0.29
"TPB",134223,"/Date(1702881779000)/",16900,3100,1584200,26724000000,-50,false,-0.29
"TPB",134223,"/Date(1702881779000)/",16900,1200,1581100,26671000000,-50,false,-0.29
"TPB",134217,"/Date(1702881773000)/",16900,700,1579900,26651000000,-50,false,-0.29
"TPB",134148,"/Date(1702881746000)/",16900,800,1579200,26639000000,-50,false,-0.29
"TPB",134132,"/Date(1702881730000)/",16900,1500,1578400,26626000000,-50,false,-0.29
"TPB",134132,"/Date(1702881730000)/",16900,3000,1576900,26600000000,-50,false,-0.29
"TPB",134126,"/Date(1702881722000)/",16900,700,1573900,26550000000,-50,false,-0.29
"TPB",134123,"/Date(1702881719000)/",16900,500,1573200,26538000000,-50,false,-0.29
"TPB",134123,"/Date(1702881719000)/",16900,500,1572700,26529000000,-50,false,-0.29
"TPB",134123,"/Date(1702881719000)/",16900,3700,1572200,26521000000,-50,false,-0.29
"TPB",134123,"/Date(1702881719000)/",16900,900,1568500,26458000000,-50,false,-0.29
"TPB",134117,"/Date(1702881713000)/",16900,1000,1567600,26443000000,-50,false,-0.29
"TPB",134113,"/Date(1702881711000)/",16900,100,1566600,26426000000,-50,false,-0.29
"TPB",134113,"/Date(1702881711000)/",16900,200,1566500,26425000000,-50,false,-0.29
"TPB",134113,"/Date(1702881711000)/",16900,700,1566300,26421000000,-50,false,-0.29
"TPB",134110,"/Date(1702881705000)/",16900,1000,1565600,26409000000,-50,false,-0.29
"TPB",134104,"/Date(1702881699000)/",16900,1000,1564600,26393000000,-50,false,-0.29
"TPB",134057,"/Date(1702881692000)/",16900,300,1563600,26376000000,-50,false,-0.29
"TPB",134057,"/Date(1702881692000)/",16900,400,1563300,26371000000,-50,false,-0.29
"TPB",134054,"/Date(1702881691000)/",16900,100,1562900,26364000000,-50,false,-0.29
"TPB",134051,"/Date(1702881688000)/",16900,2600,1562800,26362000000,-50,false,-0.29
"TPB",134041,"/Date(1702881677000)/",16900,4200,1560200,26318000000,-50,false,-0.29
"TPB",134029,"/Date(1702881665000)/",16900,800,1556000,26247000000,-50,false,-0.29
"TPB",134003,"/Date(1702881639000)/",16900,700,1555200,26234000000,-50,false,-0.29
"TPB",133934,"/Date(1702881611000)/",16900,800,1554500,26222000000,-50,false,-0.29
"TPB",133909,"/Date(1702881586000)/",16900,100,1553700,26208000000,-50,false,-0.29
"TPB",133909,"/Date(1702881584000)/",16900,800,1553600,26207000000,-50,false,-0.29
"TPB",133840,"/Date(1702881557000)/",16900,700,1552800,26193000000,-50,false,-0.29
"TPB",133815,"/Date(1702881530000)/",16900,700,1552100,26181000000,-50,false,-0.29
"TPB",133746,"/Date(1702881503000)/",16900,700,1551400,26170000000,-50,false,-0.29
"TPB",133720,"/Date(1702881476000)/",16900,700,1550700,26158000000,-50,false,-0.29
"TPB",133652,"/Date(1702881449000)/",16900,800,1550000,26146000000,-50,false,-0.29
"TPB",133626,"/Date(1702881422000)/",16900,700,1549200,26132000000,-50,false,-0.29
"TPB",133601,"/Date(1702881395000)/",16900,200,1548500,26120000000,-50,false,-0.29
"TPB",133601,"/Date(1702881395000)/",16900,100,1548300,26117000000,-50,false,-0.29
"TPB",133601,"/Date(1702881395000)/",16900,500,1548200,26115000000,-50,false,-0.29
"TPB",133535,"/Date(1702881370000)/",16800,100,1547700,26107000000,-150,true,-0.88
"TPB",133532,"/Date(1702881368000)/",16900,700,1547600,26105000000,-50,false,-0.29
"TPB",133507,"/Date(1702881341000)/",16900,700,1546900,26093000000,-50,false,-0.29
"TPB",133406,"/Date(1702881282000)/",16900,700,1546200,26082000000,-50,false,-0.29
"TPB",133406,"/Date(1702881282000)/",16850,100,1545500,26070000000,-100,true,-0.59
"TPB",133406,"/Date(1702881282000)/",16850,700,1545400,26068000000,-100,true,-0.59
"TPB",133406,"/Date(1702881282000)/",16850,600,1544700,26056000000,-100,true,-0.59
"TPB",133341,"/Date(1702881255000)/",16850,200,1544100,26046000000,-100,true,-0.59
"TPB",133337,"/Date(1702881252000)/",16850,100,1543900,26043000000,-100,false,-0.59
"TPB",133337,"/Date(1702881252000)/",16850,400,1543800,26041000000,-100,false,-0.59
"TPB",133337,"/Date(1702881252000)/",16850,100,1543400,26034000000,-100,false,-0.59
"TPB",133337,"/Date(1702881252000)/",16850,200,1543300,26033000000,-100,false,-0.59
"TPB",133337,"/Date(1702881252000)/",16850,10000,1543100,26029000000,-100,false,-0.59
"TPB",133337,"/Date(1702881252000)/",16850,200,1533100,25861000000,-100,false,-0.59
"TPB",133337,"/Date(1702881252000)/",16850,400,1532900,25857000000,-100,false,-0.59
"TPB",133337,"/Date(1702881252000)/",16850,2600,1532500,25851000000,-100,false,-0.59
"TPB",133328,"/Date(1702881244000)/",16850,500,1529900,25807000000,-100,false,-0.59
"TPB",133312,"/Date(1702881228000)/",16850,800,1529400,25799000000,-100,false,-0.59
"TPB",133306,"/Date(1702881222000)/",16800,100,1528600,25785000000,-150,true,-0.88
"TPB",133306,"/Date(1702881222000)/",16800,300,1528500,25783000000,-150,true,-0.88
"TPB",133306,"/Date(1702881222000)/",16800,300,1528200,25778000000,-150,true,-0.88
"TPB",133306,"/Date(1702881222000)/",16800,100,1527900,25773000000,-150,true,-0.88
"TPB",133306,"/Date(1702881222000)/",16800,200,1527800,25772000000,-150,true,-0.88
"TPB",133306,"/Date(1702881222000)/",16800,500,1527600,25768000000,-150,true,-0.88
"TPB",133253,"/Date(1702881210000)/",16800,300,1527100,25760000000,-150,true,-0.88
"TPB",133253,"/Date(1702881210000)/",16800,500,1526800,25755000000,-150,true,-0.88
"TPB",133253,"/Date(1702881210000)/",16800,3700,1526300,25746000000,-150,true,-0.88
"TPB",133253,"/Date(1702881210000)/",16800,500,1522600,25684000000,-150,true,-0.88
"TPB",133247,"/Date(1702881201000)/",16850,700,1522100,25676000000,-100,false,-0.59
"TPB",133221,"/Date(1702881175000)/",16800,100,1521400,25664000000,-150,true,-0.88
"TPB",133218,"/Date(1702881174000)/",16850,800,1521300,25662000000,-100,false,-0.59
"TPB",133152,"/Date(1702881147000)/",16850,700,1520500,25649000000,-100,false,-0.59
"TPB",133124,"/Date(1702881120000)/",16850,800,1519800,25637000000,-100,false,-0.59
"TPB",133058,"/Date(1702881093000)/",16850,700,1519000,25624000000,-100,false,-0.59
"TPB",133039,"/Date(1702881075000)/",16800,1000,1518300,25612000000,-150,true,-0.88
"TPB",133033,"/Date(1702881066000)/",16850,800,1517300,25595000000,-100,false,-0.59
"TPB",133030,"/Date(1702881065000)/",16850,100,1516500,25582000000,-100,false,-0.59
"TPB",133004,"/Date(1702881039000)/",16850,800,1516400,25580000000,-100,false,-0.59
"TPB",132939,"/Date(1702881012000)/",16850,700,1515600,25566000000,-100,false,-0.59
"TPB",132936,"/Date(1702881012000)/",16800,500,1514900,25555000000,-150,true,-0.88
"TPB",132923,"/Date(1702880998000)/",16800,3500,1514400,25546000000,-150,true,-0.88
"TPB",132923,"/Date(1702880998000)/",16800,1000,1510900,25487000000,-150,true,-0.88
"TPB",132923,"/Date(1702880998000)/",16800,500,1509900,25471000000,-150,true,-0.88
"TPB",132910,"/Date(1702880985000)/",16850,700,1509400,25462000000,-100,false,-0.59
"TPB",132851,"/Date(1702880966000)/",16850,100,1508700,25450000000,-100,false,-0.59
"TPB",132844,"/Date(1702880958000)/",16850,800,1508600,25449000000,-100,false,-0.59
"TPB",132750,"/Date(1702880906000)/",16850,400,1507800,25435000000,-100,false,-0.59
"TPB",132750,"/Date(1702880905000)/",16850,700,1507400,25428000000,-100,false,-0.59
"TPB",132750,"/Date(1702880905000)/",16850,200,1506700,25417000000,-100,false,-0.59
"TPB",132750,"/Date(1702880905000)/",16850,100,1506500,25413000000,-100,false,-0.59
"TPB",132750,"/Date(1702880905000)/",16850,200,1506400,25412000000,-100,false,-0.59
"TPB",132750,"/Date(1702880905000)/",16850,1600,1506200,25408000000,-100,false,-0.59
"TPB",132744,"/Date(1702880898000)/",16900,800,1504600,25381000000,-50,false,-0.29
"TPB",132738,"/Date(1702880892000)/",16850,100,1503800,25368000000,-100,true,-0.59
"TPB",132734,"/Date(1702880889000)/",16850,100,1503700,25366000000,-100,true,-0.59
"TPB",132725,"/Date(1702880879000)/",16900,600,1503600,25364000000,-50,false,-0.29
"TPB",132715,"/Date(1702880872000)/",16900,700,1503000,25354000000,-50,false,-0.29
"TPB",132653,"/Date(1702880847000)/",16900,300,1502300,25342000000,-50,false,-0.29
"TPB",132650,"/Date(1702880844000)/",16900,500,1502000,25337000000,-50,true,-0.29
"TPB",132624,"/Date(1702880818000)/",16950,800,1501500,25329000000,0,false,0
"TPB",132605,"/Date(1702880800000)/",16950,200,1500700,25315000000,0,false,0
"TPB",132555,"/Date(1702880790000)/",16950,800,1500500,25312000000,0,false,0
"TPB",132555,"/Date(1702880790000)/",16950,100,1499700,25298000000,0,false,0
"TPB",132530,"/Date(1702880764000)/",16950,800,1499600,25297000000,0,false,0
"TPB",132514,"/Date(1702880747000)/",16850,200,1498800,25283000000,-100,true,-0.59
"TPB",132501,"/Date(1702880737000)/",16950,700,1498600,25280000000,0,false,0
"TPB",132501,"/Date(1702880737000)/",16900,100,1497900,25268000000,-50,true,-0.29
"TPB",132501,"/Date(1702880735000)/",16850,200,1497800,25266000000,-100,true,-0.59
"TPB",132501,"/Date(1702880735000)/",16850,1600,1497600,25263000000,-100,true,-0.59
"TPB",132501,"/Date(1702880735000)/",16900,200,1496000,25236000000,-50,true,-0.29
"TPB",132445,"/Date(1702880720000)/",16950,100,1495800,25233000000,0,false,0
"TPB",132445,"/Date(1702880719000)/",16900,400,1495700,25231000000,-50,true,-0.29
"TPB",132445,"/Date(1702880719000)/",16900,200,1495300,25224000000,-50,true,-0.29
"TPB",132436,"/Date(1702880710000)/",16900,800,1495100,25221000000,-50,false,-0.29
"TPB",132429,"/Date(1702880705000)/",16900,300,1494300,25207000000,-50,false,-0.29
"TPB",132423,"/Date(1702880697000)/",16900,1100,1494000,25202000000,-50,false,-0.29
"TPB",132417,"/Date(1702880691000)/",16900,100,1492900,25184000000,-50,false,-0.29
"TPB",132410,"/Date(1702880685000)/",16900,500,1492800,25182000000,-50,false,-0.29
"TPB",132410,"/Date(1702880685000)/",16900,200,1492300,25173000000,-50,false,-0.29
"TPB",132410,"/Date(1702880685000)/",16900,500,1492100,25170000000,-50,false,-0.29
"TPB",132410,"/Date(1702880685000)/",16900,600,1491600,25162000000,-50,false,-0.29
"TPB",132407,"/Date(1702880683000)/",16900,700,1491000,25151000000,-50,false,-0.29
"TPB",132342,"/Date(1702880656000)/",16900,800,1490300,25140000000,-50,false,-0.29
"TPB",132335,"/Date(1702880649000)/",16900,200,1489500,25126000000,-50,false,-0.29
"TPB",132329,"/Date(1702880643000)/",16850,600,1489300,25123000000,-100,true,-0.59
"TPB",132329,"/Date(1702880643000)/",16850,2200,1488700,25113000000,-100,true,-0.59
"TPB",132329,"/Date(1702880643000)/",16850,2200,1486500,25075000000,-100,true,-0.59
"TPB",132316,"/Date(1702880629000)/",16900,100,1484300,25038000000,-50,false,-0.29
"TPB",132316,"/Date(1702880629000)/",16900,200,1484200,25037000000,-50,false,-0.29
"TPB",132316,"/Date(1702880629000)/",16900,800,1484000,25033000000,-50,false,-0.29
"TPB",132306,"/Date(1702880619000)/",16900,100,1483200,25020000000,-50,false,-0.29
"TPB",132306,"/Date(1702880619000)/",16900,500,1483100,25018000000,-50,false,-0.29
"TPB",132306,"/Date(1702880619000)/",16900,2300,1482600,25010000000,-50,false,-0.29
"TPB",132306,"/Date(1702880619000)/",16900,1000,1480300,24971000000,-50,false,-0.29
"TPB",132306,"/Date(1702880619000)/",16900,2700,1479300,24954000000,-50,false,-0.29
"TPB",132300,"/Date(1702880614000)/",16900,1000,1476600,24908000000,-50,false,-0.29
"TPB",132257,"/Date(1702880612000)/",16900,1300,1475600,24891000000,-50,false,-0.29
"TPB",132257,"/Date(1702880612000)/",16900,3400,1474300,24869000000,-50,false,-0.29
"TPB",132247,"/Date(1702880602000)/",16900,600,1470900,24812000000,-50,false,-0.29
"TPB",132247,"/Date(1702880602000)/",16900,2000,1470300,24802000000,-50,false,-0.29
"TPB",132247,"/Date(1702880602000)/",16900,800,1468300,24768000000,-50,false,-0.29
"TPB",132247,"/Date(1702880602000)/",16900,1700,1467500,24754000000,-50,false,-0.29
"TPB",132247,"/Date(1702880602000)/",16850,500,1465800,24726000000,-100,true,-0.59
"TPB",132247,"/Date(1702880601000)/",16850,100,1465300,24717000000,-100,true,-0.59
"TPB",132247,"/Date(1702880601000)/",16850,300,1465200,24716000000,-100,true,-0.59
"TPB",132241,"/Date(1702880595000)/",16850,100,1464900,24711000000,-100,false,-0.59
"TPB",132222,"/Date(1702880575000)/",16800,400,1464800,24709000000,-150,true,-0.88
"TPB",132215,"/Date(1702880570000)/",16750,100,1464400,24702000000,-200,true,-1.18
"TPB",132209,"/Date(1702880562000)/",16800,400,1464300,24701000000,-150,true,-0.88
"TPB",132206,"/Date(1702880560000)/",16800,1000,1463900,24694000000,-150,true,-0.88
"TPB",132206,"/Date(1702880560000)/",16800,600,1462900,24677000000,-150,true,-0.88
"TPB",132203,"/Date(1702880556000)/",16800,1700,1462300,24667000000,-150,false,-0.88
"TPB",132153,"/Date(1702880548000)/",16800,4600,1460600,24638000000,-150,false,-0.88
"TPB",132153,"/Date(1702880547000)/",16800,800,1456000,24561000000,-150,false,-0.88
"TPB",132144,"/Date(1702880536000)/",16800,200,1455200,24548000000,-150,false,-0.88
"TPB",132131,"/Date(1702880526000)/",16800,100,1455000,24544000000,-150,false,-0.88
"TPB",132128,"/Date(1702880520000)/",16800,400,1454900,24543000000,-150,false,-0.88
"TPB",132128,"/Date(1702880520000)/",16800,300,1454500,24536000000,-150,false,-0.88
"TPB",132128,"/Date(1702880520000)/",16800,100,1454200,24531000000,-150,false,-0.88
"TPB",132105,"/Date(1702880501000)/",16800,200,1454100,24529000000,-150,false,-0.88
"TPB",132059,"/Date(1702880493000)/",16800,800,1453900,24526000000,-150,false,-0.88
"TPB",132043,"/Date(1702880477000)/",16750,100,1453100,24512000000,-200,true,-1.18
"TPB",132043,"/Date(1702880477000)/",16750,200,1453000,24511000000,-200,true,-1.18
"TPB",132043,"/Date(1702880477000)/",16750,200,1452800,24507000000,-200,true,-1.18
"TPB",132043,"/Date(1702880477000)/",16750,500,1452600,24504000000,-200,true,-1.18
"TPB",132043,"/Date(1702880477000)/",16750,400,1452100,24496000000,-200,true,-1.18
"TPB",132043,"/Date(1702880477000)/",16750,100,1451700,24489000000,-200,true,-1.18
"TPB",132043,"/Date(1702880477000)/",16750,500,1451600,24487000000,-200,true,-1.18
"TPB",132036,"/Date(1702880470000)/",16800,200,1451100,24479000000,-150,false,-0.88
"TPB",132033,"/Date(1702880466000)/",16800,300,1450900,24475000000,-150,false,-0.88
"TPB",132033,"/Date(1702880466000)/",16800,300,1450600,24470000000,-150,false,-0.88
"TPB",132033,"/Date(1702880466000)/",16800,200,1450300,24465000000,-150,false,-0.88
"TPB",132005,"/Date(1702880440000)/",16800,300,1450100,24462000000,-150,false,-0.88
"TPB",131958,"/Date(1702880432000)/",16750,500,1449800,24457000000,-200,true,-1.18
"TPB",131958,"/Date(1702880432000)/",16750,500,1449300,24449000000,-200,true,-1.18
"TPB",131939,"/Date(1702880412000)/",16750,1700,1448800,24440000000,-200,true,-1.18
"TPB",131939,"/Date(1702880412000)/",16750,200,1447100,24412000000,-200,true,-1.18
"TPB",131939,"/Date(1702880412000)/",16750,100,1446900,24408000000,-200,true,-1.18
"TPB",131910,"/Date(1702880386000)/",16750,900,1446800,24407000000,-200,true,-1.18
"TPB",131910,"/Date(1702880386000)/",16750,300,1445900,24392000000,-200,true,-1.18
"TPB",131910,"/Date(1702880386000)/",16750,800,1445600,24387000000,-200,true,-1.18
"TPB",131910,"/Date(1702880386000)/",16750,6600,1444800,24373000000,-200,true,-1.18
"TPB",131910,"/Date(1702880386000)/",16750,500,1438200,24263000000,-200,true,-1.18
"TPB",131910,"/Date(1702880386000)/",16750,2200,1437700,24254000000,-200,true,-1.18
"TPB",131910,"/Date(1702880386000)/",16750,200,1435500,24217000000,-200,true,-1.18
"TPB",131910,"/Date(1702880386000)/",16750,100,1435300,24214000000,-200,true,-1.18
"TPB",131910,"/Date(1702880386000)/",16750,1000,1435200,24212000000,-200,true,-1.18
"TPB",131910,"/Date(1702880386000)/",16750,100,1434200,24196000000,-200,true,-1.18
"TPB",131910,"/Date(1702880386000)/",16750,1000,1434100,24194000000,-200,true,-1.18
"TPB",131910,"/Date(1702880386000)/",16750,4000,1433100,24177000000,-200,true,-1.18
"TPB",131910,"/Date(1702880386000)/",16750,2300,1429100,24110000000,-200,true,-1.18
"TPB",131910,"/Date(1702880385000)/",16750,600,1426800,24072000000,-200,true,-1.18
"TPB",131901,"/Date(1702880375000)/",16900,2000,1426200,24062000000,-50,false,-0.29
"TPB",131854,"/Date(1702880367000)/",16750,200,1424200,24028000000,-200,true,-1.18
"TPB",131839,"/Date(1702880352000)/",16750,1900,1424000,24025000000,-200,true,-1.18
"TPB",131839,"/Date(1702880352000)/",16750,1000,1422100,23993000000,-200,true,-1.18
"TPB",131839,"/Date(1702880352000)/",16750,600,1421100,23976000000,-200,true,-1.18
"TPB",131839,"/Date(1702880352000)/",16750,100,1420500,23966000000,-200,true,-1.18
"TPB",131839,"/Date(1702880352000)/",16750,200,1420400,23964000000,-200,true,-1.18
"TPB",131839,"/Date(1702880352000)/",16750,1000,1420200,23961000000,-200,true,-1.18
"TPB",131839,"/Date(1702880352000)/",16750,100,1419200,23944000000,-200,true,-1.18
"TPB",131839,"/Date(1702880352000)/",16750,200,1419100,23942000000,-200,true,-1.18
"TPB",131839,"/Date(1702880352000)/",16750,200,1418900,23939000000,-200,true,-1.18
"TPB",131839,"/Date(1702880352000)/",16750,100,1418700,23936000000,-200,true,-1.18
"TPB",131839,"/Date(1702880352000)/",16750,1000,1418600,23934000000,-200,true,-1.18
"TPB",131839,"/Date(1702880352000)/",16750,1000,1417600,23917000000,-200,true,-1.18
"TPB",131839,"/Date(1702880352000)/",16750,100,1416600,23901000000,-200,true,-1.18
"TPB",131839,"/Date(1702880352000)/",16750,10000,1416500,23899000000,-200,true,-1.18
"TPB",131839,"/Date(1702880352000)/",16750,500,1406500,23731000000,-200,true,-1.18
"TPB",131839,"/Date(1702880352000)/",16750,100,1406000,23723000000,-200,true,-1.18
"TPB",131839,"/Date(1702880352000)/",16750,200,1405900,23721000000,-200,true,-1.18
"TPB",131839,"/Date(1702880352000)/",16750,500,1405700,23718000000,-200,true,-1.18
"TPB",131839,"/Date(1702880352000)/",16750,100,1405200,23710000000,-200,true,-1.18
"TPB",131839,"/Date(1702880352000)/",16750,100,1405100,23708000000,-200,true,-1.18
"TPB",131839,"/Date(1702880352000)/",16750,100,1405000,23706000000,-200,true,-1.18
"TPB",131839,"/Date(1702880352000)/",16750,100,1404900,23705000000,-200,true,-1.18
"TPB",131839,"/Date(1702880352000)/",16750,700,1404800,23703000000,-200,true,-1.18
"TPB",131839,"/Date(1702880352000)/",16800,900,1404100,23691000000,-150,true,-0.88
"TPB",131839,"/Date(1702880352000)/",16850,500,1403200,23676000000,-100,false,-0.59
"TPB",131832,"/Date(1702880347000)/",16750,4100,1402700,23668000000,-200,true,-1.18
"TPB",131832,"/Date(1702880347000)/",16800,800,1398600,23599000000,-150,true,-0.88
"TPB",131832,"/Date(1702880347000)/",16800,100,1397800,23586000000,-150,true,-0.88
"TPB",131826,"/Date(1702880340000)/",16900,6300,1397700,23584000000,-50,false,-0.29
"TPB",131826,"/Date(1702880340000)/",16900,200,1391400,23477000000,-50,false,-0.29
"TPB",131826,"/Date(1702880340000)/",16900,100,1391200,23474000000,-50,false,-0.29
"TPB",131819,"/Date(1702880334000)/",16900,2000,1391100,23472000000,-50,false,-0.29
"TPB",131813,"/Date(1702880328000)/",16800,200,1389100,23439000000,-150,true,-0.88
"TPB",131813,"/Date(1702880326000)/",16750,5200,1388900,23435000000,-200,true,-1.18
"TPB",131813,"/Date(1702880326000)/",16750,100,1383700,23348000000,-200,true,-1.18
"TPB",131813,"/Date(1702880326000)/",16750,1500,1383600,23346000000,-200,true,-1.18
"TPB",131813,"/Date(1702880326000)/",16750,1000,1382100,23321000000,-200,true,-1.18
"TPB",131813,"/Date(1702880326000)/",16750,1000,1381100,23305000000,-200,true,-1.18
"TPB",131813,"/Date(1702880326000)/",16750,1000,1380100,23288000000,-200,true,-1.18
"TPB",131813,"/Date(1702880326000)/",16750,100,1379100,23271000000,-200,true,-1.18
"TPB",131813,"/Date(1702880326000)/",16750,3000,1379000,23269000000,-200,true,-1.18
"TPB",131813,"/Date(1702880326000)/",16750,1000,1376000,23219000000,-200,true,-1.18
"TPB",131813,"/Date(1702880326000)/",16750,100,1375000,23202000000,-200,true,-1.18
"TPB",131813,"/Date(1702880326000)/",16750,100,1374900,23201000000,-200,true,-1.18
"TPB",131813,"/Date(1702880326000)/",16750,400,1374800,23199000000,-200,true,-1.18
"TPB",131813,"/Date(1702880326000)/",16750,2000,1374400,23192000000,-200,true,-1.18
"TPB",131813,"/Date(1702880326000)/",16750,100,1372400,23159000000,-200,true,-1.18
"TPB",131813,"/Date(1702880326000)/",16750,5000,1372300,23157000000,-200,true,-1.18
"TPB",131813,"/Date(1702880326000)/",16750,200,1367300,23073000000,-200,true,-1.18
"TPB",131813,"/Date(1702880326000)/",16750,200,1367100,23070000000,-200,true,-1.18
"TPB",131813,"/Date(1702880326000)/",16750,300,1366900,23067000000,-200,true,-1.18
"TPB",131813,"/Date(1702880326000)/",16750,100,1366600,23062000000,-200,true,-1.18
"TPB",131813,"/Date(1702880326000)/",16750,1200,1366500,23060000000,-200,true,-1.18
"TPB",131813,"/Date(1702880326000)/",16750,200,1365300,23040000000,-200,true,-1.18
"TPB",131813,"/Date(1702880326000)/",16750,1100,1365100,23037000000,-200,true,-1.18
"TPB",131813,"/Date(1702880326000)/",16750,100,1364000,23018000000,-200,true,-1.18
"TPB",131813,"/Date(1702880326000)/",16750,500,1363900,23016000000,-200,true,-1.18
"TPB",131813,"/Date(1702880326000)/",16750,10000,1363400,23008000000,-200,true,-1.18
"TPB",131813,"/Date(1702880326000)/",16750,500,1353400,22841000000,-200,true,-1.18
"TPB",131813,"/Date(1702880326000)/",16750,100,1352900,22832000000,-200,true,-1.18
"TPB",131813,"/Date(1702880326000)/",16750,200,1352800,22831000000,-200,true,-1.18
"TPB",131813,"/Date(1702880326000)/",16750,2000,1352600,22827000000,-200,true,-1.18
"TPB",131813,"/Date(1702880326000)/",16750,100,1350600,22794000000,-200,true,-1.18
"TPB",131813,"/Date(1702880326000)/",16750,200,1350500,22792000000,-200,true,-1.18
"TPB",131813,"/Date(1702880326000)/",16750,100,1350300,22789000000,-200,true,-1.18
"TPB",131813,"/Date(1702880326000)/",16750,100,1350200,22787000000,-200,true,-1.18
"TPB",131813,"/Date(1702880326000)/",16750,1000,1350100,22785000000,-200,true,-1.18
"TPB",131813,"/Date(1702880326000)/",16750,200,1349100,22769000000,-200,true,-1.18
"TPB",131813,"/Date(1702880326000)/",16750,100,1348900,22765000000,-200,true,-1.18
"TPB",131813,"/Date(1702880326000)/",16750,200,1348800,22764000000,-200,true,-1.18
"TPB",131813,"/Date(1702880326000)/",16750,3000,1348600,22760000000,-200,true,-1.18
"TPB",131813,"/Date(1702880326000)/",16750,5000,1345600,22710000000,-200,true,-1.18
"TPB",131813,"/Date(1702880326000)/",16750,6000,1340600,22626000000,-200,true,-1.18
"TPB",131813,"/Date(1702880326000)/",16750,100,1334600,22526000000,-200,true,-1.18
"TPB",131813,"/Date(1702880326000)/",16750,500,1334500,22524000000,-200,true,-1.18
"TPB",131813,"/Date(1702880326000)/",16750,100,1334000,22516000000,-200,true,-1.18
"TPB",131813,"/Date(1702880326000)/",16750,200,1333900,22514000000,-200,true,-1.18
"TPB",131813,"/Date(1702880326000)/",16750,1000,1333700,22511000000,-200,true,-1.18
"TPB",131813,"/Date(1702880326000)/",16750,100,1332700,22494000000,-200,true,-1.18
"TPB",131813,"/Date(1702880326000)/",16800,17000,1332600,22492000000,-150,true,-0.88
"TPB",131813,"/Date(1702880326000)/",16800,1000,1315600,22207000000,-150,true,-0.88
"TPB",131813,"/Date(1702880326000)/",16800,200,1314600,22190000000,-150,true,-0.88
"TPB",131813,"/Date(1702880326000)/",16800,300,1314400,22186000000,-150,true,-0.88
"TPB",131813,"/Date(1702880326000)/",16800,100,1314100,22181000000,-150,true,-0.88
"TPB",131813,"/Date(1702880326000)/",16800,100,1314000,22180000000,-150,true,-0.88
"TPB",131813,"/Date(1702880326000)/",16800,400,1313900,22178000000,-150,true,-0.88
"TPB",131813,"/Date(1702880326000)/",16800,1000,1313500,22171000000,-150,true,-0.88
"TPB",131813,"/Date(1702880326000)/",16800,1000,1312500,22154000000,-150,true,-0.88
"TPB",131813,"/Date(1702880326000)/",16800,1200,1311500,22138000000,-150,true,-0.88
"TPB",131813,"/Date(1702880326000)/",16800,200,1310300,22118000000,-150,true,-0.88
"TPB",131813,"/Date(1702880326000)/",16800,300,1310100,22114000000,-150,true,-0.88
"TPB",131813,"/Date(1702880326000)/",16800,100,1309800,22109000000,-150,true,-0.88
"TPB",131813,"/Date(1702880326000)/",16800,500,1309700,22107000000,-150,true,-0.88
"TPB",131813,"/Date(1702880326000)/",16800,200,1309200,22099000000,-150,true,-0.88
"TPB",131813,"/Date(1702880326000)/",16800,100,1309000,22096000000,-150,true,-0.88
"TPB",131813,"/Date(1702880326000)/",16800,100,1308900,22094000000,-150,true,-0.88
"TPB",131813,"/Date(1702880326000)/",16800,1000,1308800,22092000000,-150,true,-0.88
"TPB",131813,"/Date(1702880326000)/",16800,2000,1307800,22076000000,-150,true,-0.88
"TPB",131813,"/Date(1702880326000)/",16800,1800,1305800,22042000000,-150,true,-0.88
"TPB",131813,"/Date(1702880326000)/",16800,200,1304000,22012000000,-150,true,-0.88
"TPB",131813,"/Date(1702880326000)/",16800,100,1303800,22008000000,-150,true,-0.88
"TPB",131813,"/Date(1702880326000)/",16800,500,1303700,22007000000,-150,true,-0.88
"TPB",131813,"/Date(1702880326000)/",16800,1000,1303200,21998000000,-150,true,-0.88
"TPB",131813,"/Date(1702880326000)/",16800,1000,1302200,21981000000,-150,true,-0.88
"TPB",131813,"/Date(1702880326000)/",16800,100,1301200,21965000000,-150,true,-0.88
"TPB",131813,"/Date(1702880326000)/",16800,200,1301100,21963000000,-150,true,-0.88
"TPB",131813,"/Date(1702880326000)/",16800,500,1300900,21960000000,-150,true,-0.88
"TPB",131813,"/Date(1702880326000)/",16800,500,1300400,21951000000,-150,true,-0.88
"TPB",131813,"/Date(1702880326000)/",16800,200,1299900,21943000000,-150,true,-0.88
"TPB",131813,"/Date(1702880326000)/",16800,100,1299700,21939000000,-150,true,-0.88
"TPB",131813,"/Date(1702880326000)/",16800,100,1299600,21938000000,-150,true,-0.88
"TPB",131813,"/Date(1702880326000)/",16800,1000,1299500,21936000000,-150,true,-0.88
"TPB",131813,"/Date(1702880326000)/",16800,4000,1298500,21919000000,-150,true,-0.88
"TPB",131813,"/Date(1702880326000)/",16800,100,1294500,21852000000,-150,true,-0.88
"TPB",131813,"/Date(1702880326000)/",16800,200,1294400,21850000000,-150,true,-0.88
"TPB",131813,"/Date(1702880326000)/",16800,100,1294200,21847000000,-150,true,-0.88
"TPB",131813,"/Date(1702880326000)/",16800,100,1294100,21845000000,-150,true,-0.88
"TPB",131813,"/Date(1702880326000)/",16800,1000,1294000,21844000000,-150,true,-0.88
"TPB",131813,"/Date(1702880326000)/",16800,200,1293000,21827000000,-150,true,-0.88
"TPB",131813,"/Date(1702880326000)/",16800,2000,1292800,21824000000,-150,true,-0.88
"TPB",131813,"/Date(1702880326000)/",16800,100,1290800,21790000000,-150,true,-0.88
"TPB",131813,"/Date(1702880326000)/",16800,200,1290700,21788000000,-150,true,-0.88
"TPB",131813,"/Date(1702880326000)/",16800,100,1290500,21785000000,-150,true,-0.88
"TPB",131813,"/Date(1702880326000)/",16800,11200,1290400,21783000000,-150,true,-0.88
"TPB",131813,"/Date(1702880326000)/",16800,200,1279200,21595000000,-150,true,-0.88
"TPB",131813,"/Date(1702880326000)/",16800,1000,1279000,21592000000,-150,true,-0.88
"TPB",131813,"/Date(1702880326000)/",16800,100,1278000,21575000000,-150,true,-0.88
"TPB",131813,"/Date(1702880326000)/",16800,300,1277900,21573000000,-150,true,-0.88
"TPB",131813,"/Date(1702880326000)/",16800,500,1277600,21568000000,-150,true,-0.88
"TPB",131813,"/Date(1702880326000)/",16800,200,1277100,21560000000,-150,true,-0.88
"TPB",131813,"/Date(1702880326000)/",16800,100,1276900,21556000000,-150,true,-0.88
"TPB",131813,"/Date(1702880326000)/",16800,1000,1276800,21555000000,-150,true,-0.88
"TPB",131813,"/Date(1702880326000)/",16800,1000,1275800,21538000000,-150,true,-0.88
"TPB",131813,"/Date(1702880326000)/",16800,100,1274800,21521000000,-150,true,-0.88
"TPB",131813,"/Date(1702880326000)/",16800,200,1274700,21519000000,-150,true,-0.88
"TPB",131813,"/Date(1702880326000)/",16800,100,1274500,21516000000,-150,true,-0.88
"TPB",131813,"/Date(1702880326000)/",16800,300,1274400,21514000000,-150,true,-0.88
"TPB",131813,"/Date(1702880326000)/",16800,1300,1274100,21509000000,-150,true,-0.88
"TPB",131813,"/Date(1702880326000)/",16800,300,1272800,21488000000,-150,true,-0.88
"TPB",131813,"/Date(1702880326000)/",16800,100,1272500,21482000000,-150,true,-0.88
"TPB",131813,"/Date(1702880326000)/",16800,100,1272400,21481000000,-150,true,-0.88
"TPB",131813,"/Date(1702880326000)/",16800,200,1272300,21479000000,-150,true,-0.88
"TPB",131813,"/Date(1702880326000)/",16800,100,1272100,21476000000,-150,true,-0.88
"TPB",131813,"/Date(1702880326000)/",16800,700,1272000,21474000000,-150,true,-0.88
"TPB",131813,"/Date(1702880326000)/",16800,100,1271300,21462000000,-150,true,-0.88
"TPB",131813,"/Date(1702880326000)/",16800,500,1271200,21461000000,-150,true,-0.88
"TPB",131813,"/Date(1702880326000)/",16800,500,1270700,21452000000,-150,true,-0.88
"TPB",131813,"/Date(1702880326000)/",16800,17000,1270200,21444000000,-150,true,-0.88
"TPB",131813,"/Date(1702880326000)/",16800,1000,1253200,21158000000,-150,true,-0.88
"TPB",131813,"/Date(1702880326000)/",16800,200,1252200,21141000000,-150,true,-0.88
"TPB",131813,"/Date(1702880326000)/",16800,100,1252000,21138000000,-150,true,-0.88
"TPB",131813,"/Date(1702880326000)/",16800,100,1251900,21136000000,-150,true,-0.88
"TPB",131813,"/Date(1702880326000)/",16800,100,1251800,21135000000,-150,true,-0.88
"TPB",131813,"/Date(1702880326000)/",16800,1000,1251700,21133000000,-150,true,-0.88
"TPB",131813,"/Date(1702880326000)/",16800,1000,1250700,21116000000,-150,true,-0.88
"TPB",131813,"/Date(1702880326000)/",16800,100,1249700,21099000000,-150,true,-0.88
"TPB",131813,"/Date(1702880326000)/",16800,200,1249600,21098000000,-150,true,-0.88
"TPB",131813,"/Date(1702880326000)/",16800,100,1249400,21094000000,-150,true,-0.88
"TPB",131813,"/Date(1702880326000)/",16800,100,1249300,21093000000,-150,true,-0.88
"TPB",131813,"/Date(1702880326000)/",16800,5000,1249200,21091000000,-150,true,-0.88
"TPB",131813,"/Date(1702880326000)/",16800,300,1244200,21007000000,-150,true,-0.88
"TPB",131813,"/Date(1702880326000)/",16800,100,1243900,21002000000,-150,true,-0.88
"TPB",131813,"/Date(1702880326000)/",16800,100,1243800,21000000000,-150,true,-0.88
"TPB",131813,"/Date(1702880326000)/",16800,5000,1243700,20999000000,-150,true,-0.88
"TPB",131813,"/Date(1702880326000)/",16800,400,1238700,20915000000,-150,true,-0.88
"TPB",131813,"/Date(1702880326000)/",16800,1000,1238300,20908000000,-150,true,-0.88
"TPB",131813,"/Date(1702880326000)/",16800,1000,1237300,20891000000,-150,true,-0.88
"TPB",131813,"/Date(1702880326000)/",16800,1000,1236300,20874000000,-150,true,-0.88
"TPB",131813,"/Date(1702880326000)/",16800,200,1235300,20858000000,-150,true,-0.88
"TPB",131813,"/Date(1702880326000)/",16800,100,1235100,20854000000,-150,true,-0.88
"TPB",131813,"/Date(1702880326000)/",16800,500,1235000,20852000000,-150,true,-0.88
"TPB",131813,"/Date(1702880326000)/",16800,200,1234500,20844000000,-150,true,-0.88
"TPB",131813,"/Date(1702880326000)/",16800,3000,1234300,20841000000,-150,true,-0.88
"TPB",131813,"/Date(1702880326000)/",16800,2000,1231300,20790000000,-150,true,-0.88
"TPB",131813,"/Date(1702880326000)/",16800,100,1229300,20757000000,-150,true,-0.88
"TPB",131813,"/Date(1702880326000)/",16800,100,1229200,20755000000,-150,true,-0.88
"TPB",131813,"/Date(1702880326000)/",16800,3000,1229100,20753000000,-150,true,-0.88
"TPB",131813,"/Date(1702880326000)/",16800,200,1226100,20703000000,-150,true,-0.88
"TPB",131813,"/Date(1702880326000)/",16800,2000,1225900,20700000000,-150,true,-0.88
"TPB",131813,"/Date(1702880326000)/",16800,200,1223900,20666000000,-150,true,-0.88
"TPB",131813,"/Date(1702880326000)/",16800,100,1223700,20663000000,-150,true,-0.88
"TPB",131813,"/Date(1702880326000)/",16800,1000,1223600,20661000000,-150,true,-0.88
"TPB",131813,"/Date(1702880326000)/",16800,100,1222600,20644000000,-150,true,-0.88
"TPB",131813,"/Date(1702880326000)/",16800,100,1222500,20642000000,-150,true,-0.88
"TPB",131813,"/Date(1702880326000)/",16800,200,1222400,20641000000,-150,true,-0.88
"TPB",131813,"/Date(1702880326000)/",16800,100,1222200,20637000000,-150,true,-0.88
"TPB",131813,"/Date(1702880326000)/",16800,6000,1222100,20636000000,-150,true,-0.88
"TPB",131813,"/Date(1702880326000)/",16800,300,1216100,20535000000,-150,true,-0.88
"TPB",131813,"/Date(1702880326000)/",16800,2000,1215800,20530000000,-150,true,-0.88
"TPB",131813,"/Date(1702880326000)/",16800,200,1213800,20496000000,-150,true,-0.88
"TPB",131813,"/Date(1702880326000)/",16800,1000,1213600,20493000000,-150,true,-0.88
"TPB",131813,"/Date(1702880326000)/",16800,500,1212600,20476000000,-150,true,-0.88
"TPB",131813,"/Date(1702880326000)/",16800,100,1212100,20468000000,-150,true,-0.88
"TPB",131813,"/Date(1702880326000)/",16800,1000,1212000,20466000000,-150,true,-0.88
"TPB",131813,"/Date(1702880326000)/",16800,300,1211000,20449000000,-150,true,-0.88
"TPB",131813,"/Date(1702880326000)/",16800,100,1210700,20444000000,-150,true,-0.88
"TPB",131813,"/Date(1702880326000)/",16800,100,1210600,20443000000,-150,true,-0.88
"TPB",131813,"/Date(1702880326000)/",16800,100,1210500,20441000000,-150,true,-0.88
"TPB",131813,"/Date(1702880326000)/",16800,200,1210400,20439000000,-150,true,-0.88
"TPB",131813,"/Date(1702880326000)/",16800,100,1210200,20436000000,-150,true,-0.88
"TPB",131813,"/Date(1702880326000)/",16800,100,1210100,20434000000,-150,true,-0.88
"TPB",131813,"/Date(1702880326000)/",16800,2900,1210000,20432000000,-150,true,-0.88
"TPB",131813,"/Date(1702880326000)/",16800,1000,1207100,20384000000,-150,true,-0.88
"TPB",131813,"/Date(1702880326000)/",16800,300,1206100,20367000000,-150,true,-0.88
"TPB",131813,"/Date(1702880326000)/",16800,100,1205800,20362000000,-150,true,-0.88
"TPB",131813,"/Date(1702880326000)/",16800,1000,1205700,20360000000,-150,true,-0.88
"TPB",131813,"/Date(1702880326000)/",16800,100,1204700,20343000000,-150,true,-0.88
"TPB",131813,"/Date(1702880326000)/",16800,200,1204600,20342000000,-150,true,-0.88
"TPB",131813,"/Date(1702880326000)/",16800,300,1204400,20338000000,-150,true,-0.88
"TPB",131813,"/Date(1702880326000)/",16800,100,1204100,20333000000,-150,true,-0.88
"TPB",131813,"/Date(1702880326000)/",16800,100,1204000,20332000000,-150,true,-0.88
"TPB",131813,"/Date(1702880326000)/",16800,1000,1203900,20330000000,-150,true,-0.88
"TPB",131813,"/Date(1702880326000)/",16800,1000,1202900,20313000000,-150,true,-0.88
"TPB",131813,"/Date(1702880326000)/",16800,100,1201900,20296000000,-150,true,-0.88
"TPB",131813,"/Date(1702880326000)/",16800,500,1201800,20295000000,-150,true,-0.88
"TPB",131813,"/Date(1702880326000)/",16850,100,1201300,20286000000,-100,false,-0.59
"TPB",131813,"/Date(1702880326000)/",16850,800,1201200,20285000000,-100,false,-0.59
"TPB",131813,"/Date(1702880326000)/",16850,5000,1200400,20271000000,-100,false,-0.59
"TPB",131813,"/Date(1702880326000)/",16850,2200,1195400,20187000000,-100,false,-0.59
"TPB",131813,"/Date(1702880326000)/",16850,2200,1193200,20150000000,-100,false,-0.59
"TPB",131813,"/Date(1702880326000)/",16850,500,1191000,20113000000,-100,false,-0.59
"TPB",131813,"/Date(1702880326000)/",16850,200,1190500,20104000000,-100,false,-0.59
"TPB",131813,"/Date(1702880326000)/",16850,100,1190300,20101000000,-100,false,-0.59
"TPB",131813,"/Date(1702880326000)/",16850,200,1190200,20099000000,-100,false,-0.59
"TPB",131813,"/Date(1702880326000)/",16850,100,1190000,20096000000,-100,false,-0.59
"TPB",131813,"/Date(1702880326000)/",16850,1000,1189900,20094000000,-100,false,-0.59
"TPB",131804,"/Date(1702880316000)/",16900,200,1188900,20077000000,-50,false,-0.29
"TPB",131804,"/Date(1702880316000)/",16900,600,1188700,20074000000,-50,false,-0.29
"TPB",131800,"/Date(1702880313000)/",16850,6700,1188100,20064000000,-100,true,-0.59
"TPB",131800,"/Date(1702880313000)/",16850,100,1181400,19951000000,-100,true,-0.59
"TPB",131800,"/Date(1702880313000)/",16850,400,1181300,19949000000,-100,true,-0.59
"TPB",131800,"/Date(1702880313000)/",16850,2000,1180900,19943000000,-100,true,-0.59
"TPB",131741,"/Date(1702880295000)/",16850,1000,1178900,19909000000,-100,true,-0.59
"TPB",131741,"/Date(1702880295000)/",16850,200,1177900,19892000000,-100,true,-0.59
"TPB",131741,"/Date(1702880295000)/",16850,200,1177700,19889000000,-100,true,-0.59
"TPB",131741,"/Date(1702880295000)/",16850,600,1177500,19885000000,-100,true,-0.59
"TPB",131741,"/Date(1702880295000)/",16850,2000,1176900,19875000000,-100,true,-0.59
"TPB",131741,"/Date(1702880295000)/",16850,100,1174900,19841000000,-100,true,-0.59
"TPB",131741,"/Date(1702880295000)/",16850,5900,1174800,19840000000,-100,true,-0.59
"TPB",131735,"/Date(1702880289000)/",16900,800,1168900,19740000000,-50,false,-0.29
"TPB",131732,"/Date(1702880285000)/",16850,5100,1168100,19727000000,-100,true,-0.59
"TPB",131732,"/Date(1702880285000)/",16850,1000,1163000,19641000000,-100,true,-0.59
"TPB",131732,"/Date(1702880285000)/",16850,100,1162000,19624000000,-100,true,-0.59
"TPB",131732,"/Date(1702880285000)/",16850,200,1161900,19622000000,-100,true,-0.59
"TPB",131709,"/Date(1702880262000)/",16900,800,1161700,19619000000,-50,false,-0.29
"TPB",131641,"/Date(1702880235000)/",16900,800,1160900,19605000000,-50,false,-0.29
"TPB",131637,"/Date(1702880232000)/",16900,100,1160100,19592000000,-50,false,-0.29
"TPB",131615,"/Date(1702880208000)/",16900,800,1160000,19590000000,-50,false,-0.29
"TPB",131609,"/Date(1702880202000)/",16850,100,1159200,19577000000,-100,true,-0.59
"TPB",131602,"/Date(1702880196000)/",16850,200,1159100,19575000000,-100,true,-0.59
"TPB",131546,"/Date(1702880181000)/",16900,800,1158900,19572000000,-50,false,-0.29
"TPB",131521,"/Date(1702880154000)/",16900,800,1158100,19558000000,-50,false,-0.29
"TPB",131502,"/Date(1702880134000)/",16900,2000,1157300,19545000000,-50,false,-0.29
"TPB",131452,"/Date(1702880127000)/",16900,800,1155300,19511000000,-50,false,-0.29
"TPB",131420,"/Date(1702880092000)/",16900,300,1154500,19497000000,-50,false,-0.29
"TPB",131417,"/Date(1702880091000)/",16900,800,1154200,19492000000,-50,true,-0.29
"TPB",131417,"/Date(1702880091000)/",16900,300,1153400,19479000000,-50,true,-0.29
"TPB",131417,"/Date(1702880091000)/",16900,2200,1153100,19474000000,-50,true,-0.29
"TPB",131417,"/Date(1702880091000)/",16900,5000,1150900,19436000000,-50,true,-0.29
"TPB",131417,"/Date(1702880091000)/",16900,500,1145900,19352000000,-50,true,-0.29
"TPB",131417,"/Date(1702880091000)/",16900,300,1145400,19344000000,-50,true,-0.29
"TPB",131417,"/Date(1702880091000)/",16900,5000,1145100,19338000000,-50,true,-0.29
"TPB",131417,"/Date(1702880091000)/",16900,300,1140100,19254000000,-50,true,-0.29
"TPB",131417,"/Date(1702880091000)/",16900,1000,1139800,19249000000,-50,true,-0.29
"TPB",131417,"/Date(1702880091000)/",16900,100,1138800,19232000000,-50,true,-0.29
"TPB",131417,"/Date(1702880091000)/",16900,100,1138700,19230000000,-50,true,-0.29
"TPB",131417,"/Date(1702880091000)/",16900,100,1138600,19229000000,-50,true,-0.29
"TPB",131417,"/Date(1702880091000)/",16900,5700,1138500,19227000000,-50,true,-0.29
"TPB",131355,"/Date(1702880069000)/",16950,800,1132800,19131000000,0,false,0
"TPB",131329,"/Date(1702880042000)/",16950,800,1132000,19117000000,0,false,0
"TPB",131301,"/Date(1702880015000)/",16950,800,1131200,19103000000,0,false,0
"TPB",131239,"/Date(1702879993000)/",16950,1000,1130400,19090000000,0,false,0
"TPB",131235,"/Date(1702879988000)/",16950,800,1129400,19073000000,0,false,0
"TPB",131207,"/Date(1702879961000)/",16950,800,1128600,19059000000,0,false,0
"TPB",131138,"/Date(1702879931000)/",16950,1000,1127800,19046000000,0,false,0
"TPB",131116,"/Date(1702879908000)/",16950,800,1126800,19029000000,0,false,0
"TPB",131116,"/Date(1702879908000)/",16950,100,1126000,19015000000,0,false,0
"TPB",131116,"/Date(1702879908000)/",16950,500,1125900,19014000000,0,false,0
"TPB",131116,"/Date(1702879908000)/",16950,2200,1125400,19005000000,0,false,0
"TPB",131116,"/Date(1702879908000)/",16950,400,1123200,18968000000,0,false,0
"TPB",131116,"/Date(1702879908000)/",16950,2200,1122800,18961000000,0,false,0
"TPB",131116,"/Date(1702879908000)/",16950,2200,1120600,18924000000,0,false,0
"TPB",131116,"/Date(1702879908000)/",16950,2200,1118400,18887000000,0,false,0
"TPB",131116,"/Date(1702879908000)/",16950,2200,1116200,18849000000,0,false,0
"TPB",131116,"/Date(1702879908000)/",16950,2200,1114000,18812000000,0,false,0
"TPB",131116,"/Date(1702879908000)/",16950,2200,1111800,18775000000,0,false,0
"TPB",131116,"/Date(1702879908000)/",16950,2200,1109600,18737000000,0,false,0
"TPB",131116,"/Date(1702879908000)/",16950,2200,1107400,18700000000,0,false,0
"TPB",131116,"/Date(1702879908000)/",16950,2200,1105200,18663000000,0,false,0
"TPB",131116,"/Date(1702879908000)/",16950,2100,1103000,18625000000,0,false,0
"TPB",131116,"/Date(1702879908000)/",16950,300,1100900,18590000000,0,false,0
"TPB",131116,"/Date(1702879908000)/",16950,2200,1100600,18585000000,0,false,0
"TPB",131112,"/Date(1702879905000)/",17000,100,1098400,18548000000,50,false,0.29
"TPB",131112,"/Date(1702879905000)/",17000,8300,1098300,18546000000,50,false,0.29
"TPB",131109,"/Date(1702879902000)/",17000,800,1090000,18405000000,50,false,0.29
"TPB",131056,"/Date(1702879891000)/",17000,9400,1089200,18391000000,50,false,0.29
"TPB",131047,"/Date(1702879880000)/",17000,8000,1079800,18231000000,50,false,0.29
"TPB",131041,"/Date(1702879875000)/",17000,800,1071800,18095000000,50,false,0.29
"TPB",131015,"/Date(1702879847000)/",17000,800,1071000,18082000000,50,false,0.29
"TPB",130959,"/Date(1702879833000)/",17000,20000,1070200,18068000000,50,false,0.29
"TPB",130950,"/Date(1702879821000)/",17000,2100,1050200,17728000000,50,false,0.29
"TPB",130950,"/Date(1702879821000)/",17000,10300,1048100,17692000000,50,false,0.29
"TPB",130946,"/Date(1702879820000)/",17000,800,1037800,17517000000,50,false,0.29
"TPB",130946,"/Date(1702879820000)/",16950,200,1037000,17504000000,0,true,0
"TPB",130931,"/Date(1702879803000)/",17000,9000,1036800,17500000000,50,false,0.29
"TPB",130927,"/Date(1702879801000)/",17000,300,1027800,17347000000,50,false,0.29
"TPB",130921,"/Date(1702879794000)/",17000,800,1027500,17342000000,50,false,0.29
"TPB",130915,"/Date(1702879788000)/",17000,4000,1026700,17329000000,50,false,0.29
"TPB",130915,"/Date(1702879788000)/",17000,4000,1022700,17261000000,50,false,0.29
"TPB",130908,"/Date(1702879780000)/",17000,6000,1018700,17193000000,50,false,0.29
"TPB",130908,"/Date(1702879780000)/",17000,100,1012700,17091000000,50,false,0.29
"TPB",130908,"/Date(1702879780000)/",17000,3900,1012600,17089000000,50,false,0.29
"TPB",130852,"/Date(1702879766000)/",17000,800,1008700,17023000000,50,false,0.29
"TPB",130833,"/Date(1702879747000)/",17000,2200,1007900,17009000000,50,false,0.29
"TPB",130827,"/Date(1702879739000)/",17000,800,1005700,16972000000,50,false,0.29
"TPB",130801,"/Date(1702879713000)/",17000,800,1004900,16958000000,50,false,0.29
"TPB",130742,"/Date(1702879693000)/",16950,2000,1004100,16944000000,0,true,0
"TPB",130733,"/Date(1702879685000)/",17000,800,1002100,16911000000,50,false,0.29
"TPB",130729,"/Date(1702879683000)/",16950,2000,1001300,16897000000,0,true,0
"TPB",130726,"/Date(1702879679000)/",16950,1000,999300,16863000000,0,true,0
"TPB",130717,"/Date(1702879668000)/",16950,2000,998300,16846000000,0,true,0
"TPB",130704,"/Date(1702879658000)/",17000,700,996300,16812000000,50,false,0.29
"TPB",130704,"/Date(1702879658000)/",17000,100,995600,16800000000,50,false,0.29
"TPB",130645,"/Date(1702879636000)/",16950,100,995500,16799000000,0,false,0
"TPB",130645,"/Date(1702879636000)/",16950,200,995400,16797000000,0,false,0
"TPB",130645,"/Date(1702879636000)/",16950,20000,995200,16793000000,0,false,0
"TPB",130645,"/Date(1702879636000)/",16950,100,975200,16454000000,0,false,0
"TPB",130645,"/Date(1702879636000)/",16950,2100,975100,16453000000,0,false,0
"TPB",130645,"/Date(1702879636000)/",16950,100,973000,16417000000,0,false,0
"TPB",130645,"/Date(1702879636000)/",16950,200,972900,16416000000,0,false,0
"TPB",130645,"/Date(1702879636000)/",16950,300,972700,16412000000,0,false,0
"TPB",130645,"/Date(1702879636000)/",16950,7400,972400,16407000000,0,false,0
"TPB",130645,"/Date(1702879636000)/",16950,600,965000,16282000000,0,false,0
"TPB",130645,"/Date(1702879636000)/",16950,100,964400,16271000000,0,false,0
"TPB",130645,"/Date(1702879636000)/",16950,300,964300,16270000000,0,false,0
"TPB",130645,"/Date(1702879636000)/",16950,1000,964000,16265000000,0,false,0
"TPB",130645,"/Date(1702879636000)/",16950,500,963000,16248000000,0,false,0
"TPB",130645,"/Date(1702879636000)/",16950,2000,962500,16239000000,0,false,0
"TPB",130645,"/Date(1702879636000)/",16950,5000,960500,16205000000,0,false,0
"TPB",130645,"/Date(1702879636000)/",16950,600,955500,16121000000,0,false,0
"TPB",130638,"/Date(1702879631000)/",16950,800,954900,16110000000,0,false,0
"TPB",130613,"/Date(1702879604000)/",16950,800,954100,16097000000,0,false,0
"TPB",130544,"/Date(1702879577000)/",16950,800,953300,16083000000,0,false,0
"TPB",130519,"/Date(1702879550000)/",16950,800,952500,16070000000,0,false,0
"TPB",130450,"/Date(1702879523000)/",16950,800,951700,16056000000,0,false,0
"TPB",130424,"/Date(1702879496000)/",16950,400,950900,16043000000,0,false,0
"TPB",130424,"/Date(1702879496000)/",16950,400,950500,16036000000,0,false,0
"TPB",130408,"/Date(1702879482000)/",16900,100,950100,16029000000,-50,true,-0.29
"TPB",130359,"/Date(1702879472000)/",16900,500,950000,16027000000,-50,true,-0.29
"TPB",130359,"/Date(1702879470000)/",16900,100,949500,16019000000,-50,true,-0.29
"TPB",130356,"/Date(1702879469000)/",16950,100,949400,16017000000,0,false,0
"TPB",130356,"/Date(1702879469000)/",16950,100,949300,16016000000,0,false,0
"TPB",130356,"/Date(1702879469000)/",16950,600,949200,16014000000,0,false,0
"TPB",130346,"/Date(1702879460000)/",16900,100,948600,16004000000,-50,true,-0.29
"TPB",130330,"/Date(1702879442000)/",16950,800,948500,16002000000,0,false,0
"TPB",130302,"/Date(1702879415000)/",16950,800,947700,15988000000,0,false,0
"TPB",130236,"/Date(1702879388000)/",16950,800,946900,15975000000,0,false,0
"TPB",130208,"/Date(1702879361000)/",16950,800,946100,15961000000,0,false,0
"TPB",130142,"/Date(1702879334000)/",16950,200,945300,15948000000,0,false,0
"TPB",130142,"/Date(1702879334000)/",16950,600,945100,15944000000,0,false,0
"TPB",130117,"/Date(1702879307000)/",16950,800,944500,15934000000,0,false,0
"TPB",130042,"/Date(1702879274000)/",16950,600,943700,15921000000,0,false,0
"TPB",130042,"/Date(1702879274000)/",16950,2700,943100,15910000000,0,false,0
"TPB",130013,"/Date(1702879234000)/",16950,1300,940400,15865000000,0,false,0
"TPB",130013,"/Date(1702879234000)/",16950,2000,939100,15843000000,0,false,0
"TPB",130013,"/Date(1702879234000)/",16950,1700,937100,15809000000,0,false,0
"TPB",130010,"/Date(1702879215000)/",16900,300,935400,15780000000,-50,true,-0.29
"TPB",130007,"/Date(1702879211000)/",16900,300,935100,15775000000,-50,true,-0.29
"TPB",130007,"/Date(1702879210000)/",16900,200,934800,15770000000,-50,true,-0.29
"TPB",130003,"/Date(1702879204000)/",16900,100,934600,15766000000,-50,true,-0.29
"TPB",130000,"/Date(1702879202000)/",16900,1000,934500,15765000000,-50,true,-0.29
"TPB",130000,"/Date(1702879202000)/",16900,1000,933500,15748000000,-50,true,-0.29
"TPB",125957,"/Date(1702879201000)/",16900,2000,932500,15731000000,-50,true,-0.29
"TPB",125954,"/Date(1702879201000)/",16900,100,930500,15697000000,-50,true,-0.29
"TPB",112927,"/Date(1702873790000)/",16900,300,930400,15695000000,-50,true,-0.29
"TPB",112748,"/Date(1702873692000)/",16900,200,930100,15690000000,-50,true,-0.29
"TPB",112723,"/Date(1702873666000)/",16900,500,929900,15687000000,-50,true,-0.29
"TPB",112723,"/Date(1702873666000)/",16900,200,929400,15679000000,-50,true,-0.29
"TPB",112723,"/Date(1702873666000)/",16900,400,929200,15675000000,-50,true,-0.29
"TPB",112723,"/Date(1702873666000)/",16900,1500,928800,15668000000,-50,true,-0.29
"TPB",112719,"/Date(1702873662000)/",16850,100,927300,15643000000,-100,true,-0.59
"TPB",112651,"/Date(1702873632000)/",16850,1800,927200,15641000000,-100,true,-0.59
"TPB",112550,"/Date(1702873572000)/",16850,100,925400,15611000000,-100,true,-0.59
"TPB",112531,"/Date(1702873553000)/",16850,100,925300,15609000000,-100,true,-0.59
"TPB",112531,"/Date(1702873553000)/",16850,500,925200,15608000000,-100,true,-0.59
"TPB",112531,"/Date(1702873553000)/",16850,400,924700,15599000000,-100,true,-0.59
"TPB",112506,"/Date(1702873527000)/",16900,500,924300,15592000000,-50,false,-0.29
"TPB",112506,"/Date(1702873527000)/",16900,1000,923800,15584000000,-50,false,-0.29
"TPB",112506,"/Date(1702873527000)/",16900,900,922800,15567000000,-50,false,-0.29
"TPB",112220,"/Date(1702873362000)/",16900,2200,921900,15552000000,-50,true,-0.29
"TPB",112220,"/Date(1702873362000)/",16900,500,919700,15515000000,-50,true,-0.29
"TPB",112220,"/Date(1702873362000)/",16900,1700,919200,15506000000,-50,true,-0.29
"TPB",112220,"/Date(1702873362000)/",16900,100,917500,15478000000,-50,true,-0.29
"TPB",112155,"/Date(1702873336000)/",16900,400,917400,15476000000,-50,true,-0.29
"TPB",112155,"/Date(1702873336000)/",16900,900,917000,15469000000,-50,true,-0.29
"TPB",112120,"/Date(1702873302000)/",16900,400,916100,15454000000,-50,true,-0.29
"TPB",112054,"/Date(1702873276000)/",16900,3000,915700,15447000000,-50,true,-0.29
"TPB",112054,"/Date(1702873276000)/",16900,700,912700,15396000000,-50,true,-0.29
"TPB",112054,"/Date(1702873275000)/",16850,500,912000,15385000000,-100,true,-0.59
"TPB",111853,"/Date(1702873153000)/",16900,400,911500,15376000000,-50,true,-0.29
"TPB",111831,"/Date(1702873133000)/",16900,100,911100,15369000000,-50,true,-0.29
"TPB",111831,"/Date(1702873132000)/",16900,500,911000,15368000000,-50,true,-0.29
"TPB",111809,"/Date(1702873110000)/",16900,500,910500,15359000000,-50,false,-0.29
"TPB",111727,"/Date(1702873068000)/",16900,500,910000,15351000000,-50,false,-0.29
"TPB",111727,"/Date(1702873068000)/",16900,200,909500,15342000000,-50,false,-0.29
"TPB",111727,"/Date(1702873068000)/",16900,500,909300,15339000000,-50,false,-0.29
"TPB",111727,"/Date(1702873068000)/",16900,1000,908800,15331000000,-50,false,-0.29
"TPB",111727,"/Date(1702873068000)/",16900,500,907800,15314000000,-50,false,-0.29
"TPB",111727,"/Date(1702873068000)/",16900,200,907300,15305000000,-50,false,-0.29
"TPB",111727,"/Date(1702873068000)/",16900,500,907100,15302000000,-50,false,-0.29
"TPB",111727,"/Date(1702873068000)/",16900,1500,906600,15293000000,-50,false,-0.29
"TPB",111727,"/Date(1702873068000)/",16900,100,905100,15268000000,-50,false,-0.29
"TPB",111718,"/Date(1702873058000)/",16900,400,905000,15266000000,-50,false,-0.29
"TPB",111718,"/Date(1702873058000)/",16900,200,904600,15260000000,-50,false,-0.29
"TPB",111718,"/Date(1702873058000)/",16900,4400,904400,15256000000,-50,false,-0.29
"TPB",111549,"/Date(1702872971000)/",16900,2200,900000,15182000000,-50,false,-0.29
"TPB",111539,"/Date(1702872960000)/",16850,100,897800,15145000000,-100,true,-0.59
"TPB",111523,"/Date(1702872942000)/",16850,100,897700,15143000000,-100,true,-0.59
"TPB",111341,"/Date(1702872842000)/",16900,5000,897600,15141000000,-50,false,-0.29
"TPB",111335,"/Date(1702872835000)/",16850,100,892600,15057000000,-100,false,-0.59
"TPB",111231,"/Date(1702872773000)/",16850,100,892500,15055000000,-100,false,-0.59
"TPB",111222,"/Date(1702872763000)/",16850,100,892400,15053000000,-100,false,-0.59
"TPB",111222,"/Date(1702872763000)/",16850,100,892300,15052000000,-100,false,-0.59
"TPB",111222,"/Date(1702872763000)/",16850,100,892200,15050000000,-100,false,-0.59
"TPB",111222,"/Date(1702872763000)/",16850,100,892100,15048000000,-100,false,-0.59
"TPB",111222,"/Date(1702872763000)/",16850,100,892000,15047000000,-100,false,-0.59
"TPB",111222,"/Date(1702872763000)/",16850,900,891900,15045000000,-100,false,-0.59
"TPB",111128,"/Date(1702872707000)/",16900,5000,891000,15030000000,-50,false,-0.29
"TPB",111121,"/Date(1702872702000)/",16850,700,886000,14945000000,-100,true,-0.59
"TPB",111115,"/Date(1702872694000)/",16850,1400,885300,14934000000,-100,true,-0.59
"TPB",111112,"/Date(1702872693000)/",16900,5000,883900,14910000000,-50,false,-0.29
"TPB",111112,"/Date(1702872693000)/",16850,600,878900,14825000000,-100,true,-0.59
"TPB",111021,"/Date(1702872642000)/",16850,200,878300,14815000000,-100,true,-0.59
"TPB",111011,"/Date(1702872632000)/",16850,2000,878100,14812000000,-100,true,-0.59
"TPB",110952,"/Date(1702872612000)/",16850,100,876100,14778000000,-100,true,-0.59
"TPB",110946,"/Date(1702872607000)/",16850,700,876000,14777000000,-100,true,-0.59
"TPB",110946,"/Date(1702872607000)/",16850,400,875300,14765000000,-100,true,-0.59
"TPB",110855,"/Date(1702872556000)/",16900,100,874900,14758000000,-50,false,-0.29
"TPB",110842,"/Date(1702872544000)/",16900,1500,874800,14756000000,-50,false,-0.29
"TPB",110823,"/Date(1702872522000)/",16900,1100,873300,14731000000,-50,true,-0.29
"TPB",110817,"/Date(1702872515000)/",16900,100,872200,14712000000,-50,true,-0.29
"TPB",110817,"/Date(1702872515000)/",16900,1700,872100,14711000000,-50,true,-0.29
"TPB",110757,"/Date(1702872498000)/",16900,100,870400,14682000000,-50,false,-0.29
"TPB",110757,"/Date(1702872498000)/",16900,100,870300,14680000000,-50,false,-0.29
"TPB",110757,"/Date(1702872498000)/",16900,100,870200,14679000000,-50,false,-0.29
"TPB",110757,"/Date(1702872498000)/",16900,2000,870100,14677000000,-50,false,-0.29
"TPB",110757,"/Date(1702872498000)/",16900,800,868100,14643000000,-50,false,-0.29
"TPB",110757,"/Date(1702872498000)/",16900,500,867300,14630000000,-50,false,-0.29
"TPB",110757,"/Date(1702872498000)/",16900,1000,866800,14621000000,-50,false,-0.29
"TPB",110757,"/Date(1702872498000)/",16900,5000,865800,14604000000,-50,false,-0.29
"TPB",110757,"/Date(1702872498000)/",16900,100,860800,14520000000,-50,false,-0.29
"TPB",110757,"/Date(1702872498000)/",16900,300,860700,14518000000,-50,false,-0.29
"TPB",110635,"/Date(1702872413000)/",16900,1700,860400,14513000000,-50,false,-0.29
"TPB",110635,"/Date(1702872413000)/",16900,2700,858700,14484000000,-50,false,-0.29
"TPB",110635,"/Date(1702872413000)/",16900,4400,856000,14439000000,-50,false,-0.29
"TPB",110631,"/Date(1702872413000)/",16900,4400,851600,14364000000,-50,false,-0.29
"TPB",110631,"/Date(1702872412000)/",16900,3100,847200,14290000000,-50,false,-0.29
"TPB",110622,"/Date(1702872402000)/",16850,200,844100,14238000000,-100,true,-0.59
"TPB",110622,"/Date(1702872401000)/",16850,1100,843900,14234000000,-100,true,-0.59
"TPB",110622,"/Date(1702872401000)/",16850,200,842800,14216000000,-100,true,-0.59
"TPB",110622,"/Date(1702872401000)/",16850,100,842600,14212000000,-100,true,-0.59
"TPB",110622,"/Date(1702872401000)/",16850,600,842500,14211000000,-100,true,-0.59
"TPB",110550,"/Date(1702872371000)/",16850,1400,841900,14200000000,-100,true,-0.59
"TPB",110550,"/Date(1702872371000)/",16850,100,840500,14177000000,-100,true,-0.59
"TPB",110550,"/Date(1702872371000)/",16850,500,840400,14175000000,-100,true,-0.59
"TPB",110521,"/Date(1702872342000)/",16850,400,839900,14167000000,-100,true,-0.59
"TPB",110453,"/Date(1702872312000)/",16850,1300,839500,14160000000,-100,true,-0.59
"TPB",110453,"/Date(1702872312000)/",16850,100,838200,14138000000,-100,true,-0.59
"TPB",110453,"/Date(1702872312000)/",16850,2900,838100,14136000000,-100,true,-0.59
"TPB",110453,"/Date(1702872312000)/",16850,200,835200,14088000000,-100,true,-0.59
"TPB",110424,"/Date(1702872285000)/",16850,2000,835000,14084000000,-100,true,-0.59
"TPB",110421,"/Date(1702872282000)/",16850,200,833000,14050000000,-100,true,-0.59
"TPB",110402,"/Date(1702872260000)/",16850,400,832800,14047000000,-100,true,-0.59
"TPB",110358,"/Date(1702872258000)/",16850,2000,832400,14040000000,-100,true,-0.59
"TPB",110324,"/Date(1702872222000)/",16850,400,830400,14007000000,-100,true,-0.59
"TPB",110308,"/Date(1702872207000)/",16850,3000,830000,14000000000,-100,true,-0.59
"TPB",110258,"/Date(1702872198000)/",16850,1000,827000,13949000000,-100,true,-0.59
"TPB",110252,"/Date(1702872192000)/",16850,400,826000,13933000000,-100,true,-0.59
"TPB",110242,"/Date(1702872183000)/",16850,4200,825600,13926000000,-100,true,-0.59
"TPB",110223,"/Date(1702872162000)/",16850,400,821400,13855000000,-100,true,-0.59
"TPB",110213,"/Date(1702872152000)/",16850,4200,821000,13848000000,-100,true,-0.59
"TPB",110151,"/Date(1702872132000)/",16850,200,816800,13778000000,-100,true,-0.59
"TPB",110129,"/Date(1702872107000)/",16850,2000,816600,13774000000,-100,true,-0.59
"TPB",110126,"/Date(1702872105000)/",16850,500,814600,13740000000,-100,true,-0.59
"TPB",110123,"/Date(1702872102000)/",16850,100,814100,13732000000,-100,true,-0.59
"TPB",110119,"/Date(1702872098000)/",16850,500,814000,13730000000,-100,true,-0.59
"TPB",110054,"/Date(1702872072000)/",16850,900,813500,13722000000,-100,true,-0.59
"TPB",110041,"/Date(1702872060000)/",16850,1000,812600,13707000000,-100,true,-0.59
"TPB",110035,"/Date(1702872054000)/",16850,3000,811600,13690000000,-100,true,-0.59
"TPB",110028,"/Date(1702872048000)/",16850,4200,808600,13639000000,-100,true,-0.59
"TPB",110022,"/Date(1702872042000)/",16850,1200,804400,13569000000,-100,true,-0.59
"TPB",110022,"/Date(1702872040000)/",16850,4200,803200,13548000000,-100,true,-0.59
"TPB",110006,"/Date(1702872025000)/",16850,4200,799000,13478000000,-100,true,-0.59
"TPB",105953,"/Date(1702872014000)/",16850,100,794800,13407000000,-100,true,-0.59
"TPB",105953,"/Date(1702872012000)/",16850,4200,794700,13405000000,-100,true,-0.59
"TPB",105856,"/Date(1702871955000)/",16850,700,790500,13334000000,-100,true,-0.59
"TPB",105824,"/Date(1702871922000)/",16850,500,789800,13323000000,-100,true,-0.59
"TPB",105818,"/Date(1702871918000)/",16850,1200,789300,13314000000,-100,true,-0.59
"TPB",105818,"/Date(1702871918000)/",16850,600,788100,13294000000,-100,true,-0.59
"TPB",105818,"/Date(1702871918000)/",16850,1000,787500,13284000000,-100,true,-0.59
"TPB",105818,"/Date(1702871918000)/",16850,2200,786500,13267000000,-100,true,-0.59
"TPB",105812,"/Date(1702871912000)/",16850,200,784300,13230000000,-100,true,-0.59
"TPB",105812,"/Date(1702871912000)/",16850,300,784100,13227000000,-100,true,-0.59
"TPB",105724,"/Date(1702871864000)/",16900,1000,783800,13221000000,-50,false,-0.29
"TPB",105724,"/Date(1702871863000)/",16850,300,782800,13205000000,-100,true,-0.59
"TPB",105714,"/Date(1702871852000)/",16850,1500,782500,13200000000,-100,true,-0.59
"TPB",105655,"/Date(1702871833000)/",16850,1700,781000,13174000000,-100,true,-0.59
"TPB",105652,"/Date(1702871832000)/",16850,100,779300,13146000000,-100,true,-0.59
"TPB",105639,"/Date(1702871817000)/",16850,100,779200,13144000000,-100,true,-0.59
"TPB",105633,"/Date(1702871811000)/",16900,1100,779100,13142000000,-50,false,-0.29
"TPB",105617,"/Date(1702871795000)/",16850,100,778000,13124000000,-100,true,-0.59
"TPB",105555,"/Date(1702871772000)/",16850,100,777900,13122000000,-100,true,-0.59
"TPB",105529,"/Date(1702871746000)/",16850,1000,777800,13120000000,-100,true,-0.59
"TPB",105422,"/Date(1702871682000)/",16850,100,776800,13103000000,-100,true,-0.59
"TPB",105403,"/Date(1702871663000)/",16850,1500,776700,13102000000,-100,true,-0.59
"TPB",105253,"/Date(1702871592000)/",16850,400,775200,13076000000,-100,true,-0.59
"TPB",105231,"/Date(1702871571000)/",16850,400,774800,13070000000,-100,true,-0.59
"TPB",105231,"/Date(1702871571000)/",16850,100,774400,13063000000,-100,true,-0.59
"TPB",105231,"/Date(1702871571000)/",16850,1000,774300,13061000000,-100,true,-0.59
"TPB",105231,"/Date(1702871571000)/",16850,2600,773300,13044000000,-100,true,-0.59
"TPB",105224,"/Date(1702871562000)/",16850,600,770700,13001000000,-100,true,-0.59
"TPB",105218,"/Date(1702871556000)/",16850,6600,770100,12991000000,-100,true,-0.59
"TPB",105152,"/Date(1702871532000)/",16850,100,763500,12879000000,-100,true,-0.59
"TPB",105149,"/Date(1702871527000)/",16850,100,763400,12878000000,-100,true,-0.59
"TPB",105149,"/Date(1702871527000)/",16850,200,763300,12876000000,-100,true,-0.59
"TPB",105149,"/Date(1702871527000)/",16850,500,763100,12873000000,-100,true,-0.59
"TPB",105124,"/Date(1702871502000)/",16850,100,762600,12864000000,-100,true,-0.59
"TPB",105124,"/Date(1702871502000)/",16850,100,762500,12862000000,-100,true,-0.59
"TPB",105124,"/Date(1702871502000)/",16850,300,762400,12861000000,-100,true,-0.59
"TPB",105124,"/Date(1702871501000)/",16850,700,762100,12856000000,-100,true,-0.59
"TPB",105124,"/Date(1702871501000)/",16850,1400,761400,12844000000,-100,true,-0.59
"TPB",105117,"/Date(1702871495000)/",16850,1000,760000,12820000000,-100,true,-0.59
"TPB",105114,"/Date(1702871494000)/",16850,2100,759000,12803000000,-100,true,-0.59
"TPB",105036,"/Date(1702871456000)/",16850,400,756900,12768000000,-100,true,-0.59
"TPB",105023,"/Date(1702871442000)/",16850,500,756500,12761000000,-100,true,-0.59
"TPB",105014,"/Date(1702871432000)/",16850,500,756000,12753000000,-100,true,-0.59
"TPB",105014,"/Date(1702871432000)/",16850,1000,755500,12745000000,-100,true,-0.59
"TPB",105014,"/Date(1702871432000)/",16850,3500,754500,12728000000,-100,true,-0.59
"TPB",104955,"/Date(1702871413000)/",16850,200,751000,12669000000,-100,true,-0.59
"TPB",104955,"/Date(1702871412000)/",16850,500,750800,12665000000,-100,true,-0.59
"TPB",104942,"/Date(1702871400000)/",16850,3000,750300,12657000000,-100,true,-0.59
"TPB",104939,"/Date(1702871397000)/",16850,2000,747300,12606000000,-100,true,-0.59
"TPB",104923,"/Date(1702871382000)/",16850,300,745300,12573000000,-100,true,-0.59
"TPB",104904,"/Date(1702871360000)/",16850,500,745000,12568000000,-100,true,-0.59
"TPB",104904,"/Date(1702871360000)/",16850,300,744500,12559000000,-100,true,-0.59
"TPB",104904,"/Date(1702871360000)/",16850,300,744200,12554000000,-100,true,-0.59
"TPB",104904,"/Date(1702871360000)/",16850,500,743900,12549000000,-100,true,-0.59
"TPB",104904,"/Date(1702871360000)/",16850,100,743400,12541000000,-100,true,-0.59
"TPB",104904,"/Date(1702871360000)/",16850,1300,743300,12539000000,-100,true,-0.59
"TPB",104857,"/Date(1702871352000)/",16850,100,742000,12517000000,-100,true,-0.59
"TPB",104835,"/Date(1702871332000)/",16850,1000,741900,12515000000,-100,true,-0.59
