"Stockcode","Package","TradingDate","Price","Vol","TotalVol","TotalVal","Change","IsBuy","PerChange"
"HDC",144425,"/Date(1702021500000)/",33350,106600,2337600,78522000000,-350,false,-1.04
"HDC",142920,"/Date(1702020596000)/",33700,500,2231000,74966000000,0,false,0
"HDC",142920,"/Date(1702020596000)/",33700,1000,2230500,74949000000,0,false,0
"HDC",142920,"/Date(1702020596000)/",33700,500,2229500,74915000000,0,false,0
"HDC",142911,"/Date(1702020588000)/",33600,1500,2229000,74899000000,-100,true,-0.3
"HDC",142901,"/Date(1702020577000)/",33600,300,2227500,74848000000,-100,true,-0.3
"HDC",142901,"/Date(1702020577000)/",33600,300,2227200,74838000000,-100,true,-0.3
"HDC",142901,"/Date(1702020577000)/",33600,300,2226900,74828000000,-100,true,-0.3
"HDC",142901,"/Date(1702020576000)/",33600,500,2226600,74818000000,-100,true,-0.3
"HDC",142855,"/Date(1702020570000)/",33600,300,2226100,74801000000,-100,false,-0.3
"HDC",142848,"/Date(1702020566000)/",33600,500,2225800,74791000000,-100,false,-0.3
"HDC",142848,"/Date(1702020563000)/",33600,400,2225300,74774000000,-100,false,-0.3
"HDC",142845,"/Date(1702020562000)/",33550,1000,2224900,74761000000,-150,true,-0.45
"HDC",142845,"/Date(1702020561000)/",33550,300,2223900,74727000000,-150,true,-0.45
"HDC",142845,"/Date(1702020561000)/",33550,200,2223600,74717000000,-150,true,-0.45
"HDC",142842,"/Date(1702020558000)/",33550,800,2223400,74711000000,-150,true,-0.45
"HDC",142842,"/Date(1702020558000)/",33550,200,2222600,74684000000,-150,true,-0.45
"HDC",142832,"/Date(1702020547000)/",33550,100,2222400,74677000000,-150,true,-0.45
"HDC",142832,"/Date(1702020547000)/",33600,100,2222300,74674000000,-100,true,-0.3
"HDC",142832,"/Date(1702020547000)/",33600,200,2222200,74670000000,-100,true,-0.3
"HDC",142832,"/Date(1702020547000)/",33600,400,2222000,74664000000,-100,true,-0.3
"HDC",142832,"/Date(1702020547000)/",33600,200,2221600,74650000000,-100,true,-0.3
"HDC",142829,"/Date(1702020544000)/",33600,100,2221400,74643000000,-100,true,-0.3
"HDC",142816,"/Date(1702020531000)/",33600,600,2221300,74640000000,-100,false,-0.3
"HDC",142816,"/Date(1702020531000)/",33600,100,2220700,74620000000,-100,false,-0.3
"HDC",142813,"/Date(1702020530000)/",33600,1400,2220600,74617000000,-100,false,-0.3
"HDC",142813,"/Date(1702020530000)/",33600,400,2219200,74569000000,-100,false,-0.3
"HDC",142803,"/Date(1702020521000)/",33600,100,2218800,74556000000,-100,false,-0.3
"HDC",142803,"/Date(1702020520000)/",33600,100,2218700,74553000000,-100,false,-0.3
"HDC",142803,"/Date(1702020520000)/",33600,100,2218600,74549000000,-100,false,-0.3
"HDC",142800,"/Date(1702020515000)/",33550,200,2218500,74546000000,-150,true,-0.45
"HDC",142754,"/Date(1702020510000)/",33550,500,2218300,74539000000,-150,false,-0.45
"HDC",142751,"/Date(1702020507000)/",33500,600,2217800,74522000000,-200,false,-0.59
"HDC",142751,"/Date(1702020505000)/",33500,100,2217200,74502000000,-200,false,-0.59
"HDC",142747,"/Date(1702020505000)/",33500,100,2217100,74499000000,-200,false,-0.59
"HDC",142744,"/Date(1702020501000)/",33500,800,2217000,74496000000,-200,false,-0.59
"HDC",142744,"/Date(1702020501000)/",33500,200,2216200,74469000000,-200,false,-0.59
"HDC",142744,"/Date(1702020501000)/",33400,400,2216000,74462000000,-300,true,-0.89
"HDC",142744,"/Date(1702020501000)/",33400,100,2215600,74449000000,-300,true,-0.89
"HDC",142744,"/Date(1702020501000)/",33400,100,2215500,74445000000,-300,true,-0.89
"HDC",142744,"/Date(1702020501000)/",33400,400,2215400,74442000000,-300,true,-0.89
"HDC",142735,"/Date(1702020491000)/",33350,700,2215000,74429000000,-350,true,-1.04
"HDC",142735,"/Date(1702020491000)/",33400,1000,2214300,74405000000,-300,true,-0.89
"HDC",142735,"/Date(1702020491000)/",33400,100,2213300,74372000000,-300,true,-0.89
"HDC",142735,"/Date(1702020491000)/",33400,200,2213200,74369000000,-300,true,-0.89
"HDC",142732,"/Date(1702020488000)/",33400,300,2213000,74362000000,-300,false,-0.89
"HDC",142728,"/Date(1702020483000)/",33400,200,2212700,74352000000,-300,false,-0.89
"HDC",142725,"/Date(1702020481000)/",33350,500,2212500,74345000000,-350,false,-1.04
"HDC",142725,"/Date(1702020481000)/",33350,800,2212000,74329000000,-350,false,-1.04
"HDC",142725,"/Date(1702020481000)/",33350,500,2211200,74302000000,-350,false,-1.04
"HDC",142722,"/Date(1702020477000)/",33350,500,2210700,74285000000,-350,false,-1.04
"HDC",142719,"/Date(1702020476000)/",33300,600,2210200,74269000000,-400,true,-1.19
"HDC",142719,"/Date(1702020476000)/",33300,300,2209600,74249000000,-400,true,-1.19
"HDC",142719,"/Date(1702020476000)/",33300,100,2209300,74239000000,-400,true,-1.19
"HDC",142716,"/Date(1702020470000)/",33350,200,2209200,74235000000,-350,false,-1.04
"HDC",142712,"/Date(1702020469000)/",33300,1000,2209000,74229000000,-400,false,-1.19
"HDC",142712,"/Date(1702020469000)/",33300,900,2208000,74195000000,-400,false,-1.19
"HDC",142712,"/Date(1702020469000)/",33300,1100,2207100,74165000000,-400,false,-1.19
"HDC",142712,"/Date(1702020469000)/",33300,800,2206000,74129000000,-400,false,-1.19
"HDC",142712,"/Date(1702020468000)/",33300,200,2205200,74102000000,-400,false,-1.19
"HDC",142712,"/Date(1702020468000)/",33300,6900,2205000,74095000000,-400,false,-1.19
"HDC",142712,"/Date(1702020468000)/",33300,100,2198100,73866000000,-400,false,-1.19
"HDC",142712,"/Date(1702020467000)/",33300,100,2198000,73862000000,-400,false,-1.19
"HDC",142712,"/Date(1702020467000)/",33300,400,2197900,73859000000,-400,false,-1.19
"HDC",142712,"/Date(1702020467000)/",33300,700,2197500,73846000000,-400,false,-1.19
"HDC",142712,"/Date(1702020467000)/",33300,1000,2196800,73822000000,-400,false,-1.19
"HDC",142712,"/Date(1702020467000)/",33300,900,2195800,73789000000,-400,false,-1.19
"HDC",142709,"/Date(1702020466000)/",33300,100,2194900,73759000000,-400,false,-1.19
"HDC",142709,"/Date(1702020465000)/",33300,1500,2194800,73756000000,-400,false,-1.19
"HDC",142709,"/Date(1702020464000)/",33300,100,2193300,73706000000,-400,false,-1.19
"HDC",142706,"/Date(1702020462000)/",33300,500,2193200,73702000000,-400,false,-1.19
"HDC",142706,"/Date(1702020462000)/",33300,400,2192700,73686000000,-400,false,-1.19
"HDC",142706,"/Date(1702020460000)/",33250,500,2192300,73673000000,-450,true,-1.34
"HDC",142702,"/Date(1702020459000)/",33300,100,2191800,73656000000,-400,false,-1.19
"HDC",142659,"/Date(1702020456000)/",33300,500,2191700,73653000000,-400,false,-1.19
"HDC",142659,"/Date(1702020454000)/",33300,900,2191200,73636000000,-400,false,-1.19
"HDC",142659,"/Date(1702020454000)/",33300,800,2190300,73606000000,-400,false,-1.19
"HDC",142659,"/Date(1702020454000)/",33300,100,2189500,73579000000,-400,false,-1.19
"HDC",142659,"/Date(1702020454000)/",33300,200,2189400,73576000000,-400,false,-1.19
"HDC",142656,"/Date(1702020452000)/",33250,100,2189200,73569000000,-450,true,-1.34
"HDC",142653,"/Date(1702020447000)/",33200,1400,2189100,73566000000,-500,true,-1.48
"HDC",142653,"/Date(1702020447000)/",33200,600,2187700,73519000000,-500,true,-1.48
"HDC",142646,"/Date(1702020443000)/",33200,1400,2187100,73500000000,-500,true,-1.48
"HDC",142646,"/Date(1702020443000)/",33200,100,2185700,73453000000,-500,true,-1.48
"HDC",142646,"/Date(1702020443000)/",33200,100,2185600,73450000000,-500,true,-1.48
"HDC",142646,"/Date(1702020443000)/",33250,1400,2185500,73446000000,-450,false,-1.34
"HDC",142646,"/Date(1702020443000)/",33250,300,2184100,73400000000,-450,false,-1.34
"HDC",142646,"/Date(1702020443000)/",33250,3300,2183800,73390000000,-450,false,-1.34
"HDC",142646,"/Date(1702020442000)/",33250,16700,2180500,73280000000,-450,false,-1.34
"HDC",142646,"/Date(1702020442000)/",33250,100,2163800,72725000000,-450,false,-1.34
"HDC",142646,"/Date(1702020442000)/",33250,1500,2163700,72722000000,-450,false,-1.34
"HDC",142646,"/Date(1702020442000)/",33250,10700,2162200,72672000000,-450,false,-1.34
"HDC",142643,"/Date(1702020440000)/",33250,200,2151500,72316000000,-450,false,-1.34
"HDC",142643,"/Date(1702020439000)/",33200,900,2151300,72309000000,-500,true,-1.48
"HDC",142643,"/Date(1702020439000)/",33200,100,2150400,72279000000,-500,true,-1.48
"HDC",142643,"/Date(1702020437000)/",33200,1000,2150300,72276000000,-500,true,-1.48
"HDC",142634,"/Date(1702020430000)/",33150,300,2149300,72243000000,-550,true,-1.63
"HDC",142634,"/Date(1702020430000)/",33200,200,2149000,72233000000,-500,true,-1.48
"HDC",142634,"/Date(1702020428000)/",33250,2000,2148800,72226000000,-450,false,-1.34
"HDC",142630,"/Date(1702020426000)/",33250,2000,2146800,72160000000,-450,false,-1.34
"HDC",142627,"/Date(1702020421000)/",33150,300,2144800,72093000000,-550,true,-1.63
"HDC",142621,"/Date(1702020415000)/",33100,500,2144500,72083000000,-600,true,-1.78
"HDC",142621,"/Date(1702020415000)/",33100,500,2144000,72067000000,-600,true,-1.78
"HDC",142618,"/Date(1702020415000)/",33250,2500,2143500,72050000000,-450,false,-1.34
"HDC",142618,"/Date(1702020414000)/",33100,500,2141000,71967000000,-600,true,-1.78
"HDC",142618,"/Date(1702020414000)/",33100,500,2140500,71951000000,-600,true,-1.78
"HDC",142618,"/Date(1702020414000)/",33100,1000,2140000,71934000000,-600,true,-1.78
"HDC",142611,"/Date(1702020407000)/",33250,5600,2139000,71901000000,-450,false,-1.34
"HDC",142611,"/Date(1702020407000)/",33200,100,2133400,71715000000,-500,false,-1.48
"HDC",142611,"/Date(1702020407000)/",33200,1000,2133300,71711000000,-500,false,-1.48
"HDC",142611,"/Date(1702020407000)/",33200,5000,2132300,71678000000,-500,false,-1.48
"HDC",142611,"/Date(1702020407000)/",33200,200,2127300,71512000000,-500,false,-1.48
"HDC",142611,"/Date(1702020407000)/",33200,2000,2127100,71506000000,-500,false,-1.48
"HDC",142611,"/Date(1702020407000)/",33150,1000,2125100,71439000000,-550,false,-1.63
"HDC",142611,"/Date(1702020407000)/",33150,1500,2124100,71406000000,-550,false,-1.63
"HDC",142611,"/Date(1702020407000)/",33100,800,2122600,71356000000,-600,false,-1.78
"HDC",142611,"/Date(1702020407000)/",33100,500,2121800,71330000000,-600,false,-1.78
"HDC",142611,"/Date(1702020407000)/",33100,2300,2121300,71313000000,-600,false,-1.78
"HDC",142611,"/Date(1702020406000)/",33100,300,2119000,71237000000,-600,false,-1.78
"HDC",142608,"/Date(1702020404000)/",33100,100,2118700,71227000000,-600,false,-1.78
"HDC",142608,"/Date(1702020403000)/",33100,500,2118600,71224000000,-600,false,-1.78
"HDC",142605,"/Date(1702020401000)/",33050,2000,2118100,71207000000,-650,true,-1.93
"HDC",142605,"/Date(1702020401000)/",33100,1000,2116100,71141000000,-600,true,-1.78
"HDC",142605,"/Date(1702020400000)/",33100,1000,2115100,71108000000,-600,true,-1.78
"HDC",142605,"/Date(1702020400000)/",33100,200,2114100,71075000000,-600,true,-1.78
"HDC",142605,"/Date(1702020400000)/",33100,500,2113900,71068000000,-600,true,-1.78
"HDC",142605,"/Date(1702020400000)/",33100,500,2113400,71052000000,-600,true,-1.78
"HDC",142605,"/Date(1702020400000)/",33100,1000,2112900,71035000000,-600,true,-1.78
"HDC",142605,"/Date(1702020400000)/",33100,1900,2111900,71002000000,-600,true,-1.78
"HDC",142605,"/Date(1702020400000)/",33100,500,2110000,70939000000,-600,true,-1.78
"HDC",142605,"/Date(1702020400000)/",33100,200,2109500,70923000000,-600,true,-1.78
"HDC",142558,"/Date(1702020394000)/",33100,300,2109300,70916000000,-600,true,-1.78
"HDC",142558,"/Date(1702020394000)/",33100,100,2109000,70906000000,-600,true,-1.78
"HDC",142558,"/Date(1702020393000)/",33100,100,2108900,70903000000,-600,true,-1.78
"HDC",142555,"/Date(1702020390000)/",33100,100,2108800,70900000000,-600,false,-1.78
"HDC",142555,"/Date(1702020390000)/",33100,200,2108700,70896000000,-600,false,-1.78
"HDC",142549,"/Date(1702020386000)/",33100,300,2108500,70890000000,-600,true,-1.78
"HDC",142549,"/Date(1702020386000)/",33100,100,2108200,70880000000,-600,true,-1.78
"HDC",142549,"/Date(1702020386000)/",33100,600,2108100,70876000000,-600,true,-1.78
"HDC",142549,"/Date(1702020384000)/",33100,500,2107500,70857000000,-600,true,-1.78
"HDC",142549,"/Date(1702020384000)/",33100,1000,2107000,70840000000,-600,true,-1.78
"HDC",142549,"/Date(1702020384000)/",33100,2000,2106000,70807000000,-600,true,-1.78
"HDC",142549,"/Date(1702020384000)/",33100,2000,2104000,70741000000,-600,true,-1.78
"HDC",142549,"/Date(1702020384000)/",33100,1000,2102000,70675000000,-600,true,-1.78
"HDC",142549,"/Date(1702020384000)/",33100,1000,2101000,70641000000,-600,true,-1.78
"HDC",142549,"/Date(1702020384000)/",33100,100,2100000,70608000000,-600,true,-1.78
"HDC",142549,"/Date(1702020384000)/",33100,1800,2099900,70605000000,-600,true,-1.78
"HDC",142549,"/Date(1702020383000)/",33150,500,2098100,70545000000,-550,false,-1.63
"HDC",142542,"/Date(1702020378000)/",33100,100,2097600,70529000000,-600,true,-1.78
"HDC",142542,"/Date(1702020378000)/",33100,500,2097500,70526000000,-600,true,-1.78
"HDC",142542,"/Date(1702020378000)/",33100,1000,2097000,70509000000,-600,true,-1.78
"HDC",142542,"/Date(1702020378000)/",33100,1000,2096000,70476000000,-600,true,-1.78
"HDC",142542,"/Date(1702020378000)/",33100,1300,2095000,70443000000,-600,true,-1.78
"HDC",142536,"/Date(1702020373000)/",33100,700,2093700,70400000000,-600,true,-1.78
"HDC",142536,"/Date(1702020373000)/",33100,300,2093000,70377000000,-600,true,-1.78
"HDC",142536,"/Date(1702020370000)/",33050,600,2092700,70367000000,-650,true,-1.93
"HDC",142536,"/Date(1702020370000)/",33100,100,2092100,70347000000,-600,true,-1.78
"HDC",142536,"/Date(1702020370000)/",33100,500,2092000,70344000000,-600,true,-1.78
"HDC",142536,"/Date(1702020370000)/",33100,500,2091500,70327000000,-600,true,-1.78
"HDC",142536,"/Date(1702020370000)/",33100,100,2091000,70310000000,-600,true,-1.78
"HDC",142536,"/Date(1702020370000)/",33100,5000,2090900,70307000000,-600,true,-1.78
"HDC",142536,"/Date(1702020370000)/",33100,1000,2085900,70142000000,-600,true,-1.78
"HDC",142536,"/Date(1702020370000)/",33100,100,2084900,70109000000,-600,true,-1.78
"HDC",142536,"/Date(1702020370000)/",33100,500,2084800,70105000000,-600,true,-1.78
"HDC",142536,"/Date(1702020370000)/",33100,1600,2084300,70089000000,-600,true,-1.78
"HDC",142530,"/Date(1702020366000)/",33100,400,2082700,70036000000,-600,true,-1.78
"HDC",142530,"/Date(1702020366000)/",33100,800,2082300,70022000000,-600,true,-1.78
"HDC",142526,"/Date(1702020363000)/",33100,200,2081500,69996000000,-600,true,-1.78
"HDC",142526,"/Date(1702020363000)/",33100,100,2081300,69989000000,-600,true,-1.78
"HDC",142526,"/Date(1702020363000)/",33100,200,2081200,69986000000,-600,true,-1.78
"HDC",142526,"/Date(1702020363000)/",33100,500,2081000,69979000000,-600,true,-1.78
"HDC",142520,"/Date(1702020356000)/",33200,1000,2080500,69963000000,-500,false,-1.48
"HDC",142520,"/Date(1702020355000)/",33050,8200,2079500,69930000000,-650,true,-1.93
"HDC",142520,"/Date(1702020355000)/",33100,100,2071300,69659000000,-600,false,-1.78
"HDC",142517,"/Date(1702020352000)/",33050,6500,2071200,69655000000,-650,true,-1.93
"HDC",142517,"/Date(1702020352000)/",33100,500,2064700,69441000000,-600,true,-1.78
"HDC",142517,"/Date(1702020352000)/",33100,1000,2064200,69424000000,-600,true,-1.78
"HDC",142517,"/Date(1702020352000)/",33100,200,2063200,69391000000,-600,true,-1.78
"HDC",142517,"/Date(1702020352000)/",33100,300,2063000,69384000000,-600,true,-1.78
"HDC",142517,"/Date(1702020352000)/",33100,200,2062700,69374000000,-600,true,-1.78
"HDC",142517,"/Date(1702020352000)/",33100,300,2062500,69368000000,-600,true,-1.78
"HDC",142517,"/Date(1702020352000)/",33150,1000,2062200,69358000000,-550,true,-1.63
"HDC",142513,"/Date(1702020349000)/",33150,1000,2061200,69325000000,-550,false,-1.63
"HDC",142510,"/Date(1702020347000)/",33100,400,2060200,69292000000,-600,true,-1.78
"HDC",142510,"/Date(1702020347000)/",33100,500,2059800,69278000000,-600,true,-1.78
"HDC",142510,"/Date(1702020347000)/",33100,500,2059300,69262000000,-600,true,-1.78
"HDC",142510,"/Date(1702020347000)/",33100,300,2058800,69245000000,-600,true,-1.78
"HDC",142510,"/Date(1702020347000)/",33100,2000,2058500,69235000000,-600,true,-1.78
"HDC",142510,"/Date(1702020347000)/",33100,300,2056500,69169000000,-600,true,-1.78
"HDC",142510,"/Date(1702020346000)/",33100,1500,2056200,69159000000,-600,true,-1.78
"HDC",142507,"/Date(1702020342000)/",33100,200,2054700,69109000000,-600,true,-1.78
"HDC",142507,"/Date(1702020342000)/",33100,200,2054500,69103000000,-600,true,-1.78
"HDC",142504,"/Date(1702020341000)/",33100,100,2054300,69096000000,-600,true,-1.78
"HDC",142504,"/Date(1702020341000)/",33100,100,2054200,69093000000,-600,true,-1.78
"HDC",142504,"/Date(1702020341000)/",33100,300,2054100,69090000000,-600,true,-1.78
"HDC",142457,"/Date(1702020332000)/",33100,100,2053800,69080000000,-600,false,-1.78
"HDC",142457,"/Date(1702020332000)/",33100,100,2053700,69076000000,-600,false,-1.78
"HDC",142457,"/Date(1702020331000)/",33050,600,2053600,69073000000,-650,true,-1.93
"HDC",142457,"/Date(1702020331000)/",33050,100,2053000,69053000000,-650,true,-1.93
"HDC",142451,"/Date(1702020328000)/",33100,300,2052900,69050000000,-600,false,-1.78
"HDC",142451,"/Date(1702020326000)/",33050,1400,2052600,69040000000,-650,true,-1.93
"HDC",142451,"/Date(1702020325000)/",33100,500,2051200,68994000000,-600,false,-1.78
"HDC",142448,"/Date(1702020324000)/",33100,100,2050700,68977000000,-600,false,-1.78
"HDC",142441,"/Date(1702020317000)/",33050,1000,2050600,68974000000,-650,true,-1.93
"HDC",142441,"/Date(1702020316000)/",33050,400,2049600,68941000000,-650,true,-1.93
"HDC",142441,"/Date(1702020316000)/",33050,3000,2049200,68928000000,-650,true,-1.93
"HDC",142441,"/Date(1702020316000)/",33050,2500,2046200,68828000000,-650,true,-1.93
"HDC",142441,"/Date(1702020316000)/",33050,1000,2043700,68746000000,-650,true,-1.93
"HDC",142441,"/Date(1702020316000)/",33100,500,2042700,68713000000,-600,true,-1.78
"HDC",142441,"/Date(1702020316000)/",33100,1000,2042200,68696000000,-600,true,-1.78
"HDC",142441,"/Date(1702020316000)/",33100,500,2041200,68663000000,-600,true,-1.78
"HDC",142441,"/Date(1702020316000)/",33100,100,2040700,68647000000,-600,true,-1.78
"HDC",142441,"/Date(1702020316000)/",33100,1000,2040600,68643000000,-600,true,-1.78
"HDC",142441,"/Date(1702020316000)/",33100,500,2039600,68610000000,-600,true,-1.78
"HDC",142441,"/Date(1702020316000)/",33100,500,2039100,68594000000,-600,true,-1.78
"HDC",142438,"/Date(1702020313000)/",33250,500,2038600,68577000000,-450,false,-1.34
"HDC",142435,"/Date(1702020311000)/",33250,200,2038100,68560000000,-450,false,-1.34
"HDC",142435,"/Date(1702020310000)/",33100,1500,2037900,68554000000,-600,true,-1.78
"HDC",142435,"/Date(1702020310000)/",33100,2000,2036400,68504000000,-600,true,-1.78
"HDC",142435,"/Date(1702020310000)/",33100,3000,2034400,68438000000,-600,true,-1.78
"HDC",142435,"/Date(1702020310000)/",33100,200,2031400,68339000000,-600,true,-1.78
"HDC",142435,"/Date(1702020310000)/",33100,100,2031200,68332000000,-600,true,-1.78
"HDC",142435,"/Date(1702020310000)/",33100,500,2031100,68329000000,-600,true,-1.78
"HDC",142435,"/Date(1702020310000)/",33100,1000,2030600,68312000000,-600,true,-1.78
"HDC",142435,"/Date(1702020310000)/",33100,200,2029600,68279000000,-600,true,-1.78
"HDC",142435,"/Date(1702020310000)/",33100,500,2029400,68272000000,-600,true,-1.78
"HDC",142435,"/Date(1702020310000)/",33100,300,2028900,68256000000,-600,true,-1.78
"HDC",142435,"/Date(1702020310000)/",33100,3000,2028600,68246000000,-600,true,-1.78
"HDC",142435,"/Date(1702020310000)/",33100,1000,2025600,68147000000,-600,true,-1.78
"HDC",142435,"/Date(1702020310000)/",33100,500,2024600,68114000000,-600,true,-1.78
"HDC",142435,"/Date(1702020310000)/",33100,100,2024100,68097000000,-600,true,-1.78
"HDC",142435,"/Date(1702020310000)/",33100,100,2024000,68094000000,-600,true,-1.78
"HDC",142435,"/Date(1702020310000)/",33150,500,2023900,68090000000,-550,false,-1.63
"HDC",142435,"/Date(1702020310000)/",33150,100,2023400,68074000000,-550,false,-1.63
"HDC",142435,"/Date(1702020310000)/",33150,500,2023300,68070000000,-550,false,-1.63
"HDC",142435,"/Date(1702020310000)/",33150,100,2022800,68054000000,-550,false,-1.63
"HDC",142435,"/Date(1702020310000)/",33150,100,2022700,68051000000,-550,false,-1.63
"HDC",142435,"/Date(1702020310000)/",33150,4000,2022600,68047000000,-550,false,-1.63
"HDC",142435,"/Date(1702020310000)/",33150,500,2018600,67915000000,-550,false,-1.63
"HDC",142435,"/Date(1702020310000)/",33150,200,2018100,67898000000,-550,false,-1.63
"HDC",142435,"/Date(1702020310000)/",33150,100,2017900,67891000000,-550,false,-1.63
"HDC",142435,"/Date(1702020310000)/",33150,900,2017800,67888000000,-550,false,-1.63
"HDC",142435,"/Date(1702020310000)/",33150,500,2016900,67858000000,-550,false,-1.63
"HDC",142435,"/Date(1702020310000)/",33150,5000,2016400,67842000000,-550,false,-1.63
"HDC",142435,"/Date(1702020310000)/",33150,100,2011400,67676000000,-550,false,-1.63
"HDC",142435,"/Date(1702020310000)/",33150,600,2011300,67673000000,-550,false,-1.63
"HDC",142435,"/Date(1702020310000)/",33200,1000,2010700,67653000000,-500,false,-1.48
"HDC",142435,"/Date(1702020310000)/",33200,200,2009700,67620000000,-500,false,-1.48
"HDC",142435,"/Date(1702020310000)/",33200,500,2009500,67613000000,-500,false,-1.48
"HDC",142435,"/Date(1702020310000)/",33200,100,2009000,67596000000,-500,false,-1.48
"HDC",142435,"/Date(1702020310000)/",33200,500,2008900,67593000000,-500,false,-1.48
"HDC",142435,"/Date(1702020310000)/",33200,100,2008400,67576000000,-500,false,-1.48
"HDC",142435,"/Date(1702020310000)/",33200,100,2008300,67573000000,-500,false,-1.48
"HDC",142435,"/Date(1702020310000)/",33200,2000,2008200,67570000000,-500,false,-1.48
"HDC",142435,"/Date(1702020310000)/",33200,300,2006200,67503000000,-500,false,-1.48
"HDC",142435,"/Date(1702020310000)/",33200,200,2005900,67493000000,-500,false,-1.48
"HDC",142435,"/Date(1702020310000)/",33200,100,2005700,67487000000,-500,false,-1.48
"HDC",142435,"/Date(1702020310000)/",33200,1000,2005600,67483000000,-500,false,-1.48
"HDC",142435,"/Date(1702020310000)/",33200,300,2004600,67450000000,-500,false,-1.48
"HDC",142435,"/Date(1702020310000)/",33200,100,2004300,67440000000,-500,false,-1.48
"HDC",142435,"/Date(1702020310000)/",33200,1000,2004200,67437000000,-500,false,-1.48
"HDC",142435,"/Date(1702020310000)/",33200,100,2003200,67404000000,-500,false,-1.48
"HDC",142435,"/Date(1702020310000)/",33200,1600,2003100,67400000000,-500,false,-1.48
"HDC",142435,"/Date(1702020310000)/",33200,100,2001500,67347000000,-500,false,-1.48
"HDC",142435,"/Date(1702020310000)/",33200,100,2001400,67344000000,-500,false,-1.48
"HDC",142435,"/Date(1702020310000)/",33200,100,2001300,67341000000,-500,false,-1.48
"HDC",142435,"/Date(1702020310000)/",33200,100,2001200,67337000000,-500,false,-1.48
"HDC",142435,"/Date(1702020310000)/",33200,300,2001100,67334000000,-500,false,-1.48
"HDC",142435,"/Date(1702020310000)/",33200,1700,2000800,67324000000,-500,false,-1.48
"HDC",142435,"/Date(1702020310000)/",33200,300,1999100,67268000000,-500,false,-1.48
"HDC",142435,"/Date(1702020310000)/",33200,600,1998800,67258000000,-500,false,-1.48
"HDC",142435,"/Date(1702020310000)/",33200,100,1998200,67238000000,-500,false,-1.48
"HDC",142435,"/Date(1702020310000)/",33200,200,1998100,67234000000,-500,false,-1.48
"HDC",142435,"/Date(1702020309000)/",33200,100,1997900,67228000000,-500,false,-1.48
"HDC",142435,"/Date(1702020309000)/",33200,100,1997800,67225000000,-500,false,-1.48
"HDC",142435,"/Date(1702020309000)/",33200,2000,1997700,67221000000,-500,false,-1.48
"HDC",142435,"/Date(1702020309000)/",33200,100,1995700,67155000000,-500,false,-1.48
"HDC",142435,"/Date(1702020309000)/",33250,500,1995600,67151000000,-450,false,-1.34
"HDC",142435,"/Date(1702020309000)/",33250,300,1995100,67135000000,-450,false,-1.34
"HDC",142435,"/Date(1702020309000)/",33250,100,1994800,67125000000,-450,false,-1.34
"HDC",142435,"/Date(1702020309000)/",33250,1000,1994700,67122000000,-450,false,-1.34
"HDC",142435,"/Date(1702020309000)/",33250,2000,1993700,67088000000,-450,false,-1.34
"HDC",142435,"/Date(1702020309000)/",33250,100,1991700,67022000000,-450,false,-1.34
"HDC",142435,"/Date(1702020309000)/",33250,100,1991600,67018000000,-450,false,-1.34
"HDC",142435,"/Date(1702020309000)/",33250,100,1991500,67015000000,-450,false,-1.34
"HDC",142435,"/Date(1702020309000)/",33250,1000,1991400,67012000000,-450,false,-1.34
"HDC",142435,"/Date(1702020309000)/",33250,100,1990400,66979000000,-450,false,-1.34
"HDC",142435,"/Date(1702020309000)/",33250,100,1990300,66975000000,-450,false,-1.34
"HDC",142435,"/Date(1702020309000)/",33250,200,1990200,66972000000,-450,false,-1.34
"HDC",142435,"/Date(1702020309000)/",33250,1000,1990000,66965000000,-450,false,-1.34
"HDC",142435,"/Date(1702020309000)/",33250,1100,1989000,66932000000,-450,false,-1.34
"HDC",142432,"/Date(1702020308000)/",33250,500,1987900,66895000000,-450,true,-1.34
"HDC",142432,"/Date(1702020308000)/",33250,100,1987400,66879000000,-450,true,-1.34
"HDC",142432,"/Date(1702020308000)/",33250,200,1987300,66876000000,-450,true,-1.34
"HDC",142432,"/Date(1702020307000)/",33300,1000,1987100,66869000000,-400,false,-1.19
"HDC",142432,"/Date(1702020306000)/",33250,100,1986100,66836000000,-450,true,-1.34
"HDC",142432,"/Date(1702020306000)/",33250,100,1986000,66832000000,-450,true,-1.34
"HDC",142432,"/Date(1702020306000)/",33250,100,1985900,66829000000,-450,true,-1.34
"HDC",142432,"/Date(1702020306000)/",33250,1000,1985800,66826000000,-450,true,-1.34
"HDC",142432,"/Date(1702020306000)/",33250,100,1984800,66792000000,-450,true,-1.34
"HDC",142432,"/Date(1702020306000)/",33250,1000,1984700,66789000000,-450,true,-1.34
"HDC",142432,"/Date(1702020306000)/",33250,100,1983700,66756000000,-450,true,-1.34
"HDC",142432,"/Date(1702020306000)/",33250,200,1983600,66752000000,-450,true,-1.34
"HDC",142432,"/Date(1702020306000)/",33250,100,1983400,66746000000,-450,true,-1.34
"HDC",142432,"/Date(1702020306000)/",33250,100,1983300,66742000000,-450,true,-1.34
"HDC",142432,"/Date(1702020306000)/",33250,700,1983200,66739000000,-450,true,-1.34
"HDC",142432,"/Date(1702020306000)/",33250,300,1982500,66716000000,-450,true,-1.34
"HDC",142432,"/Date(1702020306000)/",33250,100,1982200,66706000000,-450,true,-1.34
"HDC",142432,"/Date(1702020306000)/",33250,200,1982100,66703000000,-450,true,-1.34
"HDC",142432,"/Date(1702020306000)/",33250,100,1981900,66696000000,-450,true,-1.34
"HDC",142432,"/Date(1702020306000)/",33250,300,1981800,66693000000,-450,true,-1.34
"HDC",142429,"/Date(1702020306000)/",33250,200,1981500,66683000000,-450,true,-1.34
"HDC",142429,"/Date(1702020306000)/",33250,6000,1981300,66676000000,-450,true,-1.34
"HDC",142429,"/Date(1702020305000)/",33250,2000,1975300,66476000000,-450,true,-1.34
"HDC",142429,"/Date(1702020305000)/",33250,200,1973300,66410000000,-450,true,-1.34
"HDC",142429,"/Date(1702020303000)/",33250,30000,1973100,66403000000,-450,true,-1.34
"HDC",142429,"/Date(1702020303000)/",33250,5000,1943100,65406000000,-450,true,-1.34
"HDC",142429,"/Date(1702020302000)/",33250,200,1938100,65240000000,-450,true,-1.34
"HDC",142425,"/Date(1702020301000)/",33250,1000,1937900,65233000000,-450,true,-1.34
"HDC",142425,"/Date(1702020301000)/",33300,100,1936900,65200000000,-400,false,-1.19
"HDC",142425,"/Date(1702020300000)/",33250,10300,1936800,65196000000,-450,true,-1.34
"HDC",142422,"/Date(1702020296000)/",33250,2200,1926500,64854000000,-450,true,-1.34
"HDC",142422,"/Date(1702020296000)/",33250,500,1924300,64781000000,-450,true,-1.34
"HDC",142419,"/Date(1702020293000)/",33250,1000,1923800,64764000000,-450,true,-1.34
"HDC",142419,"/Date(1702020293000)/",33250,3500,1922800,64731000000,-450,true,-1.34
"HDC",142419,"/Date(1702020293000)/",33300,1500,1919300,64614000000,-400,false,-1.19
"HDC",142419,"/Date(1702020293000)/",33300,100,1917800,64565000000,-400,false,-1.19
"HDC",142416,"/Date(1702020290000)/",33250,9900,1917700,64561000000,-450,true,-1.34
"HDC",142416,"/Date(1702020290000)/",33300,200,1907800,64232000000,-400,false,-1.19
"HDC",142412,"/Date(1702020289000)/",33300,100,1907600,64225000000,-400,false,-1.19
"HDC",142412,"/Date(1702020288000)/",33250,14000,1907500,64222000000,-450,true,-1.34
"HDC",142412,"/Date(1702020288000)/",33300,1000,1893500,63757000000,-400,false,-1.19
"HDC",142412,"/Date(1702020288000)/",33300,100,1892500,63723000000,-400,false,-1.19
"HDC",142412,"/Date(1702020287000)/",33250,4000,1892400,63720000000,-450,true,-1.34
"HDC",142409,"/Date(1702020283000)/",33300,500,1888400,63587000000,-400,false,-1.19
"HDC",142409,"/Date(1702020283000)/",33250,100,1887900,63570000000,-450,true,-1.34
"HDC",142403,"/Date(1702020278000)/",33300,500,1887800,63567000000,-400,false,-1.19
"HDC",142400,"/Date(1702020275000)/",33300,100,1887300,63550000000,-400,false,-1.19
"HDC",142400,"/Date(1702020275000)/",33300,1500,1887200,63547000000,-400,false,-1.19
"HDC",142400,"/Date(1702020274000)/",33300,500,1885700,63497000000,-400,false,-1.19
"HDC",142356,"/Date(1702020272000)/",33300,1100,1885200,63480000000,-400,false,-1.19
"HDC",142350,"/Date(1702020264000)/",33300,500,1884100,63444000000,-400,false,-1.19
"HDC",142350,"/Date(1702020264000)/",33300,400,1883600,63427000000,-400,false,-1.19
"HDC",142347,"/Date(1702020263000)/",33250,20000,1883200,63414000000,-450,true,-1.34
"HDC",142347,"/Date(1702020261000)/",33300,400,1863200,62749000000,-400,false,-1.19
"HDC",142340,"/Date(1702020256000)/",33300,100,1862800,62735000000,-400,false,-1.19
"HDC",142337,"/Date(1702020254000)/",33300,500,1862700,62732000000,-400,true,-1.19
"HDC",142337,"/Date(1702020253000)/",33250,1100,1862200,62715000000,-450,true,-1.34
"HDC",142337,"/Date(1702020253000)/",33300,3800,1861100,62679000000,-400,true,-1.19
"HDC",142337,"/Date(1702020253000)/",33300,200,1857300,62552000000,-400,true,-1.19
"HDC",142337,"/Date(1702020253000)/",33300,500,1857100,62546000000,-400,true,-1.19
"HDC",142337,"/Date(1702020253000)/",33300,500,1856600,62529000000,-400,true,-1.19
"HDC",142337,"/Date(1702020253000)/",33300,2100,1856100,62512000000,-400,true,-1.19
"HDC",142334,"/Date(1702020248000)/",33300,200,1854000,62442000000,-400,true,-1.19
"HDC",142331,"/Date(1702020247000)/",33300,800,1853800,62436000000,-400,false,-1.19
"HDC",142331,"/Date(1702020246000)/",33300,1200,1853000,62409000000,-400,false,-1.19
"HDC",142331,"/Date(1702020246000)/",33300,800,1851800,62369000000,-400,false,-1.19
"HDC",142331,"/Date(1702020246000)/",33300,4200,1851000,62343000000,-400,false,-1.19
"HDC",142327,"/Date(1702020244000)/",33300,100,1846800,62203000000,-400,false,-1.19
"HDC",142327,"/Date(1702020243000)/",33300,700,1846700,62199000000,-400,false,-1.19
"HDC",142327,"/Date(1702020243000)/",33300,300,1846000,62176000000,-400,false,-1.19
"HDC",142327,"/Date(1702020242000)/",33250,1000,1845700,62166000000,-450,true,-1.34
"HDC",142327,"/Date(1702020242000)/",33250,500,1844700,62133000000,-450,true,-1.34
"HDC",142324,"/Date(1702020239000)/",33300,200,1844200,62116000000,-400,false,-1.19
"HDC",142321,"/Date(1702020237000)/",33250,500,1844000,62109000000,-450,true,-1.34
"HDC",142321,"/Date(1702020237000)/",33300,1000,1843500,62093000000,-400,true,-1.19
"HDC",142321,"/Date(1702020237000)/",33300,500,1842500,62060000000,-400,true,-1.19
"HDC",142321,"/Date(1702020236000)/",33300,500,1842000,62043000000,-400,true,-1.19
"HDC",142318,"/Date(1702020234000)/",33300,1000,1841500,62026000000,-400,true,-1.19
"HDC",142318,"/Date(1702020233000)/",33300,300,1840500,61993000000,-400,true,-1.19
"HDC",142318,"/Date(1702020233000)/",33300,700,1840200,61983000000,-400,true,-1.19
"HDC",142318,"/Date(1702020232000)/",33300,300,1839500,61960000000,-400,true,-1.19
"HDC",142318,"/Date(1702020232000)/",33300,1500,1839200,61950000000,-400,true,-1.19
"HDC",142318,"/Date(1702020232000)/",33300,200,1837700,61900000000,-400,true,-1.19
"HDC",142318,"/Date(1702020232000)/",33300,4800,1837500,61893000000,-400,true,-1.19
"HDC",142318,"/Date(1702020232000)/",33300,1200,1832700,61733000000,-400,true,-1.19
"HDC",142315,"/Date(1702020231000)/",33300,500,1831500,61693000000,-400,false,-1.19
"HDC",142315,"/Date(1702020231000)/",33300,100,1831000,61677000000,-400,false,-1.19
"HDC",142315,"/Date(1702020231000)/",33250,3000,1830900,61673000000,-450,true,-1.34
"HDC",142315,"/Date(1702020229000)/",33300,1000,1827900,61574000000,-400,false,-1.19
"HDC",142315,"/Date(1702020229000)/",33300,200,1826900,61540000000,-400,false,-1.19
"HDC",142312,"/Date(1702020228000)/",33250,300,1826700,61534000000,-450,true,-1.34
"HDC",142312,"/Date(1702020227000)/",33300,1000,1826400,61524000000,-400,false,-1.19
"HDC",142312,"/Date(1702020226000)/",33300,2000,1825400,61490000000,-400,false,-1.19
"HDC",142259,"/Date(1702020214000)/",33300,100,1823400,61424000000,-400,false,-1.19
"HDC",142252,"/Date(1702020207000)/",33300,200,1823300,61420000000,-400,false,-1.19
"HDC",142252,"/Date(1702020206000)/",33300,100,1823100,61414000000,-400,false,-1.19
"HDC",142249,"/Date(1702020204000)/",33300,100,1823000,61410000000,-400,false,-1.19
"HDC",142246,"/Date(1702020203000)/",33300,500,1822900,61407000000,-400,false,-1.19
"HDC",142246,"/Date(1702020202000)/",33300,1000,1822400,61390000000,-400,false,-1.19
"HDC",142246,"/Date(1702020200000)/",33250,5900,1821400,61357000000,-450,true,-1.34
"HDC",142246,"/Date(1702020200000)/",33300,100,1815500,61161000000,-400,false,-1.19
"HDC",142243,"/Date(1702020198000)/",33300,800,1815400,61158000000,-400,false,-1.19
"HDC",142243,"/Date(1702020197000)/",33300,100,1814600,61131000000,-400,false,-1.19
"HDC",142243,"/Date(1702020197000)/",33300,1900,1814500,61128000000,-400,false,-1.19
"HDC",142240,"/Date(1702020196000)/",33250,600,1812600,61064000000,-450,true,-1.34
"HDC",142240,"/Date(1702020196000)/",33250,3900,1812000,61044000000,-450,true,-1.34
"HDC",142240,"/Date(1702020196000)/",33250,500,1808100,60915000000,-450,true,-1.34
"HDC",142240,"/Date(1702020196000)/",33250,300,1807600,60898000000,-450,true,-1.34
"HDC",142240,"/Date(1702020196000)/",33250,300,1807300,60888000000,-450,true,-1.34
"HDC",142240,"/Date(1702020196000)/",33250,2000,1807000,60878000000,-450,true,-1.34
"HDC",142240,"/Date(1702020196000)/",33250,100,1805000,60812000000,-450,true,-1.34
"HDC",142240,"/Date(1702020196000)/",33250,1000,1804900,60808000000,-450,true,-1.34
"HDC",142240,"/Date(1702020196000)/",33250,500,1803900,60775000000,-450,true,-1.34
"HDC",142240,"/Date(1702020196000)/",33250,2000,1803400,60758000000,-450,true,-1.34
"HDC",142240,"/Date(1702020196000)/",33250,1000,1801400,60692000000,-450,true,-1.34
"HDC",142240,"/Date(1702020196000)/",33250,400,1800400,60659000000,-450,true,-1.34
"HDC",142240,"/Date(1702020194000)/",33250,2300,1800000,60645000000,-450,true,-1.34
"HDC",142236,"/Date(1702020189000)/",33250,1000,1797700,60569000000,-450,true,-1.34
"HDC",142230,"/Date(1702020187000)/",33250,6000,1796700,60536000000,-450,true,-1.34
"HDC",142230,"/Date(1702020185000)/",33250,300,1790700,60336000000,-450,true,-1.34
"HDC",142230,"/Date(1702020185000)/",33250,100,1790400,60326000000,-450,true,-1.34
"HDC",142230,"/Date(1702020185000)/",33250,600,1790300,60323000000,-450,true,-1.34
"HDC",142223,"/Date(1702020180000)/",33300,100,1789700,60303000000,-400,false,-1.19
"HDC",142223,"/Date(1702020180000)/",33300,2100,1789600,60300000000,-400,false,-1.19
"HDC",142223,"/Date(1702020180000)/",33300,2800,1787500,60230000000,-400,false,-1.19
"HDC",142220,"/Date(1702020177000)/",33250,1500,1784700,60136000000,-450,true,-1.34
"HDC",142220,"/Date(1702020176000)/",33250,900,1783200,60087000000,-450,true,-1.34
"HDC",142220,"/Date(1702020176000)/",33250,300,1782300,60057000000,-450,true,-1.34
"HDC",142220,"/Date(1702020175000)/",33250,700,1782000,60047000000,-450,true,-1.34
"HDC",142220,"/Date(1702020175000)/",33250,200,1781300,60023000000,-450,true,-1.34
"HDC",142220,"/Date(1702020175000)/",33250,100,1781100,60017000000,-450,true,-1.34
"HDC",142217,"/Date(1702020173000)/",33300,1000,1781000,60013000000,-400,false,-1.19
"HDC",142211,"/Date(1702020167000)/",33300,2200,1780000,59980000000,-400,true,-1.19
"HDC",142211,"/Date(1702020167000)/",33300,800,1777800,59907000000,-400,true,-1.19
"HDC",142211,"/Date(1702020166000)/",33300,500,1777000,59880000000,-400,true,-1.19
"HDC",142211,"/Date(1702020166000)/",33300,100,1776500,59864000000,-400,true,-1.19
"HDC",142211,"/Date(1702020166000)/",33300,1000,1776400,59860000000,-400,true,-1.19
"HDC",142211,"/Date(1702020166000)/",33300,500,1775400,59827000000,-400,true,-1.19
"HDC",142211,"/Date(1702020166000)/",33300,100,1774900,59810000000,-400,true,-1.19
"HDC",142211,"/Date(1702020165000)/",33300,800,1774800,59807000000,-400,true,-1.19
"HDC",142211,"/Date(1702020165000)/",33300,100,1774000,59780000000,-400,true,-1.19
"HDC",142211,"/Date(1702020165000)/",33300,1100,1773900,59777000000,-400,true,-1.19
"HDC",142207,"/Date(1702020162000)/",33300,3900,1772800,59740000000,-400,true,-1.19
"HDC",142207,"/Date(1702020162000)/",33300,100,1768900,59610000000,-400,true,-1.19
"HDC",142201,"/Date(1702020157000)/",33300,1000,1768800,59607000000,-400,true,-1.19
"HDC",142201,"/Date(1702020157000)/",33300,200,1767800,59574000000,-400,true,-1.19
"HDC",142201,"/Date(1702020157000)/",33300,100,1767600,59567000000,-400,true,-1.19
"HDC",142201,"/Date(1702020157000)/",33300,2000,1767500,59564000000,-400,true,-1.19
"HDC",142201,"/Date(1702020157000)/",33300,500,1765500,59497000000,-400,true,-1.19
"HDC",142201,"/Date(1702020157000)/",33300,200,1765000,59481000000,-400,true,-1.19
"HDC",142201,"/Date(1702020157000)/",33300,1000,1764800,59474000000,-400,true,-1.19
"HDC",142201,"/Date(1702020157000)/",33300,200,1763800,59441000000,-400,true,-1.19
"HDC",142201,"/Date(1702020157000)/",33300,100,1763600,59434000000,-400,true,-1.19
"HDC",142201,"/Date(1702020157000)/",33300,500,1763500,59431000000,-400,true,-1.19
"HDC",142201,"/Date(1702020157000)/",33300,1000,1763000,59414000000,-400,true,-1.19
"HDC",142201,"/Date(1702020157000)/",33300,400,1762000,59381000000,-400,true,-1.19
"HDC",142201,"/Date(1702020157000)/",33300,500,1761600,59367000000,-400,true,-1.19
"HDC",142201,"/Date(1702020157000)/",33300,800,1761100,59351000000,-400,true,-1.19
"HDC",142201,"/Date(1702020155000)/",33350,100,1760300,59324000000,-350,false,-1.04
"HDC",142158,"/Date(1702020154000)/",33300,1200,1760200,59321000000,-400,true,-1.19
"HDC",142158,"/Date(1702020154000)/",33300,1500,1759000,59281000000,-400,true,-1.19
"HDC",142158,"/Date(1702020154000)/",33300,2000,1757500,59231000000,-400,true,-1.19
"HDC",142158,"/Date(1702020154000)/",33300,200,1755500,59164000000,-400,true,-1.19
"HDC",142158,"/Date(1702020154000)/",33300,100,1755300,59158000000,-400,true,-1.19
"HDC",142158,"/Date(1702020152000)/",33300,2000,1755200,59154000000,-400,true,-1.19
"HDC",142158,"/Date(1702020152000)/",33300,100,1753200,59088000000,-400,true,-1.19
"HDC",142158,"/Date(1702020152000)/",33300,500,1753100,59084000000,-400,true,-1.19
"HDC",142158,"/Date(1702020152000)/",33300,100,1752600,59068000000,-400,true,-1.19
"HDC",142158,"/Date(1702020152000)/",33300,100,1752500,59064000000,-400,true,-1.19
"HDC",142158,"/Date(1702020152000)/",33300,900,1752400,59061000000,-400,true,-1.19
"HDC",142158,"/Date(1702020152000)/",33300,100,1751500,59031000000,-400,true,-1.19
"HDC",142158,"/Date(1702020152000)/",33300,500,1751400,59028000000,-400,true,-1.19
"HDC",142158,"/Date(1702020152000)/",33300,100,1750900,59011000000,-400,true,-1.19
"HDC",142158,"/Date(1702020152000)/",33300,500,1750800,59008000000,-400,true,-1.19
"HDC",142158,"/Date(1702020152000)/",33300,100,1750300,58991000000,-400,true,-1.19
"HDC",142158,"/Date(1702020152000)/",33300,100,1750200,58988000000,-400,true,-1.19
"HDC",142158,"/Date(1702020152000)/",33300,1900,1750100,58984000000,-400,true,-1.19
"HDC",142158,"/Date(1702020152000)/",33350,1000,1748200,58921000000,-350,false,-1.04
"HDC",142155,"/Date(1702020150000)/",33350,400,1747200,58888000000,-350,false,-1.04
"HDC",142155,"/Date(1702020149000)/",33300,1000,1746800,58874000000,-400,true,-1.19
"HDC",142151,"/Date(1702020148000)/",33300,500,1745800,58841000000,-400,true,-1.19
"HDC",142151,"/Date(1702020147000)/",33300,1000,1745300,58825000000,-400,true,-1.19
"HDC",142151,"/Date(1702020147000)/",33300,600,1744300,58791000000,-400,true,-1.19
"HDC",142151,"/Date(1702020147000)/",33300,500,1743700,58771000000,-400,true,-1.19
"HDC",142151,"/Date(1702020147000)/",33300,1000,1743200,58755000000,-400,true,-1.19
"HDC",142151,"/Date(1702020147000)/",33300,1000,1742200,58721000000,-400,true,-1.19
"HDC",142151,"/Date(1702020147000)/",33300,1000,1741200,58688000000,-400,true,-1.19
"HDC",142151,"/Date(1702020147000)/",33300,200,1740200,58655000000,-400,true,-1.19
"HDC",142151,"/Date(1702020147000)/",33300,200,1740000,58648000000,-400,true,-1.19
"HDC",142151,"/Date(1702020147000)/",33300,200,1739800,58641000000,-400,true,-1.19
"HDC",142151,"/Date(1702020147000)/",33300,200,1739600,58635000000,-400,true,-1.19
"HDC",142151,"/Date(1702020147000)/",33300,100,1739400,58628000000,-400,true,-1.19
"HDC",142151,"/Date(1702020147000)/",33350,100,1739300,58625000000,-350,false,-1.04
"HDC",142145,"/Date(1702020142000)/",33350,1000,1739200,58621000000,-350,false,-1.04
"HDC",142145,"/Date(1702020141000)/",33350,1500,1738200,58588000000,-350,false,-1.04
"HDC",142145,"/Date(1702020140000)/",33350,100,1736700,58538000000,-350,false,-1.04
"HDC",142145,"/Date(1702020140000)/",33350,1000,1736600,58535000000,-350,false,-1.04
"HDC",142145,"/Date(1702020140000)/",33350,1000,1735600,58501000000,-350,false,-1.04
"HDC",142145,"/Date(1702020140000)/",33350,1500,1734600,58468000000,-350,false,-1.04
"HDC",142145,"/Date(1702020140000)/",33350,100,1733100,58418000000,-350,false,-1.04
"HDC",142145,"/Date(1702020140000)/",33350,1400,1733000,58415000000,-350,false,-1.04
"HDC",142145,"/Date(1702020140000)/",33350,300,1731600,58368000000,-350,false,-1.04
"HDC",142145,"/Date(1702020140000)/",33350,100,1731300,58358000000,-350,false,-1.04
"HDC",142145,"/Date(1702020140000)/",33400,200,1731200,58355000000,-300,false,-0.89
"HDC",142142,"/Date(1702020138000)/",33350,100,1731000,58348000000,-350,true,-1.04
"HDC",142142,"/Date(1702020138000)/",33350,200,1730900,58345000000,-350,true,-1.04
"HDC",142142,"/Date(1702020138000)/",33350,200,1730700,58338000000,-350,true,-1.04
"HDC",142142,"/Date(1702020138000)/",33350,400,1730500,58331000000,-350,true,-1.04
"HDC",142142,"/Date(1702020138000)/",33350,100,1730100,58318000000,-350,true,-1.04
"HDC",142139,"/Date(1702020133000)/",33400,100,1730000,58315000000,-300,true,-0.89
"HDC",142139,"/Date(1702020133000)/",33400,3700,1729900,58311000000,-300,true,-0.89
"HDC",142139,"/Date(1702020133000)/",33400,1000,1726200,58188000000,-300,true,-0.89
"HDC",142139,"/Date(1702020133000)/",33400,300,1725200,58154000000,-300,true,-0.89
"HDC",142139,"/Date(1702020133000)/",33400,1000,1724900,58144000000,-300,true,-0.89
"HDC",142139,"/Date(1702020133000)/",33400,100,1723900,58111000000,-300,true,-0.89
"HDC",142139,"/Date(1702020133000)/",33400,2000,1723800,58107000000,-300,true,-0.89
"HDC",142139,"/Date(1702020133000)/",33400,100,1721800,58041000000,-300,true,-0.89
"HDC",142139,"/Date(1702020133000)/",33400,1000,1721700,58037000000,-300,true,-0.89
"HDC",142139,"/Date(1702020133000)/",33400,200,1720700,58004000000,-300,true,-0.89
"HDC",142139,"/Date(1702020132000)/",33450,1000,1720500,57997000000,-250,false,-0.74
"HDC",142132,"/Date(1702020127000)/",33400,800,1719500,57964000000,-300,true,-0.89
"HDC",142132,"/Date(1702020127000)/",33400,100,1718700,57937000000,-300,true,-0.89
"HDC",142132,"/Date(1702020127000)/",33400,100,1718600,57934000000,-300,true,-0.89
"HDC",142132,"/Date(1702020127000)/",33400,300,1718500,57930000000,-300,true,-0.89
"HDC",142132,"/Date(1702020127000)/",33400,1000,1718200,57920000000,-300,true,-0.89
"HDC",142132,"/Date(1702020127000)/",33400,200,1717200,57887000000,-300,true,-0.89
"HDC",142132,"/Date(1702020127000)/",33400,1000,1717000,57880000000,-300,true,-0.89
"HDC",142132,"/Date(1702020127000)/",33400,600,1716000,57847000000,-300,true,-0.89
"HDC",142129,"/Date(1702020125000)/",33400,400,1715400,57827000000,-300,true,-0.89
"HDC",142129,"/Date(1702020125000)/",33400,100,1715000,57814000000,-300,true,-0.89
"HDC",142129,"/Date(1702020125000)/",33400,1000,1714900,57810000000,-300,true,-0.89
"HDC",142129,"/Date(1702020125000)/",33400,500,1713900,57777000000,-300,true,-0.89
"HDC",142129,"/Date(1702020125000)/",33400,100,1713400,57760000000,-300,true,-0.89
"HDC",142129,"/Date(1702020125000)/",33400,500,1713300,57757000000,-300,true,-0.89
"HDC",142129,"/Date(1702020125000)/",33400,100,1712800,57740000000,-300,true,-0.89
"HDC",142129,"/Date(1702020125000)/",33400,100,1712700,57737000000,-300,true,-0.89
"HDC",142129,"/Date(1702020125000)/",33400,200,1712600,57733000000,-300,true,-0.89
"HDC",142129,"/Date(1702020125000)/",33400,100,1712400,57727000000,-300,true,-0.89
"HDC",142129,"/Date(1702020125000)/",33400,2000,1712300,57723000000,-300,true,-0.89
"HDC",142129,"/Date(1702020125000)/",33450,100,1710300,57657000000,-250,true,-0.74
"HDC",142129,"/Date(1702020125000)/",33450,300,1710200,57653000000,-250,true,-0.74
"HDC",142126,"/Date(1702020121000)/",33450,200,1709900,57643000000,-250,true,-0.74
"HDC",142123,"/Date(1702020118000)/",33450,100,1709700,57636000000,-250,false,-0.74
"HDC",142123,"/Date(1702020118000)/",33450,900,1709600,57633000000,-250,false,-0.74
"HDC",142119,"/Date(1702020116000)/",33450,200,1708700,57603000000,-250,false,-0.74
"HDC",142119,"/Date(1702020115000)/",33450,500,1708500,57596000000,-250,false,-0.74
"HDC",142119,"/Date(1702020115000)/",33450,100,1708000,57580000000,-250,false,-0.74
"HDC",142119,"/Date(1702020114000)/",33450,200,1707900,57576000000,-250,false,-0.74
"HDC",142119,"/Date(1702020114000)/",33450,300,1707700,57570000000,-250,false,-0.74
"HDC",142113,"/Date(1702020109000)/",33450,1500,1707400,57560000000,-250,false,-0.74
"HDC",142113,"/Date(1702020109000)/",33450,200,1705900,57509000000,-250,false,-0.74
"HDC",142113,"/Date(1702020107000)/",33450,100,1705700,57503000000,-250,false,-0.74
"HDC",142110,"/Date(1702020104000)/",33400,300,1705600,57499000000,-300,true,-0.89
"HDC",142110,"/Date(1702020104000)/",33400,500,1705300,57489000000,-300,true,-0.89
"HDC",142110,"/Date(1702020104000)/",33400,300,1704800,57473000000,-300,true,-0.89
"HDC",142110,"/Date(1702020104000)/",33400,100,1704500,57463000000,-300,true,-0.89
"HDC",142110,"/Date(1702020104000)/",33400,100,1704400,57459000000,-300,true,-0.89
"HDC",142110,"/Date(1702020104000)/",33400,200,1704300,57456000000,-300,true,-0.89
"HDC",142110,"/Date(1702020104000)/",33400,100,1704100,57449000000,-300,true,-0.89
"HDC",142110,"/Date(1702020104000)/",33450,500,1704000,57446000000,-250,true,-0.74
"HDC",142110,"/Date(1702020104000)/",33450,100,1703500,57429000000,-250,true,-0.74
"HDC",142110,"/Date(1702020104000)/",33450,400,1703400,57426000000,-250,true,-0.74
"HDC",142107,"/Date(1702020102000)/",33450,3600,1703000,57412000000,-250,true,-0.74
"HDC",142107,"/Date(1702020102000)/",33450,500,1699400,57292000000,-250,true,-0.74
"HDC",142107,"/Date(1702020102000)/",33450,1000,1698900,57275000000,-250,true,-0.74
"HDC",142107,"/Date(1702020102000)/",33450,200,1697900,57242000000,-250,true,-0.74
"HDC",142107,"/Date(1702020102000)/",33450,100,1697700,57235000000,-250,true,-0.74
"HDC",142107,"/Date(1702020102000)/",33450,200,1697600,57232000000,-250,true,-0.74
"HDC",142107,"/Date(1702020102000)/",33450,100,1697400,57225000000,-250,true,-0.74
"HDC",142107,"/Date(1702020102000)/",33450,500,1697300,57222000000,-250,true,-0.74
"HDC",142107,"/Date(1702020102000)/",33450,1900,1696800,57205000000,-250,true,-0.74
"HDC",142107,"/Date(1702020101000)/",33500,3500,1694900,57141000000,-200,false,-0.59
"HDC",142103,"/Date(1702020099000)/",33450,100,1691400,57024000000,-250,true,-0.74
"HDC",142103,"/Date(1702020099000)/",33450,1000,1691300,57021000000,-250,true,-0.74
"HDC",142103,"/Date(1702020099000)/",33450,3500,1690300,56987000000,-250,true,-0.74
"HDC",142103,"/Date(1702020099000)/",33450,3000,1686800,56870000000,-250,true,-0.74
"HDC",142103,"/Date(1702020099000)/",33450,2000,1683800,56770000000,-250,true,-0.74
"HDC",142103,"/Date(1702020099000)/",33450,100,1681800,56703000000,-250,true,-0.74
"HDC",142103,"/Date(1702020099000)/",33450,300,1681700,56700000000,-250,true,-0.74
"HDC",142100,"/Date(1702020096000)/",33500,100,1681400,56690000000,-200,false,-0.59
"HDC",142054,"/Date(1702020089000)/",33450,200,1681300,56686000000,-250,true,-0.74
"HDC",142054,"/Date(1702020089000)/",33450,300,1681100,56680000000,-250,true,-0.74
"HDC",142054,"/Date(1702020088000)/",33500,500,1680800,56670000000,-200,false,-0.59
"HDC",142051,"/Date(1702020085000)/",33500,1000,1680300,56653000000,-200,false,-0.59
"HDC",142051,"/Date(1702020085000)/",33500,100,1679300,56619000000,-200,false,-0.59
"HDC",142047,"/Date(1702020083000)/",33500,200,1679200,56616000000,-200,false,-0.59
"HDC",142047,"/Date(1702020083000)/",33500,500,1679000,56609000000,-200,false,-0.59
"HDC",142047,"/Date(1702020082000)/",33500,500,1678500,56593000000,-200,false,-0.59
"HDC",142047,"/Date(1702020082000)/",33500,100,1678000,56576000000,-200,false,-0.59
"HDC",142041,"/Date(1702020075000)/",33500,1400,1677900,56573000000,-200,true,-0.59
"HDC",142041,"/Date(1702020075000)/",33500,500,1676500,56526000000,-200,true,-0.59
"HDC",142041,"/Date(1702020075000)/",33500,200,1676000,56509000000,-200,true,-0.59
"HDC",142041,"/Date(1702020075000)/",33500,300,1675800,56502000000,-200,true,-0.59
"HDC",142041,"/Date(1702020075000)/",33500,5000,1675500,56492000000,-200,true,-0.59
"HDC",142041,"/Date(1702020075000)/",33500,100,1670500,56325000000,-200,true,-0.59
"HDC",142041,"/Date(1702020075000)/",33500,200,1670400,56321000000,-200,true,-0.59
"HDC",142041,"/Date(1702020075000)/",33500,2300,1670200,56315000000,-200,true,-0.59
"HDC",142038,"/Date(1702020072000)/",33500,1700,1667900,56238000000,-200,true,-0.59
"HDC",142038,"/Date(1702020072000)/",33500,100,1666200,56181000000,-200,true,-0.59
"HDC",142038,"/Date(1702020072000)/",33500,100,1666100,56177000000,-200,true,-0.59
"HDC",142038,"/Date(1702020072000)/",33500,100,1666000,56174000000,-200,true,-0.59
"HDC",142038,"/Date(1702020072000)/",33500,100,1665900,56171000000,-200,true,-0.59
"HDC",142038,"/Date(1702020072000)/",33500,100,1665800,56167000000,-200,true,-0.59
"HDC",142038,"/Date(1702020072000)/",33500,2500,1665700,56164000000,-200,true,-0.59
"HDC",142038,"/Date(1702020072000)/",33500,500,1663200,56080000000,-200,true,-0.59
"HDC",142038,"/Date(1702020072000)/",33500,500,1662700,56063000000,-200,true,-0.59
"HDC",142038,"/Date(1702020072000)/",33500,100,1662200,56047000000,-200,true,-0.59
"HDC",142038,"/Date(1702020072000)/",33500,12000,1662100,56043000000,-200,true,-0.59
"HDC",142038,"/Date(1702020072000)/",33500,500,1650100,55641000000,-200,true,-0.59
"HDC",142038,"/Date(1702020072000)/",33500,100,1649600,55624000000,-200,true,-0.59
"HDC",142038,"/Date(1702020072000)/",33500,500,1649500,55621000000,-200,true,-0.59
"HDC",142038,"/Date(1702020072000)/",33500,100,1649000,55604000000,-200,true,-0.59
"HDC",142038,"/Date(1702020072000)/",33500,600,1648900,55601000000,-200,true,-0.59
"HDC",142038,"/Date(1702020072000)/",33550,100,1648300,55581000000,-150,true,-0.45
"HDC",142038,"/Date(1702020072000)/",33550,300,1648200,55578000000,-150,true,-0.45
"HDC",142028,"/Date(1702020064000)/",33550,100,1647900,55567000000,-150,false,-0.45
"HDC",142022,"/Date(1702020058000)/",33550,500,1647800,55564000000,-150,false,-0.45
"HDC",142022,"/Date(1702020058000)/",33550,100,1647300,55547000000,-150,false,-0.45
"HDC",142022,"/Date(1702020058000)/",33550,1400,1647200,55544000000,-150,false,-0.45
"HDC",142009,"/Date(1702020045000)/",33550,1000,1645800,55497000000,-150,false,-0.45
"HDC",142003,"/Date(1702020038000)/",33500,2400,1644800,55463000000,-200,true,-0.59
"HDC",142003,"/Date(1702020038000)/",33500,400,1642400,55383000000,-200,true,-0.59
"HDC",142003,"/Date(1702020038000)/",33500,500,1642000,55370000000,-200,true,-0.59
"HDC",142003,"/Date(1702020038000)/",33500,100,1641500,55353000000,-200,true,-0.59
"HDC",142003,"/Date(1702020038000)/",33500,500,1641400,55350000000,-200,true,-0.59
"HDC",141959,"/Date(1702020035000)/",33550,300,1640900,55333000000,-150,false,-0.45
"HDC",141959,"/Date(1702020033000)/",33550,500,1640600,55323000000,-150,false,-0.45
"HDC",141953,"/Date(1702020027000)/",33550,500,1640100,55306000000,-150,false,-0.45
"HDC",141950,"/Date(1702020026000)/",33550,1000,1639600,55289000000,-150,false,-0.45
"HDC",141947,"/Date(1702020022000)/",33550,100,1638600,55256000000,-150,false,-0.45
"HDC",141947,"/Date(1702020020000)/",33550,100,1638500,55252000000,-150,false,-0.45
"HDC",141943,"/Date(1702020020000)/",33550,100,1638400,55249000000,-150,false,-0.45
"HDC",141940,"/Date(1702020014000)/",33550,1000,1638300,55246000000,-150,false,-0.45
"HDC",141937,"/Date(1702020011000)/",33550,1000,1637300,55212000000,-150,false,-0.45
"HDC",141918,"/Date(1702019992000)/",33550,1000,1636300,55178000000,-150,false,-0.45
"HDC",141915,"/Date(1702019989000)/",33550,1000,1635300,55145000000,-150,false,-0.45
"HDC",141915,"/Date(1702019989000)/",33550,500,1634300,55111000000,-150,false,-0.45
"HDC",141908,"/Date(1702019983000)/",33550,100,1633800,55095000000,-150,false,-0.45
"HDC",141908,"/Date(1702019983000)/",33550,1000,1633700,55091000000,-150,false,-0.45
"HDC",141908,"/Date(1702019982000)/",33550,100,1632700,55058000000,-150,false,-0.45
"HDC",141902,"/Date(1702019978000)/",33550,100,1632600,55054000000,-150,false,-0.45
"HDC",141859,"/Date(1702019973000)/",33550,300,1632500,55051000000,-150,false,-0.45
"HDC",141855,"/Date(1702019972000)/",33500,500,1632200,55041000000,-200,true,-0.59
"HDC",141855,"/Date(1702019972000)/",33500,3000,1631700,55024000000,-200,true,-0.59
"HDC",141855,"/Date(1702019972000)/",33500,500,1628700,54924000000,-200,true,-0.59
"HDC",141855,"/Date(1702019972000)/",33500,6000,1628200,54907000000,-200,true,-0.59
"HDC",141849,"/Date(1702019965000)/",33550,200,1622200,54706000000,-150,false,-0.45
"HDC",141849,"/Date(1702019963000)/",33500,2000,1622000,54699000000,-200,true,-0.59
"HDC",141846,"/Date(1702019959000)/",33550,100,1620000,54632000000,-150,false,-0.45
"HDC",141846,"/Date(1702019959000)/",33550,500,1619900,54629000000,-150,false,-0.45
"HDC",141839,"/Date(1702019953000)/",33550,3400,1619400,54612000000,-150,true,-0.45
"HDC",141839,"/Date(1702019953000)/",33550,1000,1616000,54498000000,-150,true,-0.45
"HDC",141839,"/Date(1702019953000)/",33550,7000,1615000,54464000000,-150,true,-0.45
"HDC",141839,"/Date(1702019953000)/",33550,1000,1608000,54230000000,-150,true,-0.45
"HDC",141839,"/Date(1702019953000)/",33550,100,1607000,54196000000,-150,true,-0.45
"HDC",141839,"/Date(1702019953000)/",33550,500,1606900,54193000000,-150,true,-0.45
"HDC",141839,"/Date(1702019953000)/",33550,100,1606400,54176000000,-150,true,-0.45
"HDC",141839,"/Date(1702019953000)/",33550,2600,1606300,54173000000,-150,true,-0.45
"HDC",141830,"/Date(1702019945000)/",33600,100,1603700,54085000000,-100,false,-0.3
"HDC",141830,"/Date(1702019944000)/",33550,4400,1603600,54082000000,-150,true,-0.45
"HDC",141830,"/Date(1702019944000)/",33550,200,1599200,53934000000,-150,true,-0.45
"HDC",141830,"/Date(1702019944000)/",33550,3000,1599000,53928000000,-150,true,-0.45
"HDC",141830,"/Date(1702019944000)/",33550,1900,1596000,53827000000,-150,true,-0.45
"HDC",141830,"/Date(1702019944000)/",33550,500,1594100,53763000000,-150,true,-0.45
"HDC",141820,"/Date(1702019934000)/",33600,100,1593600,53747000000,-100,false,-0.3
"HDC",141817,"/Date(1702019931000)/",33600,1300,1593500,53743000000,-100,false,-0.3
"HDC",141817,"/Date(1702019930000)/",33650,100,1592200,53699000000,-50,false,-0.15
"HDC",141817,"/Date(1702019930000)/",33600,700,1592100,53696000000,-100,false,-0.3
"HDC",141817,"/Date(1702019930000)/",33600,2800,1591400,53673000000,-100,false,-0.3
"HDC",141813,"/Date(1702019927000)/",33600,2200,1588600,53579000000,-100,true,-0.3
"HDC",141813,"/Date(1702019927000)/",33600,2000,1586400,53505000000,-100,true,-0.3
"HDC",141813,"/Date(1702019927000)/",33600,100,1584400,53437000000,-100,true,-0.3
"HDC",141813,"/Date(1702019927000)/",33600,1000,1584300,53434000000,-100,true,-0.3
"HDC",141813,"/Date(1702019927000)/",33600,100,1583300,53400000000,-100,true,-0.3
"HDC",141813,"/Date(1702019927000)/",33600,500,1583200,53397000000,-100,true,-0.3
"HDC",141813,"/Date(1702019927000)/",33600,1000,1582700,53380000000,-100,true,-0.3
"HDC",141813,"/Date(1702019927000)/",33600,100,1581700,53347000000,-100,true,-0.3
"HDC",141813,"/Date(1702019927000)/",33600,700,1581600,53343000000,-100,true,-0.3
"HDC",141813,"/Date(1702019927000)/",33600,100,1580900,53320000000,-100,true,-0.3
"HDC",141813,"/Date(1702019927000)/",33600,100,1580800,53316000000,-100,true,-0.3
"HDC",141813,"/Date(1702019927000)/",33600,1000,1580700,53313000000,-100,true,-0.3
"HDC",141813,"/Date(1702019927000)/",33600,200,1579700,53279000000,-100,true,-0.3
"HDC",141813,"/Date(1702019927000)/",33600,300,1579500,53273000000,-100,true,-0.3
"HDC",141813,"/Date(1702019927000)/",33600,600,1579200,53263000000,-100,true,-0.3
"HDC",141810,"/Date(1702019926000)/",33650,400,1578600,53243000000,-50,false,-0.15
"HDC",141810,"/Date(1702019926000)/",33650,100,1578200,53229000000,-50,false,-0.15
"HDC",141810,"/Date(1702019925000)/",33650,100,1578100,53226000000,-50,false,-0.15
"HDC",141804,"/Date(1702019919000)/",33650,500,1578000,53222000000,-50,false,-0.15
"HDC",141804,"/Date(1702019917000)/",33650,100,1577500,53205000000,-50,false,-0.15
"HDC",141801,"/Date(1702019916000)/",33650,100,1577400,53202000000,-50,false,-0.15
"HDC",141742,"/Date(1702019895000)/",33650,100,1577300,53199000000,-50,false,-0.15
"HDC",141742,"/Date(1702019895000)/",33650,200,1577200,53195000000,-50,false,-0.15
"HDC",141738,"/Date(1702019893000)/",33650,300,1577000,53189000000,-50,true,-0.15
"HDC",141738,"/Date(1702019893000)/",33650,700,1576700,53179000000,-50,true,-0.15
"HDC",141706,"/Date(1702019861000)/",33650,200,1576000,53155000000,-50,false,-0.15
"HDC",141706,"/Date(1702019861000)/",33650,100,1575800,53148000000,-50,false,-0.15
"HDC",141644,"/Date(1702019838000)/",33600,100,1575700,53145000000,-100,true,-0.3
"HDC",141644,"/Date(1702019838000)/",33650,700,1575600,53142000000,-50,true,-0.15
"HDC",141609,"/Date(1702019803000)/",33600,300,1574900,53118000000,-100,true,-0.3
"HDC",141609,"/Date(1702019803000)/",33600,100,1574600,53108000000,-100,true,-0.3
"HDC",141609,"/Date(1702019803000)/",33600,500,1574500,53105000000,-100,true,-0.3
"HDC",141609,"/Date(1702019803000)/",33600,100,1574000,53088000000,-100,true,-0.3
"HDC",141609,"/Date(1702019803000)/",33600,100,1573900,53084000000,-100,true,-0.3
"HDC",141609,"/Date(1702019803000)/",33650,2000,1573800,53081000000,-50,true,-0.15
"HDC",141609,"/Date(1702019803000)/",33650,1900,1571800,53014000000,-50,true,-0.15
"HDC",141609,"/Date(1702019802000)/",33650,100,1569900,52950000000,-50,true,-0.15
"HDC",141609,"/Date(1702019802000)/",33650,200,1569800,52946000000,-50,true,-0.15
"HDC",141606,"/Date(1702019802000)/",33700,1100,1569600,52940000000,0,false,0
"HDC",141559,"/Date(1702019792000)/",33650,100,1568500,52903000000,-50,true,-0.15
"HDC",141559,"/Date(1702019792000)/",33650,500,1568400,52899000000,-50,true,-0.15
"HDC",141559,"/Date(1702019792000)/",33650,500,1567900,52882000000,-50,true,-0.15
"HDC",141534,"/Date(1702019768000)/",33700,100,1567400,52866000000,0,false,0
"HDC",141521,"/Date(1702019756000)/",33700,1000,1567300,52862000000,0,true,0
"HDC",141521,"/Date(1702019756000)/",33700,100,1566300,52829000000,0,true,0
"HDC",141521,"/Date(1702019756000)/",33700,3800,1566200,52825000000,0,true,0
"HDC",141508,"/Date(1702019741000)/",33700,100,1562400,52697000000,0,true,0
"HDC",141442,"/Date(1702019717000)/",33700,1200,1562300,52694000000,0,true,0
"HDC",141420,"/Date(1702019694000)/",33800,2100,1561100,52653000000,100,true,0.3
"HDC",141410,"/Date(1702019686000)/",33800,1000,1559000,52582000000,100,true,0.3
"HDC",141410,"/Date(1702019686000)/",33800,100,1558000,52549000000,100,true,0.3
"HDC",141410,"/Date(1702019686000)/",33800,2200,1557900,52545000000,100,true,0.3
"HDC",141410,"/Date(1702019686000)/",33750,100,1555700,52471000000,50,false,0.15
"HDC",141407,"/Date(1702019681000)/",33700,400,1555600,52467000000,0,true,0
"HDC",141407,"/Date(1702019681000)/",33700,5000,1555200,52454000000,0,true,0
"HDC",141407,"/Date(1702019681000)/",33700,500,1550200,52285000000,0,true,0
"HDC",141407,"/Date(1702019681000)/",33700,100,1549700,52269000000,0,true,0
"HDC",141407,"/Date(1702019681000)/",33700,500,1549600,52265000000,0,true,0
"HDC",141407,"/Date(1702019681000)/",33700,100,1549100,52248000000,0,true,0
"HDC",141407,"/Date(1702019681000)/",33700,100,1549000,52245000000,0,true,0
"HDC",141407,"/Date(1702019681000)/",33700,500,1548900,52242000000,0,true,0
"HDC",141407,"/Date(1702019681000)/",33700,200,1548400,52225000000,0,true,0
"HDC",141345,"/Date(1702019660000)/",33800,100,1548200,52218000000,100,true,0.3
"HDC",141342,"/Date(1702019656000)/",33800,100,1548100,52215000000,100,true,0.3
"HDC",141329,"/Date(1702019642000)/",33800,1000,1548000,52211000000,100,true,0.3
"HDC",141326,"/Date(1702019640000)/",33800,200,1547000,52177000000,100,true,0.3
"HDC",141319,"/Date(1702019632000)/",33800,4800,1546800,52171000000,100,false,0.3
"HDC",141313,"/Date(1702019628000)/",33800,200,1542000,52008000000,100,true,0.3
"HDC",141310,"/Date(1702019625000)/",33800,900,1541800,52002000000,100,true,0.3
"HDC",141300,"/Date(1702019616000)/",33800,2000,1540900,51971000000,100,false,0.3
"HDC",141300,"/Date(1702019616000)/",33750,1900,1538900,51904000000,50,false,0.15
"HDC",141257,"/Date(1702019612000)/",33750,1600,1537000,51840000000,50,true,0.15
"HDC",141257,"/Date(1702019612000)/",33750,5000,1535400,51786000000,50,true,0.15
"HDC",141257,"/Date(1702019610000)/",33750,5000,1530400,51617000000,50,true,0.15
"HDC",141241,"/Date(1702019596000)/",33700,100,1525400,51448000000,0,true,0
"HDC",141241,"/Date(1702019594000)/",33800,1800,1525300,51445000000,100,false,0.3
"HDC",141241,"/Date(1702019594000)/",33750,200,1523500,51384000000,50,false,0.15
"HDC",141241,"/Date(1702019594000)/",33750,500,1523300,51377000000,50,false,0.15
"HDC",141238,"/Date(1702019593000)/",33750,100,1522800,51360000000,50,true,0.15
"HDC",141238,"/Date(1702019593000)/",33750,200,1522700,51357000000,50,true,0.15
"HDC",141238,"/Date(1702019590000)/",33750,800,1522500,51350000000,50,true,0.15
"HDC",141238,"/Date(1702019590000)/",33750,200,1521700,51323000000,50,true,0.15
"HDC",141228,"/Date(1702019581000)/",33750,500,1521500,51316000000,50,false,0.15
"HDC",141225,"/Date(1702019579000)/",33750,1000,1521000,51299000000,50,false,0.15
"HDC",141222,"/Date(1702019577000)/",33700,500,1520000,51266000000,0,true,0
"HDC",141218,"/Date(1702019574000)/",33750,200,1519500,51249000000,50,false,0.15
"HDC",141218,"/Date(1702019572000)/",33750,300,1519300,51242000000,50,false,0.15
"HDC",141218,"/Date(1702019572000)/",33750,100,1519000,51232000000,50,false,0.15
"HDC",141218,"/Date(1702019572000)/",33750,100,1518900,51229000000,50,false,0.15
"HDC",141159,"/Date(1702019552000)/",33700,1000,1518800,51225000000,0,true,0
"HDC",141156,"/Date(1702019552000)/",33700,9700,1517800,51192000000,0,false,0
"HDC",141118,"/Date(1702019512000)/",33700,300,1508100,50865000000,0,false,0
"HDC",141118,"/Date(1702019512000)/",33700,300,1507800,50855000000,0,false,0
"HDC",141118,"/Date(1702019512000)/",33700,1400,1507500,50844000000,0,false,0
"HDC",141114,"/Date(1702019510000)/",33650,300,1506100,50797000000,-50,true,-0.15
"HDC",141114,"/Date(1702019510000)/",33650,100,1505800,50787000000,-50,true,-0.15
"HDC",141114,"/Date(1702019510000)/",33650,100,1505700,50784000000,-50,true,-0.15
"HDC",141105,"/Date(1702019500000)/",33700,400,1505600,50780000000,0,false,0
"HDC",141105,"/Date(1702019500000)/",33700,500,1505200,50767000000,0,false,0
"HDC",141105,"/Date(1702019500000)/",33700,1000,1504700,50750000000,0,false,0
"HDC",141105,"/Date(1702019500000)/",33700,1000,1503700,50716000000,0,false,0
"HDC",141105,"/Date(1702019500000)/",33700,100,1502700,50683000000,0,false,0
"HDC",141033,"/Date(1702019465000)/",33600,500,1502600,50679000000,-100,true,-0.3
"HDC",141030,"/Date(1702019463000)/",33600,1000,1502100,50663000000,-100,true,-0.3
"HDC",141010,"/Date(1702019442000)/",33600,2000,1501100,50629000000,-100,true,-0.3
"HDC",141007,"/Date(1702019439000)/",33600,1000,1499100,50562000000,-100,true,-0.3
"HDC",140945,"/Date(1702019418000)/",33600,1000,1498100,50528000000,-100,false,-0.3
"HDC",140945,"/Date(1702019418000)/",33600,1000,1497100,50495000000,-100,false,-0.3
"HDC",140945,"/Date(1702019418000)/",33600,1300,1496100,50461000000,-100,false,-0.3
"HDC",140945,"/Date(1702019418000)/",33550,600,1494800,50417000000,-150,false,-0.45
"HDC",140938,"/Date(1702019414000)/",33500,1000,1494200,50397000000,-200,true,-0.59
"HDC",140932,"/Date(1702019407000)/",33500,1100,1493200,50364000000,-200,true,-0.59
"HDC",140922,"/Date(1702019395000)/",33500,1200,1492100,50327000000,-200,true,-0.59
"HDC",140913,"/Date(1702019387000)/",33500,3000,1490900,50287000000,-200,true,-0.59
"HDC",140913,"/Date(1702019386000)/",33500,7000,1487900,50186000000,-200,true,-0.59
"HDC",140913,"/Date(1702019385000)/",33500,1000,1480900,49952000000,-200,true,-0.59
"HDC",140913,"/Date(1702019385000)/",33500,100,1479900,49918000000,-200,true,-0.59
"HDC",140913,"/Date(1702019385000)/",33500,200,1479800,49915000000,-200,true,-0.59
"HDC",140913,"/Date(1702019385000)/",33500,3000,1479600,49908000000,-200,true,-0.59
"HDC",140913,"/Date(1702019385000)/",33500,4400,1476600,49808000000,-200,true,-0.59
"HDC",140909,"/Date(1702019384000)/",33450,1000,1472200,49660000000,-250,true,-0.74
"HDC",140909,"/Date(1702019383000)/",33450,1000,1471200,49627000000,-250,true,-0.74
"HDC",140909,"/Date(1702019382000)/",33450,700,1470200,49593000000,-250,true,-0.74
"HDC",140906,"/Date(1702019380000)/",33500,500,1469500,49570000000,-200,false,-0.59
"HDC",140857,"/Date(1702019372000)/",33450,2500,1469000,49553000000,-250,true,-0.74
"HDC",140853,"/Date(1702019368000)/",33500,100,1466500,49469000000,-200,false,-0.59
"HDC",140853,"/Date(1702019367000)/",33450,4500,1466400,49466000000,-250,true,-0.74
"HDC",140847,"/Date(1702019360000)/",33500,700,1461900,49316000000,-200,false,-0.59
"HDC",140847,"/Date(1702019360000)/",33400,400,1461200,49292000000,-300,true,-0.89
"HDC",140847,"/Date(1702019360000)/",33400,500,1460800,49279000000,-300,true,-0.89
"HDC",140847,"/Date(1702019360000)/",33400,2000,1460300,49262000000,-300,true,-0.89
"HDC",140847,"/Date(1702019360000)/",33400,300,1458300,49195000000,-300,true,-0.89
"HDC",140847,"/Date(1702019360000)/",33400,200,1458000,49185000000,-300,true,-0.89
"HDC",140847,"/Date(1702019360000)/",33400,100,1457800,49179000000,-300,true,-0.89
"HDC",140847,"/Date(1702019360000)/",33400,1500,1457700,49175000000,-300,true,-0.89
"HDC",140844,"/Date(1702019359000)/",33500,500,1456200,49125000000,-200,false,-0.59
"HDC",140844,"/Date(1702019359000)/",33500,300,1455700,49108000000,-200,false,-0.59
"HDC",140844,"/Date(1702019359000)/",33450,3200,1455400,49098000000,-250,false,-0.74
"HDC",140844,"/Date(1702019358000)/",33400,8500,1452200,48991000000,-300,true,-0.89
"HDC",140844,"/Date(1702019358000)/",33400,500,1443700,48707000000,-300,true,-0.89
"HDC",140844,"/Date(1702019358000)/",33400,1000,1443200,48691000000,-300,true,-0.89
"HDC",140844,"/Date(1702019357000)/",33500,3400,1442200,48657000000,-200,false,-0.59
"HDC",140841,"/Date(1702019355000)/",33400,1600,1438800,48543000000,-300,true,-0.89
"HDC",140841,"/Date(1702019355000)/",33400,100,1437200,48490000000,-300,true,-0.89
"HDC",140841,"/Date(1702019355000)/",33400,200,1437100,48487000000,-300,true,-0.89
"HDC",140841,"/Date(1702019355000)/",33400,100,1436900,48480000000,-300,true,-0.89
"HDC",140841,"/Date(1702019355000)/",33400,200,1436800,48477000000,-300,true,-0.89
"HDC",140841,"/Date(1702019355000)/",33450,1000,1436600,48470000000,-250,true,-0.74
"HDC",140841,"/Date(1702019355000)/",33450,300,1435600,48436000000,-250,true,-0.74
"HDC",140841,"/Date(1702019355000)/",33450,1800,1435300,48426000000,-250,true,-0.74
"HDC",140841,"/Date(1702019355000)/",33450,100,1433500,48366000000,-250,true,-0.74
"HDC",140841,"/Date(1702019355000)/",33450,100,1433400,48363000000,-250,true,-0.74
"HDC",140841,"/Date(1702019355000)/",33450,500,1433300,48360000000,-250,true,-0.74
"HDC",140841,"/Date(1702019355000)/",33450,200,1432800,48343000000,-250,true,-0.74
"HDC",140841,"/Date(1702019355000)/",33450,800,1432600,48336000000,-250,true,-0.74
"HDC",140841,"/Date(1702019355000)/",33450,200,1431800,48309000000,-250,true,-0.74
"HDC",140841,"/Date(1702019355000)/",33450,300,1431600,48303000000,-250,true,-0.74
"HDC",140841,"/Date(1702019355000)/",33450,300,1431300,48293000000,-250,true,-0.74
"HDC",140841,"/Date(1702019355000)/",33450,500,1431000,48283000000,-250,true,-0.74
"HDC",140841,"/Date(1702019355000)/",33450,500,1430500,48266000000,-250,true,-0.74
"HDC",140841,"/Date(1702019355000)/",33450,500,1430000,48249000000,-250,true,-0.74
"HDC",140841,"/Date(1702019355000)/",33450,200,1429500,48232000000,-250,true,-0.74
"HDC",140841,"/Date(1702019355000)/",33450,200,1429300,48226000000,-250,true,-0.74
"HDC",140841,"/Date(1702019355000)/",33450,200,1429100,48219000000,-250,true,-0.74
"HDC",140841,"/Date(1702019355000)/",33450,100,1428900,48212000000,-250,true,-0.74
"HDC",140838,"/Date(1702019350000)/",33500,100,1428800,48209000000,-200,false,-0.59
"HDC",140834,"/Date(1702019349000)/",33500,200,1428700,48206000000,-200,false,-0.59
"HDC",140828,"/Date(1702019342000)/",33500,100,1428500,48199000000,-200,false,-0.59
"HDC",140825,"/Date(1702019339000)/",33500,100,1428400,48196000000,-200,false,-0.59
"HDC",140818,"/Date(1702019331000)/",33500,2000,1428300,48192000000,-200,true,-0.59
"HDC",140818,"/Date(1702019331000)/",33500,200,1426300,48125000000,-200,true,-0.59
"HDC",140818,"/Date(1702019331000)/",33500,1500,1426100,48119000000,-200,true,-0.59
"HDC",140818,"/Date(1702019331000)/",33500,1000,1424600,48068000000,-200,true,-0.59
"HDC",140818,"/Date(1702019331000)/",33500,100,1423600,48035000000,-200,true,-0.59
"HDC",140818,"/Date(1702019331000)/",33500,1000,1423500,48031000000,-200,true,-0.59
"HDC",140818,"/Date(1702019331000)/",33500,200,1422500,47998000000,-200,true,-0.59
"HDC",140818,"/Date(1702019331000)/",33500,100,1422300,47991000000,-200,true,-0.59
"HDC",140818,"/Date(1702019331000)/",33500,500,1422200,47988000000,-200,true,-0.59
"HDC",140818,"/Date(1702019331000)/",33500,300,1421700,47971000000,-200,true,-0.59
"HDC",140818,"/Date(1702019331000)/",33500,200,1421400,47961000000,-200,true,-0.59
"HDC",140818,"/Date(1702019331000)/",33500,200,1421200,47954000000,-200,true,-0.59
"HDC",140818,"/Date(1702019331000)/",33500,1000,1421000,47948000000,-200,true,-0.59
"HDC",140818,"/Date(1702019331000)/",33500,1000,1420000,47914000000,-200,true,-0.59
"HDC",140818,"/Date(1702019331000)/",33500,500,1419000,47881000000,-200,true,-0.59
"HDC",140818,"/Date(1702019331000)/",33500,400,1418500,47864000000,-200,true,-0.59
"HDC",140815,"/Date(1702019328000)/",33550,1000,1418100,47851000000,-150,false,-0.45
"HDC",140812,"/Date(1702019327000)/",33500,600,1417100,47817000000,-200,true,-0.59
"HDC",140812,"/Date(1702019327000)/",33500,500,1416500,47797000000,-200,true,-0.59
"HDC",140812,"/Date(1702019327000)/",33500,500,1416000,47780000000,-200,true,-0.59
"HDC",140812,"/Date(1702019327000)/",33500,100,1415500,47763000000,-200,true,-0.59
"HDC",140812,"/Date(1702019327000)/",33500,100,1415400,47760000000,-200,true,-0.59
"HDC",140812,"/Date(1702019327000)/",33500,100,1415300,47757000000,-200,true,-0.59
"HDC",140812,"/Date(1702019327000)/",33500,400,1415200,47753000000,-200,true,-0.59
"HDC",140812,"/Date(1702019327000)/",33500,2000,1414800,47740000000,-200,true,-0.59
"HDC",140812,"/Date(1702019326000)/",33500,700,1412800,47673000000,-200,true,-0.59
"HDC",140809,"/Date(1702019322000)/",33500,500,1412100,47649000000,-200,true,-0.59
"HDC",140806,"/Date(1702019319000)/",33500,800,1411600,47633000000,-200,true,-0.59
"HDC",140806,"/Date(1702019319000)/",33500,1000,1410800,47606000000,-200,true,-0.59
"HDC",140806,"/Date(1702019319000)/",33500,5000,1409800,47572000000,-200,true,-0.59
"HDC",140806,"/Date(1702019319000)/",33500,100,1404800,47405000000,-200,true,-0.59
"HDC",140806,"/Date(1702019319000)/",33500,300,1404700,47402000000,-200,true,-0.59
"HDC",140806,"/Date(1702019319000)/",33500,2000,1404400,47392000000,-200,true,-0.59
"HDC",140806,"/Date(1702019319000)/",33500,300,1402400,47325000000,-200,true,-0.59
"HDC",140806,"/Date(1702019319000)/",33500,500,1402100,47314000000,-200,true,-0.59
"HDC",140806,"/Date(1702019319000)/",33500,100,1401600,47298000000,-200,true,-0.59
"HDC",140806,"/Date(1702019319000)/",33500,1000,1401500,47294000000,-200,true,-0.59
"HDC",140806,"/Date(1702019319000)/",33500,100,1400500,47261000000,-200,true,-0.59
"HDC",140806,"/Date(1702019319000)/",33500,500,1400400,47258000000,-200,true,-0.59
"HDC",140806,"/Date(1702019319000)/",33500,500,1399900,47241000000,-200,true,-0.59
"HDC",140806,"/Date(1702019319000)/",33500,200,1399400,47224000000,-200,true,-0.59
"HDC",140806,"/Date(1702019319000)/",33500,7600,1399200,47217000000,-200,true,-0.59
"HDC",140759,"/Date(1702019313000)/",33500,10000,1391600,46963000000,-200,true,-0.59
"HDC",140756,"/Date(1702019311000)/",33500,1000,1381600,46628000000,-200,true,-0.59
"HDC",140753,"/Date(1702019307000)/",33500,500,1380600,46594000000,-200,true,-0.59
"HDC",140753,"/Date(1702019306000)/",33550,1000,1380100,46577000000,-150,false,-0.45
"HDC",140750,"/Date(1702019304000)/",33550,100,1379100,46544000000,-150,false,-0.45
"HDC",140743,"/Date(1702019298000)/",33550,1000,1379000,46541000000,-150,false,-0.45
"HDC",140737,"/Date(1702019290000)/",33550,3800,1378000,46507000000,-150,false,-0.45
"HDC",140737,"/Date(1702019290000)/",33550,300,1374200,46380000000,-150,false,-0.45
"HDC",140737,"/Date(1702019290000)/",33500,5000,1373900,46369000000,-200,true,-0.59
"HDC",140737,"/Date(1702019289000)/",33500,4000,1368900,46202000000,-200,true,-0.59
"HDC",140734,"/Date(1702019289000)/",33500,200,1364900,46068000000,-200,true,-0.59
"HDC",140724,"/Date(1702019279000)/",33500,1700,1364700,46061000000,-200,true,-0.59
"HDC",140724,"/Date(1702019279000)/",33500,100,1363000,46004000000,-200,true,-0.59
"HDC",140724,"/Date(1702019279000)/",33500,500,1362900,46001000000,-200,true,-0.59
"HDC",140724,"/Date(1702019279000)/",33500,600,1362400,45984000000,-200,true,-0.59
"HDC",140724,"/Date(1702019276000)/",33500,400,1361800,45964000000,-200,true,-0.59
"HDC",140724,"/Date(1702019276000)/",33500,100,1361400,45951000000,-200,true,-0.59
"HDC",140724,"/Date(1702019276000)/",33500,100,1361300,45947000000,-200,true,-0.59
"HDC",140724,"/Date(1702019276000)/",33500,1000,1361200,45944000000,-200,true,-0.59
"HDC",140724,"/Date(1702019276000)/",33500,100,1360200,45911000000,-200,true,-0.59
"HDC",140724,"/Date(1702019276000)/",33500,1000,1360100,45907000000,-200,true,-0.59
"HDC",140724,"/Date(1702019276000)/",33500,100,1359100,45874000000,-200,true,-0.59
"HDC",140724,"/Date(1702019276000)/",33500,1000,1359000,45870000000,-200,true,-0.59
"HDC",140724,"/Date(1702019276000)/",33500,100,1358000,45837000000,-200,true,-0.59
"HDC",140724,"/Date(1702019276000)/",33500,200,1357900,45833000000,-200,true,-0.59
"HDC",140724,"/Date(1702019276000)/",33500,200,1357700,45827000000,-200,true,-0.59
"HDC",140724,"/Date(1702019276000)/",33500,200,1357500,45820000000,-200,true,-0.59
"HDC",140724,"/Date(1702019276000)/",33500,100,1357300,45813000000,-200,true,-0.59
"HDC",140724,"/Date(1702019276000)/",33500,300,1357200,45810000000,-200,true,-0.59
"HDC",140724,"/Date(1702019276000)/",33500,300,1356900,45800000000,-200,true,-0.59
"HDC",140724,"/Date(1702019276000)/",33500,100,1356600,45790000000,-200,true,-0.59
"HDC",140724,"/Date(1702019276000)/",33500,100,1356500,45787000000,-200,true,-0.59
"HDC",140724,"/Date(1702019276000)/",33500,100,1356400,45783000000,-200,true,-0.59
"HDC",140724,"/Date(1702019276000)/",33500,4500,1356300,45780000000,-200,true,-0.59
"HDC",140721,"/Date(1702019276000)/",33500,2000,1351800,45629000000,-200,true,-0.59
"HDC",140721,"/Date(1702019275000)/",33500,100,1349800,45562000000,-200,true,-0.59
"HDC",140718,"/Date(1702019273000)/",33550,200,1349700,45559000000,-150,false,-0.45
"HDC",140718,"/Date(1702019272000)/",33500,3400,1349500,45552000000,-200,true,-0.59
"HDC",140718,"/Date(1702019272000)/",33500,500,1346100,45438000000,-200,true,-0.59
"HDC",140718,"/Date(1702019272000)/",33500,100,1345600,45421000000,-200,true,-0.59
"HDC",140718,"/Date(1702019272000)/",33500,100,1345500,45418000000,-200,true,-0.59
"HDC",140718,"/Date(1702019272000)/",33500,900,1345400,45415000000,-200,true,-0.59
"HDC",140718,"/Date(1702019270000)/",33500,1100,1344500,45385000000,-200,true,-0.59
"HDC",140718,"/Date(1702019270000)/",33500,500,1343400,45348000000,-200,true,-0.59
"HDC",140718,"/Date(1702019270000)/",33500,100,1342900,45331000000,-200,true,-0.59
"HDC",140718,"/Date(1702019270000)/",33500,100,1342800,45328000000,-200,true,-0.59
"HDC",140718,"/Date(1702019270000)/",33500,1000,1342700,45324000000,-200,true,-0.59
"HDC",140718,"/Date(1702019270000)/",33500,200,1341700,45291000000,-200,true,-0.59
"HDC",140718,"/Date(1702019270000)/",33500,100,1341500,45284000000,-200,true,-0.59
"HDC",140718,"/Date(1702019270000)/",33500,1000,1341400,45281000000,-200,true,-0.59
"HDC",140714,"/Date(1702019269000)/",33550,700,1340400,45247000000,-150,false,-0.45
"HDC",140714,"/Date(1702019268000)/",33500,100,1339700,45224000000,-200,true,-0.59
"HDC",140714,"/Date(1702019268000)/",33500,1900,1339600,45220000000,-200,true,-0.59
"HDC",140714,"/Date(1702019267000)/",33500,800,1337700,45157000000,-200,true,-0.59
"HDC",140714,"/Date(1702019267000)/",33500,100,1336900,45130000000,-200,true,-0.59
"HDC",140714,"/Date(1702019267000)/",33500,100,1336800,45127000000,-200,true,-0.59
"HDC",140714,"/Date(1702019267000)/",33500,200,1336700,45123000000,-200,true,-0.59
"HDC",140714,"/Date(1702019267000)/",33500,1400,1336500,45117000000,-200,true,-0.59
"HDC",140714,"/Date(1702019267000)/",33500,100,1335100,45070000000,-200,true,-0.59
"HDC",140714,"/Date(1702019267000)/",33500,1000,1335000,45066000000,-200,true,-0.59
"HDC",140714,"/Date(1702019267000)/",33500,500,1334000,45033000000,-200,true,-0.59
"HDC",140714,"/Date(1702019267000)/",33500,500,1333500,45016000000,-200,true,-0.59
"HDC",140714,"/Date(1702019267000)/",33500,100,1333000,44999000000,-200,true,-0.59
"HDC",140714,"/Date(1702019267000)/",33500,500,1332900,44996000000,-200,true,-0.59
"HDC",140714,"/Date(1702019267000)/",33500,300,1332400,44979000000,-200,true,-0.59
"HDC",140714,"/Date(1702019267000)/",33500,100,1332100,44969000000,-200,true,-0.59
"HDC",140714,"/Date(1702019267000)/",33500,1000,1332000,44966000000,-200,true,-0.59
"HDC",140714,"/Date(1702019267000)/",33500,200,1331000,44932000000,-200,true,-0.59
"HDC",140714,"/Date(1702019267000)/",33500,200,1330800,44926000000,-200,true,-0.59
"HDC",140714,"/Date(1702019267000)/",33500,13000,1330600,44919000000,-200,true,-0.59
"HDC",140708,"/Date(1702019263000)/",33550,500,1317600,44483000000,-150,false,-0.45
"HDC",140705,"/Date(1702019259000)/",33550,100,1317100,44467000000,-150,true,-0.45
"HDC",140705,"/Date(1702019259000)/",33550,300,1317000,44463000000,-150,true,-0.45
"HDC",140705,"/Date(1702019259000)/",33550,400,1316700,44453000000,-150,true,-0.45
"HDC",140705,"/Date(1702019259000)/",33550,200,1316300,44440000000,-150,true,-0.45
"HDC",140705,"/Date(1702019259000)/",33550,100,1316100,44433000000,-150,true,-0.45
"HDC",140705,"/Date(1702019259000)/",33550,200,1316000,44430000000,-150,true,-0.45
"HDC",140705,"/Date(1702019259000)/",33550,300,1315800,44423000000,-150,true,-0.45
"HDC",140705,"/Date(1702019259000)/",33550,4100,1315500,44413000000,-150,true,-0.45
"HDC",140702,"/Date(1702019256000)/",33550,900,1311400,44275000000,-150,true,-0.45
"HDC",140702,"/Date(1702019256000)/",33550,300,1310500,44245000000,-150,true,-0.45
"HDC",140702,"/Date(1702019256000)/",33550,100,1310200,44235000000,-150,true,-0.45
"HDC",140702,"/Date(1702019256000)/",33550,100,1310100,44232000000,-150,true,-0.45
"HDC",140702,"/Date(1702019256000)/",33550,100,1310000,44228000000,-150,true,-0.45
"HDC",140702,"/Date(1702019256000)/",33550,100,1309900,44225000000,-150,true,-0.45
"HDC",140702,"/Date(1702019256000)/",33550,3900,1309800,44222000000,-150,true,-0.45
"HDC",140652,"/Date(1702019247000)/",33550,1100,1305900,44091000000,-150,true,-0.45
"HDC",140652,"/Date(1702019247000)/",33550,100,1304800,44054000000,-150,true,-0.45
"HDC",140652,"/Date(1702019247000)/",33550,500,1304700,44051000000,-150,true,-0.45
"HDC",140652,"/Date(1702019247000)/",33550,500,1304200,44034000000,-150,true,-0.45
"HDC",140652,"/Date(1702019247000)/",33550,500,1303700,44017000000,-150,true,-0.45
"HDC",140652,"/Date(1702019247000)/",33550,200,1303200,44000000000,-150,true,-0.45
"HDC",140652,"/Date(1702019247000)/",33550,800,1303000,43994000000,-150,true,-0.45
"HDC",140652,"/Date(1702019247000)/",33550,300,1302200,43967000000,-150,true,-0.45
"HDC",140642,"/Date(1702019235000)/",33600,100,1301900,43957000000,-100,false,-0.3
"HDC",140639,"/Date(1702019231000)/",33550,700,1301800,43953000000,-150,true,-0.45
"HDC",140636,"/Date(1702019230000)/",33600,200,1301100,43930000000,-100,false,-0.3
"HDC",140617,"/Date(1702019212000)/",33600,900,1300900,43923000000,-100,true,-0.3
"HDC",140617,"/Date(1702019209000)/",33600,1100,1300000,43893000000,-100,true,-0.3
"HDC",140617,"/Date(1702019209000)/",33600,500,1298900,43856000000,-100,true,-0.3
"HDC",140617,"/Date(1702019209000)/",33600,800,1298400,43839000000,-100,true,-0.3
"HDC",140617,"/Date(1702019209000)/",33600,200,1297600,43812000000,-100,true,-0.3
"HDC",140617,"/Date(1702019209000)/",33600,500,1297400,43805000000,-100,true,-0.3
"HDC",140617,"/Date(1702019209000)/",33600,100,1296900,43789000000,-100,true,-0.3
"HDC",140617,"/Date(1702019209000)/",33600,5000,1296800,43785000000,-100,true,-0.3
"HDC",140617,"/Date(1702019209000)/",33600,1800,1291800,43617000000,-100,true,-0.3
"HDC",140614,"/Date(1702019206000)/",33650,1000,1290000,43557000000,-50,false,-0.15
"HDC",140610,"/Date(1702019204000)/",33600,200,1289000,43523000000,-100,true,-0.3
"HDC",140610,"/Date(1702019204000)/",33600,1000,1288800,43516000000,-100,true,-0.3
"HDC",140610,"/Date(1702019204000)/",33600,500,1287800,43483000000,-100,true,-0.3
"HDC",140610,"/Date(1702019204000)/",33600,300,1287300,43466000000,-100,true,-0.3
"HDC",140610,"/Date(1702019204000)/",33600,200,1287000,43456000000,-100,true,-0.3
"HDC",140610,"/Date(1702019204000)/",33600,300,1286800,43449000000,-100,true,-0.3
"HDC",140610,"/Date(1702019204000)/",33600,1000,1286500,43439000000,-100,true,-0.3
"HDC",140610,"/Date(1702019204000)/",33600,1500,1285500,43406000000,-100,true,-0.3
"HDC",140610,"/Date(1702019204000)/",33600,100,1284000,43355000000,-100,true,-0.3
"HDC",140610,"/Date(1702019204000)/",33600,3000,1283900,43352000000,-100,true,-0.3
"HDC",140610,"/Date(1702019204000)/",33600,100,1280900,43251000000,-100,true,-0.3
"HDC",140610,"/Date(1702019204000)/",33600,2000,1280800,43248000000,-100,true,-0.3
"HDC",140610,"/Date(1702019204000)/",33600,200,1278800,43180000000,-100,true,-0.3
"HDC",140610,"/Date(1702019204000)/",33600,2000,1278600,43174000000,-100,true,-0.3
"HDC",140610,"/Date(1702019204000)/",33600,5000,1276600,43107000000,-100,true,-0.3
"HDC",140610,"/Date(1702019204000)/",33600,100,1271600,42939000000,-100,true,-0.3
"HDC",140610,"/Date(1702019204000)/",33600,100,1271500,42935000000,-100,true,-0.3
"HDC",140610,"/Date(1702019204000)/",33600,500,1271400,42932000000,-100,true,-0.3
"HDC",140610,"/Date(1702019204000)/",33600,300,1270900,42915000000,-100,true,-0.3
"HDC",140610,"/Date(1702019204000)/",33600,100,1270600,42905000000,-100,true,-0.3
"HDC",140610,"/Date(1702019204000)/",33600,2500,1270500,42902000000,-100,true,-0.3
"HDC",140610,"/Date(1702019204000)/",33600,500,1268000,42818000000,-100,true,-0.3
"HDC",140610,"/Date(1702019204000)/",33600,200,1267500,42801000000,-100,true,-0.3
"HDC",140610,"/Date(1702019204000)/",33600,100,1267300,42794000000,-100,true,-0.3
"HDC",140610,"/Date(1702019204000)/",33600,200,1267200,42791000000,-100,true,-0.3
"HDC",140610,"/Date(1702019204000)/",33600,1000,1267000,42784000000,-100,true,-0.3
"HDC",140610,"/Date(1702019204000)/",33600,200,1266000,42750000000,-100,true,-0.3
"HDC",140610,"/Date(1702019204000)/",33650,300,1265800,42744000000,-50,false,-0.15
"HDC",140610,"/Date(1702019204000)/",33650,1000,1265500,42734000000,-50,false,-0.15
"HDC",140610,"/Date(1702019204000)/",33650,5500,1264500,42700000000,-50,false,-0.15
"HDC",140610,"/Date(1702019204000)/",33650,1000,1259000,42515000000,-50,false,-0.15
"HDC",140601,"/Date(1702019193000)/",33650,2500,1258000,42481000000,-50,false,-0.15
"HDC",140551,"/Date(1702019183000)/",33650,200,1255500,42397000000,-50,false,-0.15
"HDC",140548,"/Date(1702019180000)/",33650,1000,1255300,42390000000,-50,false,-0.15
"HDC",140542,"/Date(1702019175000)/",33650,300,1254300,42357000000,-50,false,-0.15
"HDC",140532,"/Date(1702019165000)/",33650,100,1254000,42347000000,-50,false,-0.15
"HDC",140529,"/Date(1702019163000)/",33650,100,1253900,42343000000,-50,true,-0.15
"HDC",140529,"/Date(1702019163000)/",33650,4800,1253800,42340000000,-50,true,-0.15
"HDC",140529,"/Date(1702019163000)/",33650,1000,1249000,42178000000,-50,true,-0.15
"HDC",140529,"/Date(1702019163000)/",33650,2000,1248000,42145000000,-50,true,-0.15
"HDC",140519,"/Date(1702019153000)/",33700,300,1246000,42077000000,0,false,0
"HDC",140519,"/Date(1702019153000)/",33700,5000,1245700,42067000000,0,false,0
"HDC",140519,"/Date(1702019153000)/",33700,1000,1240700,41899000000,0,false,0
"HDC",140519,"/Date(1702019153000)/",33650,800,1239700,41865000000,-50,true,-0.15
"HDC",140513,"/Date(1702019147000)/",33650,200,1238900,41838000000,-50,true,-0.15
"HDC",140500,"/Date(1702019134000)/",33650,500,1238700,41831000000,-50,false,-0.15
"HDC",140457,"/Date(1702019130000)/",33650,200,1238200,41815000000,-50,false,-0.15
"HDC",140457,"/Date(1702019130000)/",33650,100,1238000,41808000000,-50,false,-0.15
"HDC",140457,"/Date(1702019130000)/",33650,1400,1237900,41805000000,-50,false,-0.15
"HDC",140457,"/Date(1702019130000)/",33650,300,1236500,41757000000,-50,false,-0.15
"HDC",140457,"/Date(1702019130000)/",33650,100,1236200,41747000000,-50,false,-0.15
"HDC",140444,"/Date(1702019118000)/",33650,1000,1236100,41744000000,-50,true,-0.15
"HDC",140428,"/Date(1702019100000)/",33600,1800,1235100,41710000000,-100,true,-0.3
"HDC",140428,"/Date(1702019100000)/",33600,100,1233300,41650000000,-100,true,-0.3
"HDC",140428,"/Date(1702019100000)/",33600,1500,1233200,41646000000,-100,true,-0.3
"HDC",140428,"/Date(1702019100000)/",33600,1000,1231700,41596000000,-100,true,-0.3
"HDC",140428,"/Date(1702019100000)/",33600,1000,1230700,41562000000,-100,true,-0.3
"HDC",140428,"/Date(1702019100000)/",33600,200,1229700,41529000000,-100,true,-0.3
"HDC",140428,"/Date(1702019100000)/",33600,1000,1229500,41522000000,-100,true,-0.3
"HDC",140428,"/Date(1702019100000)/",33600,100,1228500,41489000000,-100,true,-0.3
"HDC",140428,"/Date(1702019100000)/",33600,1000,1228400,41485000000,-100,true,-0.3
"HDC",140428,"/Date(1702019100000)/",33600,500,1227400,41452000000,-100,true,-0.3
"HDC",140428,"/Date(1702019100000)/",33650,1800,1226900,41435000000,-50,true,-0.15
"HDC",140422,"/Date(1702019096000)/",33650,600,1225100,41374000000,-50,true,-0.15
"HDC",140422,"/Date(1702019096000)/",33650,100,1224500,41354000000,-50,true,-0.15
"HDC",140418,"/Date(1702019093000)/",33650,900,1224400,41351000000,-50,true,-0.15
"HDC",140418,"/Date(1702019093000)/",33650,600,1223500,41320000000,-50,true,-0.15
"HDC",140415,"/Date(1702019088000)/",33650,400,1222900,41300000000,-50,true,-0.15
"HDC",140415,"/Date(1702019088000)/",33650,500,1222500,41287000000,-50,true,-0.15
"HDC",140415,"/Date(1702019088000)/",33650,1000,1222000,41270000000,-50,true,-0.15
"HDC",140415,"/Date(1702019088000)/",33650,1000,1221000,41236000000,-50,true,-0.15
"HDC",140415,"/Date(1702019088000)/",33650,100,1220000,41203000000,-50,true,-0.15
"HDC",140412,"/Date(1702019086000)/",33650,400,1219900,41199000000,-50,true,-0.15
"HDC",140412,"/Date(1702019086000)/",33650,300,1219500,41186000000,-50,true,-0.15
"HDC",140412,"/Date(1702019086000)/",33650,200,1219200,41176000000,-50,true,-0.15
"HDC",140412,"/Date(1702019086000)/",33650,100,1219000,41169000000,-50,true,-0.15
"HDC",140412,"/Date(1702019086000)/",33650,500,1218900,41166000000,-50,true,-0.15
"HDC",140412,"/Date(1702019086000)/",33650,3000,1218400,41149000000,-50,true,-0.15
"HDC",140412,"/Date(1702019086000)/",33650,500,1215400,41048000000,-50,true,-0.15
"HDC",140406,"/Date(1702019078000)/",33650,500,1214900,41031000000,-50,true,-0.15
"HDC",140406,"/Date(1702019078000)/",33650,100,1214400,41014000000,-50,true,-0.15
"HDC",140406,"/Date(1702019078000)/",33650,100,1214300,41011000000,-50,true,-0.15
"HDC",140406,"/Date(1702019078000)/",33650,1000,1214200,41007000000,-50,true,-0.15
"HDC",140406,"/Date(1702019078000)/",33650,100,1213200,40974000000,-50,true,-0.15
"HDC",140406,"/Date(1702019078000)/",33650,500,1213100,40970000000,-50,true,-0.15
"HDC",140359,"/Date(1702019071000)/",33650,500,1212600,40954000000,-50,true,-0.15
"HDC",140359,"/Date(1702019071000)/",33650,300,1212100,40937000000,-50,true,-0.15
"HDC",140359,"/Date(1702019071000)/",33650,300,1211800,40927000000,-50,true,-0.15
"HDC",140359,"/Date(1702019071000)/",33650,100,1211500,40917000000,-50,true,-0.15
"HDC",140359,"/Date(1702019071000)/",33650,100,1211400,40913000000,-50,true,-0.15
"HDC",140359,"/Date(1702019071000)/",33650,100,1211300,40910000000,-50,true,-0.15
"HDC",140359,"/Date(1702019071000)/",33650,100,1211200,40906000000,-50,true,-0.15
"HDC",140350,"/Date(1702019063000)/",33650,2000,1211100,40903000000,-50,true,-0.15
"HDC",140340,"/Date(1702019052000)/",33700,200,1209100,40836000000,0,false,0
"HDC",140340,"/Date(1702019052000)/",33700,100,1208900,40829000000,0,false,0
"HDC",140340,"/Date(1702019052000)/",33700,900,1208800,40826000000,0,false,0
"HDC",140337,"/Date(1702019050000)/",33700,1100,1207900,40795000000,0,true,0
"HDC",140337,"/Date(1702019050000)/",33700,1000,1206800,40758000000,0,true,0
"HDC",140337,"/Date(1702019050000)/",33700,100,1205800,40725000000,0,true,0
"HDC",140337,"/Date(1702019050000)/",33700,500,1205700,40721000000,0,true,0
"HDC",140337,"/Date(1702019050000)/",33700,500,1205200,40704000000,0,true,0
"HDC",140337,"/Date(1702019050000)/",33700,3000,1204700,40688000000,0,true,0
"HDC",140337,"/Date(1702019050000)/",33700,300,1201700,40586000000,0,true,0
"HDC",140337,"/Date(1702019050000)/",33700,1000,1201400,40576000000,0,true,0
"HDC",140337,"/Date(1702019050000)/",33700,5500,1200400,40543000000,0,true,0
"HDC",140337,"/Date(1702019050000)/",33700,4500,1194900,40357000000,0,true,0
"HDC",140337,"/Date(1702019050000)/",33700,500,1190400,40206000000,0,true,0
"HDC",140337,"/Date(1702019050000)/",33700,900,1189900,40189000000,0,true,0
"HDC",140337,"/Date(1702019050000)/",33700,1000,1189000,40158000000,0,true,0
"HDC",140337,"/Date(1702019050000)/",33700,100,1188000,40125000000,0,true,0
"HDC",140337,"/Date(1702019050000)/",33700,100,1187900,40121000000,0,true,0
"HDC",140337,"/Date(1702019050000)/",33700,700,1187800,40118000000,0,true,0
"HDC",140337,"/Date(1702019050000)/",33700,300,1187100,40094000000,0,true,0
"HDC",140337,"/Date(1702019050000)/",33700,100,1186800,40084000000,0,true,0
"HDC",140337,"/Date(1702019050000)/",33700,1800,1186700,40081000000,0,true,0
"HDC",140334,"/Date(1702019048000)/",33700,1200,1184900,40020000000,0,true,0
"HDC",140334,"/Date(1702019048000)/",33700,1000,1183700,39980000000,0,true,0
"HDC",140334,"/Date(1702019048000)/",33700,1000,1182700,39946000000,0,true,0
"HDC",140334,"/Date(1702019048000)/",33700,500,1181700,39912000000,0,true,0
"HDC",140334,"/Date(1702019048000)/",33700,700,1181200,39896000000,0,true,0
"HDC",140334,"/Date(1702019048000)/",33700,1000,1180500,39872000000,0,true,0
"HDC",140334,"/Date(1702019048000)/",33700,200,1179500,39838000000,0,true,0
"HDC",140334,"/Date(1702019048000)/",33700,7000,1179300,39832000000,0,true,0
"HDC",140334,"/Date(1702019048000)/",33700,200,1172300,39596000000,0,true,0
"HDC",140334,"/Date(1702019048000)/",33700,500,1172100,39589000000,0,true,0
"HDC",140334,"/Date(1702019048000)/",33700,500,1171600,39572000000,0,true,0
"HDC",140334,"/Date(1702019048000)/",33700,1200,1171100,39555000000,0,true,0
"HDC",140330,"/Date(1702019044000)/",33700,3800,1169900,39515000000,0,true,0
"HDC",140330,"/Date(1702019044000)/",33700,100,1166100,39387000000,0,true,0
"HDC",140330,"/Date(1702019044000)/",33700,100,1166000,39383000000,0,true,0
"HDC",140330,"/Date(1702019044000)/",33700,5000,1165900,39380000000,0,true,0
"HDC",140330,"/Date(1702019044000)/",33700,500,1160900,39211000000,0,true,0
"HDC",140330,"/Date(1702019044000)/",33700,400,1160400,39195000000,0,true,0
"HDC",140308,"/Date(1702019020000)/",33750,400,1160000,39181000000,50,true,0.15
"HDC",140258,"/Date(1702019011000)/",33750,600,1159600,39168000000,50,true,0.15
"HDC",140258,"/Date(1702019011000)/",33750,100,1159000,39147000000,50,true,0.15
"HDC",140236,"/Date(1702018990000)/",33750,900,1158900,39144000000,50,true,0.15
"HDC",140236,"/Date(1702018990000)/",33750,500,1158000,39114000000,50,true,0.15
"HDC",140236,"/Date(1702018990000)/",33750,500,1157500,39097000000,50,true,0.15
"HDC",140236,"/Date(1702018990000)/",33750,100,1157000,39080000000,50,true,0.15
"HDC",140236,"/Date(1702018990000)/",33750,5000,1156900,39077000000,50,true,0.15
"HDC",140236,"/Date(1702018990000)/",33750,1000,1151900,38908000000,50,true,0.15
"HDC",140236,"/Date(1702018990000)/",33750,500,1150900,38874000000,50,true,0.15
"HDC",140236,"/Date(1702018990000)/",33750,300,1150400,38857000000,50,true,0.15
"HDC",140236,"/Date(1702018990000)/",33750,1200,1150100,38847000000,50,true,0.15
"HDC",140158,"/Date(1702018949000)/",33750,2900,1148900,38807000000,50,true,0.15
"HDC",140154,"/Date(1702018949000)/",33800,100,1146000,38709000000,100,false,0.3
"HDC",140135,"/Date(1702018929000)/",33800,400,1145900,38705000000,100,false,0.3
"HDC",140129,"/Date(1702018924000)/",33750,500,1145500,38692000000,50,true,0.15
"HDC",140119,"/Date(1702018914000)/",33750,400,1145000,38675000000,50,true,0.15
"HDC",140119,"/Date(1702018914000)/",33750,200,1144600,38661000000,50,true,0.15
"HDC",140050,"/Date(1702018885000)/",33750,300,1144400,38655000000,50,true,0.15
"HDC",140050,"/Date(1702018885000)/",33750,400,1144100,38645000000,50,true,0.15
"HDC",140050,"/Date(1702018885000)/",33750,1000,1143700,38631000000,50,true,0.15
"HDC",140050,"/Date(1702018885000)/",33750,1100,1142700,38597000000,50,true,0.15
"HDC",140050,"/Date(1702018885000)/",33750,100,1141600,38560000000,50,true,0.15
"HDC",140050,"/Date(1702018885000)/",33750,100,1141500,38557000000,50,true,0.15
"HDC",140050,"/Date(1702018885000)/",33750,1000,1141400,38553000000,50,true,0.15
"HDC",140034,"/Date(1702018869000)/",33800,1100,1140400,38520000000,100,true,0.3
"HDC",140022,"/Date(1702018856000)/",33800,500,1139300,38482000000,100,true,0.3
"HDC",140015,"/Date(1702018850000)/",33800,2000,1138800,38466000000,100,true,0.3
"HDC",135956,"/Date(1702018829000)/",33800,1100,1136800,38398000000,100,true,0.3
"HDC",135956,"/Date(1702018829000)/",33800,2000,1135700,38361000000,100,true,0.3
"HDC",135956,"/Date(1702018829000)/",33800,6900,1133700,38293000000,100,true,0.3
"HDC",135902,"/Date(1702018775000)/",33800,800,1126800,38060000000,100,true,0.3
"HDC",135858,"/Date(1702018771000)/",33800,1400,1126000,38033000000,100,true,0.3
"HDC",135858,"/Date(1702018771000)/",33800,300,1124600,37986000000,100,true,0.3
"HDC",135858,"/Date(1702018771000)/",33800,700,1124300,37975000000,100,true,0.3
"HDC",135858,"/Date(1702018771000)/",33800,400,1123600,37952000000,100,true,0.3
"HDC",135855,"/Date(1702018768000)/",33800,100,1123200,37938000000,100,true,0.3
"HDC",135839,"/Date(1702018752000)/",33800,500,1123100,37935000000,100,true,0.3
"HDC",135836,"/Date(1702018749000)/",33800,4000,1122600,37918000000,100,true,0.3
"HDC",135836,"/Date(1702018749000)/",33800,1500,1118600,37783000000,100,true,0.3
"HDC",135830,"/Date(1702018743000)/",33800,500,1117100,37732000000,100,true,0.3
"HDC",135826,"/Date(1702018739000)/",33800,2500,1116600,37715000000,100,false,0.3
"HDC",135823,"/Date(1702018736000)/",33800,1000,1114100,37631000000,100,true,0.3
"HDC",135810,"/Date(1702018725000)/",33800,4500,1113100,37597000000,100,true,0.3
"HDC",135810,"/Date(1702018725000)/",33800,1000,1108600,37445000000,100,true,0.3
"HDC",135810,"/Date(1702018725000)/",33800,5000,1107600,37411000000,100,true,0.3
"HDC",135810,"/Date(1702018725000)/",33800,1500,1102600,37242000000,100,true,0.3
"HDC",135810,"/Date(1702018725000)/",33800,1200,1101100,37191000000,100,true,0.3
"HDC",135810,"/Date(1702018725000)/",33800,400,1099900,37151000000,100,true,0.3
"HDC",135810,"/Date(1702018725000)/",33800,3000,1099500,37137000000,100,true,0.3
"HDC",135810,"/Date(1702018725000)/",33800,1000,1096500,37036000000,100,true,0.3
"HDC",135810,"/Date(1702018725000)/",33800,900,1095500,37002000000,100,true,0.3
"HDC",135810,"/Date(1702018725000)/",33800,1500,1094600,36972000000,100,true,0.3
"HDC",135741,"/Date(1702018696000)/",33850,200,1093100,36921000000,150,false,0.45
"HDC",135725,"/Date(1702018677000)/",33850,500,1092900,36914000000,150,false,0.45
"HDC",135725,"/Date(1702018677000)/",33850,100,1092400,36897000000,150,false,0.45
"HDC",135725,"/Date(1702018677000)/",33850,300,1092300,36894000000,150,false,0.45
"HDC",135725,"/Date(1702018677000)/",33850,1000,1092000,36884000000,150,false,0.45
"HDC",135725,"/Date(1702018677000)/",33850,100,1091000,36850000000,150,false,0.45
"HDC",135725,"/Date(1702018677000)/",33850,1000,1090900,36846000000,150,false,0.45
"HDC",135725,"/Date(1702018677000)/",33850,1000,1089900,36813000000,150,false,0.45
"HDC",135725,"/Date(1702018677000)/",33850,100,1088900,36779000000,150,false,0.45
"HDC",135725,"/Date(1702018677000)/",33850,100,1088800,36775000000,150,false,0.45
"HDC",135725,"/Date(1702018677000)/",33850,1000,1088700,36772000000,150,false,0.45
"HDC",135725,"/Date(1702018677000)/",33850,300,1087700,36738000000,150,false,0.45
"HDC",135700,"/Date(1702018651000)/",33900,500,1087400,36728000000,200,true,0.59
"HDC",135653,"/Date(1702018647000)/",33900,4500,1086900,36711000000,200,true,0.59
"HDC",135653,"/Date(1702018647000)/",33900,100,1082400,36558000000,200,true,0.59
"HDC",135653,"/Date(1702018647000)/",33900,500,1082300,36555000000,200,true,0.59
"HDC",135653,"/Date(1702018647000)/",33900,4900,1081800,36538000000,200,true,0.59
"HDC",135647,"/Date(1702018640000)/",33950,200,1076900,36372000000,250,false,0.74
"HDC",135647,"/Date(1702018640000)/",33950,300,1076700,36365000000,250,false,0.74
"HDC",135647,"/Date(1702018640000)/",33950,900,1076400,36355000000,250,false,0.74
"HDC",135634,"/Date(1702018626000)/",33950,1100,1075500,36324000000,250,false,0.74
"HDC",135634,"/Date(1702018626000)/",33950,100,1074400,36287000000,250,false,0.74
"HDC",135634,"/Date(1702018626000)/",33950,100,1074300,36284000000,250,false,0.74
"HDC",135621,"/Date(1702018616000)/",33900,3000,1074200,36280000000,200,true,0.59
"HDC",135608,"/Date(1702018602000)/",33900,100,1071200,36179000000,200,true,0.59
"HDC",135608,"/Date(1702018602000)/",33900,100,1071100,36175000000,200,true,0.59
"HDC",135608,"/Date(1702018602000)/",33900,1000,1071000,36172000000,200,true,0.59
"HDC",135608,"/Date(1702018602000)/",33900,100,1070000,36138000000,200,true,0.59
"HDC",135608,"/Date(1702018602000)/",33900,100,1069900,36135000000,200,true,0.59
"HDC",135608,"/Date(1702018602000)/",33900,200,1069800,36131000000,200,true,0.59
"HDC",135608,"/Date(1702018602000)/",33900,1400,1069600,36124000000,200,true,0.59
"HDC",135608,"/Date(1702018602000)/",33900,1000,1068200,36077000000,200,true,0.59
"HDC",135608,"/Date(1702018602000)/",33900,900,1067200,36043000000,200,true,0.59
"HDC",135543,"/Date(1702018576000)/",33950,100,1066300,36013000000,250,false,0.74
"HDC",135524,"/Date(1702018557000)/",33950,1000,1066200,36009000000,250,true,0.74
"HDC",135524,"/Date(1702018557000)/",33950,1000,1065200,35975000000,250,true,0.74
"HDC",135524,"/Date(1702018555000)/",33950,500,1064200,35941000000,250,true,0.74
"HDC",135524,"/Date(1702018555000)/",33950,100,1063700,35924000000,250,true,0.74
"HDC",135508,"/Date(1702018541000)/",33950,1000,1063600,35921000000,250,false,0.74
"HDC",135508,"/Date(1702018541000)/",33950,2400,1062600,35887000000,250,false,0.74
"HDC",135504,"/Date(1702018538000)/",33950,2600,1060200,35805000000,250,true,0.74
"HDC",135504,"/Date(1702018536000)/",33950,2400,1057600,35717000000,250,true,0.74
