"Stockcode","Package","TradingDate","Price","Vol","TotalVol","TotalVal","Change","IsBuy","PerChange"
"MSN",144425,"/Date(1702021500000)/",66200,234300,5420600,355917000000,2700,false,4.25
"MSN",142920,"/Date(1702020595000)/",65900,300,5186300,340406000000,2400,true,3.78
"MSN",142920,"/Date(1702020595000)/",65900,100,5186000,340386000000,2400,true,3.78
"MSN",142920,"/Date(1702020595000)/",66000,100,5185900,340380000000,2500,false,3.94
"MSN",142917,"/Date(1702020593000)/",66000,8000,5185800,340373000000,2500,false,3.94
"MSN",142914,"/Date(1702020590000)/",66000,800,5177800,339845000000,2500,false,3.94
"MSN",142911,"/Date(1702020588000)/",66000,1000,5177000,339792000000,2500,false,3.94
"MSN",142911,"/Date(1702020586000)/",66000,1200,5176000,339726000000,2500,false,3.94
"MSN",142908,"/Date(1702020583000)/",65900,1700,5174800,339647000000,2400,true,3.78
"MSN",142908,"/Date(1702020582000)/",66000,100,5173100,339535000000,2500,false,3.94
"MSN",142901,"/Date(1702020578000)/",66000,10000,5173000,339529000000,2500,false,3.94
"MSN",142901,"/Date(1702020576000)/",66000,100,5163000,338869000000,2500,false,3.94
"MSN",142901,"/Date(1702020576000)/",66000,100,5162900,338862000000,2500,false,3.94
"MSN",142901,"/Date(1702020576000)/",66000,800,5162800,338855000000,2500,false,3.94
"MSN",142855,"/Date(1702020569000)/",66000,1000,5162000,338803000000,2500,false,3.94
"MSN",142852,"/Date(1702020567000)/",66000,500,5161000,338737000000,2500,false,3.94
"MSN",142848,"/Date(1702020564000)/",66000,400,5160500,338704000000,2500,false,3.94
"MSN",142845,"/Date(1702020562000)/",65900,200,5160100,338677000000,2400,true,3.78
"MSN",142845,"/Date(1702020562000)/",65900,900,5159900,338664000000,2400,true,3.78
"MSN",142845,"/Date(1702020561000)/",66000,1000,5159000,338605000000,2500,false,3.94
"MSN",142845,"/Date(1702020560000)/",66000,200,5158000,338539000000,2500,false,3.94
"MSN",142842,"/Date(1702020559000)/",66000,300,5157800,338526000000,2500,false,3.94
"MSN",142842,"/Date(1702020559000)/",66000,500,5157500,338506000000,2500,false,3.94
"MSN",142842,"/Date(1702020556000)/",66000,300,5157000,338473000000,2500,false,3.94
"MSN",142839,"/Date(1702020553000)/",66000,500,5156700,338453000000,2500,false,3.94
"MSN",142832,"/Date(1702020547000)/",66000,10000,5156200,338420000000,2500,false,3.94
"MSN",142826,"/Date(1702020542000)/",65900,500,5146200,337760000000,2400,true,3.78
"MSN",142826,"/Date(1702020541000)/",65900,500,5145700,337727000000,2400,true,3.78
"MSN",142823,"/Date(1702020540000)/",65900,500,5145200,337694000000,2400,true,3.78
"MSN",142823,"/Date(1702020540000)/",66000,300,5144700,337661000000,2500,false,3.94
"MSN",142823,"/Date(1702020539000)/",65900,600,5144400,337641000000,2400,true,3.78
"MSN",142823,"/Date(1702020539000)/",65900,400,5143800,337602000000,2400,true,3.78
"MSN",142820,"/Date(1702020535000)/",65900,200,5143400,337575000000,2400,true,3.78
"MSN",142820,"/Date(1702020535000)/",65900,400,5143200,337562000000,2400,true,3.78
"MSN",142820,"/Date(1702020535000)/",65900,100,5142800,337536000000,2400,true,3.78
"MSN",142820,"/Date(1702020535000)/",65900,100,5142700,337529000000,2400,true,3.78
"MSN",142820,"/Date(1702020535000)/",65900,400,5142600,337523000000,2400,true,3.78
"MSN",142820,"/Date(1702020535000)/",65900,200,5142200,337496000000,2400,true,3.78
"MSN",142820,"/Date(1702020535000)/",65900,1000,5142000,337483000000,2400,true,3.78
"MSN",142816,"/Date(1702020533000)/",66000,4200,5141000,337417000000,2500,false,3.94
"MSN",142816,"/Date(1702020533000)/",66000,800,5136800,337140000000,2500,false,3.94
"MSN",142813,"/Date(1702020530000)/",66000,100,5136000,337087000000,2500,false,3.94
"MSN",142810,"/Date(1702020526000)/",66000,1000,5135900,337081000000,2500,false,3.94
"MSN",142810,"/Date(1702020526000)/",66000,5000,5134900,337015000000,2500,false,3.94
"MSN",142810,"/Date(1702020525000)/",66000,100,5129900,336685000000,2500,false,3.94
"MSN",142807,"/Date(1702020523000)/",66000,1000,5129800,336678000000,2500,false,3.94
"MSN",142807,"/Date(1702020522000)/",66000,500,5128800,336612000000,2500,false,3.94
"MSN",142807,"/Date(1702020522000)/",66000,400,5128300,336579000000,2500,false,3.94
"MSN",142803,"/Date(1702020520000)/",66000,200,5127900,336553000000,2500,false,3.94
"MSN",142803,"/Date(1702020519000)/",66000,1000,5127700,336539000000,2500,false,3.94
"MSN",142803,"/Date(1702020519000)/",66000,1000,5126700,336473000000,2500,false,3.94
"MSN",142800,"/Date(1702020516000)/",66000,100,5125700,336407000000,2500,false,3.94
"MSN",142754,"/Date(1702020509000)/",66000,500,5125600,336401000000,2500,false,3.94
"MSN",142751,"/Date(1702020506000)/",66000,1000,5125100,336368000000,2500,false,3.94
"MSN",142751,"/Date(1702020506000)/",66000,500,5124100,336302000000,2500,false,3.94
"MSN",142747,"/Date(1702020503000)/",66000,10000,5123600,336269000000,2500,true,3.94
"MSN",142747,"/Date(1702020503000)/",66000,100,5113600,335609000000,2500,true,3.94
"MSN",142747,"/Date(1702020503000)/",66000,500,5113500,335602000000,2500,true,3.94
"MSN",142747,"/Date(1702020503000)/",66000,7600,5113000,335569000000,2500,true,3.94
"MSN",142747,"/Date(1702020503000)/",66000,100,5105400,335068000000,2500,true,3.94
"MSN",142747,"/Date(1702020503000)/",66000,3000,5105300,335061000000,2500,true,3.94
"MSN",142747,"/Date(1702020503000)/",66000,400,5102300,334863000000,2500,true,3.94
"MSN",142747,"/Date(1702020503000)/",66000,300,5101900,334837000000,2500,true,3.94
"MSN",142747,"/Date(1702020503000)/",66000,3000,5101600,334817000000,2500,true,3.94
"MSN",142747,"/Date(1702020503000)/",66000,200,5098600,334619000000,2500,true,3.94
"MSN",142747,"/Date(1702020503000)/",66000,200,5098400,334606000000,2500,true,3.94
"MSN",142747,"/Date(1702020503000)/",66000,300,5098200,334592000000,2500,true,3.94
"MSN",142747,"/Date(1702020503000)/",66000,100,5097900,334573000000,2500,true,3.94
"MSN",142747,"/Date(1702020503000)/",66100,200,5097800,334566000000,2600,true,4.09
"MSN",142747,"/Date(1702020503000)/",66100,300,5097600,334553000000,2600,true,4.09
"MSN",142747,"/Date(1702020503000)/",66200,500,5097300,334533000000,2700,true,4.25
"MSN",142738,"/Date(1702020494000)/",66300,100,5096800,334500000000,2800,false,4.41
"MSN",142738,"/Date(1702020493000)/",66100,900,5096700,334493000000,2600,true,4.09
"MSN",142738,"/Date(1702020493000)/",66100,1000,5095800,334434000000,2600,true,4.09
"MSN",142738,"/Date(1702020493000)/",66100,1000,5094800,334368000000,2600,true,4.09
"MSN",142738,"/Date(1702020493000)/",66100,5300,5093800,334302000000,2600,true,4.09
"MSN",142738,"/Date(1702020493000)/",66100,8100,5088500,333951000000,2600,true,4.09
"MSN",142738,"/Date(1702020493000)/",66200,3700,5080400,333416000000,2700,false,4.25
"MSN",142738,"/Date(1702020492000)/",66200,500,5076700,333171000000,2700,false,4.25
"MSN",142738,"/Date(1702020492000)/",66200,200,5076200,333138000000,2700,false,4.25
"MSN",142738,"/Date(1702020492000)/",66200,100,5076000,333125000000,2700,false,4.25
"MSN",142738,"/Date(1702020492000)/",66200,100,5075900,333118000000,2700,false,4.25
"MSN",142738,"/Date(1702020492000)/",66200,1800,5075800,333111000000,2700,false,4.25
"MSN",142735,"/Date(1702020491000)/",66200,100,5074000,332992000000,2700,false,4.25
"MSN",142735,"/Date(1702020490000)/",66200,100,5073900,332986000000,2700,false,4.25
"MSN",142725,"/Date(1702020482000)/",66100,200,5073800,332979000000,2600,false,4.09
"MSN",142725,"/Date(1702020482000)/",66100,100,5073600,332966000000,2600,false,4.09
"MSN",142725,"/Date(1702020482000)/",66100,100,5073500,332959000000,2600,false,4.09
"MSN",142725,"/Date(1702020482000)/",66100,100,5073400,332952000000,2600,false,4.09
"MSN",142725,"/Date(1702020482000)/",66100,100,5073300,332946000000,2600,false,4.09
"MSN",142725,"/Date(1702020482000)/",66100,100,5073200,332939000000,2600,false,4.09
"MSN",142725,"/Date(1702020482000)/",66100,100,5073100,332933000000,2600,false,4.09
"MSN",142725,"/Date(1702020482000)/",66100,1100,5073000,332926000000,2600,false,4.09
"MSN",142725,"/Date(1702020481000)/",66100,100,5071900,332853000000,2600,false,4.09
"MSN",142725,"/Date(1702020481000)/",66000,100,5071800,332847000000,2500,true,3.94
"MSN",142722,"/Date(1702020479000)/",66100,600,5071700,332840000000,2600,false,4.09
"MSN",142722,"/Date(1702020478000)/",66100,600,5071100,332800000000,2600,false,4.09
"MSN",142716,"/Date(1702020472000)/",66100,300,5070500,332761000000,2600,false,4.09
"MSN",142709,"/Date(1702020464000)/",66000,5000,5070200,332741000000,2500,true,3.94
"MSN",142709,"/Date(1702020464000)/",66000,600,5065200,332411000000,2500,true,3.94
"MSN",142709,"/Date(1702020463000)/",66000,400,5064600,332371000000,2500,true,3.94
"MSN",142709,"/Date(1702020463000)/",66000,300,5064200,332345000000,2500,true,3.94
"MSN",142709,"/Date(1702020463000)/",66000,100,5063900,332325000000,2500,true,3.94
"MSN",142709,"/Date(1702020463000)/",66000,2000,5063800,332319000000,2500,true,3.94
"MSN",142709,"/Date(1702020463000)/",66000,1000,5061800,332187000000,2500,true,3.94
"MSN",142709,"/Date(1702020463000)/",66000,300,5060800,332121000000,2500,true,3.94
"MSN",142709,"/Date(1702020463000)/",66000,100,5060500,332101000000,2500,true,3.94
"MSN",142709,"/Date(1702020463000)/",66000,300,5060400,332094000000,2500,true,3.94
"MSN",142709,"/Date(1702020463000)/",66000,500,5060100,332074000000,2500,true,3.94
"MSN",142709,"/Date(1702020463000)/",66000,1000,5059600,332041000000,2500,true,3.94
"MSN",142706,"/Date(1702020462000)/",66000,700,5058600,331975000000,2500,false,3.94
"MSN",142706,"/Date(1702020460000)/",66000,200,5057900,331929000000,2500,false,3.94
"MSN",142706,"/Date(1702020460000)/",66000,2800,5057700,331916000000,2500,false,3.94
"MSN",142702,"/Date(1702020459000)/",66000,1000,5054900,331731000000,2500,false,3.94
"MSN",142702,"/Date(1702020459000)/",66000,100,5053900,331665000000,2500,false,3.94
"MSN",142702,"/Date(1702020458000)/",66000,1000,5053800,331659000000,2500,false,3.94
"MSN",142702,"/Date(1702020457000)/",66000,1500,5052800,331593000000,2500,false,3.94
"MSN",142659,"/Date(1702020455000)/",66000,5000,5051300,331494000000,2500,false,3.94
"MSN",142656,"/Date(1702020453000)/",66000,300,5046300,331164000000,2500,false,3.94
"MSN",142656,"/Date(1702020453000)/",65900,500,5046000,331144000000,2400,true,3.78
"MSN",142656,"/Date(1702020452000)/",66000,500,5045500,331111000000,2500,false,3.94
"MSN",142656,"/Date(1702020451000)/",66000,200,5045000,331078000000,2500,false,3.94
"MSN",142656,"/Date(1702020450000)/",66000,2000,5044800,331065000000,2500,false,3.94
"MSN",142653,"/Date(1702020450000)/",66000,300,5042800,330933000000,2500,false,3.94
"MSN",142653,"/Date(1702020448000)/",66000,800,5042500,330913000000,2500,false,3.94
"MSN",142650,"/Date(1702020446000)/",66000,2000,5041700,330860000000,2500,false,3.94
"MSN",142650,"/Date(1702020444000)/",66000,5000,5039700,330728000000,2500,false,3.94
"MSN",142646,"/Date(1702020442000)/",66000,1000,5034700,330398000000,2500,false,3.94
"MSN",142646,"/Date(1702020442000)/",66000,5000,5033700,330332000000,2500,false,3.94
"MSN",142643,"/Date(1702020438000)/",66000,200,5028700,330002000000,2500,false,3.94
"MSN",142634,"/Date(1702020430000)/",66000,2000,5028500,329989000000,2500,false,3.94
"MSN",142634,"/Date(1702020429000)/",66000,1200,5026500,329857000000,2500,false,3.94
"MSN",142627,"/Date(1702020423000)/",65900,100,5025300,329778000000,2400,true,3.78
"MSN",142627,"/Date(1702020423000)/",65900,1000,5025200,329771000000,2400,true,3.78
"MSN",142627,"/Date(1702020423000)/",66000,3000,5024200,329705000000,2500,false,3.94
"MSN",142624,"/Date(1702020420000)/",66000,300,5021200,329507000000,2500,false,3.94
"MSN",142624,"/Date(1702020419000)/",65900,1000,5020900,329487000000,2400,true,3.78
"MSN",142621,"/Date(1702020416000)/",66000,2400,5019900,329421000000,2500,false,3.94
"MSN",142621,"/Date(1702020416000)/",66000,100,5017500,329263000000,2500,false,3.94
"MSN",142621,"/Date(1702020416000)/",66000,2500,5017400,329256000000,2500,false,3.94
"MSN",142621,"/Date(1702020415000)/",65900,100,5014900,329091000000,2400,true,3.78
"MSN",142614,"/Date(1702020409000)/",65900,700,5014800,329085000000,2400,false,3.78
"MSN",142614,"/Date(1702020409000)/",65900,100,5014100,329039000000,2400,false,3.78
"MSN",142614,"/Date(1702020409000)/",65900,200,5014000,329032000000,2400,false,3.78
"MSN",142614,"/Date(1702020409000)/",65900,200,5013800,329019000000,2400,false,3.78
"MSN",142614,"/Date(1702020409000)/",65900,500,5013600,329006000000,2400,false,3.78
"MSN",142614,"/Date(1702020409000)/",65900,1200,5013100,328973000000,2400,false,3.78
"MSN",142608,"/Date(1702020404000)/",65800,400,5011900,328894000000,2300,true,3.62
"MSN",142605,"/Date(1702020399000)/",65900,1100,5011500,328867000000,2400,false,3.78
"MSN",142605,"/Date(1702020399000)/",65800,100,5010400,328795000000,2300,true,3.62
"MSN",142558,"/Date(1702020395000)/",65900,300,5010300,328788000000,2400,false,3.78
"MSN",142558,"/Date(1702020395000)/",65900,100,5010000,328769000000,2400,false,3.78
"MSN",142558,"/Date(1702020395000)/",65900,1000,5009900,328762000000,2400,false,3.78
"MSN",142558,"/Date(1702020395000)/",65900,600,5008900,328696000000,2400,false,3.78
"MSN",142558,"/Date(1702020393000)/",65800,200,5008300,328657000000,2300,true,3.62
"MSN",142555,"/Date(1702020392000)/",65800,1100,5008100,328643000000,2300,false,3.62
"MSN",142555,"/Date(1702020392000)/",65800,200,5007000,328571000000,2300,false,3.62
"MSN",142555,"/Date(1702020392000)/",65800,500,5006800,328558000000,2300,false,3.62
"MSN",142555,"/Date(1702020392000)/",65800,300,5006300,328525000000,2300,false,3.62
"MSN",142552,"/Date(1702020389000)/",65800,100,5006000,328505000000,2300,false,3.62
"MSN",142549,"/Date(1702020385000)/",65800,500,5005900,328499000000,2300,false,3.62
"MSN",142549,"/Date(1702020383000)/",65700,300,5005400,328466000000,2200,true,3.46
"MSN",142536,"/Date(1702020373000)/",65800,100,5005100,328446000000,2300,true,3.62
"MSN",142536,"/Date(1702020373000)/",65800,100,5005000,328439000000,2300,true,3.62
"MSN",142536,"/Date(1702020373000)/",65800,200,5004900,328433000000,2300,true,3.62
"MSN",142536,"/Date(1702020373000)/",65800,100,5004700,328420000000,2300,true,3.62
"MSN",142536,"/Date(1702020373000)/",65800,2100,5004600,328413000000,2300,true,3.62
"MSN",142536,"/Date(1702020373000)/",65800,200,5002500,328275000000,2300,true,3.62
"MSN",142536,"/Date(1702020372000)/",65900,100,5002300,328262000000,2400,false,3.78
"MSN",142533,"/Date(1702020369000)/",65800,300,5002200,328255000000,2300,true,3.62
"MSN",142526,"/Date(1702020362000)/",65800,300,5001900,328235000000,2300,true,3.62
"MSN",142526,"/Date(1702020362000)/",65800,100,5001600,328216000000,2300,true,3.62
"MSN",142526,"/Date(1702020362000)/",65800,900,5001500,328209000000,2300,true,3.62
"MSN",142526,"/Date(1702020361000)/",65800,100,5000600,328150000000,2300,true,3.62
"MSN",142526,"/Date(1702020361000)/",65800,200,5000500,328143000000,2300,true,3.62
"MSN",142526,"/Date(1702020361000)/",65800,500,5000300,328130000000,2300,true,3.62
"MSN",142526,"/Date(1702020361000)/",65800,200,4999800,328097000000,2300,true,3.62
"MSN",142523,"/Date(1702020359000)/",65900,100,4999600,328084000000,2400,false,3.78
"MSN",142523,"/Date(1702020359000)/",65900,300,4999500,328078000000,2400,false,3.78
"MSN",142517,"/Date(1702020351000)/",65800,300,4999200,328058000000,2300,true,3.62
"MSN",142517,"/Date(1702020351000)/",65800,100,4998900,328038000000,2300,true,3.62
"MSN",142513,"/Date(1702020349000)/",65900,200,4998800,328031000000,2400,false,3.78
"MSN",142510,"/Date(1702020344000)/",65900,100,4998600,328018000000,2400,false,3.78
"MSN",142507,"/Date(1702020344000)/",65800,500,4998500,328012000000,2300,true,3.62
"MSN",142507,"/Date(1702020344000)/",65800,200,4998000,327979000000,2300,true,3.62
"MSN",142507,"/Date(1702020344000)/",65800,100,4997800,327966000000,2300,true,3.62
"MSN",142507,"/Date(1702020344000)/",65800,200,4997700,327959000000,2300,true,3.62
"MSN",142507,"/Date(1702020344000)/",65800,4800,4997500,327946000000,2300,true,3.62
"MSN",142507,"/Date(1702020344000)/",65800,200,4992700,327630000000,2300,true,3.62
"MSN",142504,"/Date(1702020341000)/",65800,200,4992500,327617000000,2300,true,3.62
"MSN",142504,"/Date(1702020340000)/",65900,300,4992300,327604000000,2400,true,3.78
"MSN",142501,"/Date(1702020335000)/",65900,200,4992000,327584000000,2400,true,3.78
"MSN",142454,"/Date(1702020330000)/",65800,600,4991800,327571000000,2300,true,3.62
"MSN",142454,"/Date(1702020330000)/",65900,200,4991200,327531000000,2400,true,3.78
"MSN",142454,"/Date(1702020328000)/",66000,300,4991000,327518000000,2500,false,3.94
"MSN",142448,"/Date(1702020324000)/",65900,300,4990700,327498000000,2400,false,3.78
"MSN",142445,"/Date(1702020321000)/",65800,600,4990400,327479000000,2300,true,3.62
"MSN",142445,"/Date(1702020321000)/",65800,300,4989800,327439000000,2300,true,3.62
"MSN",142435,"/Date(1702020310000)/",65800,400,4989500,327419000000,2300,true,3.62
"MSN",142435,"/Date(1702020310000)/",65800,200,4989100,327393000000,2300,true,3.62
"MSN",142429,"/Date(1702020305000)/",65800,700,4988900,327380000000,2300,true,3.62
"MSN",142429,"/Date(1702020305000)/",65800,100,4988200,327334000000,2300,true,3.62
"MSN",142429,"/Date(1702020305000)/",65800,1000,4988100,327327000000,2300,true,3.62
"MSN",142429,"/Date(1702020305000)/",65800,1000,4987100,327261000000,2300,true,3.62
"MSN",142429,"/Date(1702020305000)/",65900,100,4986100,327196000000,2400,true,3.78
"MSN",142429,"/Date(1702020305000)/",65900,500,4986000,327189000000,2400,true,3.78
"MSN",142429,"/Date(1702020305000)/",65900,200,4985500,327156000000,2400,true,3.78
"MSN",142429,"/Date(1702020305000)/",65900,100,4985300,327143000000,2400,true,3.78
"MSN",142429,"/Date(1702020305000)/",65900,200,4985200,327136000000,2400,true,3.78
"MSN",142429,"/Date(1702020305000)/",65900,1000,4985000,327123000000,2400,true,3.78
"MSN",142429,"/Date(1702020305000)/",65900,100,4984000,327057000000,2400,true,3.78
"MSN",142429,"/Date(1702020305000)/",65900,1000,4983900,327051000000,2400,true,3.78
"MSN",142429,"/Date(1702020305000)/",65900,1000,4982900,326985000000,2400,true,3.78
"MSN",142429,"/Date(1702020303000)/",66000,200,4981900,326919000000,2500,false,3.94
"MSN",142422,"/Date(1702020299000)/",65900,800,4981700,326906000000,2400,true,3.78
"MSN",142422,"/Date(1702020299000)/",65900,300,4980900,326853000000,2400,true,3.78
"MSN",142422,"/Date(1702020298000)/",65900,1100,4980600,326833000000,2400,true,3.78
"MSN",142422,"/Date(1702020298000)/",66000,400,4979500,326761000000,2500,false,3.94
"MSN",142419,"/Date(1702020294000)/",65900,1100,4979100,326734000000,2400,true,3.78
"MSN",142419,"/Date(1702020294000)/",66000,100,4978000,326662000000,2500,true,3.94
"MSN",142419,"/Date(1702020294000)/",66000,100,4977900,326655000000,2500,true,3.94
"MSN",142419,"/Date(1702020294000)/",66000,200,4977800,326649000000,2500,true,3.94
"MSN",142419,"/Date(1702020294000)/",66000,200,4977600,326635000000,2500,true,3.94
"MSN",142419,"/Date(1702020294000)/",66000,400,4977400,326622000000,2500,true,3.94
"MSN",142419,"/Date(1702020294000)/",66000,600,4977000,326596000000,2500,true,3.94
"MSN",142419,"/Date(1702020293000)/",66000,400,4976400,326556000000,2500,true,3.94
"MSN",142419,"/Date(1702020293000)/",66000,100,4976000,326530000000,2500,true,3.94
"MSN",142419,"/Date(1702020293000)/",66000,2900,4975900,326523000000,2500,true,3.94
"MSN",142419,"/Date(1702020293000)/",66000,500,4973000,326332000000,2500,true,3.94
"MSN",142419,"/Date(1702020293000)/",66000,100,4972500,326299000000,2500,true,3.94
"MSN",142419,"/Date(1702020293000)/",66000,100,4972400,326292000000,2500,true,3.94
"MSN",142419,"/Date(1702020293000)/",66000,1000,4972300,326286000000,2500,true,3.94
"MSN",142419,"/Date(1702020293000)/",66000,300,4971300,326220000000,2500,true,3.94
"MSN",142419,"/Date(1702020293000)/",66000,1000,4971000,326200000000,2500,true,3.94
"MSN",142419,"/Date(1702020293000)/",66000,200,4970000,326134000000,2500,true,3.94
"MSN",142419,"/Date(1702020293000)/",66000,500,4969800,326121000000,2500,true,3.94
"MSN",142419,"/Date(1702020293000)/",66000,100,4969300,326088000000,2500,true,3.94
"MSN",142419,"/Date(1702020293000)/",66000,500,4969200,326081000000,2500,true,3.94
"MSN",142419,"/Date(1702020293000)/",66000,200,4968700,326048000000,2500,true,3.94
"MSN",142419,"/Date(1702020293000)/",66000,400,4968500,326035000000,2500,true,3.94
"MSN",142419,"/Date(1702020293000)/",66000,1000,4968100,326008000000,2500,true,3.94
"MSN",142419,"/Date(1702020293000)/",66000,100,4967100,325942000000,2500,true,3.94
"MSN",142419,"/Date(1702020293000)/",66000,100,4967000,325936000000,2500,true,3.94
"MSN",142419,"/Date(1702020293000)/",66000,200,4966900,325929000000,2500,true,3.94
"MSN",142419,"/Date(1702020293000)/",66000,100,4966700,325916000000,2500,true,3.94
"MSN",142419,"/Date(1702020293000)/",66000,200,4966600,325909000000,2500,true,3.94
"MSN",142412,"/Date(1702020289000)/",66000,100,4966400,325896000000,2500,true,3.94
"MSN",142412,"/Date(1702020289000)/",66000,200,4966300,325890000000,2500,true,3.94
"MSN",142403,"/Date(1702020279000)/",66100,500,4966100,325876000000,2600,false,4.09
"MSN",142403,"/Date(1702020279000)/",66000,500,4965600,325843000000,2500,true,3.94
"MSN",142403,"/Date(1702020279000)/",66000,6500,4965100,325810000000,2500,true,3.94
"MSN",142403,"/Date(1702020278000)/",66000,300,4958600,325381000000,2500,true,3.94
"MSN",142400,"/Date(1702020274000)/",66000,300,4958300,325361000000,2500,true,3.94
"MSN",142400,"/Date(1702020273000)/",66100,300,4958000,325342000000,2600,false,4.09
"MSN",142356,"/Date(1702020270000)/",66100,100,4957700,325322000000,2600,false,4.09
"MSN",142353,"/Date(1702020270000)/",66000,7900,4957600,325315000000,2500,true,3.94
"MSN",142353,"/Date(1702020270000)/",66000,300,4949700,324794000000,2500,true,3.94
"MSN",142353,"/Date(1702020270000)/",66000,1000,4949400,324774000000,2500,true,3.94
"MSN",142353,"/Date(1702020270000)/",66000,500,4948400,324708000000,2500,true,3.94
"MSN",142353,"/Date(1702020270000)/",66000,300,4947900,324675000000,2500,true,3.94
"MSN",142353,"/Date(1702020269000)/",66100,400,4947600,324655000000,2600,true,4.09
"MSN",142353,"/Date(1702020269000)/",66100,100,4947200,324629000000,2600,true,4.09
"MSN",142353,"/Date(1702020269000)/",66100,900,4947100,324622000000,2600,true,4.09
"MSN",142353,"/Date(1702020268000)/",66100,800,4946200,324563000000,2600,true,4.09
"MSN",142353,"/Date(1702020268000)/",66100,200,4945400,324510000000,2600,true,4.09
"MSN",142347,"/Date(1702020263000)/",66100,2200,4945200,324497000000,2600,false,4.09
"MSN",142347,"/Date(1702020263000)/",66100,100,4943000,324351000000,2600,false,4.09
"MSN",142347,"/Date(1702020262000)/",66100,1000,4942900,324345000000,2600,false,4.09
"MSN",142347,"/Date(1702020262000)/",66100,400,4941900,324278000000,2600,false,4.09
"MSN",142344,"/Date(1702020259000)/",66000,2700,4941500,324252000000,2500,true,3.94
"MSN",142344,"/Date(1702020259000)/",66000,600,4938800,324074000000,2500,true,3.94
"MSN",142344,"/Date(1702020259000)/",66000,400,4938200,324034000000,2500,true,3.94
"MSN",142344,"/Date(1702020259000)/",66000,200,4937800,324008000000,2500,true,3.94
"MSN",142344,"/Date(1702020259000)/",66000,1000,4937600,323995000000,2500,true,3.94
"MSN",142344,"/Date(1702020259000)/",66000,5100,4936600,323929000000,2500,true,3.94
"MSN",142344,"/Date(1702020259000)/",66000,200,4931500,323592000000,2500,true,3.94
"MSN",142344,"/Date(1702020259000)/",66000,2000,4931300,323579000000,2500,true,3.94
"MSN",142344,"/Date(1702020259000)/",66000,700,4929300,323447000000,2500,true,3.94
"MSN",142344,"/Date(1702020257000)/",66000,300,4928600,323401000000,2500,true,3.94
"MSN",142340,"/Date(1702020255000)/",66100,100,4928300,323381000000,2600,false,4.09
"MSN",142331,"/Date(1702020247000)/",66100,200,4928200,323374000000,2600,true,4.09
"MSN",142331,"/Date(1702020246000)/",66300,100,4928000,323361000000,2800,false,4.41
"MSN",142321,"/Date(1702020237000)/",66100,400,4927900,323354000000,2600,false,4.09
"MSN",142321,"/Date(1702020237000)/",66200,400,4927500,323328000000,2700,true,4.25
"MSN",142321,"/Date(1702020237000)/",66200,100,4927100,323301000000,2700,true,4.25
"MSN",142321,"/Date(1702020237000)/",66200,300,4927000,323295000000,2700,true,4.25
"MSN",142318,"/Date(1702020234000)/",66300,300,4926700,323275000000,2800,false,4.41
"MSN",142315,"/Date(1702020230000)/",66300,900,4926400,323255000000,2800,false,4.41
"MSN",142315,"/Date(1702020230000)/",66200,500,4925500,323195000000,2700,false,4.25
"MSN",142315,"/Date(1702020230000)/",66200,100,4925000,323162000000,2700,false,4.25
"MSN",142315,"/Date(1702020230000)/",66200,300,4924900,323156000000,2700,false,4.25
"MSN",142315,"/Date(1702020230000)/",66100,1200,4924600,323136000000,2600,false,4.09
"MSN",142315,"/Date(1702020229000)/",66100,300,4923400,323057000000,2600,false,4.09
"MSN",142315,"/Date(1702020229000)/",66100,100,4923100,323037000000,2600,false,4.09
"MSN",142315,"/Date(1702020229000)/",66100,1000,4923000,323030000000,2600,false,4.09
"MSN",142315,"/Date(1702020229000)/",66100,100,4922000,322964000000,2600,false,4.09
"MSN",142315,"/Date(1702020229000)/",66100,100,4921900,322957000000,2600,false,4.09
"MSN",142315,"/Date(1702020229000)/",66100,200,4921800,322951000000,2600,false,4.09
"MSN",142315,"/Date(1702020229000)/",66100,1000,4921600,322938000000,2600,false,4.09
"MSN",142315,"/Date(1702020229000)/",66100,200,4920600,322871000000,2600,false,4.09
"MSN",142315,"/Date(1702020229000)/",66100,1800,4920400,322858000000,2600,false,4.09
"MSN",142312,"/Date(1702020227000)/",66100,200,4918600,322739000000,2600,true,4.09
"MSN",142308,"/Date(1702020225000)/",66200,200,4918400,322726000000,2700,false,4.25
"MSN",142308,"/Date(1702020225000)/",66200,800,4918200,322713000000,2700,false,4.25
"MSN",142302,"/Date(1702020216000)/",66200,200,4917400,322660000000,2700,false,4.25
"MSN",142302,"/Date(1702020216000)/",66100,300,4917200,322647000000,2600,true,4.09
"MSN",142252,"/Date(1702020207000)/",66100,100,4916900,322627000000,2600,true,4.09
"MSN",142252,"/Date(1702020206000)/",66100,600,4916800,322620000000,2600,true,4.09
"MSN",142252,"/Date(1702020206000)/",66200,200,4916200,322580000000,2700,true,4.25
"MSN",142249,"/Date(1702020206000)/",66200,100,4916000,322567000000,2700,true,4.25
"MSN",142249,"/Date(1702020205000)/",66200,200,4915900,322561000000,2700,true,4.25
"MSN",142249,"/Date(1702020203000)/",66200,100,4915700,322547000000,2700,true,4.25
"MSN",142249,"/Date(1702020203000)/",66200,100,4915600,322541000000,2700,true,4.25
"MSN",142243,"/Date(1702020198000)/",66200,100,4915500,322534000000,2700,true,4.25
"MSN",142240,"/Date(1702020196000)/",66200,100,4915400,322528000000,2700,true,4.25
"MSN",142240,"/Date(1702020195000)/",66200,200,4915300,322521000000,2700,true,4.25
"MSN",142240,"/Date(1702020193000)/",66300,200,4915100,322508000000,2800,false,4.41
"MSN",142236,"/Date(1702020192000)/",66200,100,4914900,322494000000,2700,true,4.25
"MSN",142236,"/Date(1702020192000)/",66200,1000,4914800,322488000000,2700,true,4.25
"MSN",142236,"/Date(1702020192000)/",66200,900,4913800,322422000000,2700,true,4.25
"MSN",142230,"/Date(1702020185000)/",66200,100,4912900,322362000000,2700,true,4.25
"MSN",142230,"/Date(1702020185000)/",66200,100,4912800,322355000000,2700,true,4.25
"MSN",142223,"/Date(1702020180000)/",66200,700,4912700,322349000000,2700,true,4.25
"MSN",142223,"/Date(1702020180000)/",66200,1000,4912000,322302000000,2700,true,4.25
"MSN",142223,"/Date(1702020180000)/",66200,100,4911000,322236000000,2700,true,4.25
"MSN",142223,"/Date(1702020180000)/",66200,200,4910900,322230000000,2700,true,4.25
"MSN",142223,"/Date(1702020180000)/",66200,2000,4910700,322216000000,2700,true,4.25
"MSN",142220,"/Date(1702020175000)/",66200,800,4908700,322084000000,2700,true,4.25
"MSN",142220,"/Date(1702020175000)/",66300,400,4907900,322031000000,2800,false,4.41
"MSN",142220,"/Date(1702020174000)/",66200,200,4907500,322004000000,2700,true,4.25
"MSN",142214,"/Date(1702020169000)/",66200,5000,4907300,321991000000,2700,true,4.25
"MSN",142214,"/Date(1702020169000)/",66200,100,4902300,321660000000,2700,true,4.25
"MSN",142214,"/Date(1702020169000)/",66200,400,4902200,321654000000,2700,true,4.25
"MSN",142214,"/Date(1702020169000)/",66200,100,4901800,321627000000,2700,true,4.25
"MSN",142214,"/Date(1702020169000)/",66200,400,4901700,321621000000,2700,true,4.25
"MSN",142211,"/Date(1702020164000)/",66200,100,4901300,321594000000,2700,true,4.25
"MSN",142211,"/Date(1702020164000)/",66200,100,4901200,321587000000,2700,true,4.25
"MSN",142207,"/Date(1702020163000)/",66300,1000,4901100,321581000000,2800,true,4.41
"MSN",142207,"/Date(1702020163000)/",66300,100,4900100,321514000000,2800,true,4.41
"MSN",142207,"/Date(1702020163000)/",66300,1000,4900000,321508000000,2800,true,4.41
"MSN",142207,"/Date(1702020163000)/",66300,500,4899000,321442000000,2800,true,4.41
"MSN",142207,"/Date(1702020163000)/",66300,1000,4898500,321408000000,2800,true,4.41
"MSN",142207,"/Date(1702020163000)/",66300,1000,4897500,321342000000,2800,true,4.41
"MSN",142207,"/Date(1702020163000)/",66300,100,4896500,321276000000,2800,true,4.41
"MSN",142207,"/Date(1702020163000)/",66300,100,4896400,321269000000,2800,true,4.41
"MSN",142207,"/Date(1702020163000)/",66300,300,4896300,321263000000,2800,true,4.41
"MSN",142207,"/Date(1702020163000)/",66300,200,4896000,321243000000,2800,true,4.41
"MSN",142207,"/Date(1702020163000)/",66300,500,4895800,321229000000,2800,true,4.41
"MSN",142207,"/Date(1702020163000)/",66300,700,4895300,321196000000,2800,true,4.41
"MSN",142207,"/Date(1702020163000)/",66300,300,4894600,321150000000,2800,true,4.41
"MSN",142207,"/Date(1702020162000)/",66300,100,4894300,321130000000,2800,true,4.41
"MSN",142207,"/Date(1702020162000)/",66300,100,4894200,321123000000,2800,true,4.41
"MSN",142207,"/Date(1702020162000)/",66300,900,4894100,321117000000,2800,true,4.41
"MSN",142207,"/Date(1702020162000)/",66300,1200,4893200,321057000000,2800,true,4.41
"MSN",142204,"/Date(1702020160000)/",66300,1200,4892000,320977000000,2800,true,4.41
"MSN",142204,"/Date(1702020159000)/",66400,1100,4890800,320898000000,2900,true,4.57
"MSN",142158,"/Date(1702020154000)/",66400,100,4889700,320825000000,2900,true,4.57
"MSN",142158,"/Date(1702020154000)/",66400,100,4889600,320818000000,2900,true,4.57
"MSN",142158,"/Date(1702020152000)/",66400,100,4889500,320812000000,2900,true,4.57
"MSN",142151,"/Date(1702020145000)/",66300,500,4889400,320805000000,2800,true,4.41
"MSN",142151,"/Date(1702020145000)/",66400,300,4888900,320772000000,2900,true,4.57
"MSN",142148,"/Date(1702020145000)/",66400,100,4888600,320752000000,2900,true,4.57
"MSN",142148,"/Date(1702020145000)/",66400,1800,4888500,320745000000,2900,true,4.57
"MSN",142148,"/Date(1702020145000)/",66400,300,4886700,320626000000,2900,true,4.57
"MSN",142148,"/Date(1702020144000)/",66400,200,4886400,320606000000,2900,true,4.57
"MSN",142139,"/Date(1702020133000)/",66400,300,4886200,320593000000,2900,true,4.57
"MSN",142135,"/Date(1702020131000)/",66400,2200,4885900,320573000000,2900,true,4.57
"MSN",142135,"/Date(1702020129000)/",66500,100,4883700,320427000000,3000,false,4.72
"MSN",142135,"/Date(1702020129000)/",66300,200,4883600,320420000000,2800,true,4.41
"MSN",142135,"/Date(1702020129000)/",66400,200,4883400,320407000000,2900,true,4.57
"MSN",142135,"/Date(1702020129000)/",66400,100,4883200,320393000000,2900,true,4.57
"MSN",142132,"/Date(1702020128000)/",66300,2900,4883100,320387000000,2800,true,4.41
"MSN",142132,"/Date(1702020128000)/",66300,400,4880200,320194000000,2800,true,4.41
"MSN",142132,"/Date(1702020128000)/",66300,100,4879800,320168000000,2800,true,4.41
"MSN",142132,"/Date(1702020128000)/",66300,500,4879700,320161000000,2800,true,4.41
"MSN",142132,"/Date(1702020128000)/",66300,500,4879200,320128000000,2800,true,4.41
"MSN",142132,"/Date(1702020128000)/",66300,100,4878700,320095000000,2800,true,4.41
"MSN",142132,"/Date(1702020128000)/",66300,300,4878600,320088000000,2800,true,4.41
"MSN",142132,"/Date(1702020128000)/",66400,200,4878300,320068000000,2900,true,4.57
"MSN",142132,"/Date(1702020128000)/",66400,300,4878100,320055000000,2900,true,4.57
"MSN",142129,"/Date(1702020123000)/",66400,400,4877800,320035000000,2900,true,4.57
"MSN",142129,"/Date(1702020123000)/",66400,300,4877400,320009000000,2900,true,4.57
"MSN",142129,"/Date(1702020123000)/",66400,100,4877100,319989000000,2900,true,4.57
"MSN",142129,"/Date(1702020123000)/",66400,300,4877000,319982000000,2900,true,4.57
"MSN",142129,"/Date(1702020123000)/",66400,500,4876700,319962000000,2900,true,4.57
"MSN",142129,"/Date(1702020123000)/",66400,200,4876200,319929000000,2900,true,4.57
"MSN",142129,"/Date(1702020123000)/",66400,400,4876000,319916000000,2900,true,4.57
"MSN",142129,"/Date(1702020123000)/",66400,300,4875600,319889000000,2900,true,4.57
"MSN",142129,"/Date(1702020123000)/",66400,600,4875300,319869000000,2900,true,4.57
"MSN",142129,"/Date(1702020123000)/",66400,200,4874700,319829000000,2900,true,4.57
"MSN",142129,"/Date(1702020123000)/",66400,100,4874500,319816000000,2900,true,4.57
"MSN",142129,"/Date(1702020123000)/",66400,100,4874400,319809000000,2900,true,4.57
"MSN",142129,"/Date(1702020123000)/",66400,1900,4874300,319803000000,2900,true,4.57
"MSN",142126,"/Date(1702020122000)/",66400,200,4872400,319677000000,2900,true,4.57
"MSN",142126,"/Date(1702020121000)/",66400,200,4872200,319663000000,2900,true,4.57
"MSN",142119,"/Date(1702020115000)/",66500,200,4872000,319650000000,3000,false,4.72
"MSN",142119,"/Date(1702020114000)/",66400,800,4871800,319637000000,2900,true,4.57
"MSN",142119,"/Date(1702020113000)/",66400,200,4871000,319584000000,2900,true,4.57
"MSN",142116,"/Date(1702020112000)/",66400,300,4870800,319570000000,2900,true,4.57
"MSN",142107,"/Date(1702020101000)/",66400,200,4870500,319551000000,2900,true,4.57
"MSN",142103,"/Date(1702020098000)/",66500,100,4870300,319537000000,3000,true,4.72
"MSN",142057,"/Date(1702020093000)/",66500,3000,4870200,319531000000,3000,false,4.72
"MSN",142057,"/Date(1702020093000)/",66500,500,4867200,319331000000,3000,false,4.72
"MSN",142057,"/Date(1702020093000)/",66500,500,4866700,319298000000,3000,false,4.72
"MSN",142057,"/Date(1702020093000)/",66500,500,4866200,319265000000,3000,false,4.72
"MSN",142057,"/Date(1702020093000)/",66500,200,4865700,319231000000,3000,false,4.72
"MSN",142057,"/Date(1702020093000)/",66500,100,4865500,319218000000,3000,false,4.72
"MSN",142057,"/Date(1702020093000)/",66500,2100,4865400,319211000000,3000,false,4.72
"MSN",142057,"/Date(1702020092000)/",66400,200,4863300,319072000000,2900,true,4.57
"MSN",142057,"/Date(1702020091000)/",66500,200,4863100,319058000000,3000,false,4.72
"MSN",142057,"/Date(1702020090000)/",66400,300,4862900,319045000000,2900,true,4.57
"MSN",142051,"/Date(1702020085000)/",66500,500,4862600,319025000000,3000,false,4.72
"MSN",142047,"/Date(1702020082000)/",66400,700,4862100,318992000000,2900,true,4.57
"MSN",142047,"/Date(1702020082000)/",66400,100,4861400,318945000000,2900,true,4.57
"MSN",142044,"/Date(1702020079000)/",66400,300,4861300,318939000000,2900,true,4.57
"MSN",142041,"/Date(1702020075000)/",66400,400,4861000,318919000000,2900,true,4.57
"MSN",142041,"/Date(1702020075000)/",66400,300,4860600,318892000000,2900,true,4.57
"MSN",142041,"/Date(1702020075000)/",66400,100,4860300,318872000000,2900,true,4.57
"MSN",142041,"/Date(1702020075000)/",66400,500,4860200,318866000000,2900,true,4.57
"MSN",142041,"/Date(1702020075000)/",66400,2000,4859700,318833000000,2900,true,4.57
"MSN",142041,"/Date(1702020075000)/",66400,100,4857700,318700000000,2900,true,4.57
"MSN",142041,"/Date(1702020075000)/",66400,1500,4857600,318693000000,2900,true,4.57
"MSN",142041,"/Date(1702020075000)/",66400,100,4856100,318594000000,2900,true,4.57
"MSN",142035,"/Date(1702020068000)/",66400,200,4856000,318587000000,2900,true,4.57
"MSN",142022,"/Date(1702020057000)/",66400,200,4855800,318574000000,2900,true,4.57
"MSN",142022,"/Date(1702020057000)/",66400,100,4855600,318560000000,2900,true,4.57
"MSN",142018,"/Date(1702020055000)/",66400,1000,4855500,318554000000,2900,true,4.57
"MSN",142015,"/Date(1702020051000)/",66400,800,4854500,318487000000,2900,true,4.57
"MSN",142012,"/Date(1702020048000)/",66500,2200,4853700,318434000000,3000,false,4.72
"MSN",142012,"/Date(1702020048000)/",66500,200,4851500,318288000000,3000,false,4.72
"MSN",142012,"/Date(1702020048000)/",66500,300,4851300,318275000000,3000,false,4.72
"MSN",142012,"/Date(1702020048000)/",66500,500,4851000,318255000000,3000,false,4.72
"MSN",142012,"/Date(1702020048000)/",66500,1000,4850500,318221000000,3000,false,4.72
"MSN",142012,"/Date(1702020048000)/",66500,200,4849500,318155000000,3000,false,4.72
"MSN",142012,"/Date(1702020047000)/",66400,200,4849300,318142000000,2900,true,4.57
"MSN",142003,"/Date(1702020036000)/",66400,300,4849100,318128000000,2900,true,4.57
"MSN",141950,"/Date(1702020025000)/",66400,300,4848800,318108000000,2900,true,4.57
"MSN",141950,"/Date(1702020024000)/",66400,100,4848500,318088000000,2900,true,4.57
"MSN",141947,"/Date(1702020021000)/",66400,700,4848400,318082000000,2900,true,4.57
"MSN",141940,"/Date(1702020014000)/",66400,300,4847700,318035000000,2900,true,4.57
"MSN",141931,"/Date(1702020004000)/",66400,200,4847400,318015000000,2900,true,4.57
"MSN",141918,"/Date(1702019993000)/",66400,300,4847200,318002000000,2900,true,4.57
"MSN",141915,"/Date(1702019990000)/",66400,700,4846900,317982000000,2900,true,4.57
"MSN",141911,"/Date(1702019986000)/",66500,1300,4846200,317936000000,3000,false,4.72
"MSN",141908,"/Date(1702019983000)/",66400,300,4844900,317849000000,2900,true,4.57
"MSN",141859,"/Date(1702019972000)/",66400,100,4844600,317829000000,2900,true,4.57
"MSN",141859,"/Date(1702019972000)/",66400,100,4844500,317823000000,2900,true,4.57
"MSN",141849,"/Date(1702019964000)/",66500,400,4844400,317816000000,3000,false,4.72
"MSN",141849,"/Date(1702019964000)/",66500,400,4844000,317790000000,3000,false,4.72
"MSN",141849,"/Date(1702019964000)/",66500,700,4843600,317763000000,3000,false,4.72
"MSN",141846,"/Date(1702019961000)/",66500,300,4842900,317716000000,3000,true,4.72
"MSN",141843,"/Date(1702019958000)/",66500,500,4842600,317696000000,3000,true,4.72
"MSN",141843,"/Date(1702019958000)/",66500,200,4842100,317663000000,3000,true,4.72
"MSN",141843,"/Date(1702019958000)/",66500,200,4841900,317650000000,3000,true,4.72
"MSN",141843,"/Date(1702019958000)/",66500,100,4841700,317637000000,3000,true,4.72
"MSN",141836,"/Date(1702019951000)/",66500,200,4841600,317630000000,3000,true,4.72
"MSN",141827,"/Date(1702019941000)/",66500,200,4841400,317617000000,3000,true,4.72
"MSN",141823,"/Date(1702019939000)/",66500,100,4841200,317603000000,3000,true,4.72
"MSN",141820,"/Date(1702019936000)/",66500,200,4841100,317597000000,3000,true,4.72
"MSN",141817,"/Date(1702019930000)/",66500,200,4840900,317583000000,3000,true,4.72
"MSN",141813,"/Date(1702019930000)/",66500,300,4840700,317570000000,3000,true,4.72
"MSN",141813,"/Date(1702019928000)/",66500,700,4840400,317550000000,3000,true,4.72
"MSN",141804,"/Date(1702019919000)/",66500,200,4839700,317504000000,3000,true,4.72
"MSN",141801,"/Date(1702019916000)/",66600,100,4839500,317490000000,3100,true,4.88
"MSN",141801,"/Date(1702019916000)/",66600,100,4839400,317484000000,3100,true,4.88
"MSN",141754,"/Date(1702019909000)/",66600,200,4839300,317477000000,3100,true,4.88
"MSN",141754,"/Date(1702019908000)/",66600,100,4839100,317464000000,3100,true,4.88
"MSN",141751,"/Date(1702019906000)/",66600,100,4839000,317457000000,3100,true,4.88
"MSN",141748,"/Date(1702019902000)/",66600,1000,4838900,317450000000,3100,true,4.88
"MSN",141745,"/Date(1702019901000)/",66600,1000,4837900,317384000000,3100,true,4.88
"MSN",141745,"/Date(1702019898000)/",66600,300,4836900,317317000000,3100,true,4.88
"MSN",141742,"/Date(1702019897000)/",66600,600,4836600,317297000000,3100,true,4.88
"MSN",141742,"/Date(1702019897000)/",66600,100,4836000,317257000000,3100,true,4.88
"MSN",141738,"/Date(1702019893000)/",66600,200,4835900,317251000000,3100,true,4.88
"MSN",141738,"/Date(1702019893000)/",66600,100,4835700,317237000000,3100,true,4.88
"MSN",141735,"/Date(1702019891000)/",66600,800,4835600,317231000000,3100,true,4.88
"MSN",141732,"/Date(1702019887000)/",66600,300,4834800,317177000000,3100,true,4.88
"MSN",141732,"/Date(1702019885000)/",66600,100,4834500,317157000000,3100,true,4.88
"MSN",141726,"/Date(1702019881000)/",66600,500,4834400,317151000000,3100,true,4.88
"MSN",141722,"/Date(1702019878000)/",66600,100,4833900,317117000000,3100,true,4.88
"MSN",141722,"/Date(1702019877000)/",66600,300,4833800,317111000000,3100,true,4.88
"MSN",141713,"/Date(1702019868000)/",66600,200,4833500,317091000000,3100,true,4.88
"MSN",141713,"/Date(1702019866000)/",66600,300,4833300,317077000000,3100,true,4.88
"MSN",141710,"/Date(1702019866000)/",66600,1100,4833000,317057000000,3100,false,4.88
"MSN",141710,"/Date(1702019866000)/",66600,200,4831900,316984000000,3100,false,4.88
"MSN",141710,"/Date(1702019866000)/",66600,200,4831700,316971000000,3100,false,4.88
"MSN",141710,"/Date(1702019866000)/",66600,1000,4831500,316957000000,3100,false,4.88
"MSN",141710,"/Date(1702019866000)/",66600,300,4830500,316891000000,3100,false,4.88
"MSN",141710,"/Date(1702019866000)/",66600,100,4830200,316871000000,3100,false,4.88
"MSN",141710,"/Date(1702019866000)/",66600,100,4830100,316864000000,3100,false,4.88
"MSN",141710,"/Date(1702019866000)/",66600,100,4830000,316858000000,3100,false,4.88
"MSN",141710,"/Date(1702019866000)/",66600,500,4829900,316851000000,3100,false,4.88
"MSN",141710,"/Date(1702019866000)/",66600,1700,4829400,316818000000,3100,false,4.88
"MSN",141710,"/Date(1702019866000)/",66500,100,4827700,316704000000,3000,true,4.72
"MSN",141710,"/Date(1702019866000)/",66500,300,4827600,316698000000,3000,true,4.72
"MSN",141710,"/Date(1702019866000)/",66500,300,4827300,316678000000,3000,true,4.72
"MSN",141700,"/Date(1702019855000)/",66500,300,4827000,316658000000,3000,true,4.72
"MSN",141654,"/Date(1702019848000)/",66500,200,4826700,316638000000,3000,true,4.72
"MSN",141650,"/Date(1702019845000)/",66500,200,4826500,316625000000,3000,true,4.72
"MSN",141650,"/Date(1702019845000)/",66500,100,4826300,316611000000,3000,true,4.72
"MSN",141644,"/Date(1702019839000)/",66600,400,4826200,316605000000,3100,false,4.88
"MSN",141641,"/Date(1702019835000)/",66600,200,4825800,316578000000,3100,false,4.88
"MSN",141641,"/Date(1702019835000)/",66500,700,4825600,316565000000,3000,true,4.72
"MSN",141641,"/Date(1702019834000)/",66500,200,4824900,316518000000,3000,true,4.72
"MSN",141641,"/Date(1702019834000)/",66500,100,4824700,316505000000,3000,true,4.72
"MSN",141638,"/Date(1702019832000)/",66600,500,4824600,316498000000,3100,false,4.88
"MSN",141628,"/Date(1702019824000)/",66500,200,4824100,316465000000,3000,true,4.72
"MSN",141628,"/Date(1702019823000)/",66500,500,4823900,316452000000,3000,true,4.72
"MSN",141618,"/Date(1702019813000)/",66500,100,4823400,316418000000,3000,true,4.72
"MSN",141618,"/Date(1702019813000)/",66500,100,4823300,316412000000,3000,true,4.72
"MSN",141618,"/Date(1702019812000)/",66600,200,4823200,316405000000,3100,false,4.88
"MSN",141618,"/Date(1702019812000)/",66600,100,4823000,316392000000,3100,false,4.88
"MSN",141612,"/Date(1702019808000)/",66500,400,4822900,316385000000,3000,true,4.72
"MSN",141612,"/Date(1702019808000)/",66500,500,4822500,316358000000,3000,true,4.72
"MSN",141612,"/Date(1702019808000)/",66500,200,4822000,316325000000,3000,true,4.72
"MSN",141612,"/Date(1702019808000)/",66600,1000,4821800,316312000000,3100,false,4.88
"MSN",141609,"/Date(1702019803000)/",66500,300,4820800,316245000000,3000,true,4.72
"MSN",141609,"/Date(1702019803000)/",66500,400,4820500,316225000000,3000,true,4.72
"MSN",141609,"/Date(1702019803000)/",66500,200,4820100,316199000000,3000,true,4.72
"MSN",141559,"/Date(1702019793000)/",66500,200,4819900,316185000000,3000,true,4.72
"MSN",141550,"/Date(1702019783000)/",66600,200,4819700,316172000000,3100,false,4.88
"MSN",141546,"/Date(1702019782000)/",66500,200,4819500,316159000000,3000,true,4.72
"MSN",141546,"/Date(1702019782000)/",66500,100,4819300,316146000000,3000,true,4.72
"MSN",141543,"/Date(1702019777000)/",66600,200,4819200,316139000000,3100,false,4.88
"MSN",141537,"/Date(1702019772000)/",66500,400,4819000,316126000000,3000,true,4.72
"MSN",141537,"/Date(1702019772000)/",66500,300,4818600,316099000000,3000,true,4.72
"MSN",141537,"/Date(1702019772000)/",66500,200,4818300,316079000000,3000,true,4.72
"MSN",141534,"/Date(1702019770000)/",66600,200,4818100,316066000000,3100,true,4.88
"MSN",141534,"/Date(1702019770000)/",66600,400,4817900,316052000000,3100,true,4.88
"MSN",141534,"/Date(1702019770000)/",66600,600,4817500,316026000000,3100,true,4.88
"MSN",141534,"/Date(1702019770000)/",66600,400,4816900,315986000000,3100,true,4.88
"MSN",141534,"/Date(1702019770000)/",66600,3900,4816500,315959000000,3100,true,4.88
"MSN",141527,"/Date(1702019761000)/",66600,300,4812600,315699000000,3100,true,4.88
"MSN",141518,"/Date(1702019751000)/",66600,200,4812300,315679000000,3100,true,4.88
"MSN",141511,"/Date(1702019747000)/",66600,4700,4812100,315666000000,3100,true,4.88
"MSN",141511,"/Date(1702019747000)/",66600,300,4807400,315353000000,3100,true,4.88
"MSN",141511,"/Date(1702019746000)/",66600,100,4807100,315333000000,3100,true,4.88
"MSN",141511,"/Date(1702019746000)/",66600,100,4807000,315326000000,3100,true,4.88
"MSN",141508,"/Date(1702019744000)/",66600,300,4806900,315320000000,3100,true,4.88
"MSN",141508,"/Date(1702019744000)/",66600,300,4806600,315300000000,3100,true,4.88
"MSN",141508,"/Date(1702019744000)/",66600,100,4806300,315280000000,3100,true,4.88
"MSN",141508,"/Date(1702019741000)/",66600,700,4806200,315273000000,3100,true,4.88
"MSN",141455,"/Date(1702019731000)/",66600,200,4805500,315227000000,3100,true,4.88
"MSN",141449,"/Date(1702019723000)/",66600,200,4805300,315213000000,3100,true,4.88
"MSN",141446,"/Date(1702019722000)/",66700,100,4805100,315200000000,3200,false,5.04
"MSN",141446,"/Date(1702019720000)/",66600,300,4805000,315193000000,3100,true,4.88
"MSN",141439,"/Date(1702019715000)/",66600,100,4804700,315173000000,3100,true,4.88
"MSN",141436,"/Date(1702019710000)/",66700,700,4804600,315167000000,3200,false,5.04
"MSN",141436,"/Date(1702019709000)/",66600,700,4803900,315120000000,3100,true,4.88
"MSN",141433,"/Date(1702019709000)/",66600,200,4803200,315073000000,3100,true,4.88
"MSN",141433,"/Date(1702019709000)/",66600,100,4803000,315060000000,3100,true,4.88
"MSN",141430,"/Date(1702019704000)/",66600,1000,4802900,315053000000,3100,true,4.88
"MSN",141423,"/Date(1702019698000)/",66600,300,4801900,314987000000,3100,true,4.88
"MSN",141423,"/Date(1702019697000)/",66700,300,4801600,314967000000,3200,false,5.04
"MSN",141423,"/Date(1702019697000)/",66600,100,4801300,314947000000,3100,true,4.88
"MSN",141414,"/Date(1702019689000)/",66700,200,4801200,314940000000,3200,false,5.04
"MSN",141414,"/Date(1702019687000)/",66600,300,4801000,314927000000,3100,true,4.88
"MSN",141410,"/Date(1702019685000)/",66700,300,4800700,314907000000,3200,false,5.04
"MSN",141407,"/Date(1702019682000)/",66600,100,4800400,314887000000,3100,true,4.88
"MSN",141404,"/Date(1702019679000)/",66600,700,4800300,314880000000,3100,true,4.88
"MSN",141401,"/Date(1702019677000)/",66600,200,4799600,314833000000,3100,true,4.88
"MSN",141358,"/Date(1702019671000)/",66700,2000,4799400,314820000000,3200,false,5.04
"MSN",141354,"/Date(1702019669000)/",66600,200,4797400,314687000000,3100,true,4.88
"MSN",141351,"/Date(1702019666000)/",66600,300,4797200,314673000000,3100,true,4.88
"MSN",141348,"/Date(1702019661000)/",66600,1000,4796900,314653000000,3100,true,4.88
"MSN",141345,"/Date(1702019661000)/",66600,700,4795900,314587000000,3100,false,4.88
"MSN",141345,"/Date(1702019660000)/",66600,400,4795200,314540000000,3100,false,4.88
"MSN",141345,"/Date(1702019658000)/",66500,100,4794800,314514000000,3000,true,4.72
"MSN",141342,"/Date(1702019656000)/",66600,500,4794700,314507000000,3100,false,4.88
"MSN",141342,"/Date(1702019655000)/",66500,300,4794200,314474000000,3000,true,4.72
"MSN",141335,"/Date(1702019649000)/",66600,700,4793900,314454000000,3100,false,4.88
"MSN",141335,"/Date(1702019649000)/",66600,200,4793200,314407000000,3100,false,4.88
"MSN",141332,"/Date(1702019648000)/",66500,700,4793000,314394000000,3000,true,4.72
"MSN",141332,"/Date(1702019645000)/",66500,200,4792300,314347000000,3000,true,4.72
"MSN",141322,"/Date(1702019637000)/",66600,1000,4792100,314334000000,3100,false,4.88
"MSN",141319,"/Date(1702019635000)/",66500,300,4791100,314267000000,3000,true,4.72
"MSN",141316,"/Date(1702019630000)/",66600,1100,4790800,314247000000,3100,true,4.88
"MSN",141316,"/Date(1702019630000)/",66600,400,4789700,314174000000,3100,true,4.88
"MSN",141310,"/Date(1702019624000)/",66500,300,4789300,314147000000,3000,true,4.72
"MSN",141310,"/Date(1702019623000)/",66700,300,4789000,314127000000,3200,false,5.04
"MSN",141310,"/Date(1702019623000)/",66700,300,4788700,314107000000,3200,false,5.04
"MSN",141310,"/Date(1702019623000)/",66600,500,4788400,314087000000,3100,false,4.88
"MSN",141310,"/Date(1702019623000)/",66600,400,4787900,314054000000,3100,false,4.88
"MSN",141310,"/Date(1702019623000)/",66600,100,4787500,314028000000,3100,false,4.88
"MSN",141310,"/Date(1702019623000)/",66600,300,4787400,314021000000,3100,false,4.88
"MSN",141310,"/Date(1702019623000)/",66600,300,4787100,314001000000,3100,false,4.88
"MSN",141310,"/Date(1702019623000)/",66600,200,4786800,313981000000,3100,false,4.88
"MSN",141310,"/Date(1702019623000)/",66600,300,4786600,313968000000,3100,false,4.88
"MSN",141310,"/Date(1702019623000)/",66600,1000,4786300,313948000000,3100,false,4.88
"MSN",141310,"/Date(1702019623000)/",66600,200,4785300,313881000000,3100,false,4.88
"MSN",141310,"/Date(1702019623000)/",66600,600,4785100,313868000000,3100,false,4.88
"MSN",141310,"/Date(1702019623000)/",66600,200,4784500,313828000000,3100,false,4.88
"MSN",141310,"/Date(1702019623000)/",66600,300,4784300,313814000000,3100,false,4.88
"MSN",141303,"/Date(1702019617000)/",66500,700,4784000,313794000000,3000,true,4.72
"MSN",141300,"/Date(1702019613000)/",66500,300,4783300,313748000000,3000,true,4.72
"MSN",141254,"/Date(1702019608000)/",66600,700,4783000,313728000000,3100,false,4.88
"MSN",141254,"/Date(1702019608000)/",66600,300,4782300,313681000000,3100,false,4.88
"MSN",141247,"/Date(1702019602000)/",66500,300,4782000,313661000000,3000,true,4.72
"MSN",141244,"/Date(1702019598000)/",66500,200,4781700,313641000000,3000,true,4.72
"MSN",141244,"/Date(1702019598000)/",66600,200,4781500,313628000000,3100,false,4.88
"MSN",141244,"/Date(1702019598000)/",66600,100,4781300,313615000000,3100,false,4.88
"MSN",141241,"/Date(1702019595000)/",66600,300,4781200,313608000000,3100,false,4.88
"MSN",141238,"/Date(1702019592000)/",66500,200,4780900,313588000000,3000,false,4.72
"MSN",141238,"/Date(1702019592000)/",66500,500,4780700,313575000000,3000,false,4.72
"MSN",141238,"/Date(1702019592000)/",66500,100,4780200,313542000000,3000,false,4.72
"MSN",141238,"/Date(1702019592000)/",66500,100,4780100,313535000000,3000,false,4.72
"MSN",141238,"/Date(1702019592000)/",66500,100,4780000,313528000000,3000,false,4.72
"MSN",141238,"/Date(1702019592000)/",66500,100,4779900,313522000000,3000,false,4.72
"MSN",141238,"/Date(1702019592000)/",66400,200,4779800,313515000000,2900,true,4.57
"MSN",141231,"/Date(1702019587000)/",66500,100,4779600,313502000000,3000,false,4.72
"MSN",141231,"/Date(1702019586000)/",66500,100,4779500,313495000000,3000,false,4.72
"MSN",141231,"/Date(1702019584000)/",66400,700,4779400,313488000000,2900,true,4.57
"MSN",141228,"/Date(1702019584000)/",66500,100,4778700,313442000000,3000,false,4.72
"MSN",141228,"/Date(1702019582000)/",66500,4700,4778600,313435000000,3000,false,4.72
"MSN",141228,"/Date(1702019581000)/",66500,500,4773900,313123000000,3000,false,4.72
"MSN",141228,"/Date(1702019581000)/",66400,100,4773400,313089000000,2900,true,4.57
"MSN",141228,"/Date(1702019581000)/",66400,100,4773300,313083000000,2900,true,4.57
"MSN",141228,"/Date(1702019581000)/",66500,500,4773200,313076000000,3000,false,4.72
"MSN",141228,"/Date(1702019581000)/",66500,200,4772700,313043000000,3000,false,4.72
"MSN",141222,"/Date(1702019576000)/",66500,4000,4772500,313030000000,3000,false,4.72
"MSN",141215,"/Date(1702019571000)/",66400,100,4768500,312764000000,2900,true,4.57
"MSN",141215,"/Date(1702019571000)/",66400,100,4768400,312757000000,2900,true,4.57
"MSN",141215,"/Date(1702019571000)/",66500,2000,4768300,312750000000,3000,false,4.72
"MSN",141212,"/Date(1702019567000)/",66500,1100,4766300,312617000000,3000,false,4.72
"MSN",141209,"/Date(1702019565000)/",66500,500,4765200,312544000000,3000,false,4.72
"MSN",141206,"/Date(1702019561000)/",66500,100,4764700,312511000000,3000,false,4.72
"MSN",141206,"/Date(1702019561000)/",66500,1000,4764600,312504000000,3000,false,4.72
"MSN",141206,"/Date(1702019560000)/",66400,300,4763600,312438000000,2900,true,4.57
"MSN",141206,"/Date(1702019560000)/",66500,2000,4763300,312418000000,3000,false,4.72
"MSN",141159,"/Date(1702019553000)/",66400,100,4761300,312285000000,2900,true,4.57
"MSN",141159,"/Date(1702019553000)/",66400,400,4761200,312278000000,2900,true,4.57
"MSN",141159,"/Date(1702019553000)/",66400,300,4760800,312252000000,2900,true,4.57
"MSN",141156,"/Date(1702019551000)/",66500,100,4760500,312232000000,3000,false,4.72
"MSN",141156,"/Date(1702019551000)/",66500,100,4760400,312225000000,3000,false,4.72
"MSN",141156,"/Date(1702019551000)/",66500,500,4760300,312218000000,3000,false,4.72
"MSN",141156,"/Date(1702019551000)/",66500,100,4759800,312185000000,3000,false,4.72
"MSN",141156,"/Date(1702019551000)/",66500,300,4759700,312179000000,3000,false,4.72
"MSN",141156,"/Date(1702019551000)/",66500,100,4759400,312159000000,3000,false,4.72
"MSN",141156,"/Date(1702019551000)/",66500,100,4759300,312152000000,3000,false,4.72
"MSN",141156,"/Date(1702019551000)/",66500,100,4759200,312145000000,3000,false,4.72
"MSN",141156,"/Date(1702019551000)/",66500,600,4759100,312139000000,3000,false,4.72
"MSN",141156,"/Date(1702019550000)/",66400,200,4758500,312099000000,2900,true,4.57
"MSN",141156,"/Date(1702019550000)/",66400,100,4758300,312085000000,2900,true,4.57
"MSN",141146,"/Date(1702019539000)/",66400,200,4758200,312079000000,2900,true,4.57
"MSN",141140,"/Date(1702019535000)/",66400,100,4758000,312066000000,2900,true,4.57
"MSN",141134,"/Date(1702019528000)/",66400,300,4757900,312059000000,2900,true,4.57
"MSN",141130,"/Date(1702019524000)/",66400,100,4757600,312039000000,2900,true,4.57
"MSN",141127,"/Date(1702019523000)/",66400,500,4757500,312032000000,2900,true,4.57
"MSN",141127,"/Date(1702019523000)/",66400,200,4757000,311999000000,2900,true,4.57
"MSN",141127,"/Date(1702019522000)/",66400,700,4756800,311986000000,2900,true,4.57
"MSN",141124,"/Date(1702019518000)/",66400,100,4756100,311939000000,2900,true,4.57
"MSN",141124,"/Date(1702019518000)/",66400,200,4756000,311933000000,2900,true,4.57
"MSN",141114,"/Date(1702019508000)/",66400,200,4755800,311919000000,2900,true,4.57
"MSN",141105,"/Date(1702019499000)/",66400,300,4755600,311906000000,2900,true,4.57
"MSN",141105,"/Date(1702019497000)/",66400,200,4755300,311886000000,2900,true,4.57
"MSN",141058,"/Date(1702019491000)/",66400,700,4755100,311873000000,2900,true,4.57
"MSN",141055,"/Date(1702019488000)/",66400,200,4754400,311827000000,2900,true,4.57
"MSN",141042,"/Date(1702019477000)/",66400,200,4754200,311813000000,2900,false,4.57
"MSN",141033,"/Date(1702019466000)/",66300,300,4754000,311800000000,2800,true,4.41
"MSN",141026,"/Date(1702019460000)/",66300,200,4753700,311780000000,2800,true,4.41
"MSN",141026,"/Date(1702019460000)/",66300,500,4753500,311767000000,2800,true,4.41
"MSN",141023,"/Date(1702019457000)/",66300,3000,4753000,311734000000,2800,true,4.41
"MSN",141023,"/Date(1702019457000)/",66400,2000,4750000,311535000000,2900,true,4.57
"MSN",141023,"/Date(1702019456000)/",66400,200,4748000,311402000000,2900,true,4.57
"MSN",141020,"/Date(1702019453000)/",66400,100,4747800,311389000000,2900,false,4.57
"MSN",141020,"/Date(1702019453000)/",66400,400,4747700,311382000000,2900,false,4.57
"MSN",141020,"/Date(1702019453000)/",66400,200,4747300,311355000000,2900,false,4.57
"MSN",141020,"/Date(1702019453000)/",66400,1500,4747100,311342000000,2900,false,4.57
"MSN",141020,"/Date(1702019453000)/",66400,100,4745600,311243000000,2900,false,4.57
"MSN",141020,"/Date(1702019453000)/",66400,500,4745500,311236000000,2900,false,4.57
"MSN",141020,"/Date(1702019453000)/",66400,100,4745000,311203000000,2900,false,4.57
"MSN",141020,"/Date(1702019453000)/",66400,100,4744900,311196000000,2900,false,4.57
"MSN",141020,"/Date(1702019453000)/",66400,700,4744800,311189000000,2900,false,4.57
"MSN",141017,"/Date(1702019450000)/",66400,5000,4744100,311143000000,2900,false,4.57
"MSN",141010,"/Date(1702019446000)/",66300,200,4739100,310811000000,2800,true,4.41
"MSN",141010,"/Date(1702019444000)/",66400,1000,4738900,310798000000,2900,false,4.57
"MSN",141010,"/Date(1702019442000)/",66400,1800,4737900,310731000000,2900,false,4.57
"MSN",141007,"/Date(1702019438000)/",66300,200,4736100,310612000000,2800,true,4.41
"MSN",141004,"/Date(1702019437000)/",66300,100,4735900,310599000000,2800,true,4.41
"MSN",141001,"/Date(1702019435000)/",66300,300,4735800,310592000000,2800,true,4.41
"MSN",141001,"/Date(1702019434000)/",66300,100,4735500,310572000000,2800,true,4.41
"MSN",140954,"/Date(1702019429000)/",66300,700,4735400,310565000000,2800,true,4.41
"MSN",140954,"/Date(1702019427000)/",66300,400,4734700,310519000000,2800,true,4.41
"MSN",140954,"/Date(1702019427000)/",66300,100,4734300,310492000000,2800,true,4.41
"MSN",140954,"/Date(1702019427000)/",66300,500,4734200,310486000000,2800,true,4.41
"MSN",140951,"/Date(1702019425000)/",66200,100,4733700,310453000000,2700,true,4.25
"MSN",140951,"/Date(1702019425000)/",66300,200,4733600,310446000000,2800,false,4.41
"MSN",140951,"/Date(1702019424000)/",66300,500,4733400,310433000000,2800,false,4.41
"MSN",140951,"/Date(1702019424000)/",66300,1000,4732900,310400000000,2800,false,4.41
"MSN",140951,"/Date(1702019424000)/",66300,100,4731900,310333000000,2800,false,4.41
"MSN",140951,"/Date(1702019424000)/",66300,100,4731800,310327000000,2800,false,4.41
"MSN",140951,"/Date(1702019424000)/",66300,300,4731700,310320000000,2800,false,4.41
"MSN",140951,"/Date(1702019424000)/",66300,600,4731400,310300000000,2800,false,4.41
"MSN",140951,"/Date(1702019424000)/",66300,100,4730800,310260000000,2800,false,4.41
"MSN",140951,"/Date(1702019424000)/",66300,100,4730700,310254000000,2800,false,4.41
"MSN",140948,"/Date(1702019422000)/",66300,200,4730600,310247000000,2800,false,4.41
"MSN",140948,"/Date(1702019422000)/",66300,700,4730400,310234000000,2800,false,4.41
"MSN",140948,"/Date(1702019421000)/",66200,10000,4729700,310188000000,2700,true,4.25
"MSN",140945,"/Date(1702019420000)/",66300,500,4719700,309526000000,2800,false,4.41
"MSN",140945,"/Date(1702019420000)/",66300,100,4719200,309492000000,2800,false,4.41
"MSN",140945,"/Date(1702019420000)/",66300,1000,4719100,309486000000,2800,false,4.41
"MSN",140945,"/Date(1702019420000)/",66300,400,4718100,309419000000,2800,false,4.41
"MSN",140945,"/Date(1702019418000)/",66300,300,4717700,309393000000,2800,false,4.41
"MSN",140941,"/Date(1702019414000)/",66200,200,4717400,309373000000,2700,true,4.25
"MSN",140938,"/Date(1702019413000)/",66200,2000,4717200,309360000000,2700,true,4.25
"MSN",140935,"/Date(1702019411000)/",66300,2000,4715200,309227000000,2800,false,4.41
"MSN",140935,"/Date(1702019411000)/",66300,500,4713200,309095000000,2800,false,4.41
"MSN",140935,"/Date(1702019410000)/",66300,100,4712700,309062000000,2800,false,4.41
"MSN",140935,"/Date(1702019410000)/",66300,100,4712600,309055000000,2800,false,4.41
"MSN",140935,"/Date(1702019410000)/",66300,200,4712500,309048000000,2800,false,4.41
"MSN",140935,"/Date(1702019410000)/",66300,100,4712300,309035000000,2800,false,4.41
"MSN",140932,"/Date(1702019404000)/",66300,100,4712200,309028000000,2800,false,4.41
"MSN",140932,"/Date(1702019404000)/",66300,100,4712100,309022000000,2800,false,4.41
"MSN",140929,"/Date(1702019404000)/",66200,200,4712000,309015000000,2700,true,4.25
"MSN",140926,"/Date(1702019398000)/",66200,700,4711800,309002000000,2700,true,4.25
"MSN",140919,"/Date(1702019393000)/",66200,200,4711100,308956000000,2700,true,4.25
"MSN",140919,"/Date(1702019393000)/",66200,1000,4710900,308942000000,2700,true,4.25
"MSN",140916,"/Date(1702019390000)/",66200,100,4709900,308876000000,2700,true,4.25
"MSN",140916,"/Date(1702019390000)/",66300,100,4709800,308870000000,2800,false,4.41
"MSN",140909,"/Date(1702019384000)/",66300,200,4709700,308863000000,2800,false,4.41
"MSN",140909,"/Date(1702019384000)/",66300,100,4709500,308850000000,2800,false,4.41
"MSN",140909,"/Date(1702019384000)/",66300,200,4709400,308843000000,2800,false,4.41
"MSN",140909,"/Date(1702019383000)/",66200,200,4709200,308830000000,2700,true,4.25
"MSN",140906,"/Date(1702019380000)/",66200,200,4709000,308817000000,2700,true,4.25
"MSN",140900,"/Date(1702019373000)/",66200,200,4708800,308803000000,2700,true,4.25
"MSN",140853,"/Date(1702019367000)/",66200,700,4708600,308790000000,2700,true,4.25
"MSN",140847,"/Date(1702019362000)/",66200,300,4707900,308744000000,2700,true,4.25
"MSN",140847,"/Date(1702019361000)/",66200,200,4707600,308724000000,2700,true,4.25
"MSN",140847,"/Date(1702019361000)/",66200,100,4707400,308711000000,2700,true,4.25
"MSN",140841,"/Date(1702019354000)/",66300,100,4707300,308704000000,2800,false,4.41
"MSN",140838,"/Date(1702019351000)/",66200,100,4707200,308697000000,2700,true,4.25
"MSN",140838,"/Date(1702019351000)/",66200,100,4707100,308691000000,2700,true,4.25
"MSN",140838,"/Date(1702019351000)/",66200,100,4707000,308684000000,2700,true,4.25
"MSN",140838,"/Date(1702019351000)/",66300,100,4706900,308678000000,2800,false,4.41
"MSN",140831,"/Date(1702019346000)/",66200,100,4706800,308671000000,2700,true,4.25
"MSN",140831,"/Date(1702019346000)/",66200,900,4706700,308664000000,2700,true,4.25
"MSN",140825,"/Date(1702019340000)/",66200,300,4705800,308605000000,2700,true,4.25
"MSN",140825,"/Date(1702019339000)/",66200,100,4705500,308585000000,2700,true,4.25
"MSN",140825,"/Date(1702019337000)/",66300,1600,4705400,308578000000,2800,false,4.41
"MSN",140825,"/Date(1702019337000)/",66300,300,4703800,308472000000,2800,false,4.41
"MSN",140825,"/Date(1702019337000)/",66300,300,4703500,308452000000,2800,false,4.41
"MSN",140825,"/Date(1702019337000)/",66300,500,4703200,308432000000,2800,false,4.41
"MSN",140825,"/Date(1702019337000)/",66300,200,4702700,308399000000,2800,false,4.41
"MSN",140825,"/Date(1702019337000)/",66300,100,4702500,308386000000,2800,false,4.41
"MSN",140822,"/Date(1702019337000)/",66200,200,4702400,308379000000,2700,true,4.25
"MSN",140822,"/Date(1702019337000)/",66200,200,4702200,308366000000,2700,true,4.25
"MSN",140822,"/Date(1702019337000)/",66200,300,4702000,308353000000,2700,true,4.25
"MSN",140822,"/Date(1702019337000)/",66300,100,4701700,308333000000,2800,false,4.41
"MSN",140822,"/Date(1702019337000)/",66300,100,4701600,308326000000,2800,false,4.41
"MSN",140822,"/Date(1702019334000)/",66300,10700,4701500,308320000000,2800,false,4.41
"MSN",140818,"/Date(1702019333000)/",66200,100,4690800,307610000000,2700,true,4.25
"MSN",140818,"/Date(1702019331000)/",66300,2000,4690700,307604000000,2800,false,4.41
"MSN",140815,"/Date(1702019329000)/",66200,300,4688700,307471000000,2700,true,4.25
"MSN",140815,"/Date(1702019329000)/",66200,300,4688400,307451000000,2700,true,4.25
"MSN",140815,"/Date(1702019329000)/",66200,100,4688100,307431000000,2700,true,4.25
"MSN",140815,"/Date(1702019329000)/",66200,200,4688000,307425000000,2700,true,4.25
"MSN",140812,"/Date(1702019326000)/",66300,2000,4687800,307412000000,2800,false,4.41
"MSN",140806,"/Date(1702019319000)/",66300,200,4685800,307279000000,2800,false,4.41
"MSN",140806,"/Date(1702019319000)/",66300,400,4685600,307266000000,2800,false,4.41
"MSN",140806,"/Date(1702019319000)/",66300,100,4685200,307239000000,2800,false,4.41
"MSN",140806,"/Date(1702019318000)/",66200,300,4685100,307232000000,2700,true,4.25
"MSN",140802,"/Date(1702019317000)/",66200,200,4684800,307213000000,2700,true,4.25
"MSN",140802,"/Date(1702019316000)/",66300,700,4684600,307199000000,2800,true,4.41
"MSN",140802,"/Date(1702019316000)/",66300,300,4683900,307153000000,2800,true,4.41
"MSN",140802,"/Date(1702019316000)/",66300,100,4683600,307133000000,2800,true,4.41
"MSN",140802,"/Date(1702019316000)/",66300,400,4683500,307126000000,2800,true,4.41
"MSN",140802,"/Date(1702019316000)/",66300,100,4683100,307100000000,2800,true,4.41
"MSN",140802,"/Date(1702019316000)/",66300,600,4683000,307093000000,2800,true,4.41
"MSN",140802,"/Date(1702019316000)/",66300,500,4682400,307054000000,2800,true,4.41
"MSN",140802,"/Date(1702019316000)/",66300,200,4681900,307020000000,2800,true,4.41
"MSN",140759,"/Date(1702019314000)/",66300,100,4681700,307007000000,2800,true,4.41
"MSN",140759,"/Date(1702019314000)/",66300,200,4681600,307000000000,2800,true,4.41
"MSN",140759,"/Date(1702019314000)/",66300,100,4681400,306987000000,2800,true,4.41
"MSN",140759,"/Date(1702019314000)/",66300,100,4681300,306981000000,2800,true,4.41
"MSN",140759,"/Date(1702019313000)/",66300,100,4681200,306974000000,2800,true,4.41
"MSN",140759,"/Date(1702019313000)/",66300,400,4681100,306967000000,2800,true,4.41
"MSN",140759,"/Date(1702019313000)/",66300,800,4680700,306941000000,2800,true,4.41
"MSN",140759,"/Date(1702019312000)/",66300,200,4679900,306888000000,2800,true,4.41
"MSN",140759,"/Date(1702019312000)/",66300,200,4679700,306875000000,2800,true,4.41
"MSN",140756,"/Date(1702019311000)/",66300,800,4679500,306861000000,2800,true,4.41
"MSN",140756,"/Date(1702019311000)/",66300,4200,4678700,306808000000,2800,true,4.41
"MSN",140753,"/Date(1702019308000)/",66300,200,4674500,306530000000,2800,true,4.41
"MSN",140753,"/Date(1702019306000)/",66300,600,4674300,306517000000,2800,true,4.41
"MSN",140753,"/Date(1702019306000)/",66300,100,4673700,306477000000,2800,true,4.41
"MSN",140750,"/Date(1702019304000)/",66300,100,4673600,306470000000,2800,true,4.41
"MSN",140746,"/Date(1702019301000)/",66300,200,4673500,306463000000,2800,true,4.41
"MSN",140746,"/Date(1702019301000)/",66300,1600,4673300,306450000000,2800,true,4.41
"MSN",140746,"/Date(1702019301000)/",66300,100,4671700,306344000000,2800,true,4.41
"MSN",140746,"/Date(1702019301000)/",66300,100,4671600,306337000000,2800,true,4.41
"MSN",140746,"/Date(1702019301000)/",66300,400,4671500,306331000000,2800,true,4.41
"MSN",140746,"/Date(1702019301000)/",66300,100,4671100,306304000000,2800,true,4.41
"MSN",140746,"/Date(1702019301000)/",66300,900,4671000,306298000000,2800,true,4.41
"MSN",140746,"/Date(1702019301000)/",66300,100,4670100,306238000000,2800,true,4.41
"MSN",140746,"/Date(1702019299000)/",66300,400,4670000,306231000000,2800,true,4.41
"MSN",140746,"/Date(1702019299000)/",66300,1200,4669600,306205000000,2800,true,4.41
"MSN",140743,"/Date(1702019297000)/",66300,200,4668400,306125000000,2800,true,4.41
"MSN",140740,"/Date(1702019294000)/",66400,300,4668200,306112000000,2900,false,4.57
"MSN",140737,"/Date(1702019292000)/",66300,300,4667900,306092000000,2800,true,4.41
"MSN",140737,"/Date(1702019290000)/",66300,3500,4667600,306072000000,2800,true,4.41
"MSN",140734,"/Date(1702019289000)/",66300,100,4664100,305840000000,2800,true,4.41
"MSN",140734,"/Date(1702019287000)/",66300,1000,4664000,305834000000,2800,true,4.41
"MSN",140734,"/Date(1702019287000)/",66300,200,4663000,305767000000,2800,true,4.41
"MSN",140730,"/Date(1702019285000)/",66300,100,4662800,305754000000,2800,true,4.41
"MSN",140730,"/Date(1702019283000)/",66300,1000,4662700,305747000000,2800,true,4.41
"MSN",140724,"/Date(1702019279000)/",66300,2000,4661700,305681000000,2800,true,4.41
"MSN",140724,"/Date(1702019277000)/",66300,100,4659700,305548000000,2800,true,4.41
"MSN",140724,"/Date(1702019276000)/",66300,300,4659600,305542000000,2800,true,4.41
"MSN",140721,"/Date(1702019274000)/",66300,700,4659300,305522000000,2800,true,4.41
"MSN",140711,"/Date(1702019266000)/",66300,300,4658600,305476000000,2800,true,4.41
"MSN",140711,"/Date(1702019264000)/",66300,100,4658300,305456000000,2800,true,4.41
"MSN",140708,"/Date(1702019261000)/",66400,100,4658200,305449000000,2900,false,4.57
"MSN",140702,"/Date(1702019256000)/",66300,1500,4658100,305442000000,2800,true,4.41
"MSN",140702,"/Date(1702019256000)/",66300,100,4656600,305343000000,2800,true,4.41
"MSN",140702,"/Date(1702019256000)/",66300,400,4656500,305336000000,2800,true,4.41
"MSN",140702,"/Date(1702019255000)/",66300,300,4656100,305310000000,2800,true,4.41
"MSN",140652,"/Date(1702019245000)/",66400,100,4655800,305290000000,2900,false,4.57
"MSN",140649,"/Date(1702019244000)/",66300,300,4655700,305283000000,2800,true,4.41
"MSN",140649,"/Date(1702019243000)/",66300,700,4655400,305263000000,2800,true,4.41
"MSN",140646,"/Date(1702019238000)/",66400,1000,4654700,305217000000,2900,false,4.57
"MSN",140639,"/Date(1702019234000)/",66300,200,4653700,305151000000,2800,true,4.41
"MSN",140636,"/Date(1702019230000)/",66300,100,4653500,305137000000,2800,true,4.41
"MSN",140636,"/Date(1702019230000)/",66300,500,4653400,305131000000,2800,true,4.41
"MSN",140636,"/Date(1702019230000)/",66300,700,4652900,305098000000,2800,true,4.41
"MSN",140636,"/Date(1702019230000)/",66300,1000,4652200,305051000000,2800,true,4.41
"MSN",140636,"/Date(1702019230000)/",66300,700,4651200,304985000000,2800,true,4.41
"MSN",140636,"/Date(1702019230000)/",66300,300,4650500,304938000000,2800,true,4.41
"MSN",140633,"/Date(1702019228000)/",66400,500,4650200,304919000000,2900,false,4.57
"MSN",140633,"/Date(1702019227000)/",66300,500,4649700,304885000000,2800,true,4.41
"MSN",140630,"/Date(1702019224000)/",66300,200,4649200,304852000000,2800,true,4.41
"MSN",140630,"/Date(1702019224000)/",66400,500,4649000,304839000000,2900,false,4.57
"MSN",140630,"/Date(1702019224000)/",66400,6000,4648500,304806000000,2900,false,4.57
"MSN",140620,"/Date(1702019213000)/",66300,300,4642500,304407000000,2800,true,4.41
"MSN",140617,"/Date(1702019212000)/",66300,700,4642200,304387000000,2800,true,4.41
"MSN",140617,"/Date(1702019209000)/",66400,4300,4641500,304341000000,2900,true,4.57
"MSN",140617,"/Date(1702019209000)/",66400,100,4637200,304055000000,2900,true,4.57
"MSN",140617,"/Date(1702019209000)/",66400,400,4637100,304049000000,2900,true,4.57
"MSN",140617,"/Date(1702019209000)/",66400,100,4636700,304022000000,2900,true,4.57
"MSN",140617,"/Date(1702019209000)/",66400,300,4636600,304016000000,2900,true,4.57
"MSN",140617,"/Date(1702019209000)/",66400,200,4636300,303996000000,2900,true,4.57
"MSN",140617,"/Date(1702019209000)/",66400,300,4636100,303982000000,2900,true,4.57
"MSN",140610,"/Date(1702019204000)/",66400,100,4635800,303963000000,2900,true,4.57
"MSN",140607,"/Date(1702019202000)/",66400,300,4635700,303956000000,2900,true,4.57
"MSN",140607,"/Date(1702019201000)/",66400,300,4635400,303936000000,2900,true,4.57
"MSN",140607,"/Date(1702019201000)/",66400,200,4635100,303916000000,2900,true,4.57
"MSN",140607,"/Date(1702019201000)/",66400,100,4634900,303903000000,2900,true,4.57
"MSN",140607,"/Date(1702019201000)/",66400,500,4634800,303896000000,2900,true,4.57
"MSN",140607,"/Date(1702019201000)/",66400,100,4634300,303863000000,2900,true,4.57
"MSN",140607,"/Date(1702019201000)/",66400,1000,4634200,303856000000,2900,true,4.57
"MSN",140607,"/Date(1702019201000)/",66400,100,4633200,303790000000,2900,true,4.57
"MSN",140607,"/Date(1702019201000)/",66400,300,4633100,303783000000,2900,true,4.57
"MSN",140607,"/Date(1702019201000)/",66400,200,4632800,303763000000,2900,true,4.57
"MSN",140607,"/Date(1702019201000)/",66400,500,4632600,303750000000,2900,true,4.57
"MSN",140607,"/Date(1702019201000)/",66400,1000,4632100,303717000000,2900,true,4.57
"MSN",140604,"/Date(1702019198000)/",66400,100,4631100,303650000000,2900,true,4.57
"MSN",140604,"/Date(1702019197000)/",66500,200,4631000,303644000000,3000,false,4.72
"MSN",140604,"/Date(1702019197000)/",66500,300,4630800,303631000000,3000,false,4.72
"MSN",140558,"/Date(1702019190000)/",66400,400,4630500,303611000000,2900,true,4.57
"MSN",140558,"/Date(1702019190000)/",66400,700,4630100,303584000000,2900,true,4.57
"MSN",140558,"/Date(1702019190000)/",66400,900,4629400,303538000000,2900,true,4.57
"MSN",140558,"/Date(1702019190000)/",66500,100,4628500,303478000000,3000,true,4.72
"MSN",140558,"/Date(1702019190000)/",66500,100,4628400,303471000000,3000,true,4.72
"MSN",140558,"/Date(1702019190000)/",66500,100,4628300,303464000000,3000,true,4.72
"MSN",140554,"/Date(1702019189000)/",66500,200,4628200,303458000000,3000,true,4.72
"MSN",140554,"/Date(1702019189000)/",66500,100,4628000,303445000000,3000,true,4.72
"MSN",140554,"/Date(1702019189000)/",66500,400,4627900,303438000000,3000,true,4.72
"MSN",140554,"/Date(1702019188000)/",66500,300,4627500,303411000000,3000,true,4.72
"MSN",140554,"/Date(1702019188000)/",66500,700,4627200,303391000000,3000,true,4.72
"MSN",140554,"/Date(1702019188000)/",66500,200,4626500,303345000000,3000,true,4.72
"MSN",140551,"/Date(1702019185000)/",66500,500,4626300,303331000000,3000,true,4.72
"MSN",140551,"/Date(1702019184000)/",66500,300,4625800,303298000000,3000,true,4.72
"MSN",140551,"/Date(1702019184000)/",66500,200,4625500,303278000000,3000,true,4.72
"MSN",140548,"/Date(1702019182000)/",66500,100,4625300,303265000000,3000,true,4.72
"MSN",140548,"/Date(1702019181000)/",66500,700,4625200,303258000000,3000,true,4.72
"MSN",140548,"/Date(1702019181000)/",66500,300,4624500,303212000000,3000,true,4.72
"MSN",140545,"/Date(1702019179000)/",66500,200,4624200,303192000000,3000,true,4.72
"MSN",140545,"/Date(1702019179000)/",66500,200,4624000,303179000000,3000,true,4.72
"MSN",140545,"/Date(1702019179000)/",66500,100,4623800,303165000000,3000,true,4.72
"MSN",140545,"/Date(1702019179000)/",66500,200,4623700,303159000000,3000,true,4.72
"MSN",140545,"/Date(1702019179000)/",66500,100,4623500,303145000000,3000,true,4.72
"MSN",140545,"/Date(1702019179000)/",66500,200,4623400,303139000000,3000,true,4.72
"MSN",140535,"/Date(1702019170000)/",66500,100,4623200,303125000000,3000,true,4.72
"MSN",140535,"/Date(1702019170000)/",66500,100,4623100,303119000000,3000,true,4.72
"MSN",140535,"/Date(1702019170000)/",66500,200,4623000,303112000000,3000,true,4.72
"MSN",140535,"/Date(1702019170000)/",66500,800,4622800,303099000000,3000,true,4.72
"MSN",140535,"/Date(1702019168000)/",66500,100,4622000,303046000000,3000,true,4.72
"MSN",140526,"/Date(1702019160000)/",66500,100,4621900,303039000000,3000,true,4.72
"MSN",140526,"/Date(1702019160000)/",66500,100,4621800,303032000000,3000,true,4.72
"MSN",140516,"/Date(1702019151000)/",66500,700,4621700,303026000000,3000,true,4.72
"MSN",140516,"/Date(1702019151000)/",66600,1000,4621000,302979000000,3100,false,4.88
"MSN",140516,"/Date(1702019151000)/",66600,500,4620000,302912000000,3100,false,4.88
"MSN",140516,"/Date(1702019151000)/",66600,600,4619500,302879000000,3100,false,4.88
"MSN",140516,"/Date(1702019151000)/",66600,500,4618900,302839000000,3100,false,4.88
"MSN",140516,"/Date(1702019150000)/",66600,100,4618400,302806000000,3100,false,4.88
"MSN",140516,"/Date(1702019150000)/",66600,100,4618300,302799000000,3100,false,4.88
"MSN",140516,"/Date(1702019150000)/",66600,700,4618200,302793000000,3100,false,4.88
"MSN",140510,"/Date(1702019145000)/",66600,200,4617500,302746000000,3100,true,4.88
"MSN",140510,"/Date(1702019145000)/",66600,100,4617300,302733000000,3100,true,4.88
"MSN",140510,"/Date(1702019145000)/",66700,500,4617200,302726000000,3200,false,5.04
"MSN",140510,"/Date(1702019145000)/",66700,300,4616700,302693000000,3200,false,5.04
"MSN",140510,"/Date(1702019144000)/",66700,500,4616400,302673000000,3200,false,5.04
"MSN",140506,"/Date(1702019141000)/",66700,100,4615900,302639000000,3200,true,5.04
"MSN",140506,"/Date(1702019141000)/",66700,1400,4615800,302633000000,3200,true,5.04
"MSN",140506,"/Date(1702019141000)/",66700,600,4614400,302539000000,3200,true,5.04
"MSN",140506,"/Date(1702019141000)/",66700,200,4613800,302499000000,3200,true,5.04
"MSN",140506,"/Date(1702019140000)/",66700,1000,4613600,302486000000,3200,true,5.04
"MSN",140506,"/Date(1702019139000)/",66700,300,4612600,302419000000,3200,true,5.04
"MSN",140500,"/Date(1702019134000)/",66700,300,4612300,302399000000,3200,true,5.04
"MSN",140500,"/Date(1702019133000)/",66700,1600,4612000,302379000000,3200,true,5.04
"MSN",140500,"/Date(1702019133000)/",66700,1500,4610400,302272000000,3200,true,5.04
"MSN",140500,"/Date(1702019133000)/",66700,300,4608900,302172000000,3200,true,5.04
"MSN",140500,"/Date(1702019133000)/",66700,100,4608600,302152000000,3200,true,5.04
"MSN",140457,"/Date(1702019129000)/",66700,200,4608500,302146000000,3200,true,5.04
"MSN",140444,"/Date(1702019119000)/",66700,200,4608300,302132000000,3200,true,5.04
"MSN",140444,"/Date(1702019119000)/",66700,500,4608100,302119000000,3200,true,5.04
"MSN",140444,"/Date(1702019119000)/",66700,200,4607600,302086000000,3200,true,5.04
"MSN",140444,"/Date(1702019119000)/",66700,200,4607400,302072000000,3200,true,5.04
"MSN",140444,"/Date(1702019119000)/",66700,100,4607200,302059000000,3200,true,5.04
"MSN",140444,"/Date(1702019119000)/",66700,500,4607100,302052000000,3200,true,5.04
"MSN",140444,"/Date(1702019119000)/",66700,300,4606600,302019000000,3200,true,5.04
"MSN",140444,"/Date(1702019116000)/",66800,100,4606300,301999000000,3300,false,5.2
"MSN",140444,"/Date(1702019116000)/",66800,100,4606200,301992000000,3300,false,5.2
"MSN",140434,"/Date(1702019108000)/",66700,300,4606100,301986000000,3200,true,5.04
"MSN",140434,"/Date(1702019108000)/",66700,100,4605800,301966000000,3200,true,5.04
"MSN",140431,"/Date(1702019105000)/",66800,400,4605700,301959000000,3300,false,5.2
"MSN",140431,"/Date(1702019104000)/",66800,500,4605300,301932000000,3300,false,5.2
"MSN",140431,"/Date(1702019104000)/",66800,500,4604800,301899000000,3300,false,5.2
"MSN",140425,"/Date(1702019099000)/",66800,300,4604300,301865000000,3300,false,5.2
"MSN",140425,"/Date(1702019098000)/",66700,300,4604000,301845000000,3200,true,5.04
"MSN",140422,"/Date(1702019094000)/",66800,1000,4603700,301825000000,3300,true,5.2
"MSN",140422,"/Date(1702019094000)/",66800,200,4602700,301758000000,3300,true,5.2
"MSN",140418,"/Date(1702019092000)/",66800,500,4602500,301745000000,3300,false,5.2
"MSN",140418,"/Date(1702019091000)/",66800,500,4602000,301712000000,3300,false,5.2
"MSN",140418,"/Date(1702019091000)/",66800,300,4601500,301678000000,3300,false,5.2
"MSN",140418,"/Date(1702019091000)/",66800,3500,4601200,301658000000,3300,false,5.2
"MSN",140415,"/Date(1702019088000)/",66700,700,4597700,301424000000,3200,true,5.04
"MSN",140412,"/Date(1702019087000)/",66800,500,4597000,301378000000,3300,true,5.2
"MSN",140412,"/Date(1702019087000)/",66800,100,4596500,301344000000,3300,true,5.2
"MSN",140412,"/Date(1702019087000)/",66800,100,4596400,301338000000,3300,true,5.2
"MSN",140412,"/Date(1702019087000)/",66800,500,4596300,301331000000,3300,true,5.2
"MSN",140412,"/Date(1702019087000)/",66800,200,4595800,301298000000,3300,true,5.2
"MSN",140412,"/Date(1702019087000)/",66800,100,4595600,301284000000,3300,true,5.2
"MSN",140409,"/Date(1702019082000)/",66800,100,4595500,301278000000,3300,true,5.2
"MSN",140402,"/Date(1702019077000)/",66800,200,4595400,301271000000,3300,true,5.2
"MSN",140402,"/Date(1702019075000)/",66800,300,4595200,301258000000,3300,true,5.2
"MSN",140359,"/Date(1702019074000)/",66800,100,4594900,301238000000,3300,true,5.2
"MSN",140353,"/Date(1702019068000)/",66800,100,4594800,301231000000,3300,true,5.2
"MSN",140353,"/Date(1702019067000)/",66800,500,4594700,301224000000,3300,true,5.2
"MSN",140353,"/Date(1702019067000)/",66800,100,4594200,301191000000,3300,true,5.2
"MSN",140353,"/Date(1702019067000)/",66800,100,4594100,301184000000,3300,true,5.2
"MSN",140350,"/Date(1702019062000)/",66800,300,4594000,301177000000,3300,true,5.2
"MSN",140350,"/Date(1702019062000)/",66800,900,4593700,301157000000,3300,true,5.2
"MSN",140346,"/Date(1702019060000)/",66800,100,4592800,301097000000,3300,true,5.2
"MSN",140343,"/Date(1702019058000)/",66800,1000,4592700,301091000000,3300,true,5.2
"MSN",140343,"/Date(1702019058000)/",66900,300,4591700,301024000000,3400,false,5.35
"MSN",140343,"/Date(1702019057000)/",66800,300,4591400,301004000000,3300,true,5.2
"MSN",140343,"/Date(1702019056000)/",66800,700,4591100,300984000000,3300,true,5.2
"MSN",140343,"/Date(1702019056000)/",66800,300,4590400,300937000000,3300,true,5.2
"MSN",140337,"/Date(1702019051000)/",66800,1000,4590100,300917000000,3300,true,5.2
"MSN",140334,"/Date(1702019047000)/",66800,500,4589100,300850000000,3300,true,5.2
"MSN",140334,"/Date(1702019047000)/",66900,500,4588600,300817000000,3400,false,5.35
"MSN",140334,"/Date(1702019046000)/",66800,100,4588100,300783000000,3300,true,5.2
"MSN",140334,"/Date(1702019046000)/",66800,500,4588000,300777000000,3300,true,5.2
"MSN",140330,"/Date(1702019045000)/",66800,1000,4587500,300743000000,3300,true,5.2
"MSN",140330,"/Date(1702019045000)/",66800,200,4586500,300676000000,3300,true,5.2
"MSN",140330,"/Date(1702019043000)/",66800,100,4586300,300663000000,3300,true,5.2
"MSN",140330,"/Date(1702019043000)/",66800,200,4586200,300656000000,3300,true,5.2
"MSN",140330,"/Date(1702019043000)/",66800,100,4586000,300643000000,3300,true,5.2
"MSN",140321,"/Date(1702019035000)/",66800,200,4585900,300636000000,3300,true,5.2
"MSN",140311,"/Date(1702019026000)/",66800,100,4585700,300623000000,3300,true,5.2
"MSN",140311,"/Date(1702019026000)/",66800,3000,4585600,300616000000,3300,true,5.2
"MSN",140311,"/Date(1702019026000)/",66800,700,4582600,300416000000,3300,true,5.2
"MSN",140311,"/Date(1702019025000)/",66800,200,4581900,300369000000,3300,true,5.2
"MSN",140308,"/Date(1702019022000)/",66800,100,4581700,300356000000,3300,true,5.2
"MSN",140305,"/Date(1702019019000)/",66800,100,4581600,300349000000,3300,false,5.2
"MSN",140305,"/Date(1702019019000)/",66800,100,4581500,300342000000,3300,false,5.2
"MSN",140302,"/Date(1702019014000)/",66800,300,4581400,300336000000,3300,false,5.2
"MSN",140302,"/Date(1702019014000)/",66800,100,4581100,300316000000,3300,false,5.2
"MSN",140255,"/Date(1702019008000)/",66800,500,4581000,300309000000,3300,false,5.2
"MSN",140255,"/Date(1702019008000)/",66800,100,4580500,300276000000,3300,false,5.2
"MSN",140249,"/Date(1702019003000)/",66700,300,4580400,300269000000,3200,true,5.04
"MSN",140249,"/Date(1702019002000)/",66800,1500,4580100,300249000000,3300,true,5.2
"MSN",140246,"/Date(1702018999000)/",66800,300,4578600,300149000000,3300,false,5.2
"MSN",140246,"/Date(1702018998000)/",66800,100,4578300,300129000000,3300,false,5.2
"MSN",140239,"/Date(1702018994000)/",66800,400,4578200,300122000000,3300,true,5.2
"MSN",140239,"/Date(1702018994000)/",66800,300,4577800,300095000000,3300,true,5.2
"MSN",140239,"/Date(1702018993000)/",66800,100,4577500,300075000000,3300,true,5.2
"MSN",140239,"/Date(1702018993000)/",66800,100,4577400,300068000000,3300,true,5.2
"MSN",140239,"/Date(1702018993000)/",66800,100,4577300,300062000000,3300,true,5.2
"MSN",140239,"/Date(1702018992000)/",66800,300,4577200,300055000000,3300,true,5.2
"MSN",140239,"/Date(1702018992000)/",66800,100,4576900,300035000000,3300,true,5.2
"MSN",140239,"/Date(1702018992000)/",66800,100,4576800,300028000000,3300,true,5.2
"MSN",140236,"/Date(1702018990000)/",66800,100,4576700,300022000000,3300,true,5.2
"MSN",140236,"/Date(1702018990000)/",66800,2900,4576600,300015000000,3300,true,5.2
"MSN",140236,"/Date(1702018988000)/",66800,100,4573700,299821000000,3300,true,5.2
"MSN",140233,"/Date(1702018986000)/",66800,500,4573600,299815000000,3300,true,5.2
"MSN",140233,"/Date(1702018985000)/",66800,500,4573100,299781000000,3300,true,5.2
"MSN",140233,"/Date(1702018985000)/",66800,300,4572600,299748000000,3300,true,5.2
"MSN",140233,"/Date(1702018985000)/",66800,400,4572300,299728000000,3300,true,5.2
"MSN",140233,"/Date(1702018985000)/",66800,100,4571900,299701000000,3300,true,5.2
"MSN",140233,"/Date(1702018985000)/",66800,200,4571800,299694000000,3300,true,5.2
"MSN",140230,"/Date(1702018984000)/",66800,100,4571600,299681000000,3300,true,5.2
"MSN",140230,"/Date(1702018982000)/",66800,200,4571500,299674000000,3300,true,5.2
"MSN",140230,"/Date(1702018982000)/",66800,300,4571300,299661000000,3300,true,5.2
"MSN",140230,"/Date(1702018982000)/",66800,700,4571000,299641000000,3300,true,5.2
"MSN",140230,"/Date(1702018982000)/",66800,1300,4570300,299594000000,3300,true,5.2
"MSN",140226,"/Date(1702018980000)/",66800,400,4569000,299507000000,3300,true,5.2
"MSN",140223,"/Date(1702018977000)/",66800,300,4568600,299481000000,3300,true,5.2
"MSN",140223,"/Date(1702018976000)/",66800,100,4568300,299461000000,3300,true,5.2
"MSN",140223,"/Date(1702018975000)/",66800,1000,4568200,299454000000,3300,true,5.2
"MSN",140220,"/Date(1702018973000)/",66800,2000,4567200,299387000000,3300,true,5.2
"MSN",140220,"/Date(1702018972000)/",66800,200,4565200,299254000000,3300,true,5.2
"MSN",140214,"/Date(1702018968000)/",66800,1000,4565000,299240000000,3300,true,5.2
"MSN",140210,"/Date(1702018965000)/",66800,2000,4564000,299173000000,3300,true,5.2
"MSN",140210,"/Date(1702018963000)/",66800,700,4562000,299040000000,3300,true,5.2
"MSN",140207,"/Date(1702018961000)/",66800,300,4561300,298993000000,3300,true,5.2
"MSN",140207,"/Date(1702018960000)/",66800,100,4561000,298973000000,3300,true,5.2
"MSN",140207,"/Date(1702018960000)/",66800,600,4560900,298966000000,3300,true,5.2
"MSN",140207,"/Date(1702018960000)/",66800,100,4560300,298926000000,3300,true,5.2
"MSN",140207,"/Date(1702018960000)/",66800,300,4560200,298920000000,3300,true,5.2
"MSN",140204,"/Date(1702018958000)/",66800,1000,4559900,298899000000,3300,true,5.2
"MSN",140204,"/Date(1702018956000)/",66800,100,4558900,298833000000,3300,true,5.2
"MSN",140201,"/Date(1702018955000)/",66800,100,4558800,298826000000,3300,true,5.2
"MSN",140201,"/Date(1702018953000)/",66800,100,4558700,298819000000,3300,true,5.2
"MSN",140158,"/Date(1702018952000)/",66800,400,4558600,298813000000,3300,true,5.2
"MSN",140158,"/Date(1702018952000)/",66800,100,4558200,298786000000,3300,true,5.2
"MSN",140158,"/Date(1702018951000)/",66800,300,4558100,298779000000,3300,true,5.2
"MSN",140158,"/Date(1702018950000)/",66800,300,4557800,298759000000,3300,true,5.2
"MSN",140158,"/Date(1702018950000)/",66800,100,4557500,298739000000,3300,true,5.2
"MSN",140145,"/Date(1702018939000)/",66800,300,4557400,298732000000,3300,true,5.2
"MSN",140142,"/Date(1702018935000)/",66800,900,4557100,298712000000,3300,true,5.2
"MSN",140142,"/Date(1702018935000)/",66800,100,4556200,298652000000,3300,true,5.2
"MSN",140138,"/Date(1702018933000)/",66800,700,4556100,298646000000,3300,true,5.2
"MSN",140135,"/Date(1702018929000)/",66800,300,4555400,298599000000,3300,true,5.2
"MSN",140129,"/Date(1702018922000)/",66900,1000,4555100,298579000000,3400,false,5.35
"MSN",140126,"/Date(1702018918000)/",66800,200,4554100,298512000000,3300,true,5.2
"MSN",140122,"/Date(1702018917000)/",66900,500,4553900,298499000000,3400,false,5.35
"MSN",140122,"/Date(1702018917000)/",66900,100,4553400,298465000000,3400,false,5.35
"MSN",140122,"/Date(1702018917000)/",66900,400,4553300,298458000000,3400,false,5.35
"MSN",140122,"/Date(1702018916000)/",66800,800,4552900,298432000000,3300,true,5.2
"MSN",140119,"/Date(1702018913000)/",66900,400,4552100,298378000000,3400,false,5.35
"MSN",140116,"/Date(1702018908000)/",66800,200,4551700,298351000000,3300,true,5.2
"MSN",140110,"/Date(1702018902000)/",66800,200,4551500,298338000000,3300,true,5.2
"MSN",140110,"/Date(1702018902000)/",66800,500,4551300,298325000000,3300,true,5.2
"MSN",140103,"/Date(1702018897000)/",66800,300,4550800,298291000000,3300,true,5.2
"MSN",140103,"/Date(1702018897000)/",66800,2000,4550500,298271000000,3300,true,5.2
"MSN",140103,"/Date(1702018896000)/",66900,300,4548500,298138000000,3400,false,5.35
"MSN",140103,"/Date(1702018896000)/",66900,100,4548200,298118000000,3400,false,5.35
"MSN",140103,"/Date(1702018896000)/",66900,400,4548100,298111000000,3400,false,5.35
"MSN",140100,"/Date(1702018894000)/",66800,300,4547700,298084000000,3300,true,5.2
"MSN",140057,"/Date(1702018892000)/",66900,200,4547400,298064000000,3400,false,5.35
"MSN",140054,"/Date(1702018888000)/",66800,100,4547200,298051000000,3300,true,5.2
"MSN",140054,"/Date(1702018888000)/",66800,100,4547100,298044000000,3300,true,5.2
"MSN",140054,"/Date(1702018887000)/",66800,300,4547000,298037000000,3300,true,5.2
"MSN",140050,"/Date(1702018885000)/",66800,300,4546700,298017000000,3300,true,5.2
"MSN",140044,"/Date(1702018879000)/",66800,100,4546400,297997000000,3300,true,5.2
"MSN",140044,"/Date(1702018876000)/",66800,300,4546300,297991000000,3300,true,5.2
"MSN",140041,"/Date(1702018875000)/",66800,100,4546000,297971000000,3300,true,5.2
"MSN",140038,"/Date(1702018871000)/",66800,600,4545900,297964000000,3300,true,5.2
"MSN",140038,"/Date(1702018871000)/",66800,100,4545300,297924000000,3300,true,5.2
"MSN",140038,"/Date(1702018870000)/",66800,100,4545200,297917000000,3300,true,5.2
"MSN",140034,"/Date(1702018868000)/",66800,100,4545100,297910000000,3300,true,5.2
"MSN",140034,"/Date(1702018866000)/",66900,200,4545000,297904000000,3400,false,5.35
"MSN",140031,"/Date(1702018866000)/",66800,200,4544800,297890000000,3300,true,5.2
"MSN",140022,"/Date(1702018855000)/",66700,200,4544600,297877000000,3200,true,5.04
"MSN",140015,"/Date(1702018848000)/",66900,200,4544400,297864000000,3400,false,5.35
"MSN",140015,"/Date(1702018848000)/",66900,100,4544200,297850000000,3400,false,5.35
"MSN",140015,"/Date(1702018848000)/",66900,100,4544100,297844000000,3400,false,5.35
"MSN",140015,"/Date(1702018848000)/",66900,100,4544000,297837000000,3400,false,5.35
"MSN",140015,"/Date(1702018848000)/",66900,500,4543900,297830000000,3400,false,5.35
"MSN",140015,"/Date(1702018848000)/",66900,500,4543400,297797000000,3400,false,5.35
"MSN",140015,"/Date(1702018848000)/",66900,5100,4542900,297763000000,3400,false,5.35
"MSN",140015,"/Date(1702018848000)/",66800,100,4537800,297422000000,3300,false,5.2
"MSN",140015,"/Date(1702018848000)/",66800,300,4537700,297416000000,3300,false,5.2
"MSN",140015,"/Date(1702018848000)/",66800,100,4537400,297395000000,3300,false,5.2
"MSN",140015,"/Date(1702018847000)/",66800,100,4537300,297389000000,3300,false,5.2
"MSN",140015,"/Date(1702018847000)/",66800,100,4537200,297382000000,3300,false,5.2
"MSN",140015,"/Date(1702018847000)/",66800,300,4537100,297375000000,3300,false,5.2
"MSN",140012,"/Date(1702018844000)/",66700,300,4536800,297355000000,3200,true,5.04
"MSN",140006,"/Date(1702018840000)/",66800,200,4536500,297335000000,3300,true,5.2
"MSN",140006,"/Date(1702018840000)/",66800,100,4536300,297322000000,3300,true,5.2
"MSN",140006,"/Date(1702018840000)/",66800,100,4536200,297315000000,3300,true,5.2
"MSN",140006,"/Date(1702018840000)/",66800,100,4536100,297309000000,3300,true,5.2
"MSN",140006,"/Date(1702018840000)/",66800,200,4536000,297302000000,3300,true,5.2
"MSN",140006,"/Date(1702018840000)/",66800,700,4535800,297289000000,3300,true,5.2
"MSN",140002,"/Date(1702018834000)/",66800,200,4535100,297242000000,3300,true,5.2
"MSN",135956,"/Date(1702018828000)/",66900,200,4534900,297229000000,3400,false,5.35
"MSN",135950,"/Date(1702018824000)/",66800,200,4534700,297215000000,3300,true,5.2
"MSN",135946,"/Date(1702018821000)/",66900,400,4534500,297202000000,3400,false,5.35
"MSN",135946,"/Date(1702018821000)/",66900,100,4534100,297175000000,3400,false,5.35
"MSN",135946,"/Date(1702018821000)/",66900,100,4534000,297168000000,3400,false,5.35
"MSN",135946,"/Date(1702018821000)/",66900,300,4533900,297162000000,3400,false,5.35
"MSN",135946,"/Date(1702018821000)/",66900,100,4533600,297142000000,3400,false,5.35
"MSN",135946,"/Date(1702018818000)/",66800,1000,4533500,297135000000,3300,true,5.2
"MSN",135943,"/Date(1702018816000)/",66900,1000,4532500,297068000000,3400,false,5.35
"MSN",135940,"/Date(1702018815000)/",66800,100,4531500,297001000000,3300,true,5.2
"MSN",135940,"/Date(1702018813000)/",66800,100,4531400,296994000000,3300,true,5.2
"MSN",135940,"/Date(1702018813000)/",66800,200,4531300,296988000000,3300,true,5.2
"MSN",135940,"/Date(1702018813000)/",66800,500,4531100,296974000000,3300,true,5.2
"MSN",135937,"/Date(1702018811000)/",66800,200,4530600,296941000000,3300,true,5.2
"MSN",135937,"/Date(1702018809000)/",66800,700,4530400,296928000000,3300,true,5.2
"MSN",135930,"/Date(1702018802000)/",66800,300,4529700,296881000000,3300,true,5.2
"MSN",135927,"/Date(1702018801000)/",66800,700,4529400,296861000000,3300,true,5.2
"MSN",135924,"/Date(1702018797000)/",66800,1000,4528700,296814000000,3300,true,5.2
"MSN",135924,"/Date(1702018796000)/",66900,2000,4527700,296747000000,3400,false,5.35
"MSN",135921,"/Date(1702018795000)/",66800,300,4525700,296614000000,3300,true,5.2
"MSN",135921,"/Date(1702018794000)/",66800,100,4525400,296593000000,3300,true,5.2
"MSN",135921,"/Date(1702018793000)/",66800,100,4525300,296587000000,3300,true,5.2
"MSN",135918,"/Date(1702018791000)/",66800,300,4525200,296580000000,3300,true,5.2
"MSN",135914,"/Date(1702018786000)/",66800,100,4524900,296560000000,3300,true,5.2
"MSN",135911,"/Date(1702018786000)/",66800,500,4524800,296553000000,3300,true,5.2
"MSN",135908,"/Date(1702018781000)/",66700,100,4524300,296520000000,3200,true,5.04
"MSN",135908,"/Date(1702018781000)/",66700,100,4524200,296513000000,3200,true,5.04
"MSN",135908,"/Date(1702018781000)/",66900,900,4524100,296507000000,3400,false,5.35
"MSN",135908,"/Date(1702018781000)/",66900,400,4523200,296446000000,3400,false,5.35
"MSN",135908,"/Date(1702018781000)/",66900,100,4522800,296420000000,3400,false,5.35
"MSN",135908,"/Date(1702018781000)/",66900,100,4522700,296413000000,3400,false,5.35
"MSN",135908,"/Date(1702018781000)/",66900,800,4522600,296406000000,3400,false,5.35
"MSN",135908,"/Date(1702018781000)/",66800,4000,4521800,296353000000,3300,true,5.2
"MSN",135905,"/Date(1702018778000)/",66800,100,4517800,296086000000,3300,false,5.2
"MSN",135905,"/Date(1702018778000)/",66700,700,4517700,296079000000,3200,true,5.04
"MSN",135905,"/Date(1702018778000)/",66800,1100,4517000,296032000000,3300,false,5.2
"MSN",135858,"/Date(1702018771000)/",66700,200,4515900,295959000000,3200,true,5.04
"MSN",135855,"/Date(1702018769000)/",66800,300,4515700,295945000000,3300,false,5.2
"MSN",135855,"/Date(1702018769000)/",66800,14500,4515400,295925000000,3300,false,5.2
"MSN",135855,"/Date(1702018768000)/",66900,1100,4500900,294957000000,3400,false,5.35
"MSN",135855,"/Date(1702018768000)/",66900,100,4499800,294883000000,3400,false,5.35
"MSN",135855,"/Date(1702018768000)/",66900,900,4499700,294876000000,3400,false,5.35
"MSN",135852,"/Date(1702018765000)/",66900,100,4498800,294816000000,3400,false,5.35
"MSN",135852,"/Date(1702018765000)/",66900,9900,4498700,294810000000,3400,false,5.35
"MSN",135849,"/Date(1702018760000)/",66800,200,4488800,294147000000,3300,true,5.2
"MSN",135846,"/Date(1702018759000)/",66800,500,4488600,294134000000,3300,true,5.2
"MSN",135846,"/Date(1702018759000)/",66800,100,4488100,294101000000,3300,true,5.2
"MSN",135846,"/Date(1702018758000)/",66900,100,4488000,294094000000,3400,false,5.35
"MSN",135846,"/Date(1702018758000)/",66900,200,4487900,294087000000,3400,false,5.35
"MSN",135846,"/Date(1702018758000)/",66900,100,4487700,294074000000,3400,false,5.35
"MSN",135846,"/Date(1702018758000)/",66900,200,4487600,294067000000,3400,false,5.35
"MSN",135846,"/Date(1702018758000)/",66900,400,4487400,294054000000,3400,false,5.35
"MSN",135842,"/Date(1702018755000)/",66800,2000,4487000,294027000000,3300,true,5.2
"MSN",135839,"/Date(1702018754000)/",66900,600,4485000,293893000000,3400,false,5.35
"MSN",135839,"/Date(1702018754000)/",66900,500,4484400,293853000000,3400,false,5.35
"MSN",135839,"/Date(1702018753000)/",66800,100,4483900,293820000000,3300,true,5.2
"MSN",135836,"/Date(1702018750000)/",66800,200,4483800,293813000000,3300,true,5.2
"MSN",135836,"/Date(1702018747000)/",66800,700,4483600,293800000000,3300,true,5.2
"MSN",135836,"/Date(1702018747000)/",66800,500,4482900,293753000000,3300,true,5.2
"MSN",135830,"/Date(1702018743000)/",66800,300,4482400,293720000000,3300,true,5.2
"MSN",135826,"/Date(1702018740000)/",66800,1000,4482100,293700000000,3300,true,5.2
"MSN",135826,"/Date(1702018740000)/",66800,200,4481100,293633000000,3300,true,5.2
"MSN",135826,"/Date(1702018739000)/",66800,300,4480900,293619000000,3300,true,5.2
"MSN",135826,"/Date(1702018739000)/",66800,100,4480600,293599000000,3300,true,5.2
"MSN",135826,"/Date(1702018739000)/",66800,100,4480500,293593000000,3300,true,5.2
"MSN",135826,"/Date(1702018739000)/",66800,100,4480400,293586000000,3300,true,5.2
"MSN",135826,"/Date(1702018739000)/",66800,5000,4480300,293579000000,3300,true,5.2
"MSN",135826,"/Date(1702018739000)/",66800,200,4475300,293245000000,3300,true,5.2
"MSN",135826,"/Date(1702018739000)/",66800,1000,4475100,293232000000,3300,true,5.2
"MSN",135826,"/Date(1702018739000)/",66800,100,4474100,293165000000,3300,true,5.2
"MSN",135826,"/Date(1702018739000)/",66800,100,4474000,293158000000,3300,true,5.2
"MSN",135826,"/Date(1702018739000)/",66800,700,4473900,293152000000,3300,true,5.2
"MSN",135826,"/Date(1702018739000)/",66800,1000,4473200,293105000000,3300,true,5.2
"MSN",135826,"/Date(1702018739000)/",66800,1000,4472200,293038000000,3300,true,5.2
"MSN",135826,"/Date(1702018739000)/",66800,100,4471200,292971000000,3300,true,5.2
"MSN",135826,"/Date(1702018739000)/",66800,100,4471100,292965000000,3300,true,5.2
"MSN",135826,"/Date(1702018739000)/",66800,1000,4471000,292958000000,3300,true,5.2
"MSN",135826,"/Date(1702018739000)/",66800,300,4470000,292891000000,3300,true,5.2
"MSN",135826,"/Date(1702018739000)/",66800,500,4469700,292871000000,3300,true,5.2
"MSN",135826,"/Date(1702018739000)/",66800,100,4469200,292838000000,3300,true,5.2
"MSN",135826,"/Date(1702018739000)/",66800,100,4469100,292831000000,3300,true,5.2
"MSN",135826,"/Date(1702018739000)/",66800,200,4469000,292824000000,3300,true,5.2
"MSN",135826,"/Date(1702018739000)/",66800,100,4468800,292811000000,3300,true,5.2
"MSN",135826,"/Date(1702018739000)/",66800,100,4468700,292804000000,3300,true,5.2
"MSN",135826,"/Date(1702018739000)/",66800,200,4468600,292798000000,3300,true,5.2
"MSN",135826,"/Date(1702018739000)/",66800,2700,4468400,292784000000,3300,true,5.2
"MSN",135826,"/Date(1702018739000)/",66800,200,4465700,292604000000,3300,true,5.2
"MSN",135826,"/Date(1702018739000)/",66800,100,4465500,292591000000,3300,true,5.2
"MSN",135826,"/Date(1702018739000)/",66800,100,4465400,292584000000,3300,true,5.2
"MSN",135826,"/Date(1702018739000)/",66800,500,4465300,292577000000,3300,true,5.2
"MSN",135826,"/Date(1702018739000)/",66800,1000,4464800,292544000000,3300,true,5.2
"MSN",135826,"/Date(1702018739000)/",66800,1000,4463800,292477000000,3300,true,5.2
"MSN",135826,"/Date(1702018739000)/",66800,1000,4462800,292410000000,3300,true,5.2
"MSN",135826,"/Date(1702018739000)/",66800,100,4461800,292343000000,3300,true,5.2
"MSN",135826,"/Date(1702018739000)/",66800,200,4461700,292337000000,3300,true,5.2
"MSN",135826,"/Date(1702018739000)/",66800,100,4461500,292323000000,3300,true,5.2
"MSN",135826,"/Date(1702018739000)/",66800,300,4461400,292317000000,3300,true,5.2
"MSN",135826,"/Date(1702018739000)/",66800,1000,4461100,292297000000,3300,true,5.2
"MSN",135826,"/Date(1702018739000)/",66800,100,4460100,292230000000,3300,true,5.2
"MSN",135826,"/Date(1702018739000)/",66800,2900,4460000,292223000000,3300,true,5.2
"MSN",135826,"/Date(1702018739000)/",66800,100,4457100,292030000000,3300,true,5.2
"MSN",135826,"/Date(1702018739000)/",66800,2900,4457000,292023000000,3300,true,5.2
"MSN",135826,"/Date(1702018738000)/",66800,1900,4454100,291829000000,3300,true,5.2
"MSN",135817,"/Date(1702018729000)/",66800,200,4452200,291702000000,3300,false,5.2
"MSN",135817,"/Date(1702018729000)/",66800,100,4452000,291689000000,3300,false,5.2
"MSN",135817,"/Date(1702018729000)/",66800,800,4451900,291682000000,3300,false,5.2
"MSN",135817,"/Date(1702018728000)/",66700,300,4451100,291629000000,3200,true,5.04
"MSN",135813,"/Date(1702018725000)/",66800,3000,4450800,291609000000,3300,false,5.2
"MSN",135813,"/Date(1702018725000)/",66800,1200,4447800,291408000000,3300,false,5.2
"MSN",135813,"/Date(1702018725000)/",66800,100,4446600,291328000000,3300,false,5.2
"MSN",135813,"/Date(1702018725000)/",66800,100,4446500,291321000000,3300,false,5.2
"MSN",135813,"/Date(1702018725000)/",66800,3600,4446400,291315000000,3300,false,5.2
"MSN",135804,"/Date(1702018718000)/",66700,300,4442800,291074000000,3200,true,5.04
