"Stockcode","Package","TradingDate","Price","Vol","TotalVol","TotalVal","Change","IsBuy","PerChange"
"TCD",144428,"/Date(1702021501000)/",7350,197900,1463100,10866000000,-220,false,-2.91
"TCD",142904,"/Date(1702020580000)/",7400,900,1265200,9411000000,-170,true,-2.25
"TCD",142904,"/Date(1702020580000)/",7400,900,1264300,9405000000,-170,true,-2.25
"TCD",142904,"/Date(1702020580000)/",7400,2200,1263400,9398000000,-170,true,-2.25
"TCD",142904,"/Date(1702020580000)/",7430,1000,1261200,9382000000,-140,true,-1.85
"TCD",142852,"/Date(1702020568000)/",7430,1000,1260200,9374000000,-140,false,-1.85
"TCD",142832,"/Date(1702020548000)/",7400,7800,1259200,9367000000,-170,false,-2.25
"TCD",142829,"/Date(1702020544000)/",7400,2200,1251400,9309000000,-170,false,-2.25
"TCD",142829,"/Date(1702020544000)/",7400,1500,1249200,9293000000,-170,false,-2.25
"TCD",142823,"/Date(1702020538000)/",7400,500,1247700,9282000000,-170,false,-2.25
"TCD",142816,"/Date(1702020531000)/",7400,500,1247200,9278000000,-170,false,-2.25
"TCD",142810,"/Date(1702020527000)/",7400,400,1246700,9274000000,-170,false,-2.25
"TCD",142810,"/Date(1702020525000)/",7400,3700,1246300,9271000000,-170,false,-2.25
"TCD",142810,"/Date(1702020525000)/",7400,3300,1242600,9244000000,-170,false,-2.25
"TCD",142757,"/Date(1702020513000)/",7400,3800,1239300,9220000000,-170,false,-2.25
"TCD",142757,"/Date(1702020512000)/",7400,1000,1235500,9192000000,-170,false,-2.25
"TCD",142754,"/Date(1702020511000)/",7400,1000,1234500,9184000000,-170,false,-2.25
"TCD",142754,"/Date(1702020510000)/",7400,500,1233500,9177000000,-170,false,-2.25
"TCD",142744,"/Date(1702020500000)/",7400,400,1233000,9173000000,-170,false,-2.25
"TCD",142744,"/Date(1702020500000)/",7400,600,1232600,9170000000,-170,false,-2.25
"TCD",142738,"/Date(1702020493000)/",7400,1000,1232000,9166000000,-170,false,-2.25
"TCD",142735,"/Date(1702020491000)/",7400,400,1231000,9158000000,-170,false,-2.25
"TCD",142735,"/Date(1702020491000)/",7400,100,1230600,9155000000,-170,false,-2.25
"TCD",142725,"/Date(1702020482000)/",7400,500,1230500,9155000000,-170,false,-2.25
"TCD",142702,"/Date(1702020459000)/",7380,1000,1230000,9151000000,-190,true,-2.51
"TCD",142702,"/Date(1702020459000)/",7380,3300,1229000,9143000000,-190,true,-2.51
"TCD",142653,"/Date(1702020449000)/",7360,2000,1225700,9119000000,-210,true,-2.77
"TCD",142650,"/Date(1702020447000)/",7360,3900,1223700,9104000000,-210,true,-2.77
"TCD",142650,"/Date(1702020447000)/",7360,500,1219800,9076000000,-210,true,-2.77
"TCD",142646,"/Date(1702020441000)/",7360,100,1219300,9072000000,-210,false,-2.77
"TCD",142646,"/Date(1702020441000)/",7360,10000,1219200,9071000000,-210,false,-2.77
"TCD",142646,"/Date(1702020441000)/",7360,500,1209200,8998000000,-210,false,-2.77
"TCD",142643,"/Date(1702020439000)/",7360,100,1208700,8994000000,-210,false,-2.77
"TCD",142643,"/Date(1702020438000)/",7360,500,1208600,8993000000,-210,false,-2.77
"TCD",142640,"/Date(1702020437000)/",7360,400,1208100,8990000000,-210,false,-2.77
"TCD",142640,"/Date(1702020436000)/",7380,200,1207700,8987000000,-190,false,-2.51
"TCD",142640,"/Date(1702020436000)/",7370,2800,1207500,8985000000,-200,false,-2.64
"TCD",142640,"/Date(1702020436000)/",7360,600,1204700,8965000000,-210,false,-2.77
"TCD",142640,"/Date(1702020436000)/",7360,300,1204100,8960000000,-210,false,-2.77
"TCD",142630,"/Date(1702020426000)/",7360,2000,1203800,8958000000,-210,false,-2.77
"TCD",142630,"/Date(1702020426000)/",7360,2700,1201800,8943000000,-210,false,-2.77
"TCD",142630,"/Date(1702020425000)/",7360,2400,1199100,8923000000,-210,false,-2.77
"TCD",142627,"/Date(1702020421000)/",7360,1000,1196700,8906000000,-210,false,-2.77
"TCD",142621,"/Date(1702020416000)/",7360,400,1195700,8898000000,-210,true,-2.77
"TCD",142621,"/Date(1702020416000)/",7360,3000,1195300,8895000000,-210,true,-2.77
"TCD",142621,"/Date(1702020416000)/",7360,5500,1192300,8873000000,-210,true,-2.77
"TCD",142614,"/Date(1702020411000)/",7360,10000,1186800,8833000000,-210,true,-2.77
"TCD",142611,"/Date(1702020407000)/",7370,1000,1176800,8759000000,-200,false,-2.64
"TCD",142608,"/Date(1702020402000)/",7360,700,1175800,8752000000,-210,true,-2.77
"TCD",142605,"/Date(1702020399000)/",7360,3800,1175100,8747000000,-210,true,-2.77
"TCD",142605,"/Date(1702020399000)/",7360,1000,1171300,8719000000,-210,true,-2.77
"TCD",142605,"/Date(1702020399000)/",7360,5200,1170300,8711000000,-210,true,-2.77
"TCD",142605,"/Date(1702020399000)/",7360,1000,1165100,8673000000,-210,true,-2.77
"TCD",142601,"/Date(1702020398000)/",7370,100,1164100,8666000000,-200,false,-2.64
"TCD",142552,"/Date(1702020386000)/",7360,13800,1164000,8665000000,-210,true,-2.77
"TCD",142552,"/Date(1702020386000)/",7360,1000,1150200,8563000000,-210,true,-2.77
"TCD",142552,"/Date(1702020386000)/",7370,100,1149200,8556000000,-200,true,-2.64
"TCD",142549,"/Date(1702020385000)/",7370,900,1149100,8555000000,-200,true,-2.64
"TCD",142549,"/Date(1702020385000)/",7370,1000,1148200,8549000000,-200,true,-2.64
"TCD",142549,"/Date(1702020385000)/",7370,100,1147200,8541000000,-200,true,-2.64
"TCD",142549,"/Date(1702020385000)/",7370,500,1147100,8541000000,-200,true,-2.64
"TCD",142546,"/Date(1702020380000)/",7370,500,1146600,8537000000,-200,true,-2.64
"TCD",142546,"/Date(1702020380000)/",7370,1000,1146100,8533000000,-200,true,-2.64
"TCD",142546,"/Date(1702020380000)/",7370,500,1145100,8526000000,-200,true,-2.64
"TCD",142526,"/Date(1702020362000)/",7380,100,1144600,8522000000,-190,true,-2.51
"TCD",142513,"/Date(1702020349000)/",7380,100,1144500,8521000000,-190,true,-2.51
"TCD",142513,"/Date(1702020349000)/",7380,100,1144400,8521000000,-190,true,-2.51
"TCD",142513,"/Date(1702020349000)/",7380,200,1144300,8520000000,-190,true,-2.51
"TCD",142513,"/Date(1702020349000)/",7380,600,1144100,8518000000,-190,true,-2.51
"TCD",142513,"/Date(1702020349000)/",7380,100,1143500,8514000000,-190,true,-2.51
"TCD",142513,"/Date(1702020349000)/",7380,2000,1143400,8513000000,-190,true,-2.51
"TCD",142513,"/Date(1702020349000)/",7380,100,1141400,8499000000,-190,true,-2.51
"TCD",142513,"/Date(1702020349000)/",7380,800,1141300,8498000000,-190,true,-2.51
"TCD",142513,"/Date(1702020349000)/",7390,1000,1140500,8492000000,-180,true,-2.38
"TCD",142510,"/Date(1702020345000)/",7390,9000,1139500,8485000000,-180,false,-2.38
"TCD",142448,"/Date(1702020324000)/",7380,2800,1130500,8418000000,-190,true,-2.51
"TCD",142432,"/Date(1702020306000)/",7380,1400,1127700,8397000000,-190,true,-2.51
"TCD",142432,"/Date(1702020306000)/",7380,100,1126300,8387000000,-190,true,-2.51
"TCD",142432,"/Date(1702020306000)/",7380,1000,1126200,8386000000,-190,true,-2.51
"TCD",142432,"/Date(1702020306000)/",7380,100,1125200,8379000000,-190,true,-2.51
"TCD",142432,"/Date(1702020306000)/",7380,300,1125100,8378000000,-190,true,-2.51
"TCD",142432,"/Date(1702020306000)/",7380,400,1124800,8376000000,-190,true,-2.51
"TCD",142432,"/Date(1702020306000)/",7380,2000,1124400,8373000000,-190,true,-2.51
"TCD",142432,"/Date(1702020306000)/",7380,1000,1122400,8358000000,-190,true,-2.51
"TCD",142432,"/Date(1702020306000)/",7380,200,1121400,8351000000,-190,true,-2.51
"TCD",142432,"/Date(1702020306000)/",7380,200,1121200,8349000000,-190,true,-2.51
"TCD",142432,"/Date(1702020306000)/",7380,200,1121000,8348000000,-190,true,-2.51
"TCD",142432,"/Date(1702020306000)/",7380,300,1120800,8346000000,-190,true,-2.51
"TCD",142432,"/Date(1702020306000)/",7380,200,1120500,8344000000,-190,true,-2.51
"TCD",142432,"/Date(1702020306000)/",7380,1500,1120300,8343000000,-190,true,-2.51
"TCD",142432,"/Date(1702020306000)/",7380,100,1118800,8332000000,-190,true,-2.51
"TCD",142432,"/Date(1702020306000)/",7380,1000,1118700,8331000000,-190,true,-2.51
"TCD",142350,"/Date(1702020266000)/",7400,1400,1117700,8324000000,-170,true,-2.25
"TCD",142344,"/Date(1702020259000)/",7400,3500,1116300,8313000000,-170,true,-2.25
"TCD",142344,"/Date(1702020257000)/",7400,100,1112800,8287000000,-170,true,-2.25
"TCD",142340,"/Date(1702020254000)/",7400,5000,1112700,8287000000,-170,true,-2.25
"TCD",142327,"/Date(1702020243000)/",7380,3200,1107700,8250000000,-190,true,-2.51
"TCD",142327,"/Date(1702020243000)/",7390,16800,1104500,8226000000,-180,true,-2.38
"TCD",142321,"/Date(1702020236000)/",7410,2600,1087700,8102000000,-160,false,-2.11
"TCD",142321,"/Date(1702020236000)/",7400,1300,1085100,8082000000,-170,false,-2.25
"TCD",142318,"/Date(1702020233000)/",7390,3200,1083800,8073000000,-180,true,-2.38
"TCD",142318,"/Date(1702020233000)/",7390,2000,1080600,8049000000,-180,true,-2.38
"TCD",142318,"/Date(1702020233000)/",7390,500,1078600,8034000000,-180,true,-2.38
"TCD",142318,"/Date(1702020233000)/",7390,600,1078100,8031000000,-180,true,-2.38
"TCD",142318,"/Date(1702020233000)/",7400,300,1077500,8026000000,-170,false,-2.25
"TCD",142318,"/Date(1702020233000)/",7400,1000,1077200,8024000000,-170,false,-2.25
"TCD",142318,"/Date(1702020233000)/",7400,200,1076200,8017000000,-170,false,-2.25
"TCD",142318,"/Date(1702020233000)/",7400,2200,1076000,8015000000,-170,false,-2.25
"TCD",142315,"/Date(1702020229000)/",7400,2800,1073800,7999000000,-170,true,-2.25
"TCD",142315,"/Date(1702020229000)/",7400,1000,1071000,7978000000,-170,true,-2.25
"TCD",142315,"/Date(1702020229000)/",7400,500,1070000,7971000000,-170,true,-2.25
"TCD",142315,"/Date(1702020229000)/",7400,200,1069500,7967000000,-170,true,-2.25
"TCD",142315,"/Date(1702020229000)/",7400,2000,1069300,7966000000,-170,true,-2.25
"TCD",142315,"/Date(1702020229000)/",7400,3500,1067300,7951000000,-170,true,-2.25
"TCD",142308,"/Date(1702020223000)/",7430,1800,1063800,7925000000,-140,false,-1.85
"TCD",142308,"/Date(1702020223000)/",7420,2000,1062000,7912000000,-150,false,-1.98
"TCD",142308,"/Date(1702020223000)/",7420,700,1060000,7897000000,-150,false,-1.98
"TCD",142308,"/Date(1702020223000)/",7410,5500,1059300,7892000000,-160,false,-2.11
"TCD",142259,"/Date(1702020213000)/",7400,500,1053800,7851000000,-170,true,-2.25
"TCD",142246,"/Date(1702020200000)/",7410,2000,1053300,7847000000,-160,false,-2.11
"TCD",142214,"/Date(1702020169000)/",7400,100,1051300,7832000000,-170,true,-2.25
"TCD",142126,"/Date(1702020120000)/",7410,200,1051200,7832000000,-160,false,-2.11
"TCD",142126,"/Date(1702020120000)/",7410,2300,1051000,7830000000,-160,false,-2.11
"TCD",142110,"/Date(1702020104000)/",7410,2000,1048700,7813000000,-160,true,-2.11
"TCD",142044,"/Date(1702020080000)/",7410,700,1046700,7798000000,-160,true,-2.11
"TCD",142044,"/Date(1702020080000)/",7410,300,1046000,7793000000,-160,true,-2.11
"TCD",142041,"/Date(1702020074000)/",7410,700,1045700,7791000000,-160,true,-2.11
"TCD",142041,"/Date(1702020074000)/",7410,300,1045000,7786000000,-160,true,-2.11
"TCD",142025,"/Date(1702020060000)/",7410,3000,1044700,7783000000,-160,true,-2.11
"TCD",142025,"/Date(1702020059000)/",7410,1700,1041700,7761000000,-160,true,-2.11
"TCD",142025,"/Date(1702020059000)/",7410,1000,1040000,7749000000,-160,true,-2.11
"TCD",142025,"/Date(1702020059000)/",7410,300,1039000,7741000000,-160,true,-2.11
"TCD",142009,"/Date(1702020044000)/",7410,200,1038700,7739000000,-160,true,-2.11
"TCD",142003,"/Date(1702020036000)/",7420,200,1038500,7737000000,-150,true,-1.98
"TCD",142003,"/Date(1702020036000)/",7420,500,1038300,7736000000,-150,true,-1.98
"TCD",141947,"/Date(1702020022000)/",7420,500,1037800,7732000000,-150,true,-1.98
"TCD",141947,"/Date(1702020022000)/",7420,100,1037300,7729000000,-150,true,-1.98
"TCD",141947,"/Date(1702020022000)/",7420,400,1037200,7728000000,-150,true,-1.98
"TCD",141924,"/Date(1702020000000)/",7420,600,1036800,7725000000,-150,true,-1.98
"TCD",141924,"/Date(1702020000000)/",7420,700,1036200,7720000000,-150,true,-1.98
"TCD",141921,"/Date(1702019996000)/",7420,300,1035500,7715000000,-150,true,-1.98
"TCD",141839,"/Date(1702019956000)/",7430,7200,1035200,7713000000,-140,true,-1.85
"TCD",141735,"/Date(1702019891000)/",7440,1900,1028000,7659000000,-130,true,-1.72
"TCD",141735,"/Date(1702019891000)/",7440,100,1026100,7645000000,-130,true,-1.72
"TCD",141735,"/Date(1702019891000)/",7440,100,1026000,7645000000,-130,true,-1.72
"TCD",141735,"/Date(1702019891000)/",7440,100,1025900,7644000000,-130,true,-1.72
"TCD",141719,"/Date(1702019875000)/",7450,5000,1025800,7643000000,-120,false,-1.59
"TCD",141710,"/Date(1702019865000)/",7450,1500,1020800,7606000000,-120,true,-1.59
"TCD",141647,"/Date(1702019842000)/",7450,100,1019300,7595000000,-120,false,-1.59
"TCD",141647,"/Date(1702019842000)/",7450,100,1019200,7594000000,-120,false,-1.59
"TCD",141647,"/Date(1702019842000)/",7450,8300,1019100,7593000000,-120,false,-1.59
"TCD",141543,"/Date(1702019779000)/",7450,100,1010800,7531000000,-120,false,-1.59
"TCD",141524,"/Date(1702019760000)/",7440,100,1010700,7531000000,-130,true,-1.72
"TCD",141524,"/Date(1702019760000)/",7440,100,1010600,7530000000,-130,true,-1.72
"TCD",141524,"/Date(1702019760000)/",7440,300,1010500,7529000000,-130,true,-1.72
"TCD",141518,"/Date(1702019753000)/",7440,100,1010200,7527000000,-130,true,-1.72
"TCD",141225,"/Date(1702019579000)/",7430,600,1010100,7526000000,-140,true,-1.85
"TCD",141215,"/Date(1702019570000)/",7430,300,1009500,7522000000,-140,true,-1.85
"TCD",141156,"/Date(1702019550000)/",7430,3000,1009200,7519000000,-140,true,-1.85
"TCD",141111,"/Date(1702019505000)/",7430,6000,1006200,7497000000,-140,false,-1.85
"TCD",141108,"/Date(1702019503000)/",7430,1500,1000200,7453000000,-140,false,-1.85
"TCD",141055,"/Date(1702019489000)/",7430,3000,998700,7441000000,-140,false,-1.85
"TCD",141036,"/Date(1702019469000)/",7420,100,995700,7419000000,-150,false,-1.98
"TCD",141036,"/Date(1702019469000)/",7420,800,995600,7418000000,-150,false,-1.98
"TCD",140945,"/Date(1702019419000)/",7400,100,994800,7412000000,-170,false,-2.25
"TCD",140945,"/Date(1702019419000)/",7400,800,994700,7412000000,-170,false,-2.25
"TCD",140903,"/Date(1702019377000)/",7400,200,993900,7406000000,-170,true,-2.25
"TCD",140847,"/Date(1702019362000)/",7400,800,993700,7404000000,-170,false,-2.25
"TCD",140815,"/Date(1702019331000)/",7390,200,992900,7398000000,-180,false,-2.38
"TCD",140815,"/Date(1702019330000)/",7380,100,992700,7397000000,-190,true,-2.51
"TCD",140756,"/Date(1702019310000)/",7390,500,992600,7396000000,-180,false,-2.38
"TCD",140746,"/Date(1702019301000)/",7380,200,992100,7392000000,-190,true,-2.51
"TCD",140740,"/Date(1702019294000)/",7390,100,991900,7391000000,-180,true,-2.38
"TCD",140734,"/Date(1702019286000)/",7380,100,991800,7390000000,-190,true,-2.51
"TCD",140718,"/Date(1702019272000)/",7380,500,991700,7390000000,-190,true,-2.51
"TCD",140708,"/Date(1702019262000)/",7380,7000,991200,7386000000,-190,true,-2.51
"TCD",140708,"/Date(1702019262000)/",7380,7900,984200,7334000000,-190,true,-2.51
"TCD",140708,"/Date(1702019262000)/",7380,500,976300,7276000000,-190,true,-2.51
"TCD",140708,"/Date(1702019262000)/",7380,500,975800,7272000000,-190,true,-2.51
"TCD",140708,"/Date(1702019262000)/",7390,500,975300,7268000000,-180,false,-2.38
"TCD",140708,"/Date(1702019262000)/",7390,500,974800,7265000000,-180,false,-2.38
"TCD",140708,"/Date(1702019262000)/",7390,100,974300,7261000000,-180,false,-2.38
"TCD",140708,"/Date(1702019262000)/",7390,100,974200,7260000000,-180,false,-2.38
"TCD",140708,"/Date(1702019262000)/",7390,100,974100,7260000000,-180,false,-2.38
"TCD",140708,"/Date(1702019262000)/",7390,3000,974000,7259000000,-180,false,-2.38
"TCD",140708,"/Date(1702019262000)/",7390,20000,971000,7237000000,-180,false,-2.38
"TCD",140708,"/Date(1702019262000)/",7390,100,951000,7089000000,-180,false,-2.38
"TCD",140708,"/Date(1702019262000)/",7390,200,950900,7088000000,-180,false,-2.38
"TCD",140702,"/Date(1702019254000)/",7390,800,950700,7087000000,-180,true,-2.38
"TCD",140702,"/Date(1702019254000)/",7390,300,949900,7081000000,-180,true,-2.38
"TCD",140702,"/Date(1702019254000)/",7390,900,949600,7079000000,-180,true,-2.38
"TCD",140633,"/Date(1702019228000)/",7390,800,948700,7072000000,-180,true,-2.38
"TCD",140633,"/Date(1702019228000)/",7390,300,947900,7066000000,-180,true,-2.38
"TCD",140633,"/Date(1702019228000)/",7390,500,947600,7064000000,-180,true,-2.38
"TCD",140633,"/Date(1702019228000)/",7390,400,947100,7060000000,-180,true,-2.38
"TCD",140610,"/Date(1702019205000)/",7390,100,946700,7057000000,-180,true,-2.38
"TCD",140610,"/Date(1702019205000)/",7390,300,946600,7056000000,-180,true,-2.38
"TCD",140610,"/Date(1702019205000)/",7390,100,946300,7054000000,-180,true,-2.38
"TCD",140604,"/Date(1702019197000)/",7390,100,946200,7053000000,-180,true,-2.38
"TCD",140548,"/Date(1702019180000)/",7400,2300,946100,7053000000,-170,true,-2.25
"TCD",140535,"/Date(1702019168000)/",7400,1000,943800,7036000000,-170,false,-2.25
"TCD",140535,"/Date(1702019168000)/",7400,1700,942800,7028000000,-170,false,-2.25
"TCD",140516,"/Date(1702019148000)/",7390,2500,941100,7016000000,-180,true,-2.38
"TCD",140516,"/Date(1702019148000)/",7400,500,938600,6997000000,-170,false,-2.25
"TCD",140353,"/Date(1702019066000)/",7390,2300,938100,6994000000,-180,true,-2.38
"TCD",140353,"/Date(1702019066000)/",7390,13200,935800,6977000000,-180,true,-2.38
"TCD",140353,"/Date(1702019066000)/",7400,500,922600,6879000000,-170,false,-2.25
"TCD",140353,"/Date(1702019066000)/",7400,10000,922100,6875000000,-170,false,-2.25
"TCD",140353,"/Date(1702019066000)/",7400,100,912100,6801000000,-170,false,-2.25
"TCD",140353,"/Date(1702019066000)/",7400,20000,912000,6801000000,-170,false,-2.25
"TCD",140353,"/Date(1702019066000)/",7400,5000,892000,6653000000,-170,false,-2.25
"TCD",140353,"/Date(1702019066000)/",7400,500,887000,6616000000,-170,false,-2.25
"TCD",140353,"/Date(1702019066000)/",7400,100,886500,6612000000,-170,false,-2.25
"TCD",140353,"/Date(1702019066000)/",7400,1000,886400,6611000000,-170,false,-2.25
"TCD",140353,"/Date(1702019066000)/",7400,200,885400,6604000000,-170,false,-2.25
"TCD",140353,"/Date(1702019066000)/",7400,10000,885200,6602000000,-170,false,-2.25
"TCD",140353,"/Date(1702019066000)/",7400,100,875200,6528000000,-170,false,-2.25
"TCD",140353,"/Date(1702019066000)/",7400,2000,875100,6527000000,-170,false,-2.25
"TCD",140353,"/Date(1702019066000)/",7410,1200,873100,6513000000,-160,false,-2.11
"TCD",140353,"/Date(1702019066000)/",7410,200,871900,6504000000,-160,false,-2.11
"TCD",140353,"/Date(1702019066000)/",7410,500,871700,6502000000,-160,false,-2.11
"TCD",140353,"/Date(1702019066000)/",7420,2900,871200,6499000000,-150,false,-1.98
"TCD",140350,"/Date(1702019062000)/",7420,1700,868300,6477000000,-150,true,-1.98
"TCD",140350,"/Date(1702019062000)/",7440,2200,866600,6464000000,-130,true,-1.72
"TCD",140346,"/Date(1702019061000)/",7440,500,864400,6448000000,-130,false,-1.72
"TCD",140327,"/Date(1702019039000)/",7420,2600,863900,6444000000,-150,false,-1.98
"TCD",140258,"/Date(1702019011000)/",7420,100,861300,6425000000,-150,true,-1.98
"TCD",140258,"/Date(1702019011000)/",7420,100,861200,6424000000,-150,true,-1.98
"TCD",140258,"/Date(1702019011000)/",7420,2800,861100,6424000000,-150,true,-1.98
"TCD",140239,"/Date(1702018994000)/",7420,800,858300,6403000000,-150,true,-1.98
"TCD",140214,"/Date(1702018967000)/",7450,700,857500,6397000000,-120,false,-1.59
"TCD",140207,"/Date(1702018962000)/",7450,200,856800,6392000000,-120,false,-1.59
"TCD",140158,"/Date(1702018951000)/",7450,700,856600,6390000000,-120,true,-1.59
"TCD",140126,"/Date(1702018918000)/",7450,1000,855900,6385000000,-120,true,-1.59
"TCD",140103,"/Date(1702018896000)/",7450,2300,854900,6378000000,-120,true,-1.59
"TCD",140103,"/Date(1702018896000)/",7450,700,852600,6360000000,-120,true,-1.59
"TCD",140015,"/Date(1702018848000)/",7450,300,851900,6355000000,-120,true,-1.59
"TCD",140015,"/Date(1702018848000)/",7450,1000,851600,6353000000,-120,true,-1.59
"TCD",140015,"/Date(1702018848000)/",7450,500,850600,6345000000,-120,true,-1.59
"TCD",140009,"/Date(1702018841000)/",7450,300,850100,6342000000,-120,true,-1.59
"TCD",135921,"/Date(1702018795000)/",7450,100,849800,6340000000,-120,false,-1.59
"TCD",135921,"/Date(1702018795000)/",7450,100,849700,6339000000,-120,false,-1.59
"TCD",135855,"/Date(1702018769000)/",7420,2700,849600,6338000000,-150,true,-1.98
"TCD",135846,"/Date(1702018758000)/",7420,1500,846900,6318000000,-150,true,-1.98
"TCD",135846,"/Date(1702018758000)/",7430,200,845400,6307000000,-140,true,-1.85
"TCD",135846,"/Date(1702018758000)/",7430,1300,845200,6305000000,-140,true,-1.85
"TCD",135807,"/Date(1702018720000)/",7450,500,843900,6296000000,-120,false,-1.59
"TCD",135754,"/Date(1702018707000)/",7450,2000,843400,6292000000,-120,false,-1.59
"TCD",135735,"/Date(1702018687000)/",7450,2000,841400,6277000000,-120,true,-1.59
"TCD",135732,"/Date(1702018683000)/",7430,8700,839400,6262000000,-140,true,-1.85
"TCD",135732,"/Date(1702018683000)/",7430,1000,830700,6198000000,-140,true,-1.85
"TCD",135732,"/Date(1702018683000)/",7430,1000,829700,6190000000,-140,true,-1.85
"TCD",135732,"/Date(1702018683000)/",7440,500,828700,6183000000,-130,true,-1.72
"TCD",135732,"/Date(1702018683000)/",7440,500,828200,6179000000,-130,true,-1.72
"TCD",135732,"/Date(1702018683000)/",7450,1000,827700,6175000000,-120,true,-1.59
"TCD",135732,"/Date(1702018683000)/",7450,300,826700,6168000000,-120,true,-1.59
"TCD",135732,"/Date(1702018683000)/",7450,100,826400,6166000000,-120,true,-1.59
"TCD",135647,"/Date(1702018639000)/",7460,200,826300,6165000000,-110,false,-1.45
"TCD",135549,"/Date(1702018582000)/",7460,1800,826100,6163000000,-110,false,-1.45
"TCD",135543,"/Date(1702018574000)/",7460,100,824300,6150000000,-110,false,-1.45
"TCD",135543,"/Date(1702018574000)/",7460,9900,824200,6149000000,-110,false,-1.45
"TCD",135536,"/Date(1702018568000)/",7450,3900,814300,6075000000,-120,true,-1.59
"TCD",135527,"/Date(1702018560000)/",7460,100,810400,6046000000,-110,false,-1.45
"TCD",135514,"/Date(1702018546000)/",7450,100,810300,6045000000,-120,true,-1.59
"TCD",135406,"/Date(1702018478000)/",7450,1800,810200,6045000000,-120,false,-1.59
"TCD",135406,"/Date(1702018478000)/",7450,2000,808400,6031000000,-120,false,-1.59
"TCD",135406,"/Date(1702018478000)/",7450,500,806400,6016000000,-120,false,-1.59
"TCD",135204,"/Date(1702018358000)/",7450,100,805900,6013000000,-120,false,-1.59
"TCD",135016,"/Date(1702018250000)/",7450,100,805800,6012000000,-120,false,-1.59
"TCD",135016,"/Date(1702018250000)/",7450,800,805700,6011000000,-120,false,-1.59
"TCD",135016,"/Date(1702018250000)/",7450,100,804900,6005000000,-120,false,-1.59
"TCD",134720,"/Date(1702018072000)/",7450,100,804800,6005000000,-120,false,-1.59
"TCD",134639,"/Date(1702018032000)/",7400,1900,804700,6004000000,-170,false,-2.25
"TCD",134639,"/Date(1702018029000)/",7400,1000,802800,5990000000,-170,false,-2.25
"TCD",134639,"/Date(1702018029000)/",7400,300,801800,5982000000,-170,false,-2.25
"TCD",134629,"/Date(1702018022000)/",7400,100,801500,5980000000,-170,false,-2.25
"TCD",134623,"/Date(1702018015000)/",7400,500,801400,5979000000,-170,false,-2.25
"TCD",134623,"/Date(1702018014000)/",7400,400,800900,5976000000,-170,false,-2.25
"TCD",134557,"/Date(1702017990000)/",7400,100,800500,5973000000,-170,true,-2.25
"TCD",134557,"/Date(1702017990000)/",7400,1000,800400,5972000000,-170,true,-2.25
"TCD",134557,"/Date(1702017990000)/",7400,10000,799400,5965000000,-170,true,-2.25
"TCD",134557,"/Date(1702017990000)/",7400,200,789400,5891000000,-170,true,-2.25
"TCD",134557,"/Date(1702017990000)/",7400,300,789200,5889000000,-170,true,-2.25
"TCD",134557,"/Date(1702017990000)/",7400,300,788900,5887000000,-170,true,-2.25
"TCD",134557,"/Date(1702017990000)/",7410,200,788600,5885000000,-160,true,-2.11
"TCD",134557,"/Date(1702017990000)/",7410,300,788400,5883000000,-160,true,-2.11
"TCD",134557,"/Date(1702017990000)/",7410,5000,788100,5881000000,-160,true,-2.11
"TCD",134557,"/Date(1702017990000)/",7410,200,783100,5844000000,-160,true,-2.11
"TCD",134557,"/Date(1702017990000)/",7430,2000,782900,5842000000,-140,true,-1.85
"TCD",134557,"/Date(1702017990000)/",7430,200,780900,5828000000,-140,true,-1.85
"TCD",134535,"/Date(1702017967000)/",7430,1800,780700,5826000000,-140,false,-1.85
"TCD",134519,"/Date(1702017950000)/",7410,500,778900,5813000000,-160,true,-2.11
"TCD",134459,"/Date(1702017932000)/",7430,5000,778400,5809000000,-140,false,-1.85
"TCD",134450,"/Date(1702017920000)/",7410,300,773400,5772000000,-160,true,-2.11
"TCD",134320,"/Date(1702017833000)/",7380,500,773100,5770000000,-190,true,-2.51
"TCD",134320,"/Date(1702017833000)/",7380,500,772600,5766000000,-190,true,-2.51
"TCD",134320,"/Date(1702017833000)/",7390,5000,772100,5762000000,-180,false,-2.38
"TCD",134320,"/Date(1702017831000)/",7390,1000,767100,5725000000,-180,false,-2.38
"TCD",134314,"/Date(1702017827000)/",7390,500,766100,5718000000,-180,false,-2.38
"TCD",134314,"/Date(1702017826000)/",7390,100,765600,5714000000,-180,false,-2.38
"TCD",134304,"/Date(1702017815000)/",7390,1000,765500,5713000000,-180,false,-2.38
"TCD",134301,"/Date(1702017814000)/",7390,4000,764500,5706000000,-180,true,-2.38
"TCD",134301,"/Date(1702017813000)/",7390,200,760500,5676000000,-180,true,-2.38
"TCD",134301,"/Date(1702017813000)/",7390,100,760300,5675000000,-180,true,-2.38
"TCD",134301,"/Date(1702017813000)/",7390,300,760200,5674000000,-180,true,-2.38
"TCD",134301,"/Date(1702017813000)/",7390,1000,759900,5672000000,-180,true,-2.38
"TCD",134301,"/Date(1702017813000)/",7390,500,758900,5665000000,-180,true,-2.38
"TCD",134301,"/Date(1702017813000)/",7390,100,758400,5661000000,-180,true,-2.38
"TCD",134301,"/Date(1702017813000)/",7390,100,758300,5660000000,-180,true,-2.38
"TCD",134301,"/Date(1702017813000)/",7390,1500,758200,5660000000,-180,true,-2.38
"TCD",134301,"/Date(1702017813000)/",7400,200,756700,5648000000,-170,true,-2.25
"TCD",134301,"/Date(1702017813000)/",7400,1000,756500,5647000000,-170,true,-2.25
"TCD",134301,"/Date(1702017813000)/",7400,100,755500,5640000000,-170,true,-2.25
"TCD",134301,"/Date(1702017813000)/",7400,200,755400,5639000000,-170,true,-2.25
"TCD",134301,"/Date(1702017813000)/",7400,200,755200,5637000000,-170,true,-2.25
"TCD",134301,"/Date(1702017813000)/",7400,500,755000,5636000000,-170,true,-2.25
"TCD",134301,"/Date(1702017813000)/",7400,100,754500,5632000000,-170,true,-2.25
"TCD",134301,"/Date(1702017813000)/",7400,500,754400,5631000000,-170,true,-2.25
"TCD",134301,"/Date(1702017813000)/",7400,4000,753900,5628000000,-170,true,-2.25
"TCD",134301,"/Date(1702017813000)/",7400,400,749900,5598000000,-170,true,-2.25
"TCD",134301,"/Date(1702017813000)/",7410,500,749500,5595000000,-160,true,-2.11
"TCD",134301,"/Date(1702017813000)/",7410,200,749000,5591000000,-160,true,-2.11
"TCD",134301,"/Date(1702017813000)/",7410,200,748800,5590000000,-160,true,-2.11
"TCD",134226,"/Date(1702017779000)/",7400,300,748600,5588000000,-170,false,-2.25
"TCD",134226,"/Date(1702017779000)/",7400,300,748300,5586000000,-170,false,-2.25
"TCD",134226,"/Date(1702017779000)/",7400,1500,748000,5584000000,-170,false,-2.25
"TCD",134226,"/Date(1702017779000)/",7400,400,746500,5573000000,-170,false,-2.25
"TCD",134226,"/Date(1702017779000)/",7400,100,746100,5570000000,-170,false,-2.25
"TCD",134226,"/Date(1702017779000)/",7400,100,746000,5569000000,-170,false,-2.25
"TCD",134226,"/Date(1702017779000)/",7400,100,745900,5568000000,-170,false,-2.25
"TCD",134226,"/Date(1702017779000)/",7400,1000,745800,5568000000,-170,false,-2.25
"TCD",134226,"/Date(1702017779000)/",7400,300,744800,5560000000,-170,false,-2.25
"TCD",134226,"/Date(1702017779000)/",7400,5000,744500,5558000000,-170,false,-2.25
"TCD",134226,"/Date(1702017779000)/",7400,100,739500,5521000000,-170,false,-2.25
"TCD",134226,"/Date(1702017779000)/",7400,200,739400,5520000000,-170,false,-2.25
"TCD",134226,"/Date(1702017779000)/",7400,200,739200,5519000000,-170,false,-2.25
"TCD",134226,"/Date(1702017779000)/",7400,100,739000,5517000000,-170,false,-2.25
"TCD",134226,"/Date(1702017779000)/",7400,10000,738900,5517000000,-170,false,-2.25
"TCD",134226,"/Date(1702017779000)/",7400,10000,728900,5443000000,-170,false,-2.25
"TCD",134226,"/Date(1702017779000)/",7400,500,718900,5369000000,-170,false,-2.25
"TCD",134226,"/Date(1702017779000)/",7400,2000,718400,5365000000,-170,false,-2.25
"TCD",134226,"/Date(1702017779000)/",7400,200,716400,5350000000,-170,false,-2.25
"TCD",134226,"/Date(1702017779000)/",7410,1000,716200,5349000000,-160,true,-2.11
"TCD",134226,"/Date(1702017779000)/",7410,200,715200,5341000000,-160,true,-2.11
"TCD",134226,"/Date(1702017779000)/",7410,200,715000,5340000000,-160,true,-2.11
"TCD",134226,"/Date(1702017779000)/",7410,200,714800,5338000000,-160,true,-2.11
"TCD",134226,"/Date(1702017779000)/",7410,100,714600,5337000000,-160,true,-2.11
"TCD",134226,"/Date(1702017779000)/",7410,100,714500,5336000000,-160,true,-2.11
"TCD",134226,"/Date(1702017779000)/",7410,300,714400,5335000000,-160,true,-2.11
"TCD",134226,"/Date(1702017779000)/",7410,1100,714100,5333000000,-160,true,-2.11
"TCD",134226,"/Date(1702017779000)/",7410,500,713000,5325000000,-160,true,-2.11
"TCD",134226,"/Date(1702017779000)/",7410,1000,712500,5321000000,-160,true,-2.11
"TCD",134226,"/Date(1702017779000)/",7420,200,711500,5314000000,-150,true,-1.98
"TCD",134226,"/Date(1702017779000)/",7420,500,711300,5312000000,-150,true,-1.98
"TCD",134226,"/Date(1702017779000)/",7420,500,710800,5309000000,-150,true,-1.98
"TCD",134226,"/Date(1702017779000)/",7420,100,710300,5305000000,-150,true,-1.98
"TCD",134226,"/Date(1702017779000)/",7420,200,710200,5304000000,-150,true,-1.98
"TCD",134226,"/Date(1702017779000)/",7430,200,710000,5303000000,-140,true,-1.85
"TCD",134226,"/Date(1702017779000)/",7430,200,709800,5301000000,-140,true,-1.85
"TCD",134226,"/Date(1702017779000)/",7430,200,709600,5300000000,-140,true,-1.85
"TCD",134226,"/Date(1702017779000)/",7430,500,709400,5298000000,-140,true,-1.85
"TCD",134226,"/Date(1702017779000)/",7430,200,708900,5295000000,-140,true,-1.85
"TCD",134226,"/Date(1702017779000)/",7430,1000,708700,5293000000,-140,true,-1.85
"TCD",134226,"/Date(1702017779000)/",7430,100,707700,5286000000,-140,true,-1.85
"TCD",134128,"/Date(1702017719000)/",7430,400,707600,5285000000,-140,true,-1.85
"TCD",134128,"/Date(1702017719000)/",7430,500,707200,5282000000,-140,true,-1.85
"TCD",134128,"/Date(1702017719000)/",7430,500,706700,5278000000,-140,true,-1.85
"TCD",134128,"/Date(1702017719000)/",7430,200,706200,5275000000,-140,true,-1.85
"TCD",134021,"/Date(1702017653000)/",7430,200,706000,5273000000,-140,true,-1.85
"TCD",134021,"/Date(1702017653000)/",7430,100,705800,5272000000,-140,true,-1.85
"TCD",134021,"/Date(1702017653000)/",7430,2000,705700,5271000000,-140,true,-1.85
"TCD",134021,"/Date(1702017653000)/",7430,200,703700,5256000000,-140,true,-1.85
"TCD",134021,"/Date(1702017653000)/",7430,500,703500,5254000000,-140,true,-1.85
"TCD",134021,"/Date(1702017653000)/",7430,2000,703000,5251000000,-140,true,-1.85
"TCD",134021,"/Date(1702017653000)/",7440,300,701000,5236000000,-130,true,-1.72
"TCD",134021,"/Date(1702017653000)/",7440,500,700700,5234000000,-130,true,-1.72
"TCD",134021,"/Date(1702017653000)/",7440,500,700200,5230000000,-130,true,-1.72
"TCD",134021,"/Date(1702017653000)/",7440,3000,699700,5226000000,-130,true,-1.72
"TCD",134021,"/Date(1702017653000)/",7440,200,696700,5204000000,-130,true,-1.72
"TCD",134021,"/Date(1702017653000)/",7450,500,696500,5202000000,-120,true,-1.59
"TCD",133946,"/Date(1702017616000)/",7440,100,696000,5199000000,-130,true,-1.72
"TCD",133946,"/Date(1702017616000)/",7440,2200,695900,5198000000,-130,true,-1.72
"TCD",133946,"/Date(1702017616000)/",7440,200,693700,5182000000,-130,true,-1.72
"TCD",133946,"/Date(1702017616000)/",7440,100,693500,5180000000,-130,true,-1.72
"TCD",133946,"/Date(1702017616000)/",7450,400,693400,5179000000,-120,true,-1.59
"TCD",133927,"/Date(1702017598000)/",7450,1100,693000,5176000000,-120,true,-1.59
"TCD",133927,"/Date(1702017598000)/",7450,900,691900,5168000000,-120,true,-1.59
"TCD",133855,"/Date(1702017564000)/",7450,100,691000,5161000000,-120,true,-1.59
"TCD",133855,"/Date(1702017564000)/",7450,200,690900,5161000000,-120,true,-1.59
"TCD",133855,"/Date(1702017564000)/",7450,200,690700,5159000000,-120,true,-1.59
"TCD",133855,"/Date(1702017564000)/",7450,500,690500,5158000000,-120,true,-1.59
"TCD",133855,"/Date(1702017564000)/",7450,3300,690000,5154000000,-120,true,-1.59
"TCD",133855,"/Date(1702017564000)/",7450,200,686700,5129000000,-120,true,-1.59
"TCD",133855,"/Date(1702017564000)/",7450,500,686500,5128000000,-120,true,-1.59
"TCD",133851,"/Date(1702017562000)/",7450,500,686000,5124000000,-120,true,-1.59
"TCD",133851,"/Date(1702017562000)/",7450,1900,685500,5120000000,-120,true,-1.59
"TCD",133738,"/Date(1702017490000)/",7450,4500,683600,5106000000,-120,true,-1.59
"TCD",133738,"/Date(1702017490000)/",7450,100,679100,5073000000,-120,true,-1.59
"TCD",133738,"/Date(1702017490000)/",7450,1000,679000,5072000000,-120,true,-1.59
"TCD",133738,"/Date(1702017490000)/",7450,1000,678000,5065000000,-120,true,-1.59
"TCD",133738,"/Date(1702017490000)/",7450,200,677000,5057000000,-120,true,-1.59
"TCD",133738,"/Date(1702017490000)/",7450,500,676800,5056000000,-120,true,-1.59
"TCD",133738,"/Date(1702017490000)/",7450,100,676300,5052000000,-120,true,-1.59
"TCD",133738,"/Date(1702017490000)/",7450,100,676200,5051000000,-120,true,-1.59
"TCD",133731,"/Date(1702017482000)/",7450,100,676100,5050000000,-120,true,-1.59
"TCD",133627,"/Date(1702017419000)/",7450,200,676000,5050000000,-120,true,-1.59
"TCD",133627,"/Date(1702017419000)/",7460,1500,675800,5048000000,-110,true,-1.45
"TCD",133627,"/Date(1702017419000)/",7460,2000,674300,5037000000,-110,true,-1.45
"TCD",133627,"/Date(1702017419000)/",7460,100,672300,5022000000,-110,true,-1.45
"TCD",133627,"/Date(1702017419000)/",7460,200,672200,5021000000,-110,true,-1.45
"TCD",133618,"/Date(1702017409000)/",7470,200,672000,5020000000,-100,false,-1.32
"TCD",133608,"/Date(1702017401000)/",7470,500,671800,5018000000,-100,true,-1.32
"TCD",133608,"/Date(1702017401000)/",7470,3600,671300,5015000000,-100,true,-1.32
"TCD",133608,"/Date(1702017398000)/",7470,5000,667700,4988000000,-100,true,-1.32
"TCD",133549,"/Date(1702017380000)/",7480,300,662700,4950000000,-90,true,-1.19
"TCD",133517,"/Date(1702017347000)/",7480,200,662400,4948000000,-90,false,-1.19
"TCD",133432,"/Date(1702017302000)/",7470,500,662200,4947000000,-100,false,-1.32
"TCD",133432,"/Date(1702017302000)/",7470,900,661700,4943000000,-100,false,-1.32
"TCD",133212,"/Date(1702017161000)/",7470,2000,660800,4936000000,-100,false,-1.32
"TCD",133153,"/Date(1702017144000)/",7470,1000,658800,4921000000,-100,true,-1.32
"TCD",133153,"/Date(1702017144000)/",7470,400,657800,4914000000,-100,true,-1.32
"TCD",133153,"/Date(1702017144000)/",7470,8700,657400,4911000000,-100,true,-1.32
"TCD",133143,"/Date(1702017132000)/",7470,1100,648700,4846000000,-100,true,-1.32
"TCD",133143,"/Date(1702017132000)/",7470,200,647600,4838000000,-100,true,-1.32
"TCD",133143,"/Date(1702017132000)/",7470,200,647400,4836000000,-100,true,-1.32
"TCD",133143,"/Date(1702017132000)/",7470,500,647200,4835000000,-100,true,-1.32
"TCD",133013,"/Date(1702017044000)/",7470,500,646700,4831000000,-100,true,-1.32
"TCD",133013,"/Date(1702017044000)/",7470,3000,646200,4827000000,-100,true,-1.32
"TCD",133013,"/Date(1702017044000)/",7470,1000,643200,4805000000,-100,true,-1.32
"TCD",133013,"/Date(1702017044000)/",7470,500,642200,4797000000,-100,true,-1.32
"TCD",133010,"/Date(1702017042000)/",7470,200,641700,4794000000,-100,true,-1.32
"TCD",133010,"/Date(1702017042000)/",7480,300,641500,4792000000,-90,false,-1.19
"TCD",132957,"/Date(1702017027000)/",7470,2500,641200,4790000000,-100,true,-1.32
"TCD",132740,"/Date(1702016890000)/",7470,1500,638700,4771000000,-100,true,-1.32
"TCD",132740,"/Date(1702016890000)/",7480,2000,637200,4760000000,-90,true,-1.19
"TCD",132721,"/Date(1702016872000)/",7470,2700,635200,4745000000,-100,true,-1.32
"TCD",132721,"/Date(1702016872000)/",7480,5000,632500,4725000000,-90,false,-1.19
"TCD",132721,"/Date(1702016872000)/",7480,300,627500,4687000000,-90,false,-1.19
"TCD",132636,"/Date(1702016827000)/",7480,100,627200,4685000000,-90,false,-1.19
"TCD",132633,"/Date(1702016823000)/",7480,200,627100,4684000000,-90,false,-1.19
"TCD",132633,"/Date(1702016822000)/",7470,500,626900,4683000000,-100,true,-1.32
"TCD",132601,"/Date(1702016791000)/",7480,700,626400,4679000000,-90,false,-1.19
"TCD",132601,"/Date(1702016791000)/",7480,200,625700,4674000000,-90,false,-1.19
"TCD",132601,"/Date(1702016791000)/",7480,2800,625500,4672000000,-90,false,-1.19
"TCD",132525,"/Date(1702016757000)/",7480,500,622700,4651000000,-90,false,-1.19
"TCD",132503,"/Date(1702016734000)/",7470,2100,622200,4648000000,-100,true,-1.32
"TCD",132503,"/Date(1702016734000)/",7470,100,620100,4632000000,-100,true,-1.32
"TCD",132503,"/Date(1702016734000)/",7470,100,620000,4631000000,-100,true,-1.32
"TCD",132503,"/Date(1702016734000)/",7470,500,619900,4631000000,-100,true,-1.32
"TCD",132353,"/Date(1702016662000)/",7470,800,619400,4627000000,-100,true,-1.32
"TCD",132315,"/Date(1702016624000)/",7480,1300,618600,4621000000,-90,false,-1.19
"TCD",132302,"/Date(1702016611000)/",7480,1100,617300,4611000000,-90,false,-1.19
"TCD",132243,"/Date(1702016591000)/",7480,100,616200,4603000000,-90,false,-1.19
"TCD",132220,"/Date(1702016570000)/",7480,300,616100,4602000000,-90,false,-1.19
"TCD",132211,"/Date(1702016561000)/",7470,100,615800,4600000000,-100,true,-1.32
"TCD",132211,"/Date(1702016561000)/",7470,100,615700,4599000000,-100,true,-1.32
"TCD",132057,"/Date(1702016485000)/",7480,200,615600,4598000000,-90,false,-1.19
"TCD",132044,"/Date(1702016474000)/",7480,500,615400,4597000000,-90,false,-1.19
"TCD",132003,"/Date(1702016431000)/",7480,4700,614900,4593000000,-90,false,-1.19
"TCD",131859,"/Date(1702016368000)/",7480,100,610200,4558000000,-90,false,-1.19
"TCD",131830,"/Date(1702016341000)/",7480,100,610100,4557000000,-90,false,-1.19
"TCD",131824,"/Date(1702016332000)/",7480,2500,610000,4557000000,-90,false,-1.19
"TCD",131752,"/Date(1702016301000)/",7480,1500,607500,4538000000,-90,false,-1.19
"TCD",131658,"/Date(1702016248000)/",7480,200,606000,4527000000,-90,false,-1.19
"TCD",131635,"/Date(1702016224000)/",7470,300,605800,4525000000,-100,false,-1.32
"TCD",131538,"/Date(1702016166000)/",7460,900,605500,4523000000,-110,true,-1.45
"TCD",131538,"/Date(1702016166000)/",7460,2000,604600,4516000000,-110,true,-1.45
"TCD",131538,"/Date(1702016166000)/",7460,100,602600,4501000000,-110,true,-1.45
"TCD",131440,"/Date(1702016108000)/",7460,200,602500,4500000000,-110,true,-1.45
"TCD",131440,"/Date(1702016108000)/",7460,300,602300,4499000000,-110,true,-1.45
"TCD",131431,"/Date(1702016101000)/",7470,1000,602000,4497000000,-100,false,-1.32
"TCD",131424,"/Date(1702016093000)/",7460,100,601000,4489000000,-110,true,-1.45
"TCD",131333,"/Date(1702016041000)/",7460,100,600900,4489000000,-110,true,-1.45
"TCD",131316,"/Date(1702016026000)/",7460,100,600800,4488000000,-110,true,-1.45
"TCD",131313,"/Date(1702016023000)/",7460,1400,600700,4487000000,-110,true,-1.45
"TCD",131313,"/Date(1702016023000)/",7460,1600,599300,4477000000,-110,true,-1.45
"TCD",131244,"/Date(1702015995000)/",7460,400,597700,4465000000,-110,true,-1.45
"TCD",131244,"/Date(1702015995000)/",7460,300,597300,4462000000,-110,true,-1.45
"TCD",131244,"/Date(1702015995000)/",7460,1400,597000,4459000000,-110,true,-1.45
"TCD",131244,"/Date(1702015995000)/",7460,200,595600,4449000000,-110,true,-1.45
"TCD",131244,"/Date(1702015995000)/",7460,800,595400,4448000000,-110,true,-1.45
"TCD",131244,"/Date(1702015995000)/",7470,900,594600,4442000000,-100,false,-1.32
"TCD",131244,"/Date(1702015992000)/",7470,1100,593700,4435000000,-100,false,-1.32
"TCD",131244,"/Date(1702015992000)/",7470,200,592600,4427000000,-100,false,-1.32
"TCD",131244,"/Date(1702015992000)/",7470,1700,592400,4425000000,-100,false,-1.32
"TCD",131238,"/Date(1702015987000)/",7470,3300,590700,4412000000,-100,true,-1.32
"TCD",131238,"/Date(1702015987000)/",7470,500,587400,4388000000,-100,true,-1.32
"TCD",131225,"/Date(1702015975000)/",7480,200,586900,4384000000,-90,false,-1.19
"TCD",131222,"/Date(1702015970000)/",7470,100,586700,4383000000,-100,true,-1.32
"TCD",131222,"/Date(1702015970000)/",7470,100,586600,4382000000,-100,true,-1.32
"TCD",131222,"/Date(1702015970000)/",7470,400,586500,4381000000,-100,true,-1.32
"TCD",131216,"/Date(1702015966000)/",7470,200,586100,4378000000,-100,true,-1.32
"TCD",131102,"/Date(1702015890000)/",7480,100,585900,4377000000,-90,false,-1.19
"TCD",131043,"/Date(1702015870000)/",7480,100,585800,4376000000,-90,false,-1.19
"TCD",131034,"/Date(1702015862000)/",7470,400,585700,4375000000,-100,true,-1.32
"TCD",131034,"/Date(1702015862000)/",7470,1600,585300,4372000000,-100,true,-1.32
"TCD",131030,"/Date(1702015860000)/",7470,300,583700,4360000000,-100,true,-1.32
"TCD",131024,"/Date(1702015853000)/",7470,100,583400,4358000000,-100,true,-1.32
"TCD",131011,"/Date(1702015839000)/",7480,2000,583300,4357000000,-90,false,-1.19
"TCD",130933,"/Date(1702015800000)/",7480,2800,581300,4342000000,-90,false,-1.19
"TCD",130855,"/Date(1702015763000)/",7480,200,578500,4321000000,-90,false,-1.19
"TCD",130832,"/Date(1702015739000)/",7480,400,578300,4320000000,-90,false,-1.19
"TCD",130832,"/Date(1702015739000)/",7480,300,577900,4317000000,-90,false,-1.19
"TCD",130813,"/Date(1702015722000)/",7480,500,577600,4314000000,-90,true,-1.19
"TCD",130813,"/Date(1702015722000)/",7490,500,577100,4311000000,-80,false,-1.06
"TCD",130725,"/Date(1702015672000)/",7480,3200,576600,4307000000,-90,true,-1.19
"TCD",130653,"/Date(1702015641000)/",7480,400,573400,4283000000,-90,false,-1.19
"TCD",130627,"/Date(1702015615000)/",7480,500,573000,4280000000,-90,false,-1.19
"TCD",130627,"/Date(1702015615000)/",7480,100,572500,4276000000,-90,false,-1.19
"TCD",130615,"/Date(1702015604000)/",7480,100,572400,4276000000,-90,true,-1.19
"TCD",130615,"/Date(1702015604000)/",7480,300,572300,4275000000,-90,true,-1.19
"TCD",130549,"/Date(1702015577000)/",7480,300,572000,4273000000,-90,false,-1.19
"TCD",130530,"/Date(1702015558000)/",7480,300,571700,4270000000,-90,false,-1.19
"TCD",130458,"/Date(1702015527000)/",7480,500,571400,4268000000,-90,false,-1.19
"TCD",125949,"/Date(1702015201000)/",7460,100,570900,4264000000,-110,true,-1.45
"TCD",125949,"/Date(1702015201000)/",7460,1100,570800,4264000000,-110,true,-1.45
"TCD",125949,"/Date(1702015201000)/",7470,500,569700,4255000000,-100,true,-1.32
"TCD",125949,"/Date(1702015201000)/",7470,300,569200,4252000000,-100,true,-1.32
"TCD",112636,"/Date(1702009614000)/",7480,100,568900,4249000000,-90,false,-1.19
"TCD",112444,"/Date(1702009503000)/",7480,200,568800,4249000000,-90,false,-1.19
"TCD",112444,"/Date(1702009503000)/",7480,100,568600,4247000000,-90,false,-1.19
"TCD",112444,"/Date(1702009503000)/",7480,500,568500,4246000000,-90,false,-1.19
"TCD",112444,"/Date(1702009503000)/",7480,200,568000,4243000000,-90,false,-1.19
"TCD",112252,"/Date(1702009391000)/",7480,100,567800,4241000000,-90,false,-1.19
"TCD",112101,"/Date(1702009279000)/",7480,200,567700,4240000000,-90,false,-1.19
"TCD",111821,"/Date(1702009118000)/",7460,1900,567500,4239000000,-110,true,-1.45
"TCD",111714,"/Date(1702009053000)/",7470,300,565600,4225000000,-100,false,-1.32
"TCD",111545,"/Date(1702008963000)/",7470,100,565300,4223000000,-100,false,-1.32
"TCD",111526,"/Date(1702008945000)/",7470,500,565200,4222000000,-100,false,-1.32
"TCD",111519,"/Date(1702008938000)/",7460,2000,564700,4218000000,-110,true,-1.45
"TCD",111048,"/Date(1702008667000)/",7450,1900,562700,4203000000,-120,true,-1.59
"TCD",111048,"/Date(1702008667000)/",7450,5000,560800,4189000000,-120,true,-1.59
"TCD",111048,"/Date(1702008667000)/",7450,3000,555800,4152000000,-120,true,-1.59
"TCD",111048,"/Date(1702008667000)/",7450,100,552800,4129000000,-120,true,-1.59
"TCD",111048,"/Date(1702008667000)/",7450,200,552700,4129000000,-120,true,-1.59
"TCD",111048,"/Date(1702008667000)/",7450,200,552500,4127000000,-120,true,-1.59
"TCD",111048,"/Date(1702008667000)/",7450,2000,552300,4126000000,-120,true,-1.59
"TCD",111048,"/Date(1702008667000)/",7450,2000,550300,4111000000,-120,true,-1.59
"TCD",111048,"/Date(1702008667000)/",7450,100,548300,4096000000,-120,true,-1.59
"TCD",111048,"/Date(1702008667000)/",7450,200,548200,4095000000,-120,true,-1.59
"TCD",111048,"/Date(1702008667000)/",7450,500,548000,4094000000,-120,true,-1.59
"TCD",111048,"/Date(1702008667000)/",7460,300,547500,4090000000,-110,true,-1.45
"TCD",111048,"/Date(1702008667000)/",7460,2000,547200,4088000000,-110,true,-1.45
"TCD",111048,"/Date(1702008667000)/",7460,100,545200,4073000000,-110,true,-1.45
"TCD",111048,"/Date(1702008667000)/",7460,1000,545100,4072000000,-110,true,-1.45
"TCD",111048,"/Date(1702008667000)/",7460,500,544100,4065000000,-110,true,-1.45
"TCD",111048,"/Date(1702008667000)/",7460,500,543600,4061000000,-110,true,-1.45
"TCD",111048,"/Date(1702008667000)/",7470,400,543100,4057000000,-100,true,-1.32
"TCD",111048,"/Date(1702008666000)/",7470,1600,542700,4054000000,-100,true,-1.32
"TCD",111048,"/Date(1702008666000)/",7470,2000,541100,4042000000,-100,true,-1.32
"TCD",111048,"/Date(1702008666000)/",7470,2500,539100,4027000000,-100,true,-1.32
"TCD",111048,"/Date(1702008666000)/",7470,2000,536600,4009000000,-100,true,-1.32
"TCD",111048,"/Date(1702008666000)/",7470,700,534600,3994000000,-100,true,-1.32
"TCD",111048,"/Date(1702008666000)/",7470,300,533900,3988000000,-100,true,-1.32
"TCD",111048,"/Date(1702008666000)/",7470,200,533600,3986000000,-100,true,-1.32
"TCD",111048,"/Date(1702008666000)/",7470,300,533400,3985000000,-100,true,-1.32
"TCD",111023,"/Date(1702008640000)/",7480,300,533100,3982000000,-90,false,-1.19
"TCD",110841,"/Date(1702008537000)/",7480,100,532800,3980000000,-90,false,-1.19
"TCD",110746,"/Date(1702008484000)/",7480,300,532700,3979000000,-90,true,-1.19
"TCD",110746,"/Date(1702008484000)/",7480,500,532400,3977000000,-90,true,-1.19
"TCD",110649,"/Date(1702008426000)/",7480,2000,531900,3973000000,-90,true,-1.19
"TCD",110649,"/Date(1702008426000)/",7480,200,529900,3958000000,-90,true,-1.19
"TCD",110649,"/Date(1702008426000)/",7480,1000,529700,3957000000,-90,true,-1.19
"TCD",110451,"/Date(1702008309000)/",7490,300,528700,3949000000,-80,false,-1.06
"TCD",110451,"/Date(1702008309000)/",7490,200,528400,3947000000,-80,false,-1.06
"TCD",110441,"/Date(1702008297000)/",7490,3000,528200,3946000000,-80,false,-1.06
"TCD",110441,"/Date(1702008297000)/",7490,100,525200,3923000000,-80,false,-1.06
"TCD",110344,"/Date(1702008240000)/",7490,100,525100,3923000000,-80,true,-1.06
"TCD",110225,"/Date(1702008160000)/",7500,3000,525000,3922000000,-70,true,-0.92
"TCD",110225,"/Date(1702008160000)/",7500,500,522000,3899000000,-70,true,-0.92
"TCD",105926,"/Date(1702007981000)/",7500,500,521500,3896000000,-70,false,-0.92
"TCD",105854,"/Date(1702007949000)/",7500,3000,521000,3892000000,-70,false,-0.92
"TCD",105831,"/Date(1702007927000)/",7500,1500,518000,3869000000,-70,false,-0.92
"TCD",105831,"/Date(1702007927000)/",7500,8500,516500,3858000000,-70,false,-0.92
"TCD",105744,"/Date(1702007880000)/",7500,500,508000,3794000000,-70,false,-0.92
"TCD",105718,"/Date(1702007854000)/",7500,2800,507500,3791000000,-70,false,-0.92
"TCD",105640,"/Date(1702007815000)/",7500,10000,504700,3770000000,-70,false,-0.92
"TCD",105552,"/Date(1702007769000)/",7500,9300,494700,3695000000,-70,false,-0.92
"TCD",105552,"/Date(1702007769000)/",7490,700,485400,3625000000,-80,false,-1.06
"TCD",105552,"/Date(1702007768000)/",7490,200,484700,3620000000,-80,false,-1.06
"TCD",105552,"/Date(1702007768000)/",7490,200,484500,3618000000,-80,false,-1.06
"TCD",105552,"/Date(1702007768000)/",7490,100,484300,3617000000,-80,false,-1.06
"TCD",105552,"/Date(1702007768000)/",7490,1300,484200,3616000000,-80,false,-1.06
"TCD",105526,"/Date(1702007744000)/",7490,1000,482900,3606000000,-80,true,-1.06
"TCD",105520,"/Date(1702007736000)/",7500,4900,481900,3599000000,-70,true,-0.92
"TCD",105451,"/Date(1702007707000)/",7500,100,477000,3562000000,-70,false,-0.92
"TCD",105404,"/Date(1702007659000)/",7500,500,476900,3561000000,-70,false,-0.92
"TCD",105253,"/Date(1702007589000)/",7500,4400,476400,3557000000,-70,false,-0.92
"TCD",105253,"/Date(1702007589000)/",7500,600,472000,3524000000,-70,false,-0.92
"TCD",105244,"/Date(1702007579000)/",7500,200,471400,3520000000,-70,false,-0.92
"TCD",105049,"/Date(1702007465000)/",7500,100,471200,3518000000,-70,false,-0.92
"TCD",105024,"/Date(1702007441000)/",7500,1100,471100,3518000000,-70,false,-0.92
"TCD",104901,"/Date(1702007355000)/",7500,300,470000,3509000000,-70,true,-0.92
"TCD",104901,"/Date(1702007355000)/",7500,200,469700,3507000000,-70,true,-0.92
"TCD",104901,"/Date(1702007355000)/",7500,10000,469500,3506000000,-70,true,-0.92
"TCD",104901,"/Date(1702007355000)/",7500,400,459500,3431000000,-70,true,-0.92
"TCD",104550,"/Date(1702007164000)/",7500,600,459100,3428000000,-70,false,-0.92
"TCD",104550,"/Date(1702007164000)/",7500,400,458500,3423000000,-70,false,-0.92
"TCD",104543,"/Date(1702007157000)/",7500,600,458100,3420000000,-70,false,-0.92
"TCD",104543,"/Date(1702007157000)/",7500,400,457500,3416000000,-70,false,-0.92
"TCD",104537,"/Date(1702007151000)/",7500,500,457100,3413000000,-70,false,-0.92
"TCD",104537,"/Date(1702007151000)/",7500,400,456600,3409000000,-70,false,-0.92
"TCD",104537,"/Date(1702007151000)/",7500,100,456200,3406000000,-70,false,-0.92
"TCD",104446,"/Date(1702007100000)/",7490,600,456100,3405000000,-80,false,-1.06
"TCD",104304,"/Date(1702007000000)/",7490,200,455500,3401000000,-80,false,-1.06
"TCD",103934,"/Date(1702006790000)/",7490,500,455300,3399000000,-80,false,-1.06
"TCD",103623,"/Date(1702006598000)/",7490,1500,454800,3395000000,-80,false,-1.06
"TCD",103613,"/Date(1702006588000)/",7490,4500,453300,3384000000,-80,false,-1.06
"TCD",103359,"/Date(1702006455000)/",7490,500,448800,3350000000,-80,false,-1.06
"TCD",103130,"/Date(1702006304000)/",7480,500,448300,3347000000,-90,true,-1.19
"TCD",103058,"/Date(1702006274000)/",7490,900,447800,3343000000,-80,false,-1.06
"TCD",102929,"/Date(1702006184000)/",7470,2500,446900,3336000000,-100,true,-1.32
"TCD",102929,"/Date(1702006184000)/",7470,500,444400,3317000000,-100,true,-1.32
"TCD",102929,"/Date(1702006184000)/",7470,200,443900,3314000000,-100,true,-1.32
"TCD",102854,"/Date(1702006148000)/",7490,1000,443700,3312000000,-80,false,-1.06
"TCD",102822,"/Date(1702006116000)/",7490,1500,442700,3305000000,-80,false,-1.06
"TCD",102757,"/Date(1702006089000)/",7490,600,441200,3294000000,-80,true,-1.06
"TCD",102718,"/Date(1702006052000)/",7490,2500,440600,3289000000,-80,true,-1.06
"TCD",102555,"/Date(1702005970000)/",7490,16300,438100,3270000000,-80,true,-1.06
"TCD",102555,"/Date(1702005970000)/",7490,200,421800,3148000000,-80,true,-1.06
"TCD",102555,"/Date(1702005970000)/",7490,400,421600,3147000000,-80,true,-1.06
"TCD",102540,"/Date(1702005953000)/",7490,1000,421200,3144000000,-80,false,-1.06
"TCD",102524,"/Date(1702005937000)/",7470,100,420200,3136000000,-100,true,-1.32
"TCD",102517,"/Date(1702005932000)/",7490,1000,420100,3135000000,-80,false,-1.06
"TCD",102433,"/Date(1702005886000)/",7490,7200,419100,3128000000,-80,false,-1.06
"TCD",102433,"/Date(1702005886000)/",7490,1800,411900,3074000000,-80,false,-1.06
"TCD",102401,"/Date(1702005853000)/",7470,200,410100,3061000000,-100,true,-1.32
"TCD",102059,"/Date(1702005673000)/",7490,1000,409900,3059000000,-80,false,-1.06
"TCD",102043,"/Date(1702005657000)/",7470,2500,408900,3052000000,-100,true,-1.32
"TCD",102043,"/Date(1702005657000)/",7470,2800,406400,3033000000,-100,true,-1.32
"TCD",102043,"/Date(1702005657000)/",7480,3000,403600,3012000000,-90,false,-1.19
"TCD",102043,"/Date(1702005657000)/",7480,900,400600,2990000000,-90,false,-1.19
"TCD",102043,"/Date(1702005657000)/",7480,700,399700,2983000000,-90,false,-1.19
"TCD",102043,"/Date(1702005657000)/",7480,100,399000,2978000000,-90,false,-1.19
"TCD",101930,"/Date(1702005582000)/",7490,100,398900,2977000000,-80,false,-1.06
"TCD",101845,"/Date(1702005539000)/",7490,1500,398800,2976000000,-80,true,-1.06
"TCD",101845,"/Date(1702005539000)/",7490,600,397300,2965000000,-80,true,-1.06
"TCD",101820,"/Date(1702005511000)/",7490,3400,396700,2960000000,-80,true,-1.06
"TCD",101748,"/Date(1702005479000)/",7490,1000,393300,2935000000,-80,false,-1.06
"TCD",101703,"/Date(1702005437000)/",7490,500,392300,2927000000,-80,false,-1.06
"TCD",101625,"/Date(1702005398000)/",7490,100,391800,2924000000,-80,true,-1.06
"TCD",101619,"/Date(1702005393000)/",7490,400,391700,2923000000,-80,false,-1.06
"TCD",101534,"/Date(1702005346000)/",7490,1000,391300,2920000000,-80,false,-1.06
"TCD",101518,"/Date(1702005331000)/",7490,500,390300,2912000000,-80,false,-1.06
"TCD",101352,"/Date(1702005246000)/",7470,200,389800,2909000000,-100,true,-1.32
"TCD",100856,"/Date(1702004949000)/",7460,500,389600,2907000000,-110,false,-1.45
"TCD",100743,"/Date(1702004875000)/",7450,500,389100,2903000000,-120,false,-1.59
"TCD",100733,"/Date(1702004866000)/",7450,500,388600,2900000000,-120,false,-1.59
"TCD",100658,"/Date(1702004832000)/",7440,900,388100,2896000000,-130,false,-1.72
"TCD",100636,"/Date(1702004808000)/",7440,5000,387200,2889000000,-130,false,-1.72
"TCD",100558,"/Date(1702004768000)/",7440,100,382200,2852000000,-130,false,-1.72
"TCD",100435,"/Date(1702004688000)/",7430,100,382100,2851000000,-140,false,-1.85
"TCD",100416,"/Date(1702004667000)/",7440,700,382000,2851000000,-130,false,-1.72
"TCD",100331,"/Date(1702004623000)/",7440,400,381300,2845000000,-130,false,-1.72
"TCD",100309,"/Date(1702004600000)/",7430,2000,380900,2842000000,-140,false,-1.85
"TCD",100105,"/Date(1702004475000)/",7400,200,378900,2828000000,-170,true,-2.25
"TCD",100052,"/Date(1702004465000)/",7400,100,378700,2826000000,-170,false,-2.25
"TCD",100049,"/Date(1702004462000)/",7400,2000,378600,2825000000,-170,false,-2.25
"TCD",100049,"/Date(1702004461000)/",7400,100,376600,2811000000,-170,false,-2.25
"TCD",100043,"/Date(1702004454000)/",7400,500,376500,2810000000,-170,false,-2.25
"TCD",100040,"/Date(1702004450000)/",7400,2000,376000,2806000000,-170,false,-2.25
"TCD",100021,"/Date(1702004431000)/",7400,100,374000,2791000000,-170,false,-2.25
"TCD",100008,"/Date(1702004418000)/",7400,1000,373900,2791000000,-170,false,-2.25
"TCD",95958,"/Date(1702004410000)/",7400,500,372900,2783000000,-170,false,-2.25
"TCD",95946,"/Date(1702004398000)/",7400,100,372400,2779000000,-170,false,-2.25
"TCD",95946,"/Date(1702004397000)/",7400,400,372300,2779000000,-170,false,-2.25
"TCD",95946,"/Date(1702004397000)/",7400,500,371900,2776000000,-170,false,-2.25
"TCD",95946,"/Date(1702004397000)/",7400,400,371400,2772000000,-170,false,-2.25
"TCD",95946,"/Date(1702004397000)/",7400,2000,371000,2769000000,-170,false,-2.25
"TCD",95946,"/Date(1702004397000)/",7400,2700,369000,2754000000,-170,false,-2.25
"TCD",95946,"/Date(1702004397000)/",7400,1000,366300,2734000000,-170,false,-2.25
"TCD",95946,"/Date(1702004397000)/",7400,400,365300,2727000000,-170,false,-2.25
"TCD",95946,"/Date(1702004397000)/",7400,100,364900,2724000000,-170,false,-2.25
"TCD",95946,"/Date(1702004397000)/",7400,12300,364800,2723000000,-170,false,-2.25
"TCD",95914,"/Date(1702004367000)/",7400,17700,352500,2632000000,-170,true,-2.25
"TCD",95914,"/Date(1702004367000)/",7400,2000,334800,2501000000,-170,true,-2.25
"TCD",95914,"/Date(1702004367000)/",7400,100,332800,2486000000,-170,true,-2.25
"TCD",95914,"/Date(1702004367000)/",7400,200,332700,2486000000,-170,true,-2.25
"TCD",95911,"/Date(1702004361000)/",7400,9000,332500,2484000000,-170,true,-2.25
"TCD",95911,"/Date(1702004361000)/",7410,1000,323500,2418000000,-160,false,-2.11
"TCD",95911,"/Date(1702004361000)/",7410,500,322500,2410000000,-160,false,-2.11
"TCD",95901,"/Date(1702004350000)/",7410,2000,322000,2407000000,-160,true,-2.11
"TCD",95735,"/Date(1702004266000)/",7400,15800,320000,2392000000,-170,false,-2.25
"TCD",95735,"/Date(1702004266000)/",7400,100,304200,2275000000,-170,false,-2.25
"TCD",95732,"/Date(1702004263000)/",7400,10000,304100,2274000000,-170,false,-2.25
"TCD",95726,"/Date(1702004258000)/",7400,500,294100,2200000000,-170,false,-2.25
"TCD",95720,"/Date(1702004249000)/",7400,100,293600,2196000000,-170,false,-2.25
"TCD",95707,"/Date(1702004237000)/",7400,200,293500,2196000000,-170,true,-2.25
"TCD",95707,"/Date(1702004237000)/",7410,1000,293300,2194000000,-160,true,-2.11
"TCD",95648,"/Date(1702004219000)/",7400,7800,292300,2187000000,-170,true,-2.25
"TCD",95648,"/Date(1702004219000)/",7400,2000,284500,2129000000,-170,true,-2.25
"TCD",95648,"/Date(1702004219000)/",7400,10000,282500,2114000000,-170,true,-2.25
"TCD",95648,"/Date(1702004219000)/",7400,2000,272500,2040000000,-170,true,-2.25
"TCD",95648,"/Date(1702004219000)/",7400,300,270500,2025000000,-170,true,-2.25
"TCD",95648,"/Date(1702004219000)/",7400,7400,270200,2023000000,-170,true,-2.25
"TCD",95648,"/Date(1702004219000)/",7410,500,262800,1968000000,-160,true,-2.11
"TCD",95632,"/Date(1702004202000)/",7450,500,262300,1965000000,-120,false,-1.59
"TCD",95629,"/Date(1702004199000)/",7450,1700,261800,1961000000,-120,false,-1.59
"TCD",95616,"/Date(1702004186000)/",7450,100,260100,1948000000,-120,false,-1.59
"TCD",95557,"/Date(1702004169000)/",7400,12600,260000,1948000000,-170,false,-2.25
"TCD",95550,"/Date(1702004160000)/",7400,100,247400,1854000000,-170,false,-2.25
"TCD",95541,"/Date(1702004151000)/",7400,500,247300,1854000000,-170,false,-2.25
"TCD",95538,"/Date(1702004150000)/",7400,500,246800,1850000000,-170,true,-2.25
"TCD",95538,"/Date(1702004150000)/",7400,300,246300,1846000000,-170,true,-2.25
"TCD",95538,"/Date(1702004150000)/",7400,1000,246000,1844000000,-170,true,-2.25
"TCD",95538,"/Date(1702004150000)/",7400,15000,245000,1837000000,-170,true,-2.25
"TCD",95538,"/Date(1702004150000)/",7400,500,230000,1726000000,-170,true,-2.25
"TCD",95538,"/Date(1702004150000)/",7400,2000,229500,1722000000,-170,true,-2.25
"TCD",95538,"/Date(1702004150000)/",7400,500,227500,1707000000,-170,true,-2.25
"TCD",95538,"/Date(1702004150000)/",7400,500,227000,1703000000,-170,true,-2.25
"TCD",95538,"/Date(1702004150000)/",7400,2000,226500,1700000000,-170,true,-2.25
"TCD",95538,"/Date(1702004150000)/",7400,3000,224500,1685000000,-170,true,-2.25
"TCD",95538,"/Date(1702004150000)/",7400,1000,221500,1663000000,-170,true,-2.25
"TCD",95538,"/Date(1702004150000)/",7400,200,220500,1655000000,-170,true,-2.25
"TCD",95538,"/Date(1702004150000)/",7410,5000,220300,1654000000,-160,true,-2.11
"TCD",95538,"/Date(1702004150000)/",7410,3600,215300,1617000000,-160,true,-2.11
"TCD",95538,"/Date(1702004150000)/",7410,200,211700,1590000000,-160,true,-2.11
"TCD",95538,"/Date(1702004150000)/",7410,500,211500,1589000000,-160,true,-2.11
"TCD",95538,"/Date(1702004150000)/",7410,1000,211000,1585000000,-160,true,-2.11
"TCD",95535,"/Date(1702004145000)/",7450,3000,210000,1577000000,-120,false,-1.59
"TCD",95522,"/Date(1702004134000)/",7450,200,207000,1555000000,-120,false,-1.59
"TCD",95519,"/Date(1702004130000)/",7450,200,206800,1554000000,-120,true,-1.59
"TCD",95519,"/Date(1702004129000)/",7450,500,206600,1552000000,-120,true,-1.59
"TCD",95519,"/Date(1702004129000)/",7450,2000,206100,1548000000,-120,true,-1.59
"TCD",95519,"/Date(1702004129000)/",7450,300,204100,1533000000,-120,true,-1.59
"TCD",95519,"/Date(1702004129000)/",7450,5000,203800,1531000000,-120,true,-1.59
"TCD",95519,"/Date(1702004129000)/",7450,1000,198800,1494000000,-120,true,-1.59
"TCD",95519,"/Date(1702004129000)/",7460,500,197800,1487000000,-110,true,-1.45
"TCD",95519,"/Date(1702004129000)/",7460,5000,197300,1483000000,-110,true,-1.45
"TCD",95519,"/Date(1702004129000)/",7460,600,192300,1446000000,-110,true,-1.45
"TCD",95434,"/Date(1702004084000)/",7460,400,191700,1441000000,-110,true,-1.45
"TCD",95434,"/Date(1702004084000)/",7470,600,191300,1438000000,-100,true,-1.32
"TCD",95418,"/Date(1702004070000)/",7470,3200,190700,1434000000,-100,false,-1.32
"TCD",95418,"/Date(1702004069000)/",7470,200,187500,1410000000,-100,false,-1.32
"TCD",95409,"/Date(1702004060000)/",7470,1000,187300,1408000000,-100,false,-1.32
"TCD",95346,"/Date(1702004036000)/",7470,2000,186300,1401000000,-100,false,-1.32
"TCD",95343,"/Date(1702004034000)/",7470,200,184300,1386000000,-100,false,-1.32
"TCD",95343,"/Date(1702004032000)/",7470,400,184100,1384000000,-100,false,-1.32
"TCD",95314,"/Date(1702004004000)/",7470,2000,183700,1381000000,-100,false,-1.32
"TCD",95302,"/Date(1702003993000)/",7470,1000,181700,1366000000,-100,false,-1.32
"TCD",95221,"/Date(1702003953000)/",7500,200,180700,1359000000,-70,false,-0.92
"TCD",95126,"/Date(1702003897000)/",7500,400,180500,1357000000,-70,false,-0.92
"TCD",95036,"/Date(1702003847000)/",7500,100,180100,1354000000,-70,false,-0.92
"TCD",95026,"/Date(1702003837000)/",7500,200,180000,1354000000,-70,true,-0.92
"TCD",95026,"/Date(1702003837000)/",7500,5000,179800,1352000000,-70,true,-0.92
"TCD",95026,"/Date(1702003837000)/",7500,100,174800,1315000000,-70,true,-0.92
"TCD",95026,"/Date(1702003837000)/",7500,1000,174700,1314000000,-70,true,-0.92
"TCD",95026,"/Date(1702003837000)/",7500,30000,173700,1306000000,-70,true,-0.92
"TCD",95026,"/Date(1702003837000)/",7500,1000,143700,1081000000,-70,true,-0.92
"TCD",95026,"/Date(1702003837000)/",7500,200,142700,1074000000,-70,true,-0.92
"TCD",95026,"/Date(1702003837000)/",7500,500,142500,1072000000,-70,true,-0.92
"TCD",95026,"/Date(1702003837000)/",7500,900,142000,1069000000,-70,true,-0.92
"TCD",95026,"/Date(1702003837000)/",7500,5000,141100,1062000000,-70,true,-0.92
"TCD",95026,"/Date(1702003837000)/",7500,1600,136100,1024000000,-70,true,-0.92
"TCD",95026,"/Date(1702003837000)/",7500,200,134500,1012000000,-70,true,-0.92
"TCD",95026,"/Date(1702003837000)/",7500,900,134300,1011000000,-70,true,-0.92
"TCD",95023,"/Date(1702003832000)/",7510,1000,133400,1004000000,-60,false,-0.79
"TCD",95004,"/Date(1702003816000)/",7510,3000,132400,997000000,-60,true,-0.79
"TCD",95004,"/Date(1702003816000)/",7510,200,129400,974000000,-60,true,-0.79
"TCD",95004,"/Date(1702003816000)/",7510,700,129200,973000000,-60,true,-0.79
"TCD",94929,"/Date(1702003780000)/",7510,1200,128500,967000000,-60,false,-0.79
"TCD",94929,"/Date(1702003780000)/",7510,200,127300,958000000,-60,false,-0.79
"TCD",94929,"/Date(1702003780000)/",7510,500,127100,957000000,-60,false,-0.79
"TCD",94857,"/Date(1702003748000)/",7510,200,126600,953000000,-60,true,-0.79
"TCD",94628,"/Date(1702003598000)/",7510,300,126400,952000000,-60,true,-0.79
"TCD",94628,"/Date(1702003597000)/",7510,4000,126100,949000000,-60,true,-0.79
"TCD",94628,"/Date(1702003597000)/",7510,1000,122100,919000000,-60,true,-0.79
"TCD",94543,"/Date(1702003554000)/",7510,1000,121100,912000000,-60,false,-0.79
"TCD",94427,"/Date(1702003475000)/",7500,1100,120100,904000000,-70,true,-0.92
"TCD",94427,"/Date(1702003475000)/",7500,500,119000,896000000,-70,true,-0.92
"TCD",94427,"/Date(1702003475000)/",7500,600,118500,892000000,-70,true,-0.92
"TCD",94427,"/Date(1702003475000)/",7500,2000,117900,888000000,-70,true,-0.92
"TCD",94427,"/Date(1702003475000)/",7500,100,115900,873000000,-70,true,-0.92
"TCD",94427,"/Date(1702003475000)/",7510,200,115800,872000000,-60,true,-0.79
"TCD",94427,"/Date(1702003475000)/",7510,700,115600,871000000,-60,true,-0.79
"TCD",94427,"/Date(1702003475000)/",7510,3000,114900,865000000,-60,true,-0.79
"TCD",94427,"/Date(1702003475000)/",7510,100,111900,843000000,-60,true,-0.79
"TCD",94427,"/Date(1702003475000)/",7510,100,111800,842000000,-60,true,-0.79
"TCD",94427,"/Date(1702003475000)/",7510,100,111700,841000000,-60,true,-0.79
"TCD",94417,"/Date(1702003466000)/",7520,200,111600,840000000,-50,true,-0.66
"TCD",94417,"/Date(1702003466000)/",7520,300,111400,839000000,-50,true,-0.66
"TCD",94342,"/Date(1702003433000)/",7520,200,111100,837000000,-50,true,-0.66
"TCD",94342,"/Date(1702003433000)/",7520,1000,110900,835000000,-50,true,-0.66
"TCD",94342,"/Date(1702003433000)/",7520,500,109900,828000000,-50,true,-0.66
"TCD",94138,"/Date(1702003309000)/",7520,500,109400,824000000,-50,true,-0.66
"TCD",94138,"/Date(1702003309000)/",7520,500,108900,820000000,-50,true,-0.66
"TCD",94035,"/Date(1702003244000)/",7520,2800,108400,816000000,-50,true,-0.66
"TCD",94035,"/Date(1702003244000)/",7520,2000,105600,795000000,-50,true,-0.66
"TCD",94035,"/Date(1702003244000)/",7520,5000,103600,780000000,-50,true,-0.66
"TCD",94035,"/Date(1702003244000)/",7520,100,98600,743000000,-50,true,-0.66
"TCD",94035,"/Date(1702003244000)/",7520,100,98500,742000000,-50,true,-0.66
"TCD",94031,"/Date(1702003242000)/",7530,100,98400,741000000,-40,true,-0.53
"TCD",94031,"/Date(1702003242000)/",7530,200,98300,740000000,-40,true,-0.53
"TCD",94031,"/Date(1702003242000)/",7530,1500,98100,739000000,-40,true,-0.53
"TCD",93950,"/Date(1702003200000)/",7530,900,96600,728000000,-40,true,-0.53
"TCD",93937,"/Date(1702003187000)/",7530,300,95700,721000000,-40,true,-0.53
"TCD",93717,"/Date(1702003047000)/",7530,2300,95400,719000000,-40,false,-0.53
"TCD",93701,"/Date(1702003032000)/",7530,1000,93100,701000000,-40,true,-0.53
"TCD",93701,"/Date(1702003029000)/",7530,1000,92100,694000000,-40,true,-0.53
"TCD",93701,"/Date(1702003029000)/",7530,100,91100,686000000,-40,true,-0.53
"TCD",93701,"/Date(1702003029000)/",7530,600,91000,685000000,-40,true,-0.53
"TCD",93551,"/Date(1702002961000)/",7540,20000,90400,681000000,-30,false,-0.4
"TCD",93551,"/Date(1702002961000)/",7540,5000,70400,530000000,-30,false,-0.4
"TCD",93451,"/Date(1702002901000)/",7540,300,65400,492000000,-30,false,-0.4
"TCD",93410,"/Date(1702002860000)/",7530,4400,65100,490000000,-40,false,-0.53
"TCD",93348,"/Date(1702002837000)/",7530,100,60700,457000000,-40,false,-0.53
"TCD",93313,"/Date(1702002801000)/",7530,500,60600,456000000,-40,false,-0.53
"TCD",93122,"/Date(1702002692000)/",7540,200,60100,453000000,-30,true,-0.4
"TCD",93041,"/Date(1702002648000)/",7540,500,59900,451000000,-30,true,-0.4
"TCD",93018,"/Date(1702002627000)/",7550,500,59400,447000000,-20,false,-0.26
"TCD",92909,"/Date(1702002558000)/",7550,200,58900,443000000,-20,false,-0.26
"TCD",92902,"/Date(1702002552000)/",7550,200,58700,442000000,-20,false,-0.26
"TCD",92846,"/Date(1702002533000)/",7550,3000,58500,440000000,-20,false,-0.26
"TCD",92840,"/Date(1702002528000)/",7550,3300,55500,418000000,-20,false,-0.26
"TCD",92827,"/Date(1702002516000)/",7540,500,52200,393000000,-30,false,-0.4
"TCD",92827,"/Date(1702002516000)/",7540,2000,51700,389000000,-30,false,-0.4
"TCD",92756,"/Date(1702002485000)/",7520,9900,49700,374000000,-50,false,-0.66
"TCD",92749,"/Date(1702002479000)/",7520,300,39800,300000000,-50,false,-0.66
"TCD",92721,"/Date(1702002449000)/",7540,2000,39500,297000000,-30,false,-0.4
"TCD",92558,"/Date(1702002367000)/",7510,300,37500,282000000,-60,true,-0.79
"TCD",92527,"/Date(1702002334000)/",7550,900,37200,280000000,-20,false,-0.26
"TCD",92508,"/Date(1702002316000)/",7550,200,36300,273000000,-20,true,-0.26
"TCD",92442,"/Date(1702002291000)/",7550,1300,36100,272000000,-20,true,-0.26
"TCD",92155,"/Date(1702002123000)/",7500,1400,34800,262000000,-70,true,-0.92
"TCD",92155,"/Date(1702002123000)/",7500,1800,33400,251000000,-70,true,-0.92
"TCD",92155,"/Date(1702002123000)/",7510,7300,31600,238000000,-60,true,-0.79
"TCD",92155,"/Date(1702002123000)/",7510,4000,24300,183000000,-60,true,-0.79
"TCD",92155,"/Date(1702002123000)/",7510,2500,20300,153000000,-60,true,-0.79
"TCD",92132,"/Date(1702002101000)/",7510,500,17800,134000000,-60,true,-0.79
"TCD",91945,"/Date(1702001993000)/",7570,100,17300,131000000,0,false,0
"TCD",91935,"/Date(1702001984000)/",7570,1100,17200,130000000,0,true,0
"TCD",91929,"/Date(1702001976000)/",7570,100,16100,121000000,0,true,0
"TCD",91851,"/Date(1702001937000)/",7570,1800,16000,121000000,0,false,0
"TCD",91841,"/Date(1702001930000)/",7570,2300,14200,107000000,0,false,0
"TCD",91719,"/Date(1702001846000)/",7500,200,11900,90000000,-70,true,-0.92
"TCD",91713,"/Date(1702001839000)/",7570,5800,11700,88000000,0,true,0
"TCD",91713,"/Date(1702001839000)/",7570,100,5900,44000000,0,true,0
"TCD",91613,"/Date(1702001782000)/",7640,900,5800,43000000,70,false,0.92
"TCD",91613,"/Date(1702001782000)/",7580,100,4900,37000000,10,false,0.13
"TCD",91454,"/Date(1702001700000)/",7570,4800,4800,36000000,0,false,0
