"price","change","match_qtty","side","time","total_vol"
40.65,0.15,100,"","14:45:00",59000
40.4,-0.1,100,"sd","14:29:30",58900
40.45,-0.05,100,"sd","14:28:24",58800
40.45,-0.05,100,"sd","14:27:19",58700
40.45,-0.05,100,"sd","14:26:13",58600
40.45,-0.05,100,"sd","14:25:08",58500
40.45,-0.05,100,"sd","14:24:03",58400
40.45,-0.05,500,"sd","14:23:40",58300
40.45,-0.05,100,"sd","14:22:58",57800
40.45,-0.05,300,"sd","14:22:08",57700
40.4,-0.1,100,"sd","14:21:52",57400
40.4,-0.1,100,"sd","14:20:47",57300
40.4,-0.1,200,"sd","14:20:30",57200
40.4,-0.1,100,"sd","14:19:42",57000
40.45,-0.05,300,"bu","14:19:39",56900
40.4,-0.1,100,"sd","14:18:37",56600
40.4,-0.1,200,"sd","14:18:18",56500
40.45,-0.05,100,"bu","14:17:48",56300
40.4,-0.1,100,"sd","14:17:31",56200
40.4,-0.1,200,"sd","14:16:37",56100
40.4,-0.1,100,"sd","14:16:26",55900
40.45,-0.05,200,"bu","14:16:15",55800
40.4,-0.1,100,"sd","14:15:22",55600
40.4,-0.1,200,"sd","14:14:42",55500
40.4,-0.1,100,"sd","14:14:16",55300
40.4,-0.1,100,"sd","14:13:11",55200
40.4,-0.1,100,"sd","14:12:05",55100
40.4,-0.1,100,"sd","14:11:00",55000
40.45,-0.05,100,"sd","14:10:41",54900
40.45,-0.05,200,"sd","14:10:40",54800
40.45,-0.05,500,"sd","14:10:22",54600
40.4,-0.1,100,"sd","14:09:55",54100
40.4,-0.1,400,"sd","14:09:36",54000
40.4,-0.1,100,"sd","14:08:50",53600
40.45,-0.05,100,"sd","14:07:44",53500
40.45,-0.05,200,"bu","14:07:15",53400
40.4,-0.1,300,"sd","14:07:15",53200
40.45,-0.05,100,"sd","14:06:58",52900
40.45,-0.05,200,"bu","14:06:48",52800
40.4,-0.1,300,"sd","14:06:42",52600
40.4,-0.1,100,"sd","14:06:39",52300
40.4,-0.1,100,"sd","14:05:34",52200
40.4,-0.1,300,"sd","14:05:09",52100
40.4,-0.1,100,"sd","14:04:29",51800
40.4,-0.1,100,"sd","14:03:23",51700
40.4,-0.1,100,"sd","14:02:18",51600
40.45,-0.05,100,"bu","14:02:00",51500
40.4,-0.1,100,"sd","14:01:13",51400
40.45,-0.05,100,"bu","14:01:10",51300
40.4,-0.1,100,"sd","14:00:08",51200
40.4,-0.1,200,"sd","14:00:02",51100
40.4,-0.1,100,"sd","13:59:03",50900
40.4,-0.1,200,"sd","13:58:26",50800
40.45,-0.05,100,"sd","13:57:57",50600
40.4,-0.1,100,"sd","13:56:52",50500
40.4,-0.1,100,"sd","13:55:47",50400
40.4,-0.1,100,"sd","13:54:42",50300
40.4,-0.1,100,"sd","13:53:36",50200
40.5,0,100,"bu","13:53:19",50100
40.5,0,100,"bu","13:53:14",50000
40.45,-0.05,300,"sd","13:53:08",49900
40.45,-0.05,100,"sd","13:52:31",49600
40.45,-0.05,300,"sd","13:51:34",49500
40.45,-0.05,100,"sd","13:51:26",49200
40.45,-0.05,300,"sd","13:50:34",49100
40.45,-0.05,100,"sd","13:50:20",48800
40.45,-0.05,300,"sd","13:50:00",48700
40.45,-0.05,100,"sd","13:49:15",48400
40.45,-0.05,100,"sd","13:48:10",48300
40.45,-0.05,100,"sd","13:47:05",48200
40.45,-0.05,100,"sd","13:46:00",48100
40.45,-0.05,200,"sd","13:45:57",48000
40.45,-0.05,300,"bu","13:45:07",47800
40.4,-0.1,100,"sd","13:44:54",47500
40.4,-0.1,100,"sd","13:43:49",47400
40.4,-0.1,200,"sd","13:42:55",47300
40.4,-0.1,100,"sd","13:42:44",47100
40.4,-0.1,200,"sd","13:42:01",47000
40.4,-0.1,100,"sd","13:41:39",46800
40.4,-0.1,100,"sd","13:40:34",46700
40.4,-0.1,100,"sd","13:39:28",46600
40.45,-0.05,300,"sd","13:39:18",46500
40.45,-0.05,200,"sd","13:39:04",46200
40.45,-0.05,100,"sd","13:38:23",46000
40.45,-0.05,100,"sd","13:37:18",45900
40.4,-0.1,100,"sd","13:36:12",45800
40.5,0,100,"sd","13:35:07",45700
40.5,0,100,"bu","13:35:05",45600
40.4,-0.1,100,"sd","13:34:02",45500
40.4,-0.1,100,"sd","13:32:57",45400
40.5,0,200,"sd","13:31:55",45300
40.5,0,100,"sd","13:31:52",45100
40.5,0,500,"sd","13:31:14",45000
40.7,0.2,100,"sd","13:30:47",44500
40.7,0.2,100,"sd","13:29:41",44400
40.7,0.2,300,"sd","13:29:23",44300
40.8,0.3,500,"bu","13:29:19",44000
40.7,0.2,900,"bu","13:28:50",43500
40.5,0,100,"sd","13:28:36",42600
40.5,0,200,"bu","13:28:06",42500
40.4,-0.1,100,"sd","13:27:31",42300
40.45,-0.05,200,"bu","13:27:24",42200
40.4,-0.1,100,"sd","13:26:26",42000
40.4,-0.1,100,"sd","13:25:20",41900
40.45,-0.05,300,"bu","13:25:07",41800
40.4,-0.1,100,"sd","13:24:15",41500
40.4,-0.1,100,"sd","13:23:10",41400
40.45,-0.05,200,"bu","13:22:33",41300
40.4,-0.1,100,"sd","13:22:05",41100
40.4,-0.1,100,"sd","13:20:59",41000
40.4,-0.1,100,"sd","13:19:53",40900
40.4,-0.1,3000,"sd","13:19:40",40800
40.4,-0.1,100,"sd","13:18:49",37800
40.4,-0.1,100,"sd","13:17:44",37700
40.4,-0.1,200,"sd","13:17:28",37600
40.4,-0.1,100,"sd","13:16:39",37400
40.4,-0.1,100,"sd","13:15:33",37300
40.4,-0.1,200,"bu","13:15:20",37200
40.4,-0.1,100,"bu","13:15:19",37000
40.4,-0.1,200,"bu","13:15:15",36900
40.4,-0.1,500,"bu","13:15:08",36700
40.4,-0.1,200,"bu","13:14:59",36200
40.4,-0.1,800,"sd","13:14:56",36000
40.4,-0.1,3200,"sd","13:14:33",35200
40.4,-0.1,100,"sd","13:14:28",32000
40.4,-0.1,100,"sd","13:13:23",31900
40.45,-0.05,200,"bu","13:12:53",31800
40.4,-0.1,100,"sd","13:12:18",31600
40.45,-0.05,200,"bu","13:12:02",31500
40.4,-0.1,100,"sd","13:11:11",31300
40.45,-0.05,200,"bu","13:11:02",31200
40.4,-0.1,100,"sd","13:10:07",31000
40.4,-0.1,200,"sd","13:09:16",30900
40.4,-0.1,100,"sd","13:09:02",30700
40.4,-0.1,1200,"bu","13:08:32",30600
40.35,-0.15,200,"bu","13:08:32",29400
40.3,-0.2,100,"sd","13:07:57",29200
40.3,-0.2,1100,"sd","13:06:58",29100
40.3,-0.2,100,"sd","13:06:51",28000
40.3,-0.2,200,"sd","13:05:48",27900
40.3,-0.2,100,"sd","13:05:46",27700
40.3,-0.2,100,"sd","13:04:41",27600
40.3,-0.2,100,"sd","13:03:36",27500
40.3,-0.2,100,"sd","13:02:31",27400
40.35,-0.15,300,"bu","13:02:30",27300
40.3,-0.2,100,"sd","13:01:25",27000
40.3,-0.2,100,"sd","13:00:20",26900
40.3,-0.2,1800,"sd","13:00:00",26800
40.3,-0.2,200,"sd","11:29:52",25000
40.3,-0.2,100,"sd","11:29:15",24800
40.3,-0.2,100,"sd","11:28:10",24700
40.3,-0.2,200,"sd","11:27:24",24600
40.3,-0.2,100,"sd","11:27:04",24400
40.3,-0.2,100,"sd","11:25:59",24300
40.3,-0.2,200,"sd","11:25:11",24200
40.3,-0.2,100,"sd","11:24:54",24000
40.3,-0.2,100,"sd","11:23:49",23900
40.3,-0.2,100,"sd","11:22:43",23800
40.3,-0.2,200,"sd","11:22:34",23700
40.3,-0.2,100,"sd","11:21:38",23500
40.3,-0.2,200,"sd","11:21:11",23400
40.3,-0.2,200,"sd","11:20:39",23200
40.3,-0.2,100,"sd","11:20:33",23000
40.3,-0.2,100,"sd","11:19:28",22900
40.35,-0.15,100,"bu","11:18:45",22800
40.3,-0.2,200,"sd","11:18:43",22700
40.3,-0.2,100,"sd","11:18:23",22500
40.3,-0.2,200,"sd","11:17:33",22400
40.3,-0.2,100,"sd","11:17:17",22200
40.3,-0.2,100,"sd","11:16:12",22100
40.3,-0.2,100,"sd","11:15:07",22000
40.3,-0.2,200,"sd","11:14:24",21900
40.3,-0.2,100,"sd","11:14:02",21700
40.3,-0.2,100,"sd","11:12:57",21600
40.3,-0.2,100,"sd","11:11:51",21500
40.3,-0.2,200,"sd","11:11:05",21400
40.3,-0.2,100,"sd","11:10:46",21200
40.3,-0.2,300,"sd","11:10:35",21100
40.3,-0.2,100,"sd","11:09:41",20800
40.3,-0.2,100,"sd","11:08:35",20700
40.3,-0.2,100,"sd","11:07:30",20600
40.35,-0.15,200,"bu","11:07:26",20500
40.3,-0.2,100,"sd","11:06:25",20300
40.3,-0.2,100,"sd","11:05:20",20200
40.3,-0.2,100,"sd","11:04:14",20100
40.3,-0.2,200,"sd","11:03:24",20000
40.3,-0.2,100,"sd","11:03:09",19800
40.3,-0.2,200,"sd","11:03:01",19700
40.3,-0.2,100,"sd","11:02:05",19500
40.3,-0.2,100,"sd","11:00:59",19400
40.3,-0.2,100,"sd","10:59:54",19300
40.3,-0.2,100,"sd","10:58:48",19200
40.3,-0.2,200,"sd","10:57:48",19100
40.3,-0.2,100,"sd","10:57:43",18900
40.3,-0.2,100,"sd","10:56:38",18800
40.3,-0.2,100,"sd","10:55:33",18700
40.3,-0.2,100,"sd","10:55:28",18600
40.35,-0.15,100,"sd","10:55:28",18500
40.35,-0.15,100,"bu","10:55:26",18400
40.3,-0.2,100,"sd","10:54:27",18300
40.3,-0.2,100,"sd","10:53:22",18200
40.35,-0.15,100,"sd","10:52:21",18100
40.35,-0.15,100,"sd","10:52:17",18000
40.35,-0.15,100,"sd","10:51:13",17900
40.35,-0.15,100,"sd","10:51:12",17800
40.35,-0.15,100,"sd","10:50:06",17700
40.35,-0.15,100,"sd","10:49:01",17600
40.35,-0.15,100,"sd","10:47:56",17500
40.35,-0.15,100,"sd","10:46:51",17400
40.35,-0.15,300,"bu","10:45:51",17300
40.3,-0.2,100,"sd","10:45:46",17000
40.3,-0.2,100,"sd","10:44:40",16900
40.3,-0.2,200,"sd","10:44:19",16800
40.3,-0.2,100,"sd","10:43:35",16600
40.3,-0.2,100,"sd","10:42:30",16500
40.35,-0.15,300,"bu","10:42:09",16400
40.3,-0.2,100,"sd","10:41:25",16100
40.3,-0.2,100,"sd","10:40:19",16000
40.3,-0.2,100,"sd","10:39:53",15900
40.3,-0.2,100,"sd","10:39:15",15800
40.3,-0.2,100,"sd","10:38:09",15700
40.3,-0.2,100,"sd","10:37:04",15600
40.3,-0.2,100,"sd","10:35:58",15500
40.3,-0.2,100,"sd","10:34:53",15400
40.3,-0.2,200,"sd","10:34:52",15300
40.35,-0.15,100,"sd","10:34:31",15100
40.35,-0.15,100,"sd","10:33:48",15000
40.35,-0.15,100,"sd","10:32:43",14900
40.35,-0.15,200,"bu","10:32:24",14800
40.3,-0.2,100,"sd","10:31:38",14600
40.3,-0.2,100,"sd","10:30:32",14500
40.3,-0.2,100,"sd","10:29:27",14400
40.3,-0.2,200,"sd","10:28:29",14300
40.3,-0.2,100,"sd","10:28:22",14100
40.3,-0.2,100,"sd","10:27:18",14000
40.3,-0.2,100,"sd","10:26:11",13900
40.3,-0.2,100,"sd","10:25:06",13800
40.35,-0.15,100,"sd","10:24:01",13700
40.35,-0.15,100,"sd","10:22:56",13600
40.35,-0.15,200,"bu","10:22:37",13500
40.3,-0.2,100,"sd","10:21:50",13300
40.3,-0.2,100,"sd","10:20:45",13200
40.3,-0.2,100,"sd","10:19:40",13100
40.3,-0.2,100,"sd","10:18:35",13000
40.3,-0.2,200,"bu","10:18:06",12900
40.2,-0.3,100,"sd","10:17:30",12700
40.2,-0.3,100,"sd","10:16:24",12600
40.2,-0.3,100,"sd","10:15:19",12500
40.2,-0.3,100,"sd","10:14:14",12400
40.2,-0.3,100,"sd","10:14:09",12300
40.2,-0.3,100,"sd","10:13:09",12200
40.25,-0.25,200,"sd","10:12:45",12100
40.25,-0.25,100,"sd","10:12:03",11900
40.8,0.3,300,"bu","10:11:00",11800
40.2,-0.3,100,"sd","10:10:58",11500
40.25,-0.25,100,"bu","10:09:54",11400
40.2,-0.3,100,"sd","10:09:53",11300
40.2,-0.3,100,"sd","10:08:48",11200
40.2,-0.3,100,"sd","10:07:42",11100
40.2,-0.3,100,"sd","10:06:37",11000
40.2,-0.3,100,"sd","10:05:35",10900
40.2,-0.3,100,"sd","10:05:32",10800
40.2,-0.3,100,"sd","10:04:27",10700
40.2,-0.3,100,"sd","10:03:22",10600
40.2,-0.3,100,"sd","10:02:16",10500
40.2,-0.3,100,"sd","10:01:11",10400
40.2,-0.3,100,"sd","10:00:06",10300
40.2,-0.3,100,"sd","09:59:01",10200
40.2,-0.3,100,"sd","09:57:55",10100
40.2,-0.3,100,"sd","09:56:50",10000
40.2,-0.3,200,"sd","09:56:37",9900
40.2,-0.3,100,"sd","09:55:45",9700
40.2,-0.3,100,"sd","09:54:40",9600
40.2,-0.3,100,"sd","09:53:34",9500
40.2,-0.3,100,"sd","09:52:29",9400
40.9,0.4,100,"bu","09:52:29",9300
40.9,0.4,100,"bu","09:52:23",9200
40.55,0.05,200,"bu","09:52:23",9100
40.4,-0.1,100,"bu","09:52:23",8900
40.25,-0.25,100,"bu","09:52:23",8800
40.3,-0.2,100,"sd","09:51:45",8700
40.2,-0.3,100,"sd","09:51:24",8600
40.2,-0.3,200,"sd","09:51:20",8500
40.2,-0.3,3200,"sd","09:50:39",8300
40.3,-0.2,1300,"sd","09:50:39",5100
40.3,-0.2,100,"sd","09:50:19",3800
40.3,-0.2,100,"sd","09:49:14",3700
40.4,-0.1,100,"bu","09:48:45",3600
40.3,-0.2,100,"sd","09:48:08",3500
40.3,-0.2,100,"sd","09:47:03",3400
40.35,-0.15,100,"sd","09:46:26",3300
40.35,-0.15,100,"sd","09:45:58",3200
40.35,-0.15,300,"bu","09:45:40",3100
40.3,-0.2,100,"sd","09:44:53",2800
40.3,-0.2,100,"sd","09:43:47",2700
40.3,-0.2,100,"sd","09:42:42",2600
40.3,-0.2,200,"sd","09:42:02",2500
40.3,-0.2,100,"sd","09:41:37",2300
40.3,-0.2,100,"sd","09:40:32",2200
40.3,-0.2,100,"sd","09:39:26",2100
40.3,-0.2,100,"sd","09:38:21",2000
40.3,-0.2,100,"sd","09:37:16",1900
40.3,-0.2,100,"sd","09:36:11",1800
40.3,-0.2,100,"sd","09:35:06",1700
40.3,-0.2,100,"sd","09:34:41",1600
40.3,-0.2,100,"sd","09:34:00",1500
40.3,-0.2,100,"sd","09:32:55",1400
40.3,-0.2,100,"sd","09:31:50",1300
40.4,-0.1,100,"sd","09:30:59",1200
40.4,-0.1,100,"sd","09:30:45",1100
40.3,-0.2,100,"sd","09:29:39",1000
40.5,0,100,"sd","09:28:34",900
40.5,0,100,"sd","09:27:29",800
40.5,0,100,"sd","09:27:06",700
40.5,0,200,"sd","09:27:03",600
40.5,0,100,"sd","09:26:24",400
40.5,0,100,"sd","09:25:18",300
40.5,0,100,"sd","09:24:13",200
40.5,0,100,"sd","09:23:09",100
