"price","change","match_qtty","side","time","total_vol"
21.5,0,497800,"","14:45:03",4465800
21.45,-0.05,31000,"sd","14:29:59",3968000
21.45,-0.05,2000,"sd","14:29:55",3937000
21.45,-0.05,500,"sd","14:29:54",3935000
21.45,-0.05,500,"sd","14:29:53",3934500
21.45,-0.05,6000,"sd","14:29:51",3934000
21.45,-0.05,100,"sd","14:29:49",3928000
21.45,-0.05,6000,"sd","14:29:47",3927900
21.45,-0.05,11100,"sd","14:29:46",3921900
21.45,-0.05,200,"sd","14:29:38",3910800
21.5,0,600,"bu","14:29:37",3910600
21.45,-0.05,5000,"sd","14:29:36",3910000
21.45,-0.05,1000,"sd","14:29:34",3905000
21.5,0,500,"bu","14:29:31",3904000
21.45,-0.05,500,"sd","14:29:29",3903500
21.45,-0.05,500,"sd","14:29:28",3903000
21.5,0,40000,"bu","14:29:25",3900500
21.45,-0.05,13500,"sd","14:29:24",3860500
21.45,-0.05,20000,"sd","14:29:22",3847000
21.45,-0.05,1000,"sd","14:29:21",3827000
21.45,-0.05,22000,"sd","14:29:16",3826000
21.45,-0.05,4000,"sd","14:29:13",3804000
21.45,-0.05,100,"sd","14:29:11",3800000
21.5,0,500,"bu","14:29:07",3792400
21.45,-0.05,300,"sd","14:29:07",3791900
21.45,-0.05,15000,"sd","14:28:58",3791600
21.5,0,500,"bu","14:28:58",3776600
21.5,0,3000,"bu","14:28:51",3776100
21.45,-0.05,1000,"sd","14:28:50",3773100
21.5,0,1500,"bu","14:28:47",3772100
21.5,0,300,"bu","14:28:40",3770600
21.45,-0.05,1400,"sd","14:28:40",3770300
21.5,0,5000,"bu","14:28:32",3768900
21.5,0,100,"bu","14:28:27",3763900
21.45,-0.05,200,"sd","14:28:26",3763800
21.5,0,800,"bu","14:28:23",3763600
21.5,0,200,"bu","14:28:16",3762800
21.45,-0.05,100,"sd","14:28:13",3762600
21.5,0,25800,"bu","14:28:13",3762500
21.5,0,1000,"bu","14:28:10",3736700
21.5,0,200,"bu","14:28:01",3735700
21.45,-0.05,1000,"sd","14:27:54",3735500
21.5,0,1000,"bu","14:27:41",3734500
21.45,-0.05,300,"sd","14:27:37",3733500
21.45,-0.05,2000,"sd","14:27:36",3733200
21.5,0,1000,"bu","14:27:35",3731200
21.45,-0.05,200,"sd","14:27:31",3730200
21.5,0,100,"bu","14:27:22",3730000
21.45,-0.05,100,"sd","14:27:21",3729900
21.45,-0.05,200,"sd","14:27:16",3729800
21.45,-0.05,100,"sd","14:27:14",3729600
21.45,-0.05,2500,"sd","14:27:10",3729500
21.45,-0.05,400,"sd","14:27:05",3727000
21.45,-0.05,100,"sd","14:27:05",3726600
21.5,0,400,"bu","14:27:04",3726500
21.5,0,300,"bu","14:27:02",3726100
21.45,-0.05,200,"sd","14:26:59",3725800
21.45,-0.05,1000,"sd","14:26:55",3725600
21.5,0,100,"bu","14:26:50",3724600
21.5,0,100,"bu","14:26:49",3724500
21.5,0,1300,"bu","14:26:38",3724400
21.5,0,1000,"bu","14:26:27",3723100
21.45,-0.05,1000,"sd","14:26:21",3722100
21.5,0,20000,"bu","14:26:19",3721100
21.5,0,800,"bu","14:26:16",3701100
21.45,-0.05,500,"sd","14:26:07",3700300
21.45,-0.05,5000,"sd","14:26:04",3699800
21.45,-0.05,2000,"sd","14:25:57",3694800
21.45,-0.05,1000,"sd","14:25:49",3692800
21.45,-0.05,400,"sd","14:25:46",3691800
21.45,-0.05,1000,"sd","14:25:45",3691400
21.45,-0.05,2000,"sd","14:25:35",3690400
21.45,-0.05,4000,"sd","14:25:33",3688400
21.5,0,500,"bu","14:25:27",3684400
21.5,0,5000,"bu","14:25:18",3683900
21.45,-0.05,500,"sd","14:25:14",3678900
21.5,0,500,"bu","14:25:11",3678400
21.5,0,50000,"bu","14:25:09",3677900
21.45,-0.05,1000,"sd","14:25:00",3627900
21.45,-0.05,1000,"sd","14:24:59",3626900
21.45,-0.05,1000,"sd","14:24:54",3625900
21.5,0,800,"bu","14:24:53",3624900
21.45,-0.05,300,"sd","14:24:51",3624100
21.45,-0.05,200,"sd","14:24:47",3623800
21.45,-0.05,100,"sd","14:24:42",3623600
21.45,-0.05,10000,"sd","14:24:39",3623500
21.45,-0.05,500,"sd","14:24:37",3613500
21.45,-0.05,500,"sd","14:24:17",3613000
21.5,0,300,"bu","14:23:51",3612500
21.5,0,100,"bu","14:23:48",3612200
21.5,0,5000,"bu","14:23:37",3612100
21.5,0,5000,"bu","14:23:30",3607100
21.5,0,1000,"bu","14:23:27",3602100
21.5,0,200,"bu","14:23:23",3601100
21.5,0,4800,"bu","14:23:14",3600900
21.5,0,4900,"bu","14:23:11",3596100
21.5,0,300,"bu","14:23:10",3591200
21.5,0,2000,"bu","14:23:09",3590900
21.5,0,1200,"bu","14:23:02",3588900
21.5,0,2400,"bu","14:23:00",3587700
21.45,-0.05,100,"sd","14:22:57",3585300
21.5,0,2000,"bu","14:22:56",3585200
21.5,0,2700,"bu","14:22:48",3583200
21.5,0,300,"bu","14:22:47",3580500
21.5,0,3000,"bu","14:22:44",3580200
21.5,0,100,"bu","14:22:42",3577200
21.5,0,400,"bu","14:22:39",3577100
21.5,0,100,"bu","14:22:36",3576700
21.45,-0.05,500,"sd","14:22:35",3576600
21.5,0,500,"bu","14:22:35",3576100
21.5,0,500,"bu","14:22:29",3575600
21.5,0,2000,"bu","14:22:26",3575100
21.5,0,500,"bu","14:22:22",3573100
21.5,0,1000,"bu","14:22:19",3572600
21.5,0,400,"bu","14:22:13",3571600
21.5,0,500,"bu","14:22:11",3571200
21.5,0,1000,"bu","14:22:10",3570700
21.5,0,200,"bu","14:22:08",3569700
21.5,0,100,"bu","14:22:02",3569500
21.5,0,500,"bu","14:22:01",3569400
21.5,0,2200,"bu","14:21:52",3568900
21.5,0,5000,"bu","14:21:48",3566700
21.5,0,2000,"bu","14:21:43",3561700
21.5,0,1000,"bu","14:21:39",3559700
21.5,0,1000,"bu","14:21:38",3558700
21.5,0,1000,"bu","14:21:37",3557700
21.5,0,5000,"bu","14:21:16",3556700
21.5,0,2000,"bu","14:21:15",3551700
21.5,0,1000,"bu","14:21:13",3549700
21.5,0,2600,"bu","14:21:10",3548700
21.5,0,40000,"bu","14:21:06",3546100
21.5,0,300,"bu","14:20:58",3506100
21.45,-0.05,400,"sd","14:20:57",3505800
21.45,-0.05,100,"sd","14:20:46",3505400
21.5,0,500,"bu","14:20:41",3505300
21.5,0,200,"bu","14:20:24",3504800
21.5,0,3000,"bu","14:20:23",3504600
21.5,0,5000,"bu","14:20:16",3501600
21.5,0,100,"bu","14:20:14",3496600
21.5,0,2400,"bu","14:20:13",3496500
21.45,-0.05,2500,"sd","14:20:11",3494100
21.5,0,1300,"bu","14:20:04",3491600
21.5,0,20000,"bu","14:19:55",3490300
21.45,-0.05,2000,"sd","14:19:54",3470300
21.5,0,500,"bu","14:19:50",3468300
21.45,-0.05,1200,"sd","14:19:44",3467800
21.5,0,700,"bu","14:19:42",3466600
21.5,0,1000,"bu","14:19:39",3465900
21.5,0,4800,"bu","14:19:38",3464900
21.5,0,500,"bu","14:19:37",3460100
21.5,0,2000,"bu","14:19:30",3459600
21.5,0,10000,"bu","14:19:29",3457600
21.5,0,500,"bu","14:19:16",3447600
21.5,0,800,"bu","14:19:12",3447100
21.5,0,1000,"bu","14:19:09",3446300
21.5,0,300,"bu","14:19:07",3445300
21.5,0,10000,"bu","14:18:59",3445000
21.5,0,500,"bu","14:18:58",3435000
21.5,0,200,"bu","14:18:53",3434500
21.5,0,700,"bu","14:18:44",3434300
21.45,-0.05,200,"sd","14:18:39",3433600
21.5,0,1000,"bu","14:18:34",3433400
21.5,0,500,"bu","14:18:26",3432400
21.5,0,1000,"bu","14:18:22",3431900
21.5,0,3900,"bu","14:18:18",3430900
21.5,0,500,"bu","14:18:11",3427000
21.5,0,600,"bu","14:18:06",3426500
21.5,0,4900,"sd","14:18:05",3425900
21.55,0.05,10000,"bu","14:18:05",3421000
21.5,0,44000,"sd","14:18:01",3411000
21.5,0,2000,"sd","14:17:59",3367000
21.55,0.05,300,"bu","14:17:51",3365000
21.55,0.05,5000,"bu","14:17:50",3364700
21.5,0,1100,"bu","14:17:48",3359700
21.5,0,21800,"bu","14:17:47",3358600
21.5,0,600,"bu","14:17:42",3336800
21.5,0,3000,"bu","14:17:39",3336200
21.5,0,1500,"bu","14:17:39",3333200
21.5,0,14100,"sd","14:17:33",3331700
21.5,0,1000,"sd","14:17:31",3317600
21.55,0.05,100,"bu","14:17:29",3316600
21.5,0,400,"sd","14:17:23",3316500
21.55,0.05,100,"bu","14:17:20",3316100
21.5,0,5600,"bu","14:17:12",3316000
21.5,0,200,"bu","14:17:10",3310400
21.5,0,4300,"sd","14:17:09",3310200
21.5,0,700,"bu","14:17:06",3305900
21.5,0,2300,"sd","14:17:05",3305200
21.5,0,1000,"sd","14:17:01",3302900
21.5,0,2400,"bu","14:17:00",3301900
21.5,0,15000,"bu","14:16:59",3299500
21.5,0,20000,"bu","14:16:56",3284500
21.5,0,200,"bu","14:16:54",3264500
21.5,0,100,"bu","14:16:53",3264300
21.45,-0.05,100,"sd","14:16:52",3264200
21.5,0,5000,"bu","14:16:51",3264100
21.5,0,500,"bu","14:16:49",3259100
21.5,0,4000,"bu","14:16:47",3258600
21.5,0,100,"bu","14:16:45",3254600
21.5,0,10000,"bu","14:16:44",3254500
21.5,0,3100,"bu","14:16:43",3244500
21.5,0,1700,"bu","14:16:42",3241400
21.5,0,1000,"bu","14:16:41",3239700
21.5,0,2000,"bu","14:16:40",3238700
21.5,0,2000,"bu","14:16:39",3236700
21.5,0,1000,"bu","14:16:37",3234700
21.5,0,1000,"bu","14:16:36",3233700
21.5,0,3000,"bu","14:16:35",3232700
21.5,0,1100,"bu","14:16:34",3229700
21.5,0,900,"bu","14:16:33",3228600
21.45,-0.05,100,"sd","14:16:33",3227700
21.5,0,1100,"bu","14:16:33",3227600
21.45,-0.05,3000,"sd","14:16:31",3226500
21.5,0,500,"bu","14:16:30",3223500
21.5,0,10000,"bu","14:16:29",3223000
21.5,0,1400,"bu","14:16:27",3213000
21.5,0,16000,"bu","14:16:25",3211600
21.45,-0.05,300,"sd","14:16:23",3195600
21.5,0,400,"bu","14:16:20",3195300
21.5,0,2000,"bu","14:16:17",3194900
21.5,0,1000,"bu","14:16:16",3192900
21.5,0,1000,"bu","14:16:07",3191900
21.5,0,1000,"bu","14:16:03",3190900
21.5,0,2500,"bu","14:15:51",3189900
21.5,0,2500,"bu","14:15:51",3187400
21.45,-0.05,4000,"sd","14:15:48",3184900
21.5,0,3000,"bu","14:15:46",3180900
21.5,0,200,"bu","14:15:43",3177900
21.5,0,500,"bu","14:15:27",3177700
21.45,-0.05,2900,"sd","14:15:27",3177200
21.5,0,700,"bu","14:15:24",3174300
21.5,0,10000,"bu","14:15:21",3173600
21.5,0,10000,"bu","14:15:15",3163600
21.5,0,300,"bu","14:15:14",3153600
21.45,-0.05,100,"sd","14:15:12",3153300
21.5,0,22700,"bu","14:15:09",3153200
21.5,0,18000,"bu","14:14:58",3130500
21.5,0,2000,"bu","14:14:57",3112500
21.5,0,20000,"bu","14:14:56",3110500
21.5,0,200,"bu","14:14:52",3090500
21.5,0,1000,"bu","14:14:44",3090300
21.45,-0.05,100,"sd","14:14:38",3089300
21.45,-0.05,9700,"sd","14:14:30",3089200
21.5,0,5000,"bu","14:14:27",3079500
21.5,0,600,"bu","14:14:24",3074500
21.5,0,100,"bu","14:14:15",3073900
21.5,0,500,"bu","14:14:13",3073800
21.5,0,24000,"bu","14:14:03",3073300
21.45,-0.05,100,"sd","14:13:39",3049300
21.5,0,20000,"bu","14:13:36",3049200
21.45,-0.05,2000,"sd","14:13:30",3029200
21.45,-0.05,10000,"sd","14:13:26",3027200
21.5,0,500,"bu","14:13:16",3017200
21.45,-0.05,9700,"sd","14:13:16",3016700
21.5,0,100,"bu","14:13:15",3007000
21.5,0,400,"bu","14:13:10",3006900
21.5,0,1000,"bu","14:13:03",3006500
21.5,0,3000,"bu","14:13:02",3005500
21.5,0,2000,"bu","14:12:51",3002500
21.5,0,100,"bu","14:12:28",3000500
21.5,0,400,"bu","14:12:27",3000400
21.5,0,200,"bu","14:12:21",3000000
21.5,0,1000,"bu","14:12:21",2999800
21.5,0,2000,"bu","14:12:17",2998800
21.5,0,11000,"bu","14:12:12",2996800
21.5,0,900,"bu","14:12:05",2985800
21.5,0,500,"bu","14:11:53",2984900
21.5,0,500,"bu","14:11:52",2984400
21.5,0,1000,"bu","14:11:50",2983900
21.5,0,10000,"bu","14:11:38",2982900
21.5,0,500,"bu","14:11:36",2972900
21.45,-0.05,1000,"sd","14:11:31",2972400
21.5,0,100,"bu","14:11:29",2971400
21.5,0,100,"bu","14:11:28",2971300
21.5,0,10000,"bu","14:11:23",2971200
21.45,-0.05,500,"sd","14:11:18",2961200
21.5,0,3000,"bu","14:11:16",2960700
21.45,-0.05,500,"sd","14:11:16",2957700
21.45,-0.05,3900,"sd","14:11:06",2957200
21.5,0,10000,"bu","14:11:05",2953300
21.45,-0.05,9000,"sd","14:11:02",2943300
21.45,-0.05,5000,"sd","14:10:58",2934300
21.45,-0.05,21000,"sd","14:10:41",2929300
21.45,-0.05,500,"sd","14:10:40",2908300
21.5,0,2900,"bu","14:10:30",2907800
21.45,-0.05,300,"sd","14:10:23",2904900
21.45,-0.05,1700,"sd","14:10:12",2904600
21.45,-0.05,3000,"sd","14:10:09",2902900
21.45,-0.05,1000,"sd","14:09:59",2899900
21.45,-0.05,20000,"sd","14:09:52",2898900
21.45,-0.05,10000,"sd","14:09:50",2878900
21.45,-0.05,200,"sd","14:09:44",2868900
21.45,-0.05,2000,"sd","14:09:40",2868700
21.45,-0.05,1500,"sd","14:09:36",2866700
21.45,-0.05,100,"sd","14:09:34",2865200
21.45,-0.05,2000,"sd","14:09:11",2865100
21.5,0,200,"bu","14:09:07",2863100
21.45,-0.05,1000,"sd","14:09:03",2862900
21.45,-0.05,1000,"sd","14:09:00",2861900
21.45,-0.05,2000,"sd","14:08:59",2860900
21.45,-0.05,100,"sd","14:08:58",2858900
21.45,-0.05,100,"sd","14:08:31",2858800
21.45,-0.05,1900,"sd","14:07:55",2858700
21.5,0,800,"bu","14:07:54",2856800
21.5,0,4800,"bu","14:07:50",2856000
21.45,-0.05,200,"sd","14:07:31",2851200
21.45,-0.05,500,"sd","14:07:28",2851000
21.45,-0.05,300,"sd","14:07:20",2850500
21.45,-0.05,2000,"sd","14:07:15",2850200
21.45,-0.05,600,"sd","14:07:13",2848200
21.45,-0.05,2000,"bu","14:07:02",2847600
21.45,-0.05,1700,"bu","14:07:00",2845600
21.45,-0.05,400,"bu","14:06:58",2843900
21.45,-0.05,12000,"bu","14:06:56",2843500
21.45,-0.05,2000,"bu","14:06:54",2831500
21.45,-0.05,4000,"bu","14:06:53",2829500
21.45,-0.05,11000,"bu","14:06:50",2825500
21.45,-0.05,500,"bu","14:06:49",2814500
21.45,-0.05,300,"bu","14:06:47",2814000
21.45,-0.05,200,"bu","14:06:38",2813700
21.4,-0.1,100,"sd","14:06:36",2813500
21.45,-0.05,1900,"bu","14:06:36",2813400
21.45,-0.05,8500,"bu","14:06:34",2811500
21.45,-0.05,2000,"bu","14:06:30",2803000
21.45,-0.05,5000,"bu","14:06:29",2801000
21.45,-0.05,500,"bu","14:06:25",2796000
21.45,-0.05,500,"bu","14:06:24",2795500
21.45,-0.05,2300,"bu","14:06:17",2795000
21.45,-0.05,1000,"bu","14:06:15",2792700
21.45,-0.05,10000,"bu","14:06:12",2791700
21.45,-0.05,5000,"bu","14:06:07",2781700
21.45,-0.05,4000,"bu","14:06:05",2776700
21.45,-0.05,1000,"bu","14:05:59",2772700
21.45,-0.05,3000,"bu","14:05:57",2771700
21.45,-0.05,1500,"bu","14:05:56",2768700
21.45,-0.05,600,"bu","14:05:55",2767200
21.45,-0.05,100,"bu","14:05:46",2766600
21.45,-0.05,500,"bu","14:05:42",2766500
21.45,-0.05,6600,"bu","14:05:34",2766000
21.45,-0.05,3500,"bu","14:05:25",2759400
21.45,-0.05,200,"bu","14:05:21",2755900
21.45,-0.05,2100,"bu","14:05:19",2755700
21.45,-0.05,1000,"bu","14:05:02",2753600
21.4,-0.1,2900,"sd","14:04:48",2752600
21.4,-0.1,500,"sd","14:04:08",2749700
21.4,-0.1,3000,"sd","14:03:53",2749200
21.4,-0.1,500,"sd","14:03:42",2746200
21.4,-0.1,100,"sd","14:03:31",2745700
21.45,-0.05,200,"bu","14:03:21",2745600
21.45,-0.05,100,"bu","14:03:19",2745400
21.45,-0.05,500,"bu","14:03:07",2745300
21.45,-0.05,2000,"bu","14:02:48",2744800
21.45,-0.05,100,"bu","14:02:34",2742800
21.45,-0.05,100,"bu","14:02:19",2742700
21.45,-0.05,500,"bu","14:01:45",2742600
21.45,-0.05,100,"bu","14:01:44",2742100
21.45,-0.05,3000,"bu","14:01:42",2742000
21.45,-0.05,1500,"bu","14:01:41",2739000
21.45,-0.05,1000,"bu","14:01:39",2737500
21.45,-0.05,500,"bu","14:01:30",2736500
21.4,-0.1,100,"sd","14:01:30",2736000
21.45,-0.05,100,"bu","14:01:01",2735900
21.45,-0.05,100,"bu","14:00:46",2735800
21.45,-0.05,1000,"bu","14:00:35",2735700
21.4,-0.1,1000,"sd","14:00:16",2734700
21.45,-0.05,1000,"bu","14:00:11",2733700
21.4,-0.1,700,"sd","14:00:11",2732700
21.45,-0.05,1000,"bu","14:00:07",2732000
21.4,-0.1,300,"sd","14:00:00",2731000
21.4,-0.1,38000,"sd","13:59:55",2730700
21.4,-0.1,500,"sd","13:59:47",2692700
21.4,-0.1,400,"sd","13:59:21",2692200
21.4,-0.1,7000,"sd","13:59:17",2691800
21.4,-0.1,200,"sd","13:59:15",2684800
21.45,-0.05,1500,"bu","13:59:13",2684600
21.45,-0.05,1000,"bu","13:58:47",2683100
21.4,-0.1,500,"sd","13:58:33",2682100
21.4,-0.1,200,"sd","13:58:30",2681600
21.4,-0.1,20000,"sd","13:58:23",2681400
21.4,-0.1,5000,"sd","13:58:02",2661400
21.4,-0.1,10000,"sd","13:57:45",2656400
21.4,-0.1,4800,"sd","13:57:44",2646400
21.4,-0.1,900,"sd","13:57:24",2641600
21.4,-0.1,200,"sd","13:56:59",2640700
21.4,-0.1,1600,"sd","13:56:54",2640500
21.4,-0.1,900,"sd","13:56:37",2638900
21.4,-0.1,200,"sd","13:56:14",2638000
21.4,-0.1,1700,"sd","13:55:56",2637800
21.45,-0.05,3000,"bu","13:55:52",2636100
21.4,-0.1,1500,"sd","13:55:42",2633100
21.4,-0.1,300,"sd","13:55:29",2631600
21.45,-0.05,100,"bu","13:55:17",2631300
21.45,-0.05,300,"bu","13:55:11",2631200
21.45,-0.05,1000,"bu","13:54:53",2630900
21.4,-0.1,1000,"sd","13:54:52",2629900
21.45,-0.05,4000,"bu","13:54:45",2628900
21.45,-0.05,800,"bu","13:54:44",2624900
21.4,-0.1,200,"sd","13:54:44",2624100
21.45,-0.05,1000,"bu","13:54:43",2623900
21.45,-0.05,1000,"bu","13:54:41",2622900
21.45,-0.05,200,"bu","13:54:26",2621900
21.45,-0.05,300,"bu","13:54:22",2621700
21.4,-0.1,300,"sd","13:53:58",2621400
21.4,-0.1,10000,"sd","13:53:48",2621100
21.45,-0.05,2400,"sd","13:53:47",2611100
21.45,-0.05,500,"sd","13:53:45",2608700
21.45,-0.05,3100,"bu","13:53:37",2608200
21.45,-0.05,8900,"sd","13:53:34",2605100
21.45,-0.05,1000,"sd","13:53:31",2596200
21.45,-0.05,100,"sd","13:53:30",2595200
21.45,-0.05,1100,"sd","13:53:22",2595100
21.45,-0.05,100,"sd","13:53:21",2594000
21.45,-0.05,1000,"sd","13:53:19",2593900
21.45,-0.05,27100,"sd","13:53:18",2592900
21.45,-0.05,32900,"sd","13:53:18",2565800
21.45,-0.05,200,"sd","13:53:13",2532900
21.5,0,200,"bu","13:53:11",2532700
21.45,-0.05,500,"sd","13:53:09",2532500
21.45,-0.05,700,"sd","13:53:00",2532000
21.45,-0.05,2000,"sd","13:52:55",2531300
21.45,-0.05,1000,"sd","13:52:51",2529300
21.45,-0.05,4000,"sd","13:52:41",2528300
21.45,-0.05,5100,"sd","13:52:35",2524300
21.45,-0.05,5000,"sd","13:52:31",2519200
21.45,-0.05,100,"sd","13:52:30",2514200
21.45,-0.05,200,"sd","13:52:29",2514100
21.45,-0.05,500,"sd","13:52:28",2513900
21.45,-0.05,200,"sd","13:52:27",2513400
21.45,-0.05,1000,"sd","13:52:24",2513200
21.45,-0.05,200,"sd","13:52:23",2512200
21.45,-0.05,2500,"sd","13:52:21",2512000
21.45,-0.05,2300,"sd","13:52:13",2509500
21.45,-0.05,100,"sd","13:52:04",2507200
21.45,-0.05,100,"sd","13:52:03",2507100
21.45,-0.05,300,"sd","13:51:43",2507000
21.45,-0.05,5000,"sd","13:51:28",2506700
21.45,-0.05,5000,"sd","13:51:24",2501700
21.45,-0.05,4500,"sd","13:51:21",2496700
21.45,-0.05,700,"sd","13:51:05",2492200
21.45,-0.05,200,"sd","13:50:58",2491500
21.5,0,100,"bu","13:50:53",2491300
21.45,-0.05,500,"sd","13:50:51",2491200
21.45,-0.05,100,"sd","13:50:44",2490700
21.45,-0.05,600,"sd","13:50:31",2490600
21.5,0,3000,"bu","13:50:18",2490000
21.45,-0.05,2000,"sd","13:50:17",2487000
21.45,-0.05,7500,"sd","13:50:15",2485000
21.45,-0.05,1000,"sd","13:50:13",2477500
21.45,-0.05,300,"sd","13:50:13",2476500
21.45,-0.05,1900,"sd","13:50:09",2476200
21.45,-0.05,1500,"sd","13:50:04",2474300
21.45,-0.05,15100,"sd","13:49:58",2472800
21.45,-0.05,1000,"sd","13:49:42",2457700
21.45,-0.05,5200,"sd","13:49:34",2456700
21.5,0,1000,"bu","13:49:28",2451500
21.45,-0.05,200,"sd","13:49:27",2450500
21.45,-0.05,200,"sd","13:49:10",2450300
21.45,-0.05,5000,"sd","13:49:06",2450100
21.5,0,2000,"bu","13:49:02",2445100
21.5,0,100,"bu","13:48:59",2443100
21.5,0,2000,"bu","13:48:58",2443000
21.45,-0.05,50000,"sd","13:48:54",2441000
21.5,0,400,"bu","13:48:47",2391000
21.45,-0.05,200,"sd","13:48:42",2390600
21.5,0,100,"bu","13:48:39",2390400
21.45,-0.05,500,"sd","13:48:32",2390300
21.45,-0.05,300,"sd","13:47:57",2389800
21.45,-0.05,10000,"sd","13:47:51",2389500
21.5,0,1000,"bu","13:47:47",2379500
21.5,0,200,"bu","13:47:45",2378500
21.5,0,2400,"bu","13:47:30",2378300
21.5,0,100,"bu","13:47:28",2375900
21.5,0,200,"bu","13:47:22",2375800
21.45,-0.05,300,"sd","13:47:14",2375600
21.45,-0.05,200,"sd","13:47:12",2375300
21.45,-0.05,8000,"sd","13:47:04",2375100
21.45,-0.05,10000,"sd","13:46:56",2367100
21.45,-0.05,500,"sd","13:46:44",2357100
21.45,-0.05,300,"sd","13:46:27",2356600
21.45,-0.05,2000,"sd","13:46:11",2356300
21.45,-0.05,200,"sd","13:45:41",2354300
21.45,-0.05,500,"sd","13:45:39",2354100
21.5,0,4000,"bu","13:45:24",2353600
21.5,0,100,"bu","13:45:23",2349600
21.5,0,500,"bu","13:45:22",2349500
21.5,0,1000,"bu","13:45:10",2349000
21.45,-0.05,500,"sd","13:45:02",2348000
21.45,-0.05,300,"sd","13:44:56",2347500
21.5,0,1000,"bu","13:44:52",2347200
21.5,0,2000,"bu","13:44:41",2346200
21.45,-0.05,2000,"sd","13:44:34",2344200
21.5,0,2000,"bu","13:44:30",2342200
21.5,0,200,"bu","13:44:29",2340200
21.5,0,10000,"bu","13:44:23",2340000
21.5,0,500,"bu","13:44:22",2330000
21.45,-0.05,200,"sd","13:44:11",2329500
21.5,0,100,"bu","13:44:04",2329300
21.5,0,500,"bu","13:43:39",2329200
21.45,-0.05,200,"sd","13:43:34",2328700
21.45,-0.05,100,"sd","13:43:32",2328500
21.45,-0.05,200,"sd","13:43:26",2328400
21.45,-0.05,500,"bu","13:43:20",2328200
21.45,-0.05,9900,"bu","13:43:17",2327700
21.45,-0.05,1500,"bu","13:43:11",2317800
21.45,-0.05,100,"bu","13:43:10",2316300
21.45,-0.05,10000,"bu","13:43:10",2316200
21.45,-0.05,5000,"bu","13:43:07",2306200
21.45,-0.05,2000,"bu","13:43:05",2301200
21.45,-0.05,200,"bu","13:43:01",2299200
21.45,-0.05,100,"bu","13:42:58",2299000
21.45,-0.05,100,"bu","13:42:57",2298900
21.45,-0.05,100,"bu","13:42:55",2298800
21.45,-0.05,1000,"bu","13:42:49",2298700
21.45,-0.05,100,"bu","13:42:47",2297700
21.45,-0.05,10000,"bu","13:42:45",2297600
21.4,-0.1,500,"sd","13:42:43",2287600
21.45,-0.05,200,"bu","13:42:42",2287100
21.4,-0.1,3300,"sd","13:42:41",2286900
21.45,-0.05,100,"bu","13:42:34",2283600
21.45,-0.05,2500,"bu","13:42:31",2283500
21.45,-0.05,10000,"bu","13:42:17",2281000
21.45,-0.05,700,"bu","13:42:16",2271000
21.45,-0.05,100,"bu","13:42:15",2270300
21.45,-0.05,3000,"bu","13:42:06",2270200
21.45,-0.05,2800,"bu","13:42:03",2267200
21.45,-0.05,400,"bu","13:42:00",2264400
21.45,-0.05,200,"bu","13:41:59",2264000
21.4,-0.1,200,"sd","13:41:55",2263800
21.45,-0.05,100,"bu","13:41:51",2263600
21.45,-0.05,500,"bu","13:41:47",2263500
21.45,-0.05,5000,"bu","13:41:35",2263000
21.4,-0.1,1000,"sd","13:41:34",2258000
21.45,-0.05,1000,"bu","13:41:31",2257000
21.45,-0.05,100,"bu","13:41:18",2256000
21.45,-0.05,500,"bu","13:41:14",2255900
21.4,-0.1,300,"sd","13:41:10",2255400
21.45,-0.05,1000,"bu","13:40:50",2255100
21.4,-0.1,20000,"sd","13:40:48",2254100
21.45,-0.05,5000,"bu","13:40:45",2234100
21.4,-0.1,1000,"sd","13:40:33",2229100
21.4,-0.1,200,"sd","13:40:25",2228100
21.45,-0.05,100,"bu","13:40:24",2227900
21.45,-0.05,2800,"bu","13:39:52",2227800
21.4,-0.1,300,"sd","13:39:51",2225000
21.4,-0.1,200,"sd","13:39:39",2224700
21.4,-0.1,800,"sd","13:39:09",2224500
21.4,-0.1,300,"sd","13:38:55",2223700
21.4,-0.1,200,"sd","13:38:49",2223400
21.4,-0.1,3000,"sd","13:38:24",2223200
21.45,-0.05,900,"bu","13:38:15",2220200
21.4,-0.1,200,"sd","13:38:09",2219300
21.45,-0.05,200,"bu","13:37:53",2219100
21.45,-0.05,600,"bu","13:37:35",2218900
21.4,-0.1,100,"sd","13:37:25",2218300
21.4,-0.1,300,"sd","13:37:24",2218200
21.45,-0.05,1000,"bu","13:37:09",2217900
21.4,-0.1,200,"sd","13:36:53",2216900
21.4,-0.1,300,"sd","13:36:44",2216700
21.4,-0.1,200,"sd","13:36:39",2216400
21.4,-0.1,1500,"sd","13:36:09",2216200
21.4,-0.1,200,"sd","13:35:54",2214700
21.45,-0.05,100,"bu","13:35:35",2214500
21.4,-0.1,300,"sd","13:35:09",2214400
21.45,-0.05,1000,"bu","13:35:08",2214100
21.45,-0.05,1000,"bu","13:35:00",2213100
21.45,-0.05,500,"bu","13:34:45",2212100
21.45,-0.05,1000,"bu","13:34:33",2211600
21.45,-0.05,500,"bu","13:34:32",2210600
21.4,-0.1,200,"sd","13:34:24",2210100
21.45,-0.05,1000,"bu","13:34:20",2209900
21.45,-0.05,2200,"bu","13:34:15",2208900
21.45,-0.05,500,"bu","13:34:06",2206700
21.45,-0.05,500,"bu","13:34:05",2206200
21.4,-0.1,100,"sd","13:33:55",2205700
21.4,-0.1,300,"sd","13:33:38",2205600
21.45,-0.05,2000,"bu","13:33:30",2205300
21.45,-0.05,800,"bu","13:33:24",2203300
21.45,-0.05,500,"bu","13:33:18",2202500
21.45,-0.05,100,"bu","13:33:00",2202000
21.4,-0.1,200,"sd","13:32:53",2201900
21.45,-0.05,3500,"sd","13:32:45",2201700
21.45,-0.05,4000,"sd","13:32:37",2198200
21.45,-0.05,100,"sd","13:32:22",2194200
21.45,-0.05,1600,"sd","13:32:20",2194100
21.45,-0.05,1000,"sd","13:32:18",2192500
21.45,-0.05,2000,"sd","13:32:15",2191500
21.45,-0.05,1600,"sd","13:32:10",2189500
21.45,-0.05,200,"sd","13:32:08",2187900
21.45,-0.05,3500,"bu","13:31:46",2187700
21.45,-0.05,4000,"bu","13:31:33",2184200
21.4,-0.1,300,"sd","13:31:23",2180200
21.45,-0.05,34800,"bu","13:31:16",2179900
21.4,-0.1,200,"sd","13:30:38",2145100
21.45,-0.05,5000,"bu","13:30:19",2144900
21.45,-0.05,5000,"bu","13:29:55",2139900
21.4,-0.1,300,"sd","13:29:52",2134900
21.45,-0.05,200,"bu","13:29:46",2134600
21.45,-0.05,10000,"bu","13:29:44",2134400
21.45,-0.05,100,"bu","13:29:35",2124400
21.4,-0.1,1000,"sd","13:29:24",2124300
21.45,-0.05,300,"bu","13:29:22",2123300
21.4,-0.1,1500,"sd","13:29:16",2123000
21.45,-0.05,500,"bu","13:29:15",2121500
21.45,-0.05,2000,"bu","13:29:13",2121000
21.45,-0.05,4000,"bu","13:29:12",2119000
21.4,-0.1,200,"sd","13:29:07",2115000
21.45,-0.05,100,"bu","13:29:03",2114800
21.45,-0.05,3000,"bu","13:29:03",2114700
21.45,-0.05,2100,"bu","13:28:55",2111700
21.45,-0.05,1000,"bu","13:28:53",2109600
21.45,-0.05,4000,"bu","13:28:50",2108600
21.45,-0.05,2000,"bu","13:28:42",2104600
21.45,-0.05,22200,"bu","13:28:41",2102600
21.45,-0.05,100,"bu","13:28:40",2080400
21.45,-0.05,100,"bu","13:28:39",2080300
21.45,-0.05,1000,"bu","13:28:38",2080200
21.45,-0.05,1500,"bu","13:28:37",2079200
21.45,-0.05,100,"bu","13:28:33",2077700
21.45,-0.05,1000,"bu","13:28:26",2077600
21.45,-0.05,400,"bu","13:28:23",2076600
21.45,-0.05,100,"bu","13:28:22",2076200
21.4,-0.1,300,"sd","13:28:22",2076100
21.45,-0.05,2000,"bu","13:28:21",2075800
21.4,-0.1,200,"sd","13:28:11",2073800
21.4,-0.1,300,"sd","13:27:46",2073600
21.4,-0.1,200,"sd","13:27:37",2073300
21.4,-0.1,14900,"bu","13:27:23",2073100
21.4,-0.1,400,"bu","13:27:19",2058200
21.4,-0.1,1000,"bu","13:27:15",2057800
21.4,-0.1,100,"bu","13:27:15",2056800
21.4,-0.1,3100,"bu","13:27:13",2056700
21.4,-0.1,1000,"bu","13:27:09",2053600
21.4,-0.1,1300,"bu","13:27:04",2052600
21.4,-0.1,11000,"bu","13:27:01",2051300
21.4,-0.1,1000,"bu","13:26:57",2040300
21.4,-0.1,100,"bu","13:26:56",2039300
21.4,-0.1,300,"bu","13:26:55",2039200
21.4,-0.1,1000,"bu","13:26:53",2038900
21.35,-0.15,200,"sd","13:26:52",2037900
21.4,-0.1,100,"bu","13:26:52",2037700
21.4,-0.1,100,"bu","13:26:50",2037600
21.4,-0.1,300,"bu","13:26:49",2037500
21.4,-0.1,2500,"bu","13:26:48",2037200
21.4,-0.1,500,"bu","13:26:44",2034700
21.4,-0.1,500,"bu","13:26:39",2034200
21.4,-0.1,1300,"bu","13:26:38",2033700
21.4,-0.1,100,"bu","13:26:33",2032400
21.4,-0.1,400,"bu","13:26:16",2032300
21.4,-0.1,600,"bu","13:26:15",2031900
21.4,-0.1,500,"bu","13:26:13",2031300
21.35,-0.15,300,"sd","13:26:06",2030800
21.4,-0.1,3500,"bu","13:26:05",2030500
21.4,-0.1,600,"bu","13:26:04",2027000
21.4,-0.1,1500,"bu","13:25:51",2026400
21.4,-0.1,2200,"bu","13:25:48",2024900
21.4,-0.1,10000,"bu","13:25:47",2022700
21.4,-0.1,500,"bu","13:25:34",2012700
21.4,-0.1,1000,"bu","13:25:33",2012200
21.4,-0.1,3900,"bu","13:25:29",2011200
21.35,-0.15,200,"sd","13:25:21",2007300
21.4,-0.1,1000,"bu","13:25:15",2007100
21.35,-0.15,300,"sd","13:25:10",2006100
21.4,-0.1,500,"bu","13:25:03",2005800
21.4,-0.1,5000,"bu","13:25:01",2005300
21.4,-0.1,400,"bu","13:24:59",2000300
21.4,-0.1,200,"bu","13:24:59",1999900
21.4,-0.1,100,"bu","13:24:57",1999700
21.4,-0.1,400,"bu","13:24:56",1999600
21.4,-0.1,200,"bu","13:24:52",1999200
21.4,-0.1,500,"bu","13:24:51",1999000
21.4,-0.1,10000,"bu","13:24:50",1998500
21.4,-0.1,400,"bu","13:24:48",1988500
21.4,-0.1,300,"bu","13:24:46",1988100
21.4,-0.1,300,"bu","13:24:36",1987800
21.35,-0.15,300,"sd","13:24:36",1987500
21.4,-0.1,300,"bu","13:24:28",1987200
21.4,-0.1,100,"bu","13:24:24",1986900
21.4,-0.1,100,"bu","13:24:23",1986800
21.4,-0.1,5500,"bu","13:24:18",1986700
21.4,-0.1,200,"bu","13:24:01",1981200
21.4,-0.1,100,"bu","13:23:59",1981000
21.4,-0.1,5000,"bu","13:23:58",1980900
21.4,-0.1,5000,"bu","13:23:51",1975900
21.35,-0.15,200,"sd","13:23:51",1970900
21.4,-0.1,700,"bu","13:23:45",1970700
21.4,-0.1,700,"bu","13:23:39",1970000
21.4,-0.1,500,"bu","13:23:33",1969300
21.4,-0.1,100,"bu","13:23:25",1968800
21.35,-0.15,500,"sd","13:23:09",1968700
21.35,-0.15,200,"sd","13:23:06",1968200
21.35,-0.15,2000,"sd","13:22:56",1968000
21.35,-0.15,100,"sd","13:22:28",1966000
21.35,-0.15,300,"sd","13:22:21",1965900
21.35,-0.15,400,"sd","13:22:09",1965600
21.35,-0.15,1300,"sd","13:21:56",1965200
21.35,-0.15,700,"sd","13:21:56",1963900
21.35,-0.15,800,"sd","13:21:55",1963200
21.35,-0.15,200,"sd","13:21:35",1962400
21.35,-0.15,2000,"sd","13:20:57",1962200
21.35,-0.15,100,"sd","13:20:51",1960200
21.35,-0.15,300,"sd","13:20:50",1960100
21.35,-0.15,1200,"bu","13:20:40",1959800
21.35,-0.15,1500,"bu","13:20:38",1958600
21.35,-0.15,1800,"bu","13:20:36",1957100
21.35,-0.15,100,"bu","13:20:35",1955300
21.35,-0.15,100,"bu","13:20:33",1955200
21.35,-0.15,500,"bu","13:20:32",1955100
21.35,-0.15,2000,"bu","13:20:31",1954600
21.35,-0.15,1000,"bu","13:20:31",1952600
21.35,-0.15,500,"bu","13:20:29",1951600
21.35,-0.15,500,"bu","13:20:28",1951100
21.35,-0.15,3000,"bu","13:20:27",1950600
21.35,-0.15,5000,"bu","13:20:26",1947600
21.35,-0.15,2000,"bu","13:20:22",1942600
21.35,-0.15,18000,"bu","13:20:19",1940600
21.35,-0.15,200,"bu","13:20:18",1922600
21.35,-0.15,200,"bu","13:20:17",1922400
21.35,-0.15,1000,"bu","13:20:15",1922200
21.35,-0.15,300,"bu","13:20:13",1921200
21.35,-0.15,7000,"bu","13:20:12",1920900
21.35,-0.15,18600,"bu","13:20:06",1913900
21.3,-0.2,200,"sd","13:20:05",1895300
21.35,-0.15,5000,"bu","13:19:59",1895100
21.3,-0.2,6100,"sd","13:19:43",1890100
21.35,-0.15,100,"bu","13:19:39",1884000
21.35,-0.15,500,"bu","13:19:24",1883900
21.3,-0.2,200,"sd","13:19:20",1883400
21.3,-0.2,2000,"sd","13:19:07",1883200
21.35,-0.15,800,"bu","13:19:02",1881200
21.35,-0.15,2000,"bu","13:18:57",1880400
21.35,-0.15,100,"bu","13:18:50",1878400
21.35,-0.15,5000,"bu","13:18:42",1878300
21.35,-0.15,2000,"bu","13:18:40",1873300
21.3,-0.2,300,"sd","13:18:35",1871300
21.35,-0.15,200,"bu","13:18:33",1871000
21.35,-0.15,300,"bu","13:18:26",1870800
21.3,-0.2,1000,"sd","13:18:20",1870500
21.35,-0.15,4000,"bu","13:18:06",1869500
21.3,-0.2,1400,"sd","13:18:00",1865500
21.3,-0.2,200,"sd","13:17:49",1864100
21.35,-0.15,500,"bu","13:17:46",1863900
21.35,-0.15,300,"bu","13:17:44",1863400
21.35,-0.15,300,"bu","13:17:33",1863100
21.3,-0.2,500,"sd","13:17:23",1862800
21.3,-0.2,300,"sd","13:17:04",1862300
21.35,-0.15,1500,"bu","13:16:54",1862000
21.35,-0.15,200,"bu","13:16:50",1860500
21.3,-0.2,200,"sd","13:16:19",1860300
21.3,-0.2,500,"sd","13:16:04",1860100
21.35,-0.15,500,"bu","13:15:56",1859600
21.35,-0.15,200,"bu","13:15:41",1859100
21.35,-0.15,200,"bu","13:15:39",1858900
21.3,-0.2,300,"sd","13:15:34",1858700
21.35,-0.15,500,"bu","13:15:32",1858400
21.3,-0.2,4000,"sd","13:15:27",1857900
21.35,-0.15,1000,"bu","13:15:24",1853900
21.35,-0.15,3000,"bu","13:15:16",1852900
21.35,-0.15,200,"bu","13:15:07",1849900
21.3,-0.2,900,"sd","13:15:03",1849700
21.35,-0.15,200,"bu","13:15:00",1848800
21.3,-0.2,200,"sd","13:14:49",1848600
21.35,-0.15,2000,"bu","13:14:48",1848400
21.35,-0.15,500,"bu","13:14:44",1846400
21.35,-0.15,100,"bu","13:14:39",1845900
21.35,-0.15,500,"bu","13:14:38",1845800
21.35,-0.15,500,"bu","13:14:31",1845300
21.35,-0.15,100,"bu","13:14:26",1844800
21.35,-0.15,100,"bu","13:14:25",1844700
21.3,-0.2,2000,"sd","13:14:25",1844600
21.35,-0.15,200,"bu","13:14:23",1842600
21.35,-0.15,2000,"bu","13:14:22",1842400
21.35,-0.15,500,"bu","13:14:11",1840400
21.35,-0.15,500,"bu","13:14:10",1839900
21.35,-0.15,100,"bu","13:14:06",1839400
21.35,-0.15,200,"bu","13:14:04",1839300
21.3,-0.2,200,"sd","13:14:03",1839100
21.35,-0.15,100,"bu","13:14:01",1838900
21.35,-0.15,500,"bu","13:13:58",1838800
21.35,-0.15,100,"bu","13:13:31",1838300
21.3,-0.2,300,"sd","13:13:18",1838200
21.3,-0.2,200,"sd","13:12:33",1837900
21.35,-0.15,100,"bu","13:12:30",1837700
21.35,-0.15,5000,"bu","13:12:27",1837600
21.3,-0.2,2400,"sd","13:12:21",1832600
21.35,-0.15,200,"bu","13:12:19",1830200
21.35,-0.15,1500,"bu","13:12:18",1830000
21.35,-0.15,300,"bu","13:12:14",1828500
21.35,-0.15,4700,"bu","13:12:03",1828200
21.35,-0.15,1000,"bu","13:11:54",1823500
21.35,-0.15,1000,"bu","13:11:49",1822500
21.3,-0.2,300,"sd","13:11:48",1821500
21.3,-0.2,2000,"sd","13:11:41",1821200
21.3,-0.2,200,"sd","13:11:03",1819200
21.35,-0.15,5000,"bu","13:10:58",1819000
21.3,-0.2,800,"sd","13:10:52",1814000
21.3,-0.2,100,"sd","13:10:47",1813200
21.35,-0.15,500,"bu","13:10:44",1813100
21.3,-0.2,200,"sd","13:10:17",1812600
21.35,-0.15,2000,"bu","13:10:09",1812400
21.35,-0.15,1200,"bu","13:09:42",1810400
21.3,-0.2,300,"sd","13:09:32",1809200
21.35,-0.15,100,"bu","13:09:12",1808900
21.35,-0.15,2000,"bu","13:08:48",1808800
21.3,-0.2,200,"sd","13:08:47",1806800
21.3,-0.2,5000,"sd","13:08:04",1806600
21.3,-0.2,300,"sd","13:08:02",1801600
21.3,-0.2,1000,"sd","13:07:51",1801300
21.35,-0.15,1000,"bu","13:07:35",1800300
21.35,-0.15,200,"bu","13:07:30",1799300
21.3,-0.2,200,"sd","13:07:17",1799100
21.35,-0.15,100,"bu","13:07:13",1798900
21.35,-0.15,100,"bu","13:06:49",1798800
21.35,-0.15,1000,"bu","13:06:43",1798700
21.35,-0.15,1000,"bu","13:06:40",1797700
21.3,-0.2,200,"sd","13:06:32",1796700
21.35,-0.15,3000,"bu","13:06:26",1796500
21.35,-0.15,100,"bu","13:06:16",1793500
21.3,-0.2,300,"sd","13:05:46",1793400
21.35,-0.15,100,"bu","13:05:37",1793100
21.3,-0.2,200,"sd","13:05:01",1793000
21.3,-0.2,600,"sd","13:04:52",1792800
21.3,-0.2,300,"sd","13:04:16",1792200
21.35,-0.15,1000,"bu","13:04:05",1791900
21.35,-0.15,500,"bu","13:03:57",1790900
21.3,-0.2,60000,"sd","13:03:50",1790400
21.3,-0.2,2300,"sd","13:03:48",1730400
21.35,-0.15,100,"bu","13:03:44",1728100
21.3,-0.2,200,"sd","13:03:31",1728000
21.3,-0.2,100,"sd","13:03:27",1727800
21.35,-0.15,2500,"bu","13:03:25",1727700
21.35,-0.15,1000,"bu","13:03:10",1725200
21.3,-0.2,100,"sd","13:02:53",1724200
21.3,-0.2,200,"sd","13:02:46",1724100
21.35,-0.15,1600,"bu","13:02:45",1723900
21.3,-0.2,1000,"sd","13:02:30",1722300
21.3,-0.2,400,"sd","13:02:25",1721300
21.3,-0.2,900,"sd","13:02:09",1720900
21.3,-0.2,300,"sd","13:02:00",1720000
21.3,-0.2,200,"sd","13:01:15",1719700
21.35,-0.15,100,"bu","13:00:43",1719500
21.3,-0.2,300,"sd","13:00:30",1719400
21.35,-0.15,100,"bu","13:00:16",1719100
21.35,-0.15,3000,"bu","13:00:14",1719000
21.35,-0.15,200,"bu","13:00:10",1716000
21.35,-0.15,100,"bu","13:00:08",1715800
21.35,-0.15,400,"bu","13:00:08",1715700
21.35,-0.15,1000,"bu","13:00:06",1715300
21.35,-0.15,17300,"sd","13:00:04",1714300
21.35,-0.15,300,"sd","13:00:03",1697000
21.35,-0.15,2500,"sd","13:00:02",1696700
21.35,-0.15,9300,"sd","13:00:01",1694200
21.35,-0.15,11100,"sd","13:00:00",1684900
21.4,-0.1,500,"bu","13:00:00",1673800
21.35,-0.15,100,"sd","13:00:00",1673300
21.35,-0.15,1500,"sd","11:29:41",1673200
21.35,-0.15,5000,"sd","11:28:50",1671700
21.35,-0.15,1000,"sd","11:28:33",1666700
21.35,-0.15,100,"sd","11:28:06",1665700
21.35,-0.15,200,"sd","11:28:00",1665600
21.35,-0.15,300,"sd","11:27:34",1665400
21.35,-0.15,200,"sd","11:27:00",1665100
21.35,-0.15,200,"sd","11:26:51",1664900
21.35,-0.15,3000,"sd","11:26:43",1664700
21.35,-0.15,200,"sd","11:25:59",1661700
21.35,-0.15,700,"sd","11:25:27",1661500
21.4,-0.1,200,"bu","11:25:23",1660800
21.35,-0.15,500,"sd","11:25:03",1660600
21.35,-0.15,200,"sd","11:24:59",1660100
21.4,-0.1,200,"bu","11:24:46",1659900
21.4,-0.1,500,"bu","11:24:20",1659700
21.35,-0.15,10000,"sd","11:24:07",1659200
21.35,-0.15,500,"sd","11:24:02",1649200
21.35,-0.15,200,"sd","11:23:59",1648700
21.4,-0.1,500,"bu","11:23:39",1648500
21.35,-0.15,600,"sd","11:23:22",1648000
21.35,-0.15,100,"sd","11:23:05",1647400
21.35,-0.15,200,"sd","11:22:59",1647300
21.4,-0.1,100,"bu","11:22:14",1647100
21.35,-0.15,200,"sd","11:21:58",1647000
21.35,-0.15,1900,"sd","11:21:26",1646800
21.35,-0.15,100,"sd","11:21:25",1644900
21.35,-0.15,2000,"sd","11:21:21",1644800
21.35,-0.15,200,"sd","11:20:58",1642800
21.4,-0.1,7000,"bu","11:20:55",1642600
21.35,-0.15,300,"sd","11:20:14",1635600
21.4,-0.1,300,"bu","11:20:01",1635300
21.35,-0.15,200,"sd","11:19:58",1635000
21.35,-0.15,200,"sd","11:18:57",1634800
21.35,-0.15,2000,"sd","11:18:54",1634600
21.4,-0.1,1000,"bu","11:18:02",1632600
21.35,-0.15,200,"sd","11:17:57",1631600
21.35,-0.15,1000,"sd","11:17:21",1631400
21.35,-0.15,300,"sd","11:17:18",1630400
21.35,-0.15,700,"sd","11:17:17",1630100
21.35,-0.15,300,"sd","11:17:03",1629400
21.35,-0.15,200,"sd","11:16:57",1629100
21.35,-0.15,3000,"sd","11:16:50",1628900
21.35,-0.15,100,"sd","11:16:00",1625900
21.35,-0.15,200,"sd","11:15:56",1625800
21.35,-0.15,300,"sd","11:15:30",1625600
21.4,-0.1,200,"bu","11:14:59",1625300
21.35,-0.15,200,"sd","11:14:56",1625100
21.35,-0.15,1000,"sd","11:14:06",1624900
21.35,-0.15,200,"sd","11:13:56",1623900
21.35,-0.15,200,"sd","11:12:56",1623700
21.35,-0.15,500,"sd","11:12:38",1623500
21.35,-0.15,200,"sd","11:11:55",1623000
21.4,-0.1,100,"bu","11:11:09",1622800
21.35,-0.15,1000,"sd","11:11:07",1622700
21.35,-0.15,4100,"sd","11:10:55",1621700
21.35,-0.15,29100,"sd","11:10:54",1617600
21.35,-0.15,20000,"sd","11:10:45",1588500
21.35,-0.15,200,"sd","11:09:55",1568500
21.4,-0.1,100,"bu","11:09:38",1568300
21.35,-0.15,200,"sd","11:08:54",1568200
21.35,-0.15,2000,"sd","11:08:54",1568000
21.35,-0.15,200,"sd","11:07:54",1566000
21.35,-0.15,100,"sd","11:07:17",1565800
21.35,-0.15,200,"sd","11:06:54",1565700
21.4,-0.1,500,"bu","11:06:49",1565500
21.4,-0.1,500,"bu","11:06:39",1565000
21.4,-0.1,2000,"bu","11:06:29",1564500
21.4,-0.1,300,"bu","11:06:12",1562500
21.4,-0.1,10000,"bu","11:05:55",1562200
21.35,-0.15,200,"sd","11:05:54",1552200
21.35,-0.15,200,"sd","11:04:53",1552000
21.4,-0.1,2000,"bu","11:04:46",1551800
21.4,-0.1,3000,"bu","11:04:42",1549800
21.4,-0.1,100,"bu","11:04:28",1546800
21.35,-0.15,500,"sd","11:04:18",1546700
21.35,-0.15,200,"sd","11:03:53",1546200
21.35,-0.15,1900,"sd","11:03:34",1546000
21.35,-0.15,100,"sd","11:03:34",1544100
21.35,-0.15,500,"sd","11:03:33",1544000
21.35,-0.15,2000,"sd","11:03:26",1543500
21.35,-0.15,200,"sd","11:02:53",1541500
21.35,-0.15,4000,"sd","11:02:48",1541300
21.35,-0.15,5000,"sd","11:02:46",1537300
21.35,-0.15,400,"sd","11:02:06",1532300
21.4,-0.1,500,"bu","11:01:52",1531900
21.4,-0.1,200,"bu","11:01:38",1531200
21.35,-0.15,300,"sd","11:01:33",1531000
21.35,-0.15,100,"sd","11:01:28",1530700
21.4,-0.1,500,"bu","11:01:23",1530600
21.35,-0.15,200,"sd","11:00:52",1530100
21.35,-0.15,500,"sd","11:00:35",1529900
21.35,-0.15,200,"sd","10:59:52",1529400
21.4,-0.1,600,"bu","10:59:17",1529200
21.35,-0.15,300,"sd","10:59:10",1528600
21.35,-0.15,200,"sd","10:58:51",1528300
21.4,-0.1,100,"bu","10:58:27",1528100
21.4,-0.1,100,"bu","10:58:04",1528000
21.35,-0.15,200,"sd","10:57:51",1527900
21.35,-0.15,10000,"sd","10:57:26",1527700
21.4,-0.1,2000,"bu","10:56:57",1517700
21.35,-0.15,200,"sd","10:56:51",1515700
21.35,-0.15,10000,"sd","10:56:37",1515500
21.35,-0.15,1000,"sd","10:56:24",1505500
21.35,-0.15,2000,"sd","10:56:08",1504500
21.4,-0.1,2000,"bu","10:56:02",1502500
21.4,-0.1,200,"bu","10:56:01",1500500
21.4,-0.1,5000,"bu","10:55:56",1500300
21.35,-0.15,200,"sd","10:55:51",1495300
21.4,-0.1,100,"bu","10:55:05",1495100
21.35,-0.15,200,"sd","10:54:50",1495000
21.4,-0.1,1100,"bu","10:54:16",1494800
21.4,-0.1,2000,"bu","10:54:11",1493700
21.4,-0.1,1500,"bu","10:53:58",1491700
21.4,-0.1,700,"bu","10:53:51",1490200
21.35,-0.15,200,"sd","10:53:50",1489500
21.4,-0.1,20000,"bu","10:53:33",1489300
21.4,-0.1,100,"bu","10:53:17",1469300
21.4,-0.1,200,"bu","10:53:01",1469200
21.35,-0.15,200,"sd","10:52:50",1469000
21.4,-0.1,2000,"bu","10:52:48",1468800
21.4,-0.1,500,"bu","10:52:25",1466800
21.4,-0.1,50000,"bu","10:52:18",1466300
21.4,-0.1,100,"bu","10:51:55",1416300
21.35,-0.15,200,"sd","10:51:49",1416200
21.4,-0.1,500,"bu","10:51:43",1416000
21.35,-0.15,300,"sd","10:51:34",1415500
21.35,-0.15,1100,"sd","10:51:13",1415200
21.4,-0.1,300,"bu","10:51:13",1414100
21.4,-0.1,1000,"bu","10:50:52",1413800
21.35,-0.15,200,"sd","10:50:49",1412800
21.4,-0.1,500,"bu","10:50:32",1412600
21.4,-0.1,1000,"bu","10:50:19",1412100
21.4,-0.1,200,"bu","10:50:04",1411100
21.35,-0.15,200,"sd","10:49:49",1410900
21.35,-0.15,200,"sd","10:48:49",1410700
21.4,-0.1,700,"bu","10:48:27",1410500
21.35,-0.15,200,"sd","10:47:48",1409800
21.4,-0.1,500,"bu","10:47:24",1409600
21.4,-0.1,100,"bu","10:47:16",1409100
21.4,-0.1,100,"bu","10:47:10",1409000
21.4,-0.1,100,"bu","10:47:06",1408900
21.4,-0.1,300,"bu","10:47:02",1408800
21.35,-0.15,200,"sd","10:46:48",1408500
21.35,-0.15,100,"sd","10:46:31",1408300
21.35,-0.15,100,"sd","10:46:24",1408200
21.35,-0.15,10000,"sd","10:46:14",1408100
21.35,-0.15,100,"sd","10:46:05",1398100
21.4,-0.1,100,"bu","10:46:02",1398000
21.35,-0.15,200,"sd","10:45:48",1397900
21.4,-0.1,200,"bu","10:45:29",1397700
21.4,-0.1,1500,"bu","10:45:16",1397500
21.4,-0.1,500,"bu","10:44:59",1396000
21.35,-0.15,200,"sd","10:44:47",1395500
21.4,-0.1,800,"bu","10:44:21",1395300
21.4,-0.1,100,"bu","10:44:06",1394500
21.4,-0.1,1000,"bu","10:44:04",1394400
21.4,-0.1,400,"bu","10:44:02",1393400
21.4,-0.1,900,"bu","10:44:01",1393000
21.4,-0.1,100,"bu","10:43:55",1392100
21.4,-0.1,16800,"sd","10:43:50",1392000
21.4,-0.1,200,"sd","10:43:47",1375200
21.4,-0.1,5000,"sd","10:43:41",1375000
21.4,-0.1,200,"sd","10:43:39",1370000
21.4,-0.1,500,"sd","10:42:57",1369800
21.4,-0.1,700,"sd","10:42:49",1369300
21.4,-0.1,200,"sd","10:42:47",1368600
21.4,-0.1,800,"bu","10:42:46",1368400
21.4,-0.1,500,"bu","10:42:43",1367600
21.4,-0.1,1300,"bu","10:42:34",1367100
21.4,-0.1,3000,"bu","10:42:24",1365800
21.4,-0.1,2000,"bu","10:42:05",1362800
21.4,-0.1,1000,"bu","10:41:52",1360800
21.35,-0.15,200,"sd","10:41:46",1359800
21.4,-0.1,400,"bu","10:41:44",1359600
21.4,-0.1,200,"bu","10:41:44",1359200
21.4,-0.1,2000,"bu","10:41:36",1359000
21.4,-0.1,10000,"bu","10:41:30",1357000
21.4,-0.1,4400,"bu","10:41:20",1347000
21.4,-0.1,5000,"bu","10:41:06",1342600
21.4,-0.1,400,"bu","10:40:56",1337600
21.35,-0.15,200,"sd","10:40:46",1337200
21.4,-0.1,700,"bu","10:40:38",1337000
21.35,-0.15,1700,"sd","10:39:59",1336300
21.4,-0.1,1000,"bu","10:39:54",1334600
21.35,-0.15,200,"sd","10:39:46",1333600
21.4,-0.1,2300,"bu","10:39:43",1333400
21.4,-0.1,400,"bu","10:39:28",1331100
21.4,-0.1,300,"bu","10:39:24",1330700
21.4,-0.1,400,"bu","10:39:02",1330400
21.4,-0.1,100,"bu","10:38:57",1330000
21.35,-0.15,200,"sd","10:38:46",1329900
21.4,-0.1,100,"bu","10:38:43",1329700
21.4,-0.1,1000,"bu","10:38:22",1329600
21.35,-0.15,600,"sd","10:38:16",1328600
21.4,-0.1,300,"bu","10:38:12",1328000
21.4,-0.1,500,"bu","10:38:07",1327700
21.35,-0.15,200,"sd","10:37:45",1327200
21.4,-0.1,500,"bu","10:37:20",1327000
21.4,-0.1,400,"bu","10:37:19",1326500
21.4,-0.1,500,"bu","10:37:05",1326100
21.4,-0.1,1000,"bu","10:37:01",1325600
21.4,-0.1,500,"bu","10:37:00",1324600
21.4,-0.1,500,"bu","10:36:59",1324100
21.4,-0.1,2000,"bu","10:36:59",1323600
21.4,-0.1,3000,"bu","10:36:56",1321600
21.4,-0.1,200,"bu","10:36:52",1318600
21.4,-0.1,400,"bu","10:36:48",1318400
21.4,-0.1,100,"bu","10:36:45",1318000
21.35,-0.15,200,"sd","10:36:45",1317900
21.4,-0.1,10000,"bu","10:36:44",1317700
21.4,-0.1,200,"bu","10:36:40",1307700
21.4,-0.1,600,"bu","10:36:38",1307500
21.4,-0.1,100,"bu","10:36:35",1306900
21.4,-0.1,50100,"bu","10:36:32",1306800
21.4,-0.1,3300,"bu","10:36:30",1256700
21.4,-0.1,100,"bu","10:36:25",1253400
21.4,-0.1,1400,"sd","10:36:22",1253300
21.4,-0.1,1000,"bu","10:36:07",1251900
21.4,-0.1,5000,"bu","10:36:05",1250900
21.4,-0.1,500,"bu","10:36:02",1245900
21.4,-0.1,200,"bu","10:35:57",1245400
21.4,-0.1,200,"bu","10:35:55",1245200
21.4,-0.1,1000,"bu","10:35:46",1245000
21.35,-0.15,200,"sd","10:35:45",1244000
21.4,-0.1,300,"bu","10:35:43",1243800
21.4,-0.1,3000,"bu","10:35:42",1243500
21.4,-0.1,1200,"sd","10:35:40",1240500
21.4,-0.1,56100,"sd","10:35:40",1239300
21.45,-0.05,2000,"bu","10:35:20",1183200
21.4,-0.1,300,"sd","10:34:49",1181200
21.4,-0.1,200,"sd","10:34:44",1180900
21.45,-0.05,2000,"bu","10:34:43",1180700
21.4,-0.1,100,"sd","10:34:41",1178700
21.4,-0.1,7000,"sd","10:34:39",1178600
21.4,-0.1,200,"sd","10:33:44",1171600
21.4,-0.1,1500,"sd","10:33:17",1171400
21.4,-0.1,1500,"sd","10:32:48",1169900
21.4,-0.1,200,"sd","10:32:44",1168400
21.4,-0.1,100,"sd","10:32:29",1168200
21.4,-0.1,200,"sd","10:31:44",1168100
21.4,-0.1,2000,"sd","10:31:17",1167900
21.4,-0.1,300,"sd","10:31:14",1165900
21.4,-0.1,200,"sd","10:31:12",1165600
21.4,-0.1,200,"sd","10:30:43",1165400
21.4,-0.1,1000,"sd","10:30:02",1165200
21.4,-0.1,300,"sd","10:29:58",1164200
21.4,-0.1,200,"sd","10:29:43",1163900
21.4,-0.1,5000,"sd","10:29:16",1163700
21.4,-0.1,200,"sd","10:28:43",1158700
21.4,-0.1,1000,"sd","10:28:40",1158500
21.4,-0.1,20800,"sd","10:28:32",1157500
21.4,-0.1,900,"sd","10:28:19",1136700
21.4,-0.1,1000,"sd","10:27:47",1135800
21.4,-0.1,200,"sd","10:27:42",1134800
21.4,-0.1,500,"sd","10:27:35",1134600
21.4,-0.1,32000,"bu","10:27:15",1134100
21.4,-0.1,300,"bu","10:27:09",1102100
21.4,-0.1,10000,"bu","10:27:04",1101800
21.4,-0.1,100,"bu","10:26:52",1091800
21.4,-0.1,1000,"bu","10:26:49",1091700
21.35,-0.15,200,"sd","10:26:42",1090700
21.4,-0.1,200,"bu","10:26:34",1090500
21.4,-0.1,3100,"bu","10:26:34",1090300
21.4,-0.1,300,"bu","10:26:19",1087200
21.4,-0.1,1000,"bu","10:26:16",1086900
21.4,-0.1,5000,"bu","10:25:56",1085900
21.4,-0.1,300,"bu","10:25:51",1080900
21.4,-0.1,20100,"bu","10:25:47",1080600
21.35,-0.15,200,"sd","10:25:42",1060500
21.4,-0.1,800,"bu","10:25:37",1060300
21.35,-0.15,200,"sd","10:24:41",1059500
21.4,-0.1,900,"bu","10:24:38",1059300
21.4,-0.1,100,"bu","10:24:20",1058400
21.4,-0.1,100,"bu","10:23:57",1058300
21.35,-0.15,200,"sd","10:23:41",1058200
21.4,-0.1,100,"bu","10:23:40",1058000
21.4,-0.1,100,"bu","10:23:14",1057900
21.4,-0.1,500,"bu","10:23:03",1057800
21.4,-0.1,2000,"bu","10:22:57",1057300
21.4,-0.1,1000,"bu","10:22:47",1055300
21.35,-0.15,200,"sd","10:22:41",1054300
21.35,-0.15,200,"sd","10:22:29",1054100
21.4,-0.1,1000,"bu","10:22:01",1053900
21.35,-0.15,200,"sd","10:21:41",1052900
21.4,-0.1,100,"bu","10:21:40",1052700
21.4,-0.1,300,"bu","10:21:34",1052600
21.4,-0.1,200,"bu","10:21:32",1052300
21.4,-0.1,1500,"bu","10:21:23",1052100
21.4,-0.1,800,"bu","10:21:15",1050600
21.4,-0.1,1200,"bu","10:21:15",1049800
21.4,-0.1,100,"bu","10:20:45",1048600
21.4,-0.1,500,"bu","10:20:43",1048500
21.35,-0.15,200,"sd","10:20:40",1048000
21.35,-0.15,100,"sd","10:20:37",1047800
21.4,-0.1,200,"sd","10:20:36",1047700
21.4,-0.1,300,"bu","10:20:21",1047500
21.4,-0.1,300,"bu","10:20:09",1047200
21.4,-0.1,500,"bu","10:20:05",1046900
21.4,-0.1,200,"bu","10:19:56",1046400
21.4,-0.1,100,"bu","10:19:52",1046200
21.4,-0.1,400,"bu","10:19:45",1046100
21.4,-0.1,400,"bu","10:19:44",1045700
21.4,-0.1,2000,"bu","10:19:42",1045300
21.35,-0.15,200,"sd","10:19:40",1043300
21.4,-0.1,2000,"bu","10:19:40",1043100
21.4,-0.1,1000,"bu","10:19:33",1041100
21.4,-0.1,5000,"bu","10:19:31",1040100
21.4,-0.1,1200,"bu","10:19:27",1035100
21.4,-0.1,1000,"bu","10:19:18",1033900
21.4,-0.1,2000,"sd","10:19:03",1032900
21.4,-0.1,200,"sd","10:18:40",1030900
21.4,-0.1,2000,"bu","10:18:01",1030700
21.4,-0.1,500,"bu","10:17:43",1028700
21.4,-0.1,1000,"bu","10:17:42",1028200
21.35,-0.15,200,"sd","10:17:39",1027200
21.4,-0.1,3400,"sd","10:17:21",1027000
21.4,-0.1,1000,"sd","10:17:17",1023600
21.4,-0.1,700,"sd","10:16:54",1022600
21.4,-0.1,800,"sd","10:16:49",1021900
21.4,-0.1,300,"sd","10:16:39",1021100
21.4,-0.1,600,"bu","10:16:23",1020800
21.4,-0.1,200,"bu","10:16:17",1020200
21.4,-0.1,23000,"bu","10:16:15",1020000
21.4,-0.1,1400,"bu","10:16:11",997000
21.4,-0.1,100,"bu","10:16:09",995600
21.4,-0.1,2800,"bu","10:16:05",995500
21.4,-0.1,500,"bu","10:16:05",992700
21.4,-0.1,9000,"bu","10:15:58",992200
21.4,-0.1,200,"bu","10:15:52",983200
21.4,-0.1,100,"bu","10:15:40",983000
21.4,-0.1,100,"bu","10:15:39",982900
21.35,-0.15,300,"sd","10:15:39",982800
21.4,-0.1,100,"bu","10:15:39",982500
21.35,-0.15,2000,"sd","10:15:37",982400
21.4,-0.1,10200,"bu","10:15:36",980400
21.4,-0.1,2600,"bu","10:15:32",970200
21.4,-0.1,1500,"bu","10:15:30",967600
21.4,-0.1,500,"bu","10:15:28",966100
21.4,-0.1,1000,"bu","10:15:24",965600
21.4,-0.1,200,"bu","10:15:15",964600
21.35,-0.15,300,"sd","10:14:39",964400
21.4,-0.1,100,"bu","10:14:31",964100
21.4,-0.1,100,"bu","10:14:26",964000
21.4,-0.1,4000,"bu","10:14:15",963900
21.35,-0.15,1000,"sd","10:13:43",959900
21.35,-0.15,300,"sd","10:13:38",958900
21.4,-0.1,1000,"bu","10:13:25",958600
21.4,-0.1,300,"bu","10:13:24",957600
21.4,-0.1,200,"bu","10:13:09",957300
21.35,-0.15,2000,"sd","10:12:54",957100
21.35,-0.15,300,"sd","10:12:38",955100
21.4,-0.1,500,"bu","10:12:29",954800
21.4,-0.1,100,"bu","10:12:20",954300
21.35,-0.15,1100,"sd","10:12:19",954200
21.35,-0.15,2000,"sd","10:12:14",953100
21.4,-0.1,100,"bu","10:12:11",951100
21.35,-0.15,100,"sd","10:12:02",951000
21.35,-0.15,300,"sd","10:11:38",950900
21.4,-0.1,1000,"bu","10:11:35",950100
21.4,-0.1,1000,"bu","10:11:30",949100
21.4,-0.1,3000,"bu","10:11:04",948100
21.4,-0.1,100,"bu","10:10:59",945100
21.4,-0.1,1000,"bu","10:10:53",945000
21.4,-0.1,200,"bu","10:10:44",944000
21.35,-0.15,300,"sd","10:10:37",943800
21.4,-0.1,200,"bu","10:10:36",943500
21.4,-0.1,1000,"bu","10:10:31",943300
21.4,-0.1,100,"bu","10:10:20",942300
21.35,-0.15,3000,"sd","10:10:17",942200
21.4,-0.1,200,"bu","10:10:17",939200
21.4,-0.1,500,"bu","10:10:00",939000
21.4,-0.1,4000,"bu","10:09:47",938500
21.4,-0.1,500,"bu","10:09:40",934500
21.35,-0.15,300,"sd","10:09:37",934000
21.4,-0.1,2000,"bu","10:09:36",933700
21.4,-0.1,200,"bu","10:09:35",931700
21.4,-0.1,500,"bu","10:09:19",931500
21.4,-0.1,600,"bu","10:09:18",931000
21.4,-0.1,1000,"bu","10:09:12",930400
21.35,-0.15,3000,"sd","10:09:07",929400
21.4,-0.1,10000,"bu","10:08:59",926400
21.4,-0.1,1000,"bu","10:08:46",916400
21.35,-0.15,300,"sd","10:08:37",915400
21.35,-0.15,300,"sd","10:08:12",915100
21.4,-0.1,500,"bu","10:08:04",914800
21.4,-0.1,1000,"bu","10:07:43",914300
21.4,-0.1,8300,"sd","10:07:42",913300
21.4,-0.1,300,"sd","10:07:36",905000
21.4,-0.1,5000,"sd","10:07:31",904700
21.4,-0.1,200,"sd","10:07:27",899700
21.4,-0.1,5000,"sd","10:07:23",899500
21.4,-0.1,100,"sd","10:07:14",894500
21.4,-0.1,2000,"sd","10:07:07",894400
21.4,-0.1,2000,"sd","10:06:49",892400
21.4,-0.1,6000,"sd","10:06:39",890400
21.4,-0.1,3100,"sd","10:06:37",884400
21.4,-0.1,50000,"sd","10:06:27",881000
21.4,-0.1,1000,"sd","10:06:26",831000
21.4,-0.1,2000,"sd","10:06:17",830000
21.4,-0.1,3400,"sd","10:05:50",828000
21.4,-0.1,26600,"sd","10:05:49",824600
21.45,-0.05,100,"bu","10:05:48",798000
21.45,-0.05,100,"bu","10:05:37",797900
21.4,-0.1,300,"sd","10:05:36",797800
21.4,-0.1,5100,"sd","10:05:34",797500
21.45,-0.05,1100,"bu","10:05:28",792400
21.4,-0.1,100,"sd","10:04:58",791300
21.4,-0.1,300,"sd","10:04:36",791200
21.4,-0.1,5000,"sd","10:04:20",790900
21.45,-0.05,200,"bu","10:04:15",785900
21.4,-0.1,3700,"sd","10:03:54",785700
21.4,-0.1,300,"sd","10:03:35",782000
21.45,-0.05,500,"bu","10:03:22",781700
21.4,-0.1,10000,"sd","10:03:22",781200
21.4,-0.1,100,"sd","10:03:21",771200
21.45,-0.05,3000,"bu","10:03:21",771100
21.4,-0.1,200,"sd","10:03:11",768100
21.4,-0.1,30000,"sd","10:03:06",767900
21.4,-0.1,600,"sd","10:03:05",737900
21.45,-0.05,500,"bu","10:03:03",737300
21.45,-0.05,1100,"bu","10:02:42",736800
21.4,-0.1,300,"sd","10:02:35",735700
21.45,-0.05,700,"bu","10:02:34",735400
21.45,-0.05,1000,"bu","10:02:29",734700
21.45,-0.05,1000,"bu","10:02:21",733700
21.4,-0.1,200,"sd","10:02:14",732700
21.4,-0.1,300,"sd","10:01:35",732500
21.4,-0.1,100,"sd","10:01:17",732200
21.4,-0.1,1000,"sd","10:01:16",732100
21.4,-0.1,300,"sd","10:00:34",731100
21.45,-0.05,200,"bu","10:00:31",730800
21.4,-0.1,1000,"sd","10:00:28",730600
21.45,-0.05,300,"bu","10:00:00",729600
21.4,-0.1,100,"sd","09:59:51",729300
21.4,-0.1,100,"sd","09:59:45",729200
21.45,-0.05,800,"bu","09:59:45",729100
21.4,-0.1,2000,"sd","09:59:44",728300
21.4,-0.1,300,"sd","09:59:34",726300
21.4,-0.1,100,"sd","09:59:30",726000
21.4,-0.1,100,"sd","09:58:44",725900
21.45,-0.05,300,"bu","09:58:43",725800
21.45,-0.05,1000,"bu","09:58:39",725500
21.4,-0.1,300,"sd","09:58:34",724500
21.45,-0.05,5000,"bu","09:58:21",724200
21.45,-0.05,10000,"bu","09:58:04",719200
21.45,-0.05,2000,"bu","09:57:57",709200
21.45,-0.05,300,"bu","09:57:54",707200
21.45,-0.05,1000,"bu","09:57:51",706900
21.4,-0.1,600,"sd","09:57:48",705900
21.45,-0.05,200,"bu","09:57:35",705300
21.4,-0.1,300,"sd","09:57:34",705100
21.45,-0.05,500,"bu","09:57:04",704800
21.45,-0.05,100,"bu","09:57:00",704300
21.45,-0.05,100,"bu","09:56:39",704200
21.4,-0.1,300,"sd","09:56:33",704100
21.45,-0.05,100,"bu","09:56:25",703800
21.45,-0.05,200,"bu","09:56:06",703700
21.45,-0.05,100,"bu","09:56:00",703500
21.45,-0.05,5000,"bu","09:55:50",703400
21.45,-0.05,100,"bu","09:55:46",698400
21.45,-0.05,5000,"bu","09:55:43",698300
21.45,-0.05,100,"bu","09:55:33",693300
21.4,-0.1,300,"sd","09:55:33",693200
21.45,-0.05,100,"bu","09:55:16",692900
21.45,-0.05,100,"bu","09:55:13",692800
21.45,-0.05,600,"bu","09:54:43",692700
21.45,-0.05,100,"bu","09:54:42",692100
21.4,-0.1,300,"sd","09:54:33",692000
21.45,-0.05,100,"bu","09:54:20",691700
21.45,-0.05,1000,"bu","09:54:14",691600
21.45,-0.05,1000,"bu","09:54:13",690600
21.45,-0.05,100,"bu","09:54:07",689600
21.45,-0.05,700,"bu","09:54:03",689500
21.45,-0.05,1000,"sd","09:53:58",688800
21.45,-0.05,200,"sd","09:53:56",687800
21.45,-0.05,26300,"sd","09:53:44",687600
21.45,-0.05,100,"sd","09:53:37",661300
21.45,-0.05,300,"sd","09:53:32",661200
21.5,0,1000,"bu","09:53:13",660900
21.5,0,1000,"bu","09:52:52",659900
21.45,-0.05,1000,"sd","09:52:50",658900
21.45,-0.05,2100,"sd","09:52:45",657900
21.45,-0.05,300,"sd","09:52:32",655800
21.45,-0.05,200,"sd","09:52:13",655500
21.45,-0.05,100,"sd","09:52:10",655300
21.45,-0.05,300,"sd","09:51:32",655200
21.5,0,800,"bu","09:51:09",654900
21.5,0,1000,"bu","09:51:01",654100
21.5,0,100,"bu","09:50:54",653100
21.5,0,1000,"bu","09:50:41",653000
21.5,0,100,"bu","09:50:40",652000
21.5,0,2000,"bu","09:50:35",651900
21.5,0,1000,"bu","09:50:34",649900
21.45,-0.05,300,"sd","09:50:31",648900
21.5,0,300,"bu","09:50:27",648600
21.5,0,600,"bu","09:50:23",648300
21.45,-0.05,6000,"sd","09:50:23",647700
21.5,0,5000,"bu","09:50:05",641700
21.45,-0.05,300,"sd","09:49:31",636700
21.45,-0.05,6500,"sd","09:49:03",636400
21.45,-0.05,1000,"sd","09:49:02",629900
21.45,-0.05,100,"sd","09:48:53",628900
21.45,-0.05,100,"sd","09:48:39",628800
21.45,-0.05,300,"sd","09:48:31",628700
21.45,-0.05,2500,"sd","09:48:28",628400
21.45,-0.05,300,"sd","09:47:31",625900
21.5,0,200,"bu","09:47:23",625600
21.45,-0.05,100,"sd","09:47:09",625400
21.45,-0.05,17200,"bu","09:46:40",625300
21.45,-0.05,100,"bu","09:46:39",608100
21.45,-0.05,14000,"bu","09:46:39",608000
21.45,-0.05,100,"bu","09:46:33",594000
21.45,-0.05,300,"bu","09:46:31",593900
21.4,-0.1,300,"sd","09:46:30",593600
21.45,-0.05,500,"bu","09:46:28",593300
21.45,-0.05,100,"bu","09:46:26",592800
21.45,-0.05,200,"bu","09:46:23",592700
21.45,-0.05,1000,"bu","09:46:20",592500
21.45,-0.05,200,"bu","09:46:19",591500
21.45,-0.05,1500,"bu","09:46:17",591300
21.45,-0.05,600,"bu","09:46:16",589800
21.45,-0.05,500,"bu","09:46:15",589200
21.45,-0.05,200,"bu","09:46:08",588700
21.45,-0.05,1000,"bu","09:45:48",588500
21.45,-0.05,200,"bu","09:45:42",587500
21.45,-0.05,2000,"bu","09:45:33",587300
21.4,-0.1,300,"sd","09:45:30",585300
21.45,-0.05,1000,"bu","09:45:28",585000
21.45,-0.05,500,"bu","09:45:24",584000
21.45,-0.05,200,"bu","09:45:15",583500
21.4,-0.1,400,"sd","09:45:14",583300
21.45,-0.05,200,"bu","09:45:10",582900
21.45,-0.05,2000,"bu","09:45:08",582700
21.4,-0.1,2000,"sd","09:45:06",580700
21.4,-0.1,1000,"sd","09:44:39",578700
21.4,-0.1,300,"sd","09:44:30",577700
21.45,-0.05,1000,"bu","09:44:19",577400
21.45,-0.05,1000,"bu","09:44:01",576400
21.4,-0.1,100,"sd","09:43:58",575400
21.4,-0.1,2000,"sd","09:43:50",575300
21.4,-0.1,200,"sd","09:43:39",573300
21.4,-0.1,300,"sd","09:43:29",573100
21.45,-0.05,100,"bu","09:43:29",572800
21.45,-0.05,3700,"bu","09:43:16",572700
21.45,-0.05,100,"bu","09:42:56",569000
21.45,-0.05,100,"bu","09:42:42",568900
21.45,-0.05,1000,"bu","09:42:41",568800
21.45,-0.05,500,"bu","09:42:33",567800
21.4,-0.1,300,"sd","09:42:29",567300
21.45,-0.05,500,"bu","09:42:22",567000
21.45,-0.05,3000,"bu","09:42:13",566500
21.45,-0.05,400,"bu","09:42:10",563500
21.45,-0.05,500,"bu","09:42:07",563100
21.45,-0.05,600,"bu","09:41:57",562600
21.45,-0.05,100,"bu","09:41:51",562000
21.4,-0.1,300,"sd","09:41:29",561900
21.45,-0.05,100,"bu","09:41:23",561600
21.4,-0.1,100,"sd","09:41:20",561500
21.4,-0.1,1000,"sd","09:40:57",561400
21.45,-0.05,1000,"bu","09:40:36",560400
21.4,-0.1,300,"sd","09:40:29",559400
21.45,-0.05,500,"bu","09:40:29",559100
21.45,-0.05,100,"bu","09:40:27",558600
21.45,-0.05,4000,"bu","09:40:10",558500
21.4,-0.1,100,"sd","09:40:03",554500
21.4,-0.1,100,"sd","09:39:58",554400
21.45,-0.05,200,"bu","09:39:56",554300
21.5,0,500,"bu","09:39:33",554100
21.45,-0.05,3400,"sd","09:39:31",553600
21.45,-0.05,66200,"sd","09:39:30",550200
21.45,-0.05,300,"sd","09:39:28",484000
21.5,0,500,"bu","09:39:15",483700
21.45,-0.05,100,"sd","09:39:11",483200
21.45,-0.05,3000,"sd","09:39:08",483100
21.45,-0.05,20000,"sd","09:39:01",480100
21.45,-0.05,100,"sd","09:38:57",460100
21.45,-0.05,100,"sd","09:38:50",460000
21.45,-0.05,300,"sd","09:38:28",459900
21.45,-0.05,6600,"sd","09:38:19",459600
21.5,0,300,"bu","09:38:09",453000
21.5,0,3000,"bu","09:37:55",452700
21.5,0,800,"bu","09:37:30",449700
21.5,0,1000,"bu","09:37:28",448900
21.45,-0.05,300,"sd","09:37:28",447900
21.45,-0.05,300,"sd","09:36:51",447600
21.5,0,100,"bu","09:36:41",447300
21.45,-0.05,300,"sd","09:36:27",447200
21.45,-0.05,300,"sd","09:35:58",446900
21.45,-0.05,100,"sd","09:35:48",446600
21.45,-0.05,300,"sd","09:35:27",446500
21.5,0,23000,"bu","09:35:15",446200
21.5,0,200,"sd","09:35:12",423200
21.5,0,500,"sd","09:35:11",423000
21.5,0,300,"bu","09:35:09",422500
21.5,0,38800,"sd","09:35:07",422200
21.5,0,300,"sd","09:35:07",383400
21.5,0,30000,"sd","09:35:03",383100
21.5,0,1000,"sd","09:34:52",353100
21.55,0.05,1000,"bu","09:34:52",352100
21.5,0,400,"sd","09:34:42",351100
21.5,0,300,"sd","09:34:27",350700
21.55,0.05,200,"bu","09:34:07",350400
21.5,0,700,"sd","09:33:58",350200
21.5,0,2000,"sd","09:33:50",349500
21.5,0,300,"sd","09:33:26",347500
21.55,0.05,500,"bu","09:33:01",347200
21.5,0,100,"sd","09:32:59",346700
21.5,0,100,"sd","09:32:57",346600
21.5,0,100,"sd","09:32:47",346500
21.5,0,300,"sd","09:32:26",346400
21.55,0.05,500,"bu","09:32:23",346100
21.55,0.05,1000,"bu","09:32:20",345600
21.55,0.05,4000,"bu","09:32:13",344600
21.55,0.05,1500,"bu","09:31:52",340600
21.5,0,100,"sd","09:31:47",339100
21.5,0,7100,"sd","09:31:35",339000
21.55,0.05,500,"bu","09:31:29",331900
21.5,0,300,"sd","09:31:26",331400
21.55,0.05,900,"bu","09:31:23",331100
21.55,0.05,5000,"bu","09:31:18",330200
21.55,0.05,2400,"bu","09:31:16",325200
21.55,0.05,300,"bu","09:31:01",322800
21.55,0.05,5000,"bu","09:30:30",322500
21.5,0,300,"sd","09:30:26",317500
21.55,0.05,1000,"bu","09:30:22",317200
21.55,0.05,200,"bu","09:30:20",316200
21.55,0.05,100,"bu","09:30:14",316000
21.55,0.05,100,"bu","09:30:10",315900
21.55,0.05,200,"bu","09:30:02",315800
21.5,0,1000,"sd","09:29:47",315600
21.5,0,1000,"sd","09:29:40",314600
21.5,0,3500,"sd","09:29:39",313600
21.5,0,300,"sd","09:29:25",310100
21.5,0,300,"sd","09:29:13",309800
21.5,0,100,"sd","09:29:06",309500
21.5,0,1100,"sd","09:28:54",309400
21.5,0,500,"bu","09:28:38",308300
21.5,0,1000,"bu","09:28:37",307800
21.5,0,8000,"bu","09:28:36",306800
21.5,0,600,"bu","09:28:31",298800
21.5,0,100,"bu","09:28:28",298000
21.5,0,400,"bu","09:28:26",297900
21.5,0,2000,"bu","09:28:24",297200
21.5,0,2000,"bu","09:28:23",295200
21.5,0,4500,"bu","09:28:21",293200
21.5,0,2000,"bu","09:28:20",288700
21.5,0,500,"bu","09:28:14",286700
21.5,0,5000,"bu","09:28:13",286200
21.5,0,6000,"bu","09:28:02",281200
21.5,0,500,"bu","09:28:00",275200
21.5,0,2000,"bu","09:27:54",274700
21.5,0,15000,"bu","09:27:52",272700
21.5,0,300,"bu","09:27:49",257700
21.5,0,500,"bu","09:27:47",257400
21.5,0,300,"bu","09:27:35",256900
21.5,0,500,"bu","09:27:34",256600
21.5,0,2000,"bu","09:27:33",256100
21.5,0,10000,"bu","09:27:31",254100
21.45,-0.05,2900,"sd","09:27:07",244100
21.45,-0.05,1100,"sd","09:27:06",241200
21.5,0,500,"bu","09:27:05",240100
21.45,-0.05,400,"sd","09:26:32",239600
21.5,0,600,"bu","09:26:30",239200
21.5,0,500,"bu","09:26:27",238600
21.5,0,2000,"bu","09:26:23",238100
21.5,0,5000,"bu","09:26:19",236100
21.5,0,100,"bu","09:26:13",231100
21.5,0,10000,"bu","09:26:03",231000
21.5,0,100,"bu","09:25:52",221000
21.5,0,1000,"bu","09:25:50",220900
21.5,0,500,"bu","09:25:48",219900
21.5,0,200,"bu","09:25:46",219400
21.5,0,100,"bu","09:25:45",219200
21.5,0,100,"bu","09:25:41",219100
21.5,0,200,"bu","09:24:56",219000
21.5,0,100,"bu","09:24:49",218800
21.5,0,2000,"bu","09:24:48",218700
21.5,0,100,"bu","09:24:46",216700
21.5,0,100,"bu","09:24:37",216600
21.5,0,500,"bu","09:24:37",216500
21.5,0,600,"bu","09:24:30",216000
21.5,0,5000,"bu","09:24:26",215400
21.5,0,500,"bu","09:24:15",210400
21.5,0,200,"bu","09:23:50",209900
21.45,-0.05,100,"sd","09:23:44",209700
21.5,0,300,"bu","09:23:35",209600
21.45,-0.05,500,"sd","09:23:33",209300
21.5,0,1000,"bu","09:23:29",208800
21.5,0,100,"bu","09:23:26",207800
21.5,0,500,"bu","09:23:08",207700
21.5,0,100,"bu","09:22:59",207200
21.45,-0.05,500,"sd","09:22:58",207100
21.45,-0.05,600,"sd","09:22:55",206600
21.45,-0.05,100,"sd","09:22:37",206000
21.5,0,500,"bu","09:22:31",205900
21.5,0,1000,"bu","09:22:24",205400
21.5,0,1000,"bu","09:22:08",204400
21.5,0,900,"bu","09:21:59",203400
21.5,0,500,"bu","09:21:58",202500
21.45,-0.05,100,"sd","09:21:57",202000
21.5,0,1000,"bu","09:21:51",201900
21.5,0,1600,"sd","09:21:47",200900
21.5,0,5000,"sd","09:21:45",199300
21.5,0,800,"sd","09:21:42",194300
21.5,0,200,"sd","09:21:41",193500
21.55,0.05,100,"bu","09:21:41",193300
21.5,0,500,"sd","09:21:35",193200
21.5,0,100,"sd","09:21:34",192700
21.5,0,5000,"sd","09:21:22",192600
21.5,0,2000,"sd","09:21:19",187600
21.5,0,2000,"sd","09:21:18",185600
21.5,0,200,"sd","09:21:14",183600
21.5,0,400,"sd","09:21:05",183400
21.5,0,100,"sd","09:20:56",183000
21.5,0,2000,"sd","09:20:53",182900
21.5,0,1000,"sd","09:20:52",180900
21.5,0,300,"sd","09:20:51",179900
21.5,0,100,"sd","09:20:46",179600
21.5,0,3400,"sd","09:20:45",179500
21.5,0,500,"sd","09:20:45",176100
21.5,0,1000,"sd","09:20:43",175600
21.5,0,400,"sd","09:20:25",174600
21.5,0,4000,"sd","09:20:14",174200
21.5,0,400,"sd","09:20:13",170200
21.5,0,500,"sd","09:20:11",169800
21.5,0,300,"sd","09:20:09",169300
21.5,0,1000,"sd","09:20:09",169000
21.5,0,2000,"sd","09:20:08",168000
21.5,0,1500,"sd","09:19:58",166000
21.5,0,3900,"sd","09:19:53",164500
21.55,0.05,200,"bu","09:19:21",160600
21.55,0.05,300,"bu","09:19:07",160400
21.55,0.05,1000,"bu","09:19:03",160100
21.55,0.05,500,"bu","09:18:48",159100
21.55,0.05,200,"bu","09:18:40",158600
21.55,0.05,1300,"bu","09:18:27",158400
21.5,0,5000,"sd","09:17:40",157100
21.55,0.05,500,"bu","09:17:32",152100
21.55,0.05,8300,"sd","09:17:29",151600
21.6,0.1,100,"bu","09:17:28",143300
21.55,0.05,1000,"sd","09:17:18",143200
21.55,0.05,1000,"sd","09:17:16",142200
21.55,0.05,1000,"sd","09:17:13",141200
21.6,0.1,5000,"bu","09:17:09",140200
21.55,0.05,400,"sd","09:17:05",135200
21.6,0.1,12200,"sd","09:16:53",134800
21.6,0.1,3000,"sd","09:16:52",122600
21.6,0.1,500,"sd","09:16:51",119600
21.6,0.1,5000,"sd","09:16:49",119100
21.6,0.1,1100,"sd","09:16:48",114100
21.6,0.1,200,"sd","09:16:46",113000
21.6,0.1,500,"sd","09:16:44",112800
21.6,0.1,1000,"sd","09:16:44",112300
21.6,0.1,1000,"sd","09:16:40",111300
21.6,0.1,2000,"sd","09:16:36",110300
21.6,0.1,1000,"sd","09:16:35",108300
21.6,0.1,1100,"sd","09:16:32",107300
21.6,0.1,1000,"sd","09:16:29",106200
21.6,0.1,1000,"sd","09:16:28",105200
21.6,0.1,100,"sd","09:16:24",104200
21.6,0.1,100,"sd","09:16:19",104100
21.6,0.1,500,"sd","09:16:16",104000
21.6,0.1,500,"sd","09:16:16",103500
21.6,0.1,1000,"sd","09:16:13",103000
21.6,0.1,100,"sd","09:15:53",102000
21.6,0.1,1000,"sd","09:15:50",101900
21.65,0.15,900,"bu","09:15:36",100900
21.6,0.1,200,"sd","09:15:34",100000
21.65,0.15,400,"bu","09:15:30",99800
21.6,0.1,1000,"sd","09:15:27",99400
21.65,0.15,98400,"","09:15:02",98400
