"price","change","match_qtty","side","time","total_vol"
56.3,0,8900,"","14:45:03",408200
56.3,0,100,"bu","14:29:51",399300
56.2,-0.1,100,"sd","14:29:49",399200
56.1,-0.2,1300,"sd","14:29:40",399100
56.1,-0.2,500,"sd","14:29:29",397800
56.2,-0.1,100,"bu","14:28:52",397300
56.1,-0.2,500,"sd","14:28:23",397200
56.1,-0.2,100,"sd","14:28:09",396700
56.2,-0.1,2200,"sd","14:28:06",396600
56.2,-0.1,600,"sd","14:27:19",394400
56.2,-0.1,2200,"bu","14:27:09",393800
56.1,-0.2,100,"sd","14:26:59",391600
56.1,-0.2,2300,"sd","14:26:57",391500
56.1,-0.2,100,"sd","14:26:49",389200
56.2,-0.1,500,"bu","14:26:42",389100
56.1,-0.2,100,"sd","14:26:39",388600
56.2,-0.1,2000,"bu","14:26:32",388500
56.1,-0.2,200,"sd","14:26:29",386500
56.2,-0.1,3000,"bu","14:26:22",386300
56.1,-0.2,500,"sd","14:26:12",383300
56.1,-0.2,100,"sd","14:26:09",382800
56.2,-0.1,2400,"bu","14:26:00",382700
56.2,-0.1,300,"bu","14:25:49",380300
56.1,-0.2,100,"sd","14:25:19",380000
56.1,-0.2,1500,"bu","14:25:12",379900
56.1,-0.2,200,"bu","14:25:11",378400
56,-0.3,500,"sd","14:25:07",378200
56.1,-0.2,200,"bu","14:25:06",377700
56,-0.3,200,"sd","14:24:49",377500
56.1,-0.2,3100,"sd","14:24:48",377300
56.1,-0.2,100,"sd","14:24:15",374200
56.1,-0.2,500,"sd","14:24:03",374100
56.1,-0.2,500,"bu","14:23:43",373600
56.1,-0.2,200,"bu","14:23:38",373100
56.1,-0.2,200,"bu","14:23:28",372900
56.1,-0.2,100,"bu","14:23:21",372700
56,-0.3,100,"sd","14:23:10",372600
56,-0.3,2300,"sd","14:23:01",372500
56,-0.3,100,"sd","14:22:59",370200
56,-0.3,500,"sd","14:22:58",370100
56.1,-0.2,1000,"sd","14:22:56",369600
56.2,-0.1,500,"bu","14:22:21",368600
56.2,-0.1,100,"bu","14:21:52",368100
56.1,-0.2,500,"sd","14:21:51",368000
56.1,-0.2,100,"sd","14:21:49",367500
56.1,-0.2,2000,"sd","14:21:43",367400
56,-0.3,200,"sd","14:20:47",365400
56.1,-0.2,300,"sd","14:20:47",365200
56.2,-0.1,1200,"bu","14:20:13",364900
56.2,-0.1,100,"bu","14:19:54",363700
56.1,-0.2,300,"bu","14:19:54",363600
56.1,-0.2,100,"bu","14:19:53",363300
56.1,-0.2,500,"bu","14:19:48",363200
56,-0.3,500,"sd","14:19:42",362700
56,-0.3,100,"sd","14:18:39",362200
56,-0.3,500,"sd","14:18:37",362100
56.1,-0.2,1000,"bu","14:18:35",361600
56.1,-0.2,900,"bu","14:18:04",360600
56,-0.3,500,"sd","14:17:31",359700
56.1,-0.2,200,"bu","14:17:26",359200
56.1,-0.2,600,"bu","14:17:12",359000
56,-0.3,200,"sd","14:16:29",358400
56,-0.3,1600,"sd","14:16:28",358200
56.1,-0.2,700,"sd","14:16:28",356600
56.1,-0.2,500,"sd","14:16:26",355900
56,-0.3,100,"sd","14:15:29",355400
56.1,-0.2,200,"sd","14:15:29",355300
56.1,-0.2,3800,"bu","14:15:27",355100
56,-0.3,500,"sd","14:15:22",351300
56.1,-0.2,200,"bu","14:15:10",350800
56,-0.3,200,"sd","14:14:59",350600
56,-0.3,2300,"sd","14:14:54",350400
56,-0.3,200,"sd","14:14:49",348100
56,-0.3,2300,"sd","14:14:47",347900
56,-0.3,200,"sd","14:14:39",345600
56.1,-0.2,600,"sd","14:14:36",345400
56.1,-0.2,2300,"sd","14:14:30",344800
56.1,-0.2,200,"sd","14:14:19",342500
56.1,-0.2,2300,"sd","14:14:18",342300
56.1,-0.2,500,"sd","14:14:15",340000
56.1,-0.2,1000,"sd","14:13:55",339500
56.1,-0.2,500,"sd","14:13:11",338500
56.1,-0.2,1000,"sd","14:13:04",338000
56,-0.3,100,"sd","14:12:29",337000
56.1,-0.2,2000,"bu","14:12:21",336900
56.1,-0.2,500,"bu","14:12:07",334900
56,-0.3,500,"sd","14:12:04",334400
56,-0.3,500,"sd","14:10:59",333900
56,-0.3,500,"sd","14:09:55",333400
56.1,-0.2,700,"bu","14:09:54",332900
56,-0.3,100,"sd","14:09:29",332200
56.1,-0.2,900,"bu","14:09:27",332100
56.1,-0.2,1000,"bu","14:09:23",331200
56,-0.3,500,"sd","14:08:50",330200
56.1,-0.2,200,"bu","14:08:43",329700
56,-0.3,200,"sd","14:08:19",329500
56,-0.3,500,"sd","14:07:43",329300
56,-0.3,100,"bu","14:07:00",328800
56,-0.3,500,"bu","14:06:49",328700
55.9,-0.4,500,"sd","14:06:39",328200
55.9,-0.4,100,"sd","14:06:09",327700
56,-0.3,100,"bu","14:06:06",327600
56,-0.3,300,"bu","14:06:03",327500
56,-0.3,1000,"sd","14:05:59",327200
55.9,-0.4,300,"sd","14:05:34",326200
56,-0.3,200,"sd","14:05:34",325900
56,-0.3,100,"bu","14:05:07",325700
56,-0.3,200,"bu","14:05:01",325600
56,-0.3,1000,"bu","14:04:54",325400
56,-0.3,200,"bu","14:04:53",324400
56,-0.3,100,"bu","14:04:45",324200
56,-0.3,100,"bu","14:04:36",324100
55.9,-0.4,500,"sd","14:04:29",324000
56,-0.3,100,"bu","14:04:23",323500
56,-0.3,200,"sd","14:04:12",323400
55.9,-0.4,500,"sd","14:03:23",323200
56.1,-0.2,100,"bu","14:03:20",322700
56,-0.3,100,"bu","14:02:43",322600
56,-0.3,100,"bu","14:02:36",322500
55.9,-0.4,100,"sd","14:02:19",322400
55.9,-0.4,500,"sd","14:02:17",322300
56,-0.3,1000,"bu","14:02:14",321800
56,-0.3,100,"bu","14:02:08",320800
56,-0.3,300,"bu","14:01:42",320700
55.9,-0.4,500,"sd","14:01:13",320400
56,-0.3,100,"bu","14:01:10",319900
56,-0.3,400,"bu","14:00:12",319800
55.9,-0.4,200,"sd","14:00:09",319400
55.9,-0.4,500,"sd","14:00:08",319200
55.9,-0.4,2300,"sd","13:59:59",318700
55.9,-0.4,100,"sd","13:59:09",316400
56,-0.3,200,"bu","13:59:07",316300
55.9,-0.4,500,"sd","13:59:03",316100
56,-0.3,400,"bu","13:59:02",315600
56,-0.3,1000,"bu","13:59:00",315200
56,-0.3,100,"bu","13:58:51",314200
56,-0.3,1000,"bu","13:58:47",314100
56,-0.3,200,"bu","13:58:27",313100
55.9,-0.4,100,"sd","13:58:19",312900
55.9,-0.4,2300,"sd","13:58:12",312800
55.9,-0.4,100,"sd","13:58:09",310500
55.9,-0.4,2300,"sd","13:58:07",310400
55.9,-0.4,500,"sd","13:57:57",308100
56,-0.3,100,"bu","13:57:54",307600
55.9,-0.4,200,"sd","13:57:39",307500
56,-0.3,1800,"sd","13:57:32",307300
56,-0.3,1500,"sd","13:57:31",305500
56,-0.3,100,"sd","13:57:29",304000
56,-0.3,2300,"sd","13:57:24",303900
56,-0.3,100,"sd","13:57:19",301600
56,-0.3,2300,"sd","13:57:16",301500
56,-0.3,500,"sd","13:56:52",299200
56.1,-0.2,100,"bu","13:56:20",298700
56,-0.3,500,"sd","13:55:47",298600
56,-0.3,100,"sd","13:55:39",298100
56.1,-0.2,1300,"bu","13:55:29",298000
56,-0.3,500,"sd","13:54:42",296700
56.1,-0.2,100,"bu","13:54:06",296200
56,-0.3,500,"sd","13:53:35",296100
56,-0.3,100,"sd","13:52:59",295600
56,-0.3,1800,"bu","13:52:58",295500
55.9,-0.4,500,"sd","13:52:31",293700
55.9,-0.4,200,"sd","13:52:10",293200
56,-0.3,3700,"sd","13:52:06",293000
56,-0.3,500,"sd","13:51:26",289300
56.1,-0.2,300,"bu","13:51:06",288800
56,-0.3,300,"bu","13:50:40",288500
55.9,-0.4,100,"sd","13:50:39",288200
56,-0.3,1000,"bu","13:50:37",288100
56,-0.3,300,"bu","13:50:35",287100
56,-0.3,1000,"bu","13:50:30",286800
56,-0.3,100,"bu","13:50:29",285800
55.9,-0.4,500,"sd","13:50:20",285700
56,-0.3,100,"bu","13:50:20",285200
56,-0.3,1100,"bu","13:50:18",285100
56,-0.3,100,"bu","13:50:15",284000
56,-0.3,100,"bu","13:49:52",283900
55.9,-0.4,100,"sd","13:49:39",283800
56,-0.3,100,"bu","13:49:38",283700
55.9,-0.4,2300,"sd","13:49:34",283600
55.9,-0.4,500,"sd","13:49:15",281300
56,-0.3,300,"bu","13:49:03",280800
56,-0.3,200,"bu","13:48:11",280500
55.9,-0.4,500,"sd","13:48:10",280300
56,-0.3,1000,"bu","13:48:02",279800
56,-0.3,100,"bu","13:47:56",278800
56,-0.3,200,"bu","13:47:41",278700
55.9,-0.4,200,"sd","13:47:39",278500
56,-0.3,2300,"sd","13:47:33",278300
56,-0.3,200,"sd","13:47:29",276000
56.1,-0.2,400,"bu","13:47:27",275800
56,-0.3,2300,"sd","13:47:21",275400
56,-0.3,1000,"sd","13:47:18",273100
56,-0.3,500,"sd","13:47:05",272100
56,-0.3,200,"sd","13:46:59",271600
56.1,-0.2,2800,"bu","13:46:51",271400
56.1,-0.2,100,"bu","13:46:49",268600
56,-0.3,100,"sd","13:46:39",268500
56.1,-0.2,400,"sd","13:46:39",268400
56.1,-0.2,1400,"bu","13:46:36",268000
56.1,-0.2,400,"bu","13:46:33",266600
56,-0.3,200,"sd","13:46:19",266200
56,-0.3,2300,"sd","13:46:15",266000
56,-0.3,200,"sd","13:46:09",263700
56,-0.3,2300,"sd","13:46:08",263500
56,-0.3,500,"sd","13:45:59",261200
56,-0.3,100,"sd","13:45:45",260700
56.1,-0.2,500,"bu","13:44:58",260600
56,-0.3,500,"sd","13:44:54",260100
56.1,-0.2,100,"bu","13:44:52",259600
56.1,-0.2,200,"sd","13:44:33",259500
56.1,-0.2,400,"sd","13:44:32",259300
56.1,-0.2,100,"sd","13:44:19",258900
56.1,-0.2,2300,"sd","13:44:11",258800
56.1,-0.2,2300,"sd","13:43:57",256500
56.1,-0.2,500,"sd","13:43:48",254200
56.1,-0.2,2300,"sd","13:43:45",253700
56.1,-0.2,500,"sd","13:42:43",251400
56.1,-0.2,200,"sd","13:42:40",250900
56.1,-0.2,2300,"sd","13:42:00",250700
56.1,-0.2,500,"sd","13:41:39",248400
56.1,-0.2,500,"sd","13:40:34",247900
56.2,-0.1,2000,"bu","13:40:11",247400
56,-0.3,500,"sd","13:39:28",245400
56,-0.3,2300,"sd","13:39:20",244900
56,-0.3,2300,"sd","13:39:10",242600
56,-0.3,500,"sd","13:38:22",240300
56.2,-0.1,100,"bu","13:37:49",239800
56.2,-0.1,500,"bu","13:37:48",239700
56,-0.3,2300,"sd","13:37:22",239200
56,-0.3,500,"sd","13:37:18",236900
56.1,-0.2,100,"bu","13:37:11",236400
56.1,-0.2,200,"bu","13:36:51",236300
56.1,-0.2,100,"bu","13:36:39",236100
56.1,-0.2,200,"bu","13:36:30",236000
56,-0.3,500,"sd","13:36:12",235800
56.1,-0.2,1000,"bu","13:35:55",235300
56.1,-0.2,100,"bu","13:35:51",234300
56.1,-0.2,500,"bu","13:35:45",234200
56.1,-0.2,1000,"bu","13:35:38",233700
56.1,-0.2,100,"bu","13:35:37",232700
56.1,-0.2,500,"bu","13:35:30",232600
56.1,-0.2,1000,"bu","13:35:14",232100
56,-0.3,500,"sd","13:35:07",231100
56,-0.3,3000,"sd","13:35:01",230600
56,-0.3,500,"sd","13:34:02",227600
56,-0.3,500,"sd","13:32:57",227100
56.1,-0.2,300,"bu","13:32:18",226600
56.1,-0.2,900,"bu","13:32:12",226300
56,-0.3,500,"sd","13:31:52",225400
56.1,-0.2,100,"bu","13:30:56",224900
56.1,-0.2,100,"bu","13:30:48",224800
56,-0.3,500,"sd","13:30:47",224700
56.1,-0.2,100,"bu","13:30:01",224200
56.1,-0.2,300,"bu","13:29:53",224100
56.1,-0.2,500,"bu","13:29:49",223800
56,-0.3,500,"sd","13:29:41",223300
56,-0.3,500,"sd","13:28:35",222800
56.1,-0.2,100,"bu","13:28:11",222300
56.1,-0.2,500,"bu","13:27:50",222200
56.1,-0.2,200,"bu","13:27:43",221700
56,-0.3,500,"sd","13:27:31",221500
56.1,-0.2,300,"bu","13:27:29",221000
56.1,-0.2,200,"bu","13:27:21",220700
56.1,-0.2,100,"bu","13:27:10",220500
56,-0.3,3000,"sd","13:26:42",220400
56,-0.3,500,"sd","13:26:26",217400
56,-0.3,500,"sd","13:25:20",216900
56.1,-0.2,400,"bu","13:24:58",216400
56,-0.3,1500,"sd","13:24:28",216000
56,-0.3,500,"sd","13:24:15",214500
56.1,-0.2,100,"bu","13:24:11",214000
56.1,-0.2,1500,"bu","13:23:52",213900
56,-0.3,500,"sd","13:23:10",212400
56,-0.3,500,"sd","13:22:05",211900
56,-0.3,500,"sd","13:20:59",211400
56.2,-0.1,200,"bu","13:20:18",210900
56.1,-0.2,500,"sd","13:19:54",210700
56,-0.3,100,"sd","13:18:53",210200
56,-0.3,500,"sd","13:18:48",210100
56,-0.3,500,"sd","13:17:44",209600
56.1,-0.2,100,"bu","13:17:43",209100
56.1,-0.2,100,"bu","13:17:29",209000
56.1,-0.2,200,"bu","13:17:22",208900
56.1,-0.2,1000,"bu","13:17:10",208700
55.9,-0.4,500,"sd","13:16:39",207700
56.1,-0.2,5000,"bu","13:15:54",207200
55.9,-0.4,500,"sd","13:15:33",202200
56,-0.3,600,"sd","13:14:45",201700
56,-0.3,4000,"sd","13:14:37",201100
56,-0.3,500,"sd","13:14:28",197100
56,-0.3,600,"bu","13:14:02",196600
55.9,-0.4,500,"sd","13:13:22",196000
56,-0.3,1500,"bu","13:13:12",195500
55.9,-0.4,500,"sd","13:12:18",194000
56,-0.3,400,"bu","13:12:07",193500
55.9,-0.4,600,"sd","13:11:24",193100
55.9,-0.4,500,"sd","13:11:11",192500
56,-0.3,500,"bu","13:11:08",192000
56,-0.3,1000,"bu","13:11:06",191500
56,-0.3,500,"bu","13:10:53",190500
56,-0.3,500,"bu","13:10:21",190000
55.9,-0.4,500,"sd","13:10:07",189500
55.9,-0.4,500,"sd","13:09:02",189000
55.9,-0.4,400,"sd","13:07:57",188500
56,-0.3,100,"sd","13:07:57",188100
55.9,-0.4,300,"sd","13:06:51",188000
56,-0.3,200,"sd","13:06:51",187700
56,-0.3,500,"sd","13:05:45",187500
56,-0.3,500,"sd","13:04:41",187000
56,-0.3,500,"sd","13:03:36",186500
56,-0.3,200,"sd","13:03:28",186000
56,-0.3,4800,"sd","13:03:28",185800
56,-0.3,5000,"sd","13:02:59",181000
56,-0.3,500,"sd","13:02:31",176000
56.1,-0.2,100,"sd","13:01:56",175500
56.1,-0.2,400,"bu","13:01:50",175400
56.1,-0.2,500,"bu","13:01:36",175000
56,-0.3,500,"sd","13:01:25",174500
56.1,-0.2,1100,"sd","13:01:07",174000
56.1,-0.2,500,"sd","13:00:20",172900
56.1,-0.2,200,"sd","13:00:06",172400
56.1,-0.2,100,"sd","13:00:04",172200
56.1,-0.2,100,"bu","13:00:00",172100
56.1,-0.2,1400,"bu","11:29:18",172000
56,-0.3,500,"sd","11:29:15",170600
56,-0.3,100,"sd","11:28:23",170100
56,-0.3,500,"sd","11:28:10",170000
56,-0.3,500,"sd","11:27:04",169500
56,-0.3,500,"sd","11:25:59",169000
56,-0.3,500,"sd","11:24:54",168500
56,-0.3,100,"sd","11:24:18",168000
56.1,-0.2,2000,"bu","11:24:13",167900
56,-0.3,500,"sd","11:23:49",165900
56,-0.3,500,"sd","11:22:43",165400
56,-0.3,500,"sd","11:21:38",164900
56.1,-0.2,300,"bu","11:21:17",164400
56,-0.3,500,"sd","11:20:33",164100
56.1,-0.2,300,"bu","11:19:52",163600
56,-0.3,500,"sd","11:19:28",163300
56,-0.3,1000,"sd","11:18:40",162800
56,-0.3,100,"sd","11:18:28",161800
56,-0.3,1300,"sd","11:18:24",161700
56,-0.3,500,"sd","11:18:23",160400
56,-0.3,500,"sd","11:17:17",159900
56,-0.3,500,"sd","11:16:12",159400
56,-0.3,100,"sd","11:15:28",158900
56.1,-0.2,1900,"sd","11:15:23",158800
56.1,-0.2,500,"sd","11:15:07",156900
56.1,-0.2,500,"sd","11:14:02",156400
56.1,-0.2,1000,"sd","11:13:09",155900
56.1,-0.2,1000,"sd","11:12:58",154900
56.1,-0.2,500,"sd","11:12:56",153900
56,-0.3,500,"sd","11:11:51",153400
56,-0.3,500,"sd","11:10:46",152900
56,-0.3,500,"sd","11:09:41",152400
56,-0.3,500,"sd","11:08:35",151900
56,-0.3,100,"sd","11:08:08",151400
56.1,-0.2,2000,"bu","11:08:04",151300
56,-0.3,500,"sd","11:07:30",149300
56,-0.3,500,"sd","11:06:25",148800
56,-0.3,100,"sd","11:05:38",148300
56,-0.3,2000,"sd","11:05:37",148200
56,-0.3,300,"sd","11:05:20",146200
56.1,-0.2,200,"sd","11:05:20",145900
56,-0.3,500,"sd","11:04:14",145700
56.1,-0.2,200,"bu","11:03:53",145200
56.1,-0.2,1200,"bu","11:03:34",145000
56.1,-0.2,200,"bu","11:03:13",143800
56,-0.3,500,"sd","11:03:09",143600
56,-0.3,500,"sd","11:02:04",143100
56.1,-0.2,600,"bu","11:02:02",142600
56,-0.3,100,"sd","11:01:48",142000
56,-0.3,2300,"sd","11:01:44",141900
56,-0.3,400,"sd","11:00:59",139600
56.1,-0.2,100,"sd","11:00:59",139200
56.1,-0.2,300,"bu","11:00:48",139100
56.1,-0.2,1000,"bu","11:00:43",138800
56.1,-0.2,500,"sd","10:59:54",137800
56.1,-0.2,500,"sd","10:58:48",137300
56.1,-0.2,100,"bu","10:58:42",136800
56.1,-0.2,1000,"bu","10:58:31",136700
56.1,-0.2,900,"sd","10:57:55",135700
56.1,-0.2,500,"sd","10:57:43",134800
56.1,-0.2,500,"sd","10:56:38",134300
56.1,-0.2,500,"sd","10:55:33",133800
56.1,-0.2,500,"sd","10:54:27",133300
56.1,-0.2,100,"sd","10:53:46",132800
56,-0.3,500,"sd","10:53:22",132700
56,-0.3,100,"sd","10:53:18",132200
56,-0.3,1800,"sd","10:53:11",132100
56.1,-0.2,500,"sd","10:53:11",130300
56,-0.3,400,"sd","10:52:17",129800
56.1,-0.2,100,"sd","10:52:17",129400
56.1,-0.2,100,"sd","10:51:58",129300
56.1,-0.2,2000,"sd","10:51:54",129200
56.1,-0.2,500,"sd","10:51:12",127200
56.1,-0.2,700,"bu","10:50:22",126700
56,-0.3,500,"sd","10:50:06",126000
56.1,-0.2,100,"bu","10:50:03",125500
56.1,-0.2,100,"bu","10:49:33",125400
56,-0.3,300,"sd","10:49:28",125300
56.1,-0.2,2000,"bu","10:49:25",125000
56.1,-0.2,100,"bu","10:49:21",123000
56,-0.3,2300,"sd","10:49:19",122900
56,-0.3,500,"sd","10:49:01",120600
56,-0.3,100,"sd","10:48:38",120100
56.1,-0.2,1500,"sd","10:48:31",120000
56.1,-0.2,500,"sd","10:47:56",118500
56.1,-0.2,100,"sd","10:47:08",118000
56.1,-0.2,2300,"sd","10:46:58",117900
56.1,-0.2,500,"sd","10:46:51",115600
56.2,-0.1,100,"bu","10:45:53",115100
56.1,-0.2,500,"sd","10:45:46",115000
56.2,-0.1,100,"bu","10:45:46",114500
56.1,-0.2,1200,"sd","10:45:27",114400
56.1,-0.2,500,"sd","10:44:40",113200
56.1,-0.2,100,"sd","10:44:28",112700
56.1,-0.2,2300,"sd","10:44:18",112600
56.1,-0.2,500,"sd","10:43:35",110300
56.1,-0.2,500,"sd","10:42:30",109800
56.2,-0.1,100,"sd","10:42:00",109300
56.1,-0.2,500,"sd","10:41:25",109200
56.3,0,100,"bu","10:40:47",108700
56.1,-0.2,500,"sd","10:40:19",108600
56.1,-0.2,500,"sd","10:39:14",108100
56.1,-0.2,200,"sd","10:39:08",107600
56.1,-0.2,2900,"sd","10:39:01",107400
56.2,-0.1,100,"sd","10:39:01",104500
56.1,-0.2,500,"sd","10:38:09",104400
56.1,-0.2,200,"sd","10:37:04",103900
56.2,-0.1,300,"sd","10:37:04",103700
56.1,-0.2,300,"sd","10:35:58",103400
56.2,-0.1,200,"sd","10:35:58",103100
56.2,-0.1,100,"bu","10:35:58",102900
56.2,-0.1,200,"bu","10:35:45",102800
56.2,-0.1,100,"bu","10:35:37",102600
56.2,-0.1,600,"sd","10:34:58",102500
56.2,-0.1,500,"sd","10:34:53",101900
56.2,-0.1,500,"sd","10:33:48",101400
56.3,0,100,"bu","10:33:17",100900
56.3,0,200,"bu","10:33:06",100800
56.2,-0.1,500,"sd","10:32:43",100600
56.2,-0.1,500,"sd","10:31:38",100100
56.2,-0.1,500,"sd","10:30:32",99600
56.2,-0.1,500,"sd","10:29:27",99100
56.2,-0.1,500,"sd","10:28:22",98600
56.2,-0.1,400,"bu","10:27:49",98100
56.2,-0.1,500,"bu","10:27:47",97700
56.1,-0.2,500,"sd","10:27:17",97200
56.1,-0.2,500,"sd","10:26:11",96700
56.3,0,100,"bu","10:26:06",96200
56.2,-0.1,100,"sd","10:25:48",96100
56.2,-0.1,2300,"sd","10:25:42",96000
56.2,-0.1,100,"sd","10:25:23",93700
56.2,-0.1,500,"sd","10:25:06",93600
56.3,0,500,"sd","10:24:31",93100
56.3,0,500,"sd","10:24:01",92600
56.2,-0.1,500,"sd","10:22:56",92100
56.2,-0.1,500,"sd","10:21:50",91600
56.2,-0.1,500,"sd","10:20:45",91100
56.2,-0.1,500,"sd","10:19:40",90600
56.4,0.1,1000,"bu","10:19:34",90100
56.2,-0.1,500,"sd","10:18:35",89100
56.2,-0.1,400,"sd","10:17:30",88600
56.3,0,100,"sd","10:17:30",88200
56.2,-0.1,500,"sd","10:16:24",88100
56.2,-0.1,500,"sd","10:15:19",87600
56.2,-0.1,100,"sd","10:15:18",87100
56.2,-0.1,2300,"sd","10:15:10",87000
56.2,-0.1,500,"sd","10:14:14",84700
56.2,-0.1,500,"sd","10:13:09",84200
56.2,-0.1,500,"sd","10:12:03",83700
56.2,-0.1,200,"sd","10:10:58",83200
56.3,0,300,"sd","10:10:58",83000
56.3,0,300,"bu","10:10:47",82700
56.2,-0.1,100,"sd","10:10:28",82400
56.3,0,2000,"sd","10:10:25",82300
56.3,0,500,"sd","10:09:53",80300
56.3,0,100,"sd","10:08:58",79800
56.3,0,1000,"sd","10:08:50",79700
56.3,0,500,"sd","10:08:48",78700
56.3,0,1000,"sd","10:08:07",78200
56.3,0,500,"sd","10:07:42",77200
56.3,0,500,"sd","10:06:37",76700
56.5,0.2,500,"bu","10:06:29",76200
56.5,0.2,100,"bu","10:05:37",75700
56.3,0,500,"sd","10:05:32",75600
56.3,0,100,"sd","10:05:28",75100
56.3,0,500,"sd","10:04:27",75000
56.5,0.2,100,"bu","10:03:46",74500
56.3,0,500,"sd","10:03:22",74400
56.4,0.1,500,"bu","10:03:10",73900
56.3,0,500,"sd","10:02:16",73400
56.3,0,500,"sd","10:01:11",72900
56.3,0,500,"sd","10:00:06",72400
56.3,0,500,"sd","09:59:01",71900
56.3,0,500,"sd","09:57:55",71400
56.3,0,800,"bu","09:57:44",70900
56.3,0,1500,"sd","09:57:30",70100
56.3,0,2300,"sd","09:57:21",68600
56.3,0,2300,"sd","09:57:07",66300
56.3,0,2300,"sd","09:56:52",64000
56.3,0,500,"sd","09:56:50",61700
56.3,0,2300,"sd","09:56:43",61200
56.3,0,200,"sd","09:56:34",58900
56.3,0,500,"sd","09:55:45",58700
56.3,0,300,"sd","09:54:40",58200
56.4,0.1,100,"sd","09:54:40",57900
56.5,0.2,100,"sd","09:54:40",57800
56.5,0.2,100,"bu","09:54:04",57700
56.3,0,500,"sd","09:53:34",57600
56.5,0.2,200,"bu","09:53:23",57100
56.5,0.2,800,"bu","09:53:13",56900
56.5,0.2,100,"bu","09:53:07",56100
56.5,0.2,100,"bu","09:52:48",56000
56.3,0,500,"sd","09:52:29",55900
56.5,0.2,100,"bu","09:52:07",55400
56.4,0.1,500,"sd","09:51:24",55300
56.4,0.1,1000,"bu","09:50:51",54800
56.4,0.1,200,"bu","09:50:33",53800
56.3,0,500,"sd","09:50:19",53600
56.4,0.1,1000,"bu","09:49:43",53100
56.3,0,500,"sd","09:49:14",52100
56.3,0,300,"sd","09:48:31",51600
56.3,0,700,"sd","09:48:11",51300
56.3,0,500,"sd","09:48:08",50600
56.3,0,500,"sd","09:47:03",50100
56.4,0.1,100,"bu","09:46:36",49600
56.4,0.1,100,"bu","09:46:30",49500
56.3,0,500,"sd","09:45:58",49400
56.4,0.1,100,"bu","09:45:56",48900
56.3,0,500,"sd","09:44:53",48800
56.3,0,500,"sd","09:43:47",48300
56.4,0.1,1400,"sd","09:43:24",47800
56.4,0.1,500,"sd","09:42:42",46400
56.4,0.1,500,"sd","09:41:37",45900
56.4,0.1,500,"sd","09:40:32",45400
56.4,0.1,500,"sd","09:39:26",44900
56.4,0.1,200,"sd","09:38:26",44400
56.4,0.1,500,"sd","09:38:21",44200
56.5,0.2,400,"bu","09:37:52",43700
56.4,0.1,500,"sd","09:37:16",43300
56.4,0.1,500,"sd","09:36:11",42800
56.5,0.2,500,"sd","09:35:06",42300
56.5,0.2,1000,"sd","09:34:23",41800
56.5,0.2,500,"sd","09:34:00",40800
56.4,0.1,1500,"sd","09:33:02",40300
56.5,0.2,200,"sd","09:33:02",38800
56.5,0.2,2300,"sd","09:32:58",38600
56.5,0.2,500,"sd","09:32:55",36300
56.5,0.2,500,"sd","09:32:34",35800
56.5,0.2,1000,"sd","09:32:29",35300
56.5,0.2,500,"sd","09:31:50",34300
56.5,0.2,400,"sd","09:30:45",33800
56.6,0.3,100,"sd","09:30:45",33400
56.5,0.2,2300,"sd","09:30:03",33300
56.5,0.2,500,"sd","09:29:39",31000
56.5,0.2,1000,"sd","09:28:55",30500
56.5,0.2,1200,"sd","09:28:41",29500
56.6,0.3,1100,"sd","09:28:41",28300
56.6,0.3,500,"sd","09:28:34",27200
56.6,0.3,500,"sd","09:27:29",26700
56.8,0.5,100,"bu","09:26:56",26200
56.6,0.3,1000,"sd","09:26:43",26100
56.6,0.3,300,"sd","09:26:24",25100
56.7,0.4,200,"sd","09:26:24",24800
56.7,0.4,500,"sd","09:25:18",24600
56.8,0.5,4400,"bu","09:24:22",24100
56.7,0.4,600,"bu","09:24:22",19700
56.5,0.2,500,"sd","09:24:13",19100
56.7,0.4,400,"bu","09:24:06",18600
56.5,0.2,2300,"sd","09:24:05",18200
56.5,0.2,500,"sd","09:23:08",15900
56.5,0.2,2300,"sd","09:23:07",15400
56.5,0.2,2300,"sd","09:22:53",13100
56.5,0.2,100,"sd","09:22:23",10800
56.5,0.2,2300,"sd","09:21:56",10700
56.5,0.2,2300,"sd","09:20:11",8400
56.3,0,1200,"sd","09:18:29",6100
56.4,0.1,1100,"sd","09:18:29",4900
56.4,0.1,2300,"sd","09:17:40",3800
56.4,0.1,100,"sd","09:16:41",1500
56.4,0.1,500,"sd","09:16:40",1400
56.4,0.1,900,"","09:15:02",900
