"price","change","match_qtty","side","time","total_vol"
71.7,-0.3,20700,"","14:45:04",348400
71.6,-0.4,100,"sd","14:29:50",327700
71.6,-0.4,200,"bu","14:29:47",327600
71.6,-0.4,200,"sd","14:29:39",327400
71.6,-0.4,100,"sd","14:29:35",327200
71.6,-0.4,1000,"bu","14:29:22",327100
71.6,-0.4,500,"sd","14:29:11",326100
71.6,-0.4,2500,"bu","14:28:59",325600
71.5,-0.5,100,"sd","14:28:50",323100
71.5,-0.5,900,"bu","14:28:34",323000
71.5,-0.5,1000,"bu","14:28:23",322100
71.4,-0.6,2000,"sd","14:28:21",321100
71.4,-0.6,1100,"sd","14:28:03",319100
71.4,-0.6,200,"sd","14:28:02",318000
71.5,-0.5,100,"bu","14:28:00",317800
71.5,-0.5,8800,"sd","14:27:21",317700
71.6,-0.4,500,"bu","14:26:42",308900
71.6,-0.4,600,"bu","14:26:35",308400
71.5,-0.5,200,"sd","14:26:28",307800
71.6,-0.4,100,"bu","14:26:11",307600
71.6,-0.4,3300,"sd","14:25:56",307500
71.6,-0.4,4300,"sd","14:25:44",304200
71.6,-0.4,4200,"sd","14:25:26",299900
71.7,-0.3,5800,"sd","14:25:26",295700
71.7,-0.3,1600,"sd","14:24:43",289900
71.8,-0.2,800,"sd","14:24:24",288300
71.8,-0.2,1000,"sd","14:24:01",287500
71.8,-0.2,300,"sd","14:23:51",286500
71.8,-0.2,100,"sd","14:23:30",286200
71.8,-0.2,400,"bu","14:23:22",286100
71.8,-0.2,100,"bu","14:23:19",285700
71.8,-0.2,100,"bu","14:23:11",285600
71.8,-0.2,600,"sd","14:22:51",285500
71.8,-0.2,800,"bu","14:22:13",284900
71.8,-0.2,500,"bu","14:22:08",284100
71.8,-0.2,100,"bu","14:21:40",283600
71.8,-0.2,200,"bu","14:21:21",283500
71.8,-0.2,1000,"bu","14:21:03",283300
71.7,-0.3,400,"sd","14:19:49",282300
71.7,-0.3,1000,"sd","14:19:15",281900
71.7,-0.3,1000,"sd","14:18:55",280900
71.7,-0.3,1000,"sd","14:18:45",279900
71.7,-0.3,100,"sd","14:18:41",278900
71.7,-0.3,700,"sd","14:17:19",278800
71.7,-0.3,400,"sd","14:16:48",278100
71.8,-0.2,100,"sd","14:16:31",277700
71.8,-0.2,200,"sd","14:16:07",277600
71.8,-0.2,200,"bu","14:15:51",277400
71.8,-0.2,100,"bu","14:15:44",277200
71.8,-0.2,100,"bu","14:15:23",277100
71.8,-0.2,400,"bu","14:14:56",277000
71.7,-0.3,500,"sd","14:14:32",276600
71.8,-0.2,1500,"bu","14:14:03",276100
71.7,-0.3,500,"bu","14:13:53",274600
71.7,-0.3,100,"bu","14:13:50",274100
71.7,-0.3,800,"bu","14:13:47",274000
71.7,-0.3,400,"bu","14:13:35",273200
71.7,-0.3,1000,"bu","14:13:26",272800
71.6,-0.4,1500,"sd","14:13:20",271800
71.6,-0.4,13500,"bu","14:13:09",270300
71.6,-0.4,1500,"bu","14:13:06",256800
71.5,-0.5,500,"bu","14:12:51",255300
71.5,-0.5,300,"bu","14:12:42",254800
71.5,-0.5,100,"bu","14:12:33",254500
71.5,-0.5,300,"bu","14:12:21",254400
71.5,-0.5,1000,"bu","14:12:15",254100
71.5,-0.5,100,"bu","14:12:04",253100
71.4,-0.6,100,"sd","14:12:00",253000
71.5,-0.5,1000,"bu","14:11:57",252900
71.5,-0.5,200,"bu","14:11:34",251900
71.5,-0.5,200,"bu","14:11:13",251700
71.5,-0.5,400,"bu","14:10:54",251500
71.5,-0.5,500,"bu","14:10:38",251100
71.5,-0.5,5000,"bu","14:10:35",250600
71.5,-0.5,200,"bu","14:09:29",245600
71.5,-0.5,100,"bu","14:06:25",245400
71.5,-0.5,100,"bu","14:05:20",245300
71.5,-0.5,1000,"bu","14:05:12",245200
71.5,-0.5,300,"bu","14:04:43",244200
71.5,-0.5,1000,"bu","14:04:40",243900
71.5,-0.5,1000,"bu","14:04:36",242900
71.4,-0.6,400,"sd","14:04:33",241900
71.5,-0.5,1000,"bu","14:04:31",241500
71.5,-0.5,300,"bu","14:04:04",240500
71.4,-0.6,1000,"sd","14:03:12",240200
71.4,-0.6,100,"sd","14:02:23",239200
71.5,-0.5,500,"bu","14:01:54",239100
71.4,-0.6,1000,"sd","14:01:51",238600
71.4,-0.6,800,"bu","14:01:37",237600
71.4,-0.6,500,"bu","14:01:36",236800
71.4,-0.6,100,"bu","14:00:55",236300
71.4,-0.6,400,"bu","14:00:13",236200
71.4,-0.6,200,"sd","13:58:43",235800
71.4,-0.6,200,"bu","13:57:55",235600
71.5,-0.5,1200,"sd","13:57:08",235400
71.5,-0.5,600,"bu","13:56:56",234200
71.5,-0.5,5000,"bu","13:56:55",233600
71.4,-0.6,1100,"sd","13:56:44",228600
71.4,-0.6,100,"bu","13:55:55",227500
71.4,-0.6,200,"bu","13:55:50",227400
71.4,-0.6,500,"bu","13:55:45",227200
71.4,-0.6,400,"sd","13:55:40",226700
71.4,-0.6,4000,"sd","13:55:33",226300
71.4,-0.6,100,"sd","13:54:34",222300
71.4,-0.6,100,"sd","13:52:56",222200
71.5,-0.5,200,"bu","13:52:11",222100
71.5,-0.5,700,"sd","13:52:04",221900
71.5,-0.5,1700,"sd","13:51:32",221200
71.5,-0.5,2000,"bu","13:51:28",219500
71.4,-0.6,500,"sd","13:50:46",217500
71.4,-0.6,1900,"sd","13:50:39",217000
71.4,-0.6,100,"sd","13:50:38",215100
71.5,-0.5,600,"sd","13:47:53",215000
71.5,-0.5,100,"sd","13:47:26",214400
71.5,-0.5,1200,"sd","13:47:22",214300
71.5,-0.5,1200,"sd","13:46:52",213100
71.5,-0.5,1000,"sd","13:46:45",211900
71.5,-0.5,1200,"sd","13:46:21",210900
71.5,-0.5,1200,"sd","13:45:49",209700
71.6,-0.4,100,"bu","13:45:34",208500
71.5,-0.5,1200,"sd","13:45:18",208400
71.5,-0.5,200,"bu","13:44:51",207200
71.5,-0.5,1000,"sd","13:44:47",207000
71.5,-0.5,4000,"bu","13:44:43",206000
71.5,-0.5,100,"bu","13:44:39",202000
71.5,-0.5,100,"bu","13:44:17",201900
71.4,-0.6,1500,"sd","13:43:19",201800
71.4,-0.6,500,"sd","13:41:43",200300
71.5,-0.5,1000,"bu","13:41:26",199800
71.5,-0.5,800,"sd","13:39:42",198800
71.5,-0.5,100,"sd","13:39:27",198000
71.5,-0.5,900,"sd","13:39:11",197900
71.5,-0.5,200,"bu","13:39:10",197000
71.5,-0.5,1500,"bu","13:39:04",196800
71.5,-0.5,200,"bu","13:38:59",195300
71.5,-0.5,4300,"bu","13:37:56",195100
71.4,-0.6,100,"bu","13:35:37",190800
71.4,-0.6,300,"sd","13:34:58",190700
71.4,-0.6,1900,"bu","13:34:41",190400
71.4,-0.6,3200,"sd","13:33:40",188500
71.4,-0.6,400,"sd","13:33:30",185300
71.5,-0.5,1400,"sd","13:32:51",184900
71.5,-0.5,700,"sd","13:32:34",183500
71.5,-0.5,900,"bu","13:32:24",182800
71.5,-0.5,100,"bu","13:32:05",181900
71.5,-0.5,100,"bu","13:31:49",181800
71.5,-0.5,100,"sd","13:31:45",181700
71.5,-0.5,700,"sd","13:31:33",181600
71.5,-0.5,800,"sd","13:31:02",180900
71.5,-0.5,1000,"sd","13:30:33",180100
71.4,-0.6,2000,"sd","13:30:02",179100
71.4,-0.6,100,"sd","13:29:51",177100
71.5,-0.5,100,"sd","13:29:29",177000
71.5,-0.5,600,"sd","13:28:59",176900
71.5,-0.5,1000,"sd","13:28:45",176300
71.5,-0.5,600,"sd","13:28:27",175300
71.5,-0.5,600,"sd","13:27:56",174700
71.6,-0.4,500,"bu","13:27:54",174100
71.5,-0.5,100,"bu","13:27:36",173600
71.5,-0.5,1000,"bu","13:27:29",173500
71.5,-0.5,200,"bu","13:26:56",172500
71.5,-0.5,500,"bu","13:26:51",172300
71.5,-0.5,3000,"bu","13:26:44",171800
71.4,-0.6,5000,"sd","13:25:59",168800
71.5,-0.5,1000,"bu","13:25:43",163800
71.5,-0.5,1000,"bu","13:25:31",162800
71.4,-0.6,1700,"bu","13:25:04",161800
71.4,-0.6,500,"bu","13:24:16",160100
71.4,-0.6,500,"bu","13:24:06",159600
71.4,-0.6,100,"bu","13:23:54",159100
71.4,-0.6,100,"bu","13:23:45",159000
71.3,-0.7,1000,"sd","13:23:28",158900
71.4,-0.6,100,"bu","13:23:20",157900
71.3,-0.7,100,"sd","13:22:51",157800
71.3,-0.7,1000,"sd","13:20:06",157700
71.3,-0.7,600,"sd","13:19:39",156700
71.4,-0.6,200,"bu","13:17:51",156100
71.4,-0.6,100,"bu","13:16:37",155900
71.4,-0.6,200,"bu","13:16:12",155800
71.4,-0.6,100,"sd","13:16:00",155600
71.4,-0.6,100,"bu","13:15:34",155500
71.4,-0.6,2000,"bu","13:14:17",155400
71.4,-0.6,100,"bu","13:12:36",153400
71.3,-0.7,100,"sd","13:11:18",153300
71.3,-0.7,300,"sd","13:10:38",153200
71.4,-0.6,500,"sd","13:10:17",152900
71.4,-0.6,200,"sd","13:10:00",152400
71.4,-0.6,6000,"sd","13:09:58",152200
71.4,-0.6,1000,"sd","13:09:51",146200
71.4,-0.6,2000,"sd","13:08:29",145200
71.4,-0.6,2000,"sd","13:07:23",143200
71.5,-0.5,200,"bu","13:05:04",141200
71.4,-0.6,100,"sd","13:00:37",141000
71.4,-0.6,500,"sd","13:00:04",140900
71.5,-0.5,1000,"bu","13:00:02",140400
71.4,-0.6,200,"sd","13:00:01",139400
71.4,-0.6,900,"sd","13:00:00",139200
71.5,-0.5,100,"bu","11:25:01",138300
71.5,-0.5,100,"bu","11:23:43",138200
71.5,-0.5,1500,"bu","11:18:32",138100
71.5,-0.5,100,"bu","11:17:45",136600
71.5,-0.5,100,"bu","11:16:50",136500
71.5,-0.5,400,"sd","11:16:00",136400
71.5,-0.5,1600,"bu","11:15:47",136000
71.5,-0.5,200,"sd","11:15:29",134400
71.5,-0.5,1800,"bu","11:14:58",134200
71.5,-0.5,400,"bu","11:14:15",132400
71.5,-0.5,1000,"bu","11:13:49",132000
71.5,-0.5,400,"bu","11:13:12",131000
71.4,-0.6,1500,"sd","11:12:46",130600
71.5,-0.5,1000,"bu","11:10:11",129100
71.5,-0.5,1000,"sd","11:06:13",128100
71.5,-0.5,1100,"sd","11:05:42",127100
71.5,-0.5,1100,"sd","11:05:11",126000
71.5,-0.5,3000,"bu","11:05:10",124900
71.5,-0.5,200,"bu","11:04:33",121900
71.5,-0.5,500,"bu","11:03:06",121700
71.5,-0.5,900,"bu","11:03:01",121200
71.5,-0.5,1000,"bu","11:02:43",120300
71.5,-0.5,300,"bu","11:01:20",119300
71.4,-0.6,500,"sd","11:00:17",119000
71.4,-0.6,700,"sd","10:56:07",118500
71.4,-0.6,300,"sd","10:56:07",117800
71.4,-0.6,1000,"sd","10:54:32",117500
71.4,-0.6,1000,"sd","10:54:29",116500
71.5,-0.5,100,"bu","10:53:36",115500
71.5,-0.5,500,"bu","10:52:58",115400
71.5,-0.5,700,"bu","10:52:19",114900
71.5,-0.5,200,"bu","10:51:22",114200
71.5,-0.5,100,"sd","10:51:19",114000
71.5,-0.5,200,"sd","10:51:13",113900
71.5,-0.5,3000,"sd","10:51:05",113700
71.5,-0.5,700,"sd","10:50:48",110700
71.5,-0.5,100,"sd","10:50:37",110000
71.5,-0.5,700,"sd","10:50:17",109900
71.5,-0.5,700,"sd","10:49:46",109200
71.5,-0.5,700,"sd","10:49:16",108500
71.5,-0.5,700,"sd","10:48:44",107800
71.5,-0.5,700,"sd","10:48:13",107100
71.5,-0.5,700,"sd","10:47:43",106400
71.5,-0.5,700,"sd","10:47:12",105700
71.5,-0.5,700,"sd","10:46:41",105000
71.5,-0.5,700,"sd","10:46:10",104300
71.5,-0.5,700,"sd","10:45:38",103600
71.5,-0.5,1800,"bu","10:45:13",102900
71.5,-0.5,500,"bu","10:44:51",101100
71.5,-0.5,500,"bu","10:43:53",100600
71.5,-0.5,100,"bu","10:42:16",100100
71.4,-0.6,500,"sd","10:42:00",100000
71.5,-0.5,200,"bu","10:41:49",99500
71.5,-0.5,2000,"sd","10:41:30",99300
71.5,-0.5,600,"sd","10:40:59",97300
71.5,-0.5,600,"sd","10:40:28",96700
71.6,-0.4,200,"bu","10:40:28",96100
71.5,-0.5,600,"sd","10:39:57",95900
71.5,-0.5,600,"sd","10:39:26",95300
71.5,-0.5,600,"sd","10:38:55",94700
71.5,-0.5,600,"sd","10:38:24",94100
71.5,-0.5,100,"sd","10:38:03",93500
71.5,-0.5,600,"sd","10:37:54",93400
71.5,-0.5,800,"bu","10:37:26",92800
71.5,-0.5,700,"bu","10:36:54",92000
71.5,-0.5,500,"bu","10:36:49",91300
71.5,-0.5,100,"sd","10:36:21",90800
71.5,-0.5,100,"sd","10:35:57",90700
71.5,-0.5,600,"sd","10:35:50",90600
71.5,-0.5,600,"sd","10:35:18",90000
71.5,-0.5,600,"sd","10:34:48",89400
71.5,-0.5,600,"sd","10:34:17",88800
71.5,-0.5,300,"sd","10:34:11",88200
71.5,-0.5,600,"sd","10:33:46",87900
71.5,-0.5,600,"sd","10:33:15",87300
71.5,-0.5,600,"sd","10:32:44",86700
71.5,-0.5,600,"sd","10:32:13",86100
71.5,-0.5,600,"sd","10:31:42",85500
71.5,-0.5,600,"sd","10:31:11",84900
71.5,-0.5,600,"sd","10:30:40",84300
71.5,-0.5,600,"sd","10:30:09",83700
71.5,-0.5,600,"sd","10:29:38",83100
71.5,-0.5,600,"sd","10:29:06",82500
71.5,-0.5,600,"sd","10:28:36",81900
71.6,-0.4,200,"bu","10:28:06",81300
71.5,-0.5,600,"sd","10:28:05",81100
71.5,-0.5,600,"sd","10:27:34",80500
71.5,-0.5,600,"sd","10:27:03",79900
71.5,-0.5,600,"sd","10:26:32",79300
71.5,-0.5,600,"sd","10:26:01",78700
71.5,-0.5,600,"sd","10:25:30",78100
71.5,-0.5,600,"sd","10:24:59",77500
71.5,-0.5,100,"sd","10:24:28",76900
71.6,-0.4,500,"sd","10:24:28",76800
71.6,-0.4,600,"sd","10:23:58",76300
71.6,-0.4,600,"sd","10:23:27",75700
71.6,-0.4,600,"sd","10:22:56",75100
71.6,-0.4,600,"sd","10:22:25",74500
71.6,-0.4,600,"sd","10:21:54",73900
71.6,-0.4,600,"sd","10:21:24",73300
71.6,-0.4,600,"sd","10:20:52",72700
71.6,-0.4,600,"sd","10:20:21",72100
71.7,-0.3,100,"bu","10:19:55",71500
71.6,-0.4,600,"sd","10:19:50",71400
71.6,-0.4,600,"sd","10:19:19",70800
71.6,-0.4,600,"sd","10:18:48",70200
71.6,-0.4,600,"sd","10:18:18",69600
71.6,-0.4,200,"sd","10:17:47",69000
71.6,-0.4,400,"sd","10:17:47",68800
71.6,-0.4,600,"sd","10:17:16",68400
71.6,-0.4,600,"sd","10:16:45",67800
71.6,-0.4,500,"sd","10:16:43",67200
71.7,-0.3,100,"bu","10:16:36",66700
71.7,-0.3,100,"bu","10:16:23",66600
71.6,-0.4,600,"sd","10:16:14",66500
71.6,-0.4,600,"sd","10:15:43",65900
71.6,-0.4,600,"sd","10:15:12",65300
71.6,-0.4,600,"sd","10:14:41",64700
71.6,-0.4,600,"sd","10:14:10",64100
71.6,-0.4,600,"sd","10:13:39",63500
71.6,-0.4,600,"sd","10:13:08",62900
71.7,-0.3,300,"bu","10:13:01",62300
71.7,-0.3,500,"bu","10:12:59",62000
71.7,-0.3,100,"bu","10:12:50",61500
71.6,-0.4,600,"sd","10:12:37",61400
71.7,-0.3,900,"bu","10:12:30",60800
71.7,-0.3,100,"bu","10:12:30",59900
71.7,-0.3,300,"bu","10:12:23",59800
71.6,-0.4,600,"sd","10:12:06",59500
71.7,-0.3,300,"bu","10:12:06",58900
71.7,-0.3,200,"bu","10:12:02",58600
71.6,-0.4,600,"sd","10:11:35",58400
71.6,-0.4,700,"sd","10:11:21",57800
71.6,-0.4,600,"sd","10:11:04",57100
71.6,-0.4,600,"sd","10:10:33",56500
71.6,-0.4,600,"sd","10:10:02",55900
71.6,-0.4,600,"sd","10:09:32",55300
71.7,-0.3,100,"bu","10:09:18",54700
71.7,-0.3,500,"bu","10:09:13",54600
71.6,-0.4,600,"sd","10:09:01",54100
71.6,-0.4,600,"sd","10:08:30",53500
71.6,-0.4,300,"sd","10:08:15",52900
71.6,-0.4,600,"sd","10:08:00",52600
71.6,-0.4,700,"sd","10:07:28",52000
71.7,-0.3,100,"bu","10:05:45",51300
71.7,-0.3,200,"bu","10:04:06",51200
71.7,-0.3,400,"sd","10:01:00",51000
71.7,-0.3,600,"bu","10:00:07",50600
71.7,-0.3,600,"sd","09:59:25",50000
71.7,-0.3,200,"sd","09:58:32",49400
71.8,-0.2,500,"bu","09:57:58",49200
71.7,-0.3,400,"sd","09:57:07",48700
71.7,-0.3,100,"sd","09:56:41",48300
71.8,-0.2,500,"bu","09:56:40",48200
71.8,-0.2,100,"sd","09:56:10",47700
71.8,-0.2,1700,"sd","09:55:46",47600
71.9,-0.1,2600,"sd","09:54:52",45900
72,0,100,"bu","09:50:35",43300
72,0,300,"bu","09:48:06",43200
72,0,500,"bu","09:47:39",42900
72,0,100,"sd","09:47:36",42400
72,0,100,"sd","09:47:20",42300
72,0,200,"bu","09:47:01",42200
72,0,600,"bu","09:47:01",42000
72,0,200,"bu","09:43:49",41400
72,0,100,"bu","09:43:31",41200
72,0,100,"sd","09:42:39",41100
72,0,900,"bu","09:42:30",41000
72,0,100,"sd","09:40:29",40100
72,0,400,"sd","09:40:28",40000
72,0,200,"sd","09:40:19",39600
72,0,100,"sd","09:40:06",39400
72,0,100,"sd","09:39:35",39300
72,0,1200,"sd","09:39:29",39200
72,0,100,"sd","09:39:04",38000
72,0,100,"sd","09:38:34",37900
72,0,100,"sd","09:38:33",37800
72,0,100,"sd","09:38:02",37700
72,0,1000,"sd","09:37:39",37600
72,0,100,"sd","09:37:31",36600
72,0,1000,"sd","09:37:26",36500
72,0,100,"sd","09:37:00",35500
72.1,0.1,500,"bu","09:36:56",35400
72,0,100,"sd","09:36:29",34900
72.1,0.1,500,"bu","09:36:16",34800
72,0,100,"sd","09:35:57",34300
72,0,100,"sd","09:35:24",34200
72.1,0.1,500,"bu","09:35:02",34100
72,0,100,"sd","09:34:50",33600
72.1,0.1,200,"bu","09:34:35",33500
72,0,2000,"sd","09:34:34",33300
72,0,100,"sd","09:34:15",31300
72,0,100,"sd","09:33:44",31200
72,0,100,"sd","09:33:13",31100
72,0,100,"sd","09:32:42",31000
72,0,200,"sd","09:32:11",30900
72,0,100,"sd","09:31:40",30700
72,0,100,"sd","09:31:09",30600
72,0,1000,"sd","09:31:05",30500
72.1,0.1,100,"bu","09:30:50",29500
72.1,0.1,100,"bu","09:30:45",29400
72,0,100,"sd","09:30:39",29300
72.1,0.1,100,"bu","09:30:18",29200
72,0,100,"sd","09:30:07",29100
72.1,0.1,800,"bu","09:30:01",29000
72,0,100,"sd","09:29:37",28200
72.1,0.1,100,"bu","09:29:29",28100
72.1,0.1,100,"bu","09:29:16",28000
72.1,0.1,1000,"bu","09:29:10",27900
72.1,0.1,100,"bu","09:29:09",26900
72,0,100,"sd","09:29:05",26800
72.1,0.1,200,"bu","09:28:58",26700
72,0,100,"sd","09:28:35",26500
72,0,2200,"sd","09:28:20",26400
72,0,100,"sd","09:28:04",24200
72.1,0.1,100,"bu","09:28:02",24100
72,0,100,"sd","09:27:33",24000
72,0,400,"sd","09:27:06",23900
72,0,100,"sd","09:27:02",23500
72.1,0.1,100,"bu","09:27:01",23400
72,0,1000,"sd","09:26:53",23300
72,0,100,"sd","09:26:31",22300
72.1,0.1,100,"bu","09:26:04",22200
72,0,100,"sd","09:26:00",22100
72.1,0.1,100,"bu","09:25:48",22000
72,0,1100,"bu","09:25:46",21900
72,0,100,"bu","09:25:36",20800
72,0,100,"bu","09:25:26",20700
72,0,100,"bu","09:25:17",20600
72,0,1000,"bu","09:23:59",20500
72,0,1000,"sd","09:22:40",19500
72,0,1000,"sd","09:22:34",18500
72,0,500,"bu","09:22:27",17500
72,0,1800,"sd","09:22:13",17000
72,0,1000,"sd","09:21:58",15200
72,0,1000,"sd","09:21:54",14200
72,0,1200,"bu","09:20:45",13200
72,0,2000,"bu","09:20:35",12000
72,0,2000,"bu","09:20:25",10000
72,0,800,"bu","09:20:13",8000
72,0,500,"bu","09:17:20",7200
71.9,-0.1,100,"sd","09:16:53",6700
72,0,100,"bu","09:15:51",6600
72,0,200,"bu","09:15:38",6500
72,0,700,"sd","09:15:30",6300
72,0,200,"sd","09:15:05",5600
72,0,5400,"","09:15:02",5400
