"price","change","match_qtty","side","time","total_vol"
39.95,0.45,153000,"","14:45:03",2356600
39.8,0.3,1900,"sd","14:29:52",2203600
39.8,0.3,700,"sd","14:29:49",2201700
39.85,0.35,800,"bu","14:29:47",2201000
39.85,0.35,100,"bu","14:29:38",2200200
39.8,0.3,100,"sd","14:29:20",2200100
39.8,0.3,500,"sd","14:29:09",2200000
39.8,0.3,900,"bu","14:29:09",2199500
39.8,0.3,100,"bu","14:28:56",2198600
39.8,0.3,1000,"bu","14:28:51",2198500
39.8,0.3,1000,"bu","14:28:48",2197500
39.8,0.3,200,"bu","14:28:36",2196500
39.8,0.3,800,"bu","14:28:26",2196300
39.75,0.25,1000,"sd","14:28:23",2195500
39.8,0.3,1000,"bu","14:28:08",2194500
39.75,0.25,400,"sd","14:27:48",2193500
39.75,0.25,1400,"sd","14:27:46",2193100
39.8,0.3,1000,"bu","14:27:21",2191700
39.75,0.25,1400,"sd","14:27:15",2190700
39.75,0.25,1700,"bu","14:26:48",2189300
39.75,0.25,100,"bu","14:26:46",2187600
39.7,0.2,800,"sd","14:26:46",2187500
39.7,0.2,600,"sd","14:26:45",2186700
39.75,0.25,100,"bu","14:26:39",2186100
39.75,0.25,4600,"sd","14:26:30",2186000
39.8,0.3,100,"sd","14:26:30",2181400
39.8,0.3,1400,"sd","14:26:15",2181300
39.9,0.4,10500,"bu","14:26:12",2179900
39.75,0.25,6600,"sd","14:26:04",2169400
39.8,0.3,1000,"sd","14:26:04",2162800
39.75,0.25,200,"sd","14:25:46",2161800
39.8,0.3,6400,"sd","14:25:46",2161600
39.8,0.3,1400,"sd","14:25:45",2155200
39.75,0.25,4600,"sd","14:25:34",2153800
39.8,0.3,2000,"sd","14:25:34",2149200
39.75,0.25,6600,"sd","14:25:18",2147200
39.75,0.25,400,"sd","14:25:15",2140600
39.8,0.3,600,"sd","14:25:15",2140200
39.8,0.3,400,"sd","14:25:15",2139600
39.8,0.3,100,"bu","14:25:06",2139200
39.8,0.3,6500,"sd","14:25:03",2139100
39.85,0.35,100,"bu","14:24:52",2132600
39.8,0.3,1400,"sd","14:24:45",2132500
39.95,0.45,6800,"bu","14:24:42",2131100
39.9,0.4,3200,"bu","14:24:42",2124300
39.85,0.35,300,"bu","14:24:38",2120500
39.85,0.35,200,"bu","14:24:36",2120200
39.85,0.35,100,"bu","14:24:31",2120000
39.85,0.35,1500,"bu","14:24:16",2119900
39.8,0.3,1400,"sd","14:24:15",2118400
39.85,0.35,100,"sd","14:23:59",2117000
39.95,0.45,6700,"bu","14:23:57",2116900
39.9,0.4,3900,"bu","14:23:57",2110200
39.8,0.3,1300,"sd","14:23:45",2106300
39.85,0.35,100,"sd","14:23:45",2105000
39.9,0.4,10600,"bu","14:23:37",2104900
39.85,0.35,200,"sd","14:23:26",2094300
39.85,0.35,1000,"sd","14:23:25",2094100
39.9,0.4,100,"bu","14:23:24",2093100
39.85,0.35,800,"bu","14:23:19",2093000
39.8,0.3,1400,"sd","14:23:15",2092200
39.85,0.35,2700,"bu","14:23:13",2090800
39.85,0.35,1000,"bu","14:23:12",2088100
39.85,0.35,500,"bu","14:23:02",2087100
39.85,0.35,100,"bu","14:22:51",2086600
39.8,0.3,1400,"sd","14:22:45",2086500
39.85,0.35,200,"bu","14:22:28",2085100
39.8,0.3,1400,"sd","14:22:15",2084900
39.9,0.4,10600,"bu","14:21:50",2083500
39.9,0.4,600,"bu","14:21:50",2072900
39.9,0.4,5000,"bu","14:21:45",2072300
39.85,0.35,1000,"sd","14:21:45",2066900
39.85,0.35,4000,"bu","14:21:40",2065900
39.75,0.25,1400,"sd","14:21:14",2061900
39.85,0.35,5000,"bu","14:21:14",2060500
39.85,0.35,200,"bu","14:21:11",2055500
39.85,0.35,7900,"bu","14:20:54",2055300
39.85,0.35,2700,"bu","14:20:54",2047400
39.85,0.35,500,"bu","14:20:53",2044700
39.75,0.25,1400,"sd","14:20:44",2044200
39.85,0.35,14300,"bu","14:20:44",2042800
39.85,0.35,14100,"bu","14:20:43",2028500
39.8,0.3,1600,"bu","14:20:43",2014400
39.8,0.3,1300,"bu","14:20:34",2012800
39.8,0.3,8700,"bu","14:20:33",2011500
39.8,0.3,500,"bu","14:20:23",2002800
39.8,0.3,100,"bu","14:20:21",2002300
39.8,0.3,3500,"bu","14:20:14",2002200
39.75,0.25,1400,"sd","14:20:14",1998700
39.75,0.25,200,"sd","14:20:12",1997300
39.75,0.25,1400,"sd","14:19:44",1997100
39.8,0.3,10600,"bu","14:19:23",1995700
39.75,0.25,1400,"sd","14:19:14",1985100
39.75,0.25,100,"sd","14:18:49",1983700
39.8,0.3,100,"bu","14:18:48",1983600
39.75,0.25,1400,"sd","14:18:44",1983500
39.75,0.25,1400,"sd","14:18:14",1982100
39.75,0.25,1400,"sd","14:17:44",1980700
39.75,0.25,1400,"sd","14:17:14",1979300
39.75,0.25,1400,"sd","14:16:44",1977900
39.75,0.25,1000,"sd","14:16:37",1976500
39.75,0.25,2000,"sd","14:16:36",1975500
39.75,0.25,6600,"sd","14:16:28",1973500
39.75,0.25,3500,"sd","14:16:18",1966900
39.75,0.25,1200,"sd","14:16:17",1963400
39.8,0.3,1000,"sd","14:16:17",1962200
39.75,0.25,3700,"sd","14:16:15",1961200
39.8,0.3,2900,"sd","14:16:15",1957500
39.8,0.3,1400,"sd","14:16:14",1954600
39.8,0.3,1000,"bu","14:16:13",1953200
39.75,0.25,4200,"sd","14:16:08",1952200
39.85,0.35,5200,"bu","14:16:01",1948000
39.8,0.3,5400,"bu","14:16:01",1942800
39.8,0.3,100,"bu","14:15:59",1937400
39.75,0.25,500,"sd","14:15:58",1937300
39.8,0.3,500,"bu","14:15:49",1936800
39.75,0.25,1400,"sd","14:15:43",1936300
39.75,0.25,2200,"sd","14:15:41",1934900
39.8,0.3,100,"bu","14:15:41",1932700
39.8,0.3,100,"bu","14:15:32",1932600
39.75,0.25,1400,"sd","14:15:13",1932500
39.75,0.25,4400,"sd","14:15:08",1931100
39.75,0.25,4400,"sd","14:15:06",1926700
39.75,0.25,2000,"sd","14:15:01",1922300
39.8,0.3,100,"bu","14:14:57",1920300
39.75,0.25,1400,"sd","14:14:41",1920200
39.8,0.3,500,"bu","14:14:37",1918800
39.8,0.3,500,"bu","14:14:16",1918300
39.8,0.3,2000,"bu","14:14:13",1917800
39.75,0.25,1400,"sd","14:14:11",1915800
39.75,0.25,1400,"sd","14:13:41",1914400
39.75,0.25,1400,"sd","14:13:11",1913000
39.75,0.25,5000,"sd","14:13:04",1911600
39.75,0.25,5000,"sd","14:12:52",1906600
39.75,0.25,1800,"sd","14:12:41",1901600
39.75,0.25,400,"sd","14:12:19",1899800
39.8,0.3,25000,"bu","14:12:19",1899400
39.75,0.25,4400,"bu","14:12:12",1874400
39.7,0.2,1400,"sd","14:12:11",1870000
39.75,0.25,700,"bu","14:12:04",1868600
39.75,0.25,300,"bu","14:11:57",1867900
39.7,0.2,1400,"sd","14:11:41",1867600
39.7,0.2,1400,"sd","14:11:11",1866200
39.75,0.25,200,"bu","14:11:00",1864800
39.75,0.25,200,"bu","14:10:59",1864600
39.75,0.25,400,"sd","14:10:54",1864400
39.75,0.25,4600,"bu","14:10:44",1864000
39.7,0.2,1400,"sd","14:10:39",1859400
39.7,0.2,1400,"sd","14:10:09",1858000
39.7,0.2,3600,"sd","14:09:39",1856600
39.7,0.2,2100,"sd","14:09:34",1853000
39.75,0.25,100,"sd","14:09:28",1850900
39.7,0.2,100,"sd","14:09:09",1850800
39.75,0.25,1300,"sd","14:09:09",1850700
39.75,0.25,1100,"bu","14:09:00",1849400
39.7,0.2,2200,"sd","14:08:50",1848300
39.7,0.2,1400,"sd","14:08:39",1846100
39.7,0.2,2200,"sd","14:08:27",1844700
39.7,0.2,2200,"sd","14:08:16",1842500
39.7,0.2,800,"sd","14:08:09",1840300
39.75,0.25,600,"sd","14:08:09",1839500
39.75,0.25,3200,"bu","14:08:03",1838900
39.75,0.25,1500,"bu","14:08:03",1835700
39.75,0.25,1000,"bu","14:07:55",1834200
39.7,0.2,1400,"sd","14:07:39",1833200
39.75,0.25,2000,"bu","14:07:39",1831800
39.75,0.25,500,"bu","14:07:31",1829800
39.75,0.25,800,"bu","14:07:27",1829300
39.75,0.25,200,"bu","14:07:27",1828500
39.7,0.2,1400,"sd","14:07:09",1828300
39.75,0.25,2000,"bu","14:07:00",1826900
39.7,0.2,1400,"sd","14:06:39",1824900
39.7,0.2,6600,"sd","14:06:34",1823500
39.75,0.25,3000,"bu","14:06:11",1816900
39.7,0.2,1400,"sd","14:06:09",1813900
39.75,0.25,5300,"bu","14:06:02",1812500
39.75,0.25,300,"bu","14:05:49",1807200
39.7,0.2,1400,"sd","14:05:39",1806900
39.7,0.2,100,"sd","14:05:22",1805500
39.7,0.2,100,"sd","14:05:10",1805400
39.7,0.2,1400,"sd","14:05:08",1805300
39.75,0.25,200,"bu","14:04:58",1803900
39.75,0.25,5300,"bu","14:04:39",1803700
39.7,0.2,1400,"sd","14:04:38",1798400
39.75,0.25,2200,"bu","14:04:24",1797000
39.75,0.25,4400,"bu","14:04:23",1794800
39.7,0.2,1400,"sd","14:04:08",1790400
39.7,0.2,1000,"bu","14:03:48",1789000
39.65,0.15,200,"sd","14:03:38",1788000
39.7,0.2,1200,"sd","14:03:38",1787800
39.75,0.25,500,"bu","14:03:34",1786600
39.7,0.2,200,"bu","14:03:19",1786100
39.7,0.2,4400,"bu","14:03:19",1785900
39.7,0.2,100,"bu","14:03:17",1781500
39.7,0.2,200,"bu","14:03:13",1781400
39.7,0.2,300,"bu","14:03:12",1781200
39.65,0.15,1400,"sd","14:03:08",1780900
39.7,0.2,200,"bu","14:02:58",1779500
39.65,0.15,500,"sd","14:02:55",1779300
39.7,0.2,500,"bu","14:02:40",1778800
39.65,0.15,1400,"sd","14:02:38",1778300
39.7,0.2,200,"bu","14:02:35",1776900
39.7,0.2,5700,"bu","14:02:34",1776700
39.7,0.2,100,"bu","14:02:23",1771000
39.7,0.2,200,"bu","14:02:13",1770900
39.65,0.15,1400,"sd","14:02:08",1770700
39.7,0.2,300,"bu","14:02:07",1769300
39.7,0.2,1500,"bu","14:02:04",1769000
39.7,0.2,5300,"bu","14:01:58",1767500
39.7,0.2,200,"bu","14:01:48",1762200
39.7,0.2,200,"bu","14:01:47",1762000
39.7,0.2,100,"bu","14:01:45",1761800
39.65,0.15,1400,"sd","14:01:38",1761700
39.7,0.2,200,"bu","14:01:37",1760300
39.7,0.2,300,"bu","14:01:28",1760100
39.7,0.2,1900,"bu","14:01:23",1759800
39.7,0.2,1000,"bu","14:01:17",1757900
39.7,0.2,2000,"bu","14:01:12",1756900
39.65,0.15,1400,"sd","14:01:08",1754900
39.7,0.2,2000,"bu","14:01:01",1753500
39.7,0.2,200,"bu","14:00:56",1751500
39.65,0.15,1400,"sd","14:00:38",1751300
39.7,0.2,2000,"bu","14:00:34",1749900
39.65,0.15,1400,"sd","14:00:08",1747900
39.65,0.15,500,"sd","14:00:00",1746500
39.7,0.2,1900,"sd","13:59:48",1746000
39.7,0.2,200,"bu","13:59:39",1744100
39.65,0.15,1400,"sd","13:59:38",1743900
39.7,0.2,500,"bu","13:59:35",1742500
39.7,0.2,2000,"bu","13:59:17",1742000
39.65,0.15,400,"sd","13:59:14",1740000
39.65,0.15,100,"sd","13:59:08",1739600
39.7,0.2,100,"bu","13:59:08",1739500
39.65,0.15,1200,"sd","13:59:07",1739400
39.65,0.15,200,"sd","13:59:07",1738200
39.7,0.2,100,"bu","13:58:39",1738000
39.65,0.15,1400,"sd","13:58:37",1737900
39.65,0.15,400,"sd","13:58:29",1736500
39.65,0.15,100,"sd","13:58:25",1736100
39.65,0.15,1300,"sd","13:58:07",1736000
39.7,0.2,300,"sd","13:58:07",1734700
39.7,0.2,1000,"sd","13:58:01",1734400
39.7,0.2,1000,"sd","13:57:53",1733400
39.7,0.2,400,"sd","13:57:44",1732400
39.65,0.15,300,"sd","13:57:37",1732000
39.7,0.2,1100,"sd","13:57:37",1731700
39.7,0.2,900,"bu","13:57:20",1730600
39.7,0.2,400,"bu","13:57:14",1729700
39.65,0.15,1400,"sd","13:57:07",1729300
39.65,0.15,500,"sd","13:56:59",1727900
39.7,0.2,100,"bu","13:56:57",1726900
39.7,0.2,100,"bu","13:56:53",1726800
39.7,0.2,1000,"bu","13:56:41",1726700
39.65,0.15,1400,"sd","13:56:37",1725700
39.7,0.2,1000,"bu","13:56:35",1724300
39.65,0.15,400,"sd","13:56:14",1723300
39.65,0.15,3500,"sd","13:56:13",1722900
39.65,0.15,1400,"sd","13:56:07",1719400
39.65,0.15,1400,"sd","13:55:37",1718000
39.65,0.15,500,"sd","13:55:29",1716600
39.65,0.15,1400,"sd","13:55:07",1716100
39.65,0.15,2000,"sd","13:54:54",1714700
39.65,0.15,400,"sd","13:54:44",1712700
39.65,0.15,1400,"sd","13:54:37",1712300
39.7,0.2,500,"bu","13:54:35",1710900
39.65,0.15,800,"sd","13:54:07",1710400
39.7,0.2,600,"sd","13:54:07",1709600
39.7,0.2,400,"sd","13:53:57",1709000
39.75,0.25,5800,"bu","13:53:41",1708600
39.7,0.2,1400,"sd","13:53:37",1702800
39.7,0.2,1000,"sd","13:53:12",1701400
39.7,0.2,1400,"sd","13:53:06",1700400
39.7,0.2,700,"sd","13:52:57",1699000
39.7,0.2,1600,"sd","13:52:49",1698300
39.7,0.2,2200,"sd","13:52:45",1696700
39.7,0.2,900,"sd","13:52:43",1694500
39.75,0.25,200,"bu","13:52:42",1693600
39.7,0.2,1400,"sd","13:52:36",1693400
39.7,0.2,400,"sd","13:52:27",1692000
39.75,0.25,3000,"bu","13:52:25",1691600
39.7,0.2,6100,"sd","13:52:16",1688600
39.7,0.2,1400,"sd","13:52:06",1682500
39.75,0.25,100,"bu","13:52:00",1681100
39.7,0.2,400,"sd","13:51:43",1681000
39.7,0.2,1400,"sd","13:51:36",1680600
39.7,0.2,2000,"sd","13:51:32",1679200
39.75,0.25,1900,"bu","13:51:29",1677200
39.75,0.25,1600,"bu","13:51:23",1675300
39.7,0.2,100,"sd","13:51:08",1673700
39.7,0.2,1400,"sd","13:51:06",1673600
39.7,0.2,500,"sd","13:50:58",1672200
39.7,0.2,300,"sd","13:50:46",1671700
39.7,0.2,1400,"sd","13:50:36",1671400
39.7,0.2,400,"sd","13:50:12",1670000
39.7,0.2,2500,"sd","13:50:08",1669600
39.75,0.25,1700,"sd","13:50:07",1667100
39.75,0.25,1400,"sd","13:50:06",1665400
39.75,0.25,500,"sd","13:50:03",1664000
39.75,0.25,1400,"bu","13:50:00",1663500
39.7,0.2,1400,"sd","13:49:36",1662100
39.7,0.2,500,"sd","13:49:27",1660700
39.75,0.25,300,"bu","13:49:22",1660200
39.7,0.2,1400,"sd","13:49:06",1659900
39.75,0.25,100,"bu","13:49:03",1658500
39.75,0.25,5000,"bu","13:49:02",1658400
39.7,0.2,400,"sd","13:48:41",1653400
39.7,0.2,1400,"sd","13:48:36",1653000
39.7,0.2,1400,"sd","13:48:05",1651600
39.75,0.25,100,"bu","13:48:05",1650200
39.75,0.25,200,"bu","13:48:03",1650100
39.7,0.2,400,"sd","13:47:57",1649900
39.75,0.25,700,"bu","13:47:56",1649500
39.75,0.25,2000,"sd","13:47:47",1648800
39.75,0.25,500,"sd","13:47:42",1646800
39.75,0.25,4300,"sd","13:47:37",1646300
39.75,0.25,6400,"sd","13:47:35",1642000
39.75,0.25,100,"sd","13:47:30",1635600
39.75,0.25,500,"sd","13:47:12",1635500
39.8,0.3,100,"bu","13:47:08",1635000
39.75,0.25,1400,"sd","13:47:05",1634900
39.75,0.25,1400,"sd","13:46:35",1633500
39.75,0.25,400,"sd","13:46:26",1632100
39.75,0.25,1400,"sd","13:46:05",1631700
39.8,0.3,500,"bu","13:45:55",1630300
39.8,0.3,100,"bu","13:45:41",1629800
39.75,0.25,400,"sd","13:45:41",1629700
39.75,0.25,1400,"sd","13:45:35",1629300
39.8,0.3,1000,"bu","13:45:34",1627900
39.8,0.3,3500,"bu","13:45:31",1626900
39.8,0.3,200,"bu","13:45:16",1623400
39.8,0.3,2100,"sd","13:45:13",1623200
39.8,0.3,1400,"sd","13:45:05",1621100
39.8,0.3,500,"sd","13:45:03",1619700
39.8,0.3,500,"sd","13:44:56",1619200
39.85,0.35,5000,"bu","13:44:44",1618700
39.8,0.3,200,"sd","13:44:43",1613700
39.8,0.3,400,"bu","13:44:41",1613500
39.8,0.3,5000,"bu","13:44:38",1613100
39.75,0.25,1400,"sd","13:44:35",1608100
39.8,0.3,200,"bu","13:44:34",1606700
39.75,0.25,700,"bu","13:44:33",1606500
39.7,0.2,300,"sd","13:44:11",1605800
39.75,0.25,100,"sd","13:44:11",1605500
39.75,0.25,100,"sd","13:44:09",1605400
39.75,0.25,1400,"sd","13:44:05",1605300
39.8,0.3,100,"bu","13:43:57",1603900
39.8,0.3,30000,"bu","13:43:55",1603800
39.75,0.25,500,"bu","13:43:38",1573800
39.7,0.2,1200,"sd","13:43:35",1573300
39.75,0.25,200,"sd","13:43:35",1572100
39.7,0.2,400,"sd","13:43:26",1571900
39.75,0.25,1400,"sd","13:43:05",1571500
39.8,0.3,200,"bu","13:43:03",1570100
39.75,0.25,200,"sd","13:43:00",1569900
39.8,0.3,5000,"bu","13:42:56",1569700
39.75,0.25,3400,"bu","13:42:51",1564700
39.75,0.25,6000,"bu","13:42:51",1561300
39.75,0.25,5000,"bu","13:42:46",1555300
39.7,0.2,5000,"sd","13:42:46",1550300
39.7,0.2,500,"sd","13:42:40",1545300
39.7,0.2,1400,"sd","13:42:35",1544800
39.7,0.2,500,"sd","13:42:19",1543400
39.75,0.25,200,"bu","13:42:08",1542900
39.7,0.2,1400,"sd","13:42:04",1542700
39.7,0.2,400,"sd","13:41:55",1541300
39.7,0.2,500,"sd","13:41:46",1540900
39.7,0.2,400,"sd","13:41:45",1540400
39.7,0.2,1400,"sd","13:41:35",1540000
39.7,0.2,4000,"sd","13:41:34",1538600
39.75,0.25,100,"bu","13:41:17",1534600
39.7,0.2,500,"sd","13:41:09",1534500
39.7,0.2,1400,"sd","13:41:04",1534000
39.7,0.2,1400,"sd","13:40:34",1532600
39.7,0.2,400,"sd","13:40:25",1531200
39.7,0.2,1400,"sd","13:40:04",1530800
39.75,0.25,100,"bu","13:39:58",1529400
39.7,0.2,400,"sd","13:39:39",1529300
39.7,0.2,1400,"sd","13:39:34",1528900
39.75,0.25,5900,"bu","13:39:23",1527500
39.7,0.2,1400,"sd","13:39:04",1521600
39.7,0.2,500,"sd","13:38:54",1520200
39.7,0.2,1400,"sd","13:38:34",1519700
39.7,0.2,400,"sd","13:38:09",1518300
39.7,0.2,1400,"sd","13:38:04",1517900
39.75,0.25,200,"bu","13:37:35",1516500
39.7,0.2,5800,"bu","13:37:35",1516300
39.65,0.15,1400,"sd","13:37:34",1510500
39.7,0.2,10000,"bu","13:37:28",1509100
39.65,0.15,400,"sd","13:37:24",1499100
39.65,0.15,1400,"sd","13:37:04",1498700
39.7,0.2,100,"bu","13:36:48",1497300
39.7,0.2,1500,"bu","13:36:45",1497200
39.65,0.15,500,"sd","13:36:38",1495700
39.65,0.15,1400,"sd","13:36:33",1495200
39.7,0.2,100,"bu","13:36:31",1493800
39.7,0.2,200,"bu","13:36:16",1493700
39.65,0.15,1400,"sd","13:36:04",1493500
39.65,0.15,400,"sd","13:36:02",1492100
39.7,0.2,1000,"bu","13:35:56",1491700
39.7,0.2,200,"bu","13:35:55",1490700
39.65,0.15,400,"sd","13:35:54",1490500
39.65,0.15,1400,"sd","13:35:33",1490100
39.65,0.15,500,"sd","13:35:09",1488700
39.65,0.15,300,"sd","13:35:04",1488200
39.65,0.15,1100,"sd","13:35:03",1487900
39.7,0.2,200,"bu","13:35:02",1486800
39.7,0.2,100,"bu","13:34:44",1486600
39.65,0.15,1400,"sd","13:34:33",1486500
39.65,0.15,400,"sd","13:34:24",1485100
39.7,0.2,100,"bu","13:34:10",1484700
39.65,0.15,1400,"sd","13:34:03",1484600
39.65,0.15,400,"sd","13:33:38",1483200
39.65,0.15,1400,"sd","13:33:33",1482800
39.7,0.2,500,"bu","13:33:28",1481400
39.7,0.2,1000,"bu","13:33:20",1480900
39.7,0.2,1400,"sd","13:33:03",1479900
39.7,0.2,100,"sd","13:32:57",1478500
39.7,0.2,500,"sd","13:32:53",1478400
39.65,0.15,1400,"sd","13:32:33",1477900
39.7,0.2,500,"bu","13:32:07",1476500
39.65,0.15,1300,"sd","13:32:03",1476000
39.65,0.15,1300,"sd","13:31:33",1474700
39.65,0.15,300,"sd","13:31:23",1473400
39.7,0.2,100,"sd","13:31:23",1473100
39.7,0.2,1800,"sd","13:31:20",1473000
39.7,0.2,1300,"sd","13:31:03",1471200
39.7,0.2,500,"sd","13:30:38",1469900
39.7,0.2,1300,"sd","13:30:33",1469400
39.7,0.2,4400,"sd","13:30:17",1468100
39.7,0.2,4400,"sd","13:30:05",1463700
39.7,0.2,1300,"sd","13:30:02",1459300
39.7,0.2,400,"sd","13:29:51",1458000
39.7,0.2,1000,"sd","13:29:35",1457600
39.7,0.2,1300,"sd","13:29:32",1456600
39.7,0.2,1000,"sd","13:29:12",1455300
39.7,0.2,500,"sd","13:29:07",1454300
39.7,0.2,1300,"sd","13:29:03",1453800
39.7,0.2,3300,"sd","13:28:32",1452500
39.7,0.2,400,"sd","13:28:22",1449200
39.7,0.2,1300,"sd","13:28:02",1448800
39.7,0.2,200,"sd","13:27:51",1447500
39.7,0.2,400,"sd","13:27:37",1447300
39.7,0.2,1300,"sd","13:27:32",1446900
39.7,0.2,300,"sd","13:27:31",1445600
39.7,0.2,100,"sd","13:27:15",1445300
39.7,0.2,100,"sd","13:27:04",1445200
39.7,0.2,1300,"sd","13:27:02",1445100
39.7,0.2,4400,"sd","13:26:55",1443800
39.7,0.2,500,"sd","13:26:52",1439400
39.7,0.2,1300,"sd","13:26:32",1438900
39.7,0.2,200,"sd","13:26:11",1437600
39.7,0.2,400,"sd","13:26:06",1437400
39.7,0.2,1300,"sd","13:26:02",1437000
39.7,0.2,1300,"sd","13:25:32",1435700
39.7,0.2,400,"sd","13:25:21",1434400
39.7,0.2,1300,"sd","13:25:02",1434000
39.65,0.15,500,"sd","13:24:36",1432700
39.75,0.25,30900,"bu","13:24:34",1432200
39.7,0.2,1300,"sd","13:24:32",1401300
39.75,0.25,100,"bu","13:24:13",1400000
39.7,0.2,100,"bu","13:24:05",1399900
39.65,0.15,1300,"sd","13:24:02",1399800
39.7,0.2,3000,"bu","13:23:58",1398500
39.65,0.15,400,"sd","13:23:51",1395500
39.7,0.2,500,"bu","13:23:48",1395100
39.65,0.15,1300,"sd","13:23:32",1394600
39.7,0.2,100,"bu","13:23:21",1393300
39.65,0.15,500,"sd","13:23:06",1393200
39.7,0.2,2000,"bu","13:23:03",1392700
39.65,0.15,1300,"sd","13:23:02",1390700
39.65,0.15,1300,"sd","13:22:31",1389400
39.7,0.2,200,"bu","13:22:24",1388100
39.65,0.15,400,"sd","13:22:20",1387900
39.65,0.15,100,"sd","13:22:03",1387500
39.65,0.15,1300,"sd","13:22:01",1387400
39.65,0.15,400,"sd","13:21:35",1386100
39.65,0.15,1300,"sd","13:21:32",1385700
39.7,0.2,300,"bu","13:21:18",1384400
39.7,0.2,200,"bu","13:21:01",1384100
39.65,0.15,1300,"sd","13:21:01",1383900
39.7,0.2,2200,"bu","13:20:53",1382600
39.65,0.15,500,"sd","13:20:49",1380400
39.7,0.2,2000,"bu","13:20:39",1379900
39.65,0.15,1300,"sd","13:20:32",1377900
39.7,0.2,500,"bu","13:20:29",1376600
39.65,0.15,100,"sd","13:20:19",1376100
39.7,0.2,700,"bu","13:20:16",1376000
39.65,0.15,400,"sd","13:20:05",1375300
39.65,0.15,1300,"sd","13:20:01",1374900
39.7,0.2,500,"bu","13:19:42",1373600
39.65,0.15,1300,"sd","13:19:31",1373100
39.7,0.2,500,"bu","13:19:22",1371800
39.65,0.15,400,"sd","13:19:20",1371300
39.65,0.15,1300,"sd","13:19:01",1370900
39.7,0.2,100,"bu","13:18:52",1369600
39.65,0.15,500,"sd","13:18:35",1369500
39.65,0.15,1300,"sd","13:18:31",1369000
39.65,0.15,1300,"sd","13:18:01",1367700
39.65,0.15,400,"sd","13:17:48",1366400
39.65,0.15,100,"sd","13:17:31",1366000
39.7,0.2,1200,"sd","13:17:31",1365900
39.65,0.15,500,"sd","13:17:04",1364700
39.65,0.15,1300,"sd","13:17:01",1364200
39.65,0.15,100,"sd","13:16:55",1362900
39.65,0.15,100,"sd","13:16:31",1362800
39.7,0.2,1200,"sd","13:16:31",1362700
39.7,0.2,100,"sd","13:16:27",1361500
39.7,0.2,200,"sd","13:16:19",1361400
39.7,0.2,400,"sd","13:16:19",1361200
39.7,0.2,1300,"sd","13:16:00",1360800
39.75,0.25,1700,"bu","13:15:37",1359500
39.65,0.15,400,"sd","13:15:34",1357800
39.65,0.15,1300,"sd","13:15:31",1357400
39.75,0.25,700,"bu","13:15:21",1356100
39.7,0.2,500,"sd","13:15:18",1355400
39.7,0.2,1300,"sd","13:15:00",1354900
39.7,0.2,500,"sd","13:14:48",1353600
39.7,0.2,1000,"sd","13:14:40",1353100
39.7,0.2,6900,"bu","13:14:31",1352100
39.65,0.15,1300,"sd","13:14:30",1345200
39.7,0.2,200,"bu","13:14:10",1343900
39.65,0.15,400,"sd","13:14:02",1343700
39.65,0.15,1300,"sd","13:14:00",1343300
39.7,0.2,200,"bu","13:13:39",1342000
39.65,0.15,1300,"sd","13:13:30",1341800
39.65,0.15,7000,"sd","13:13:28",1340500
39.65,0.15,400,"sd","13:13:18",1333500
39.7,0.2,100,"bu","13:13:11",1333100
39.65,0.15,1300,"sd","13:13:00",1333000
39.65,0.15,4400,"sd","13:12:34",1331700
39.65,0.15,500,"sd","13:12:33",1327300
39.7,0.2,200,"bu","13:12:33",1326800
39.65,0.15,1300,"sd","13:12:30",1326600
39.7,0.2,100,"bu","13:12:00",1325300
39.65,0.15,1300,"sd","13:12:00",1325200
39.7,0.2,300,"sd","13:11:57",1323900
39.65,0.15,400,"sd","13:11:48",1323600
39.65,0.15,4400,"sd","13:11:36",1323200
39.65,0.15,900,"sd","13:11:30",1318800
39.7,0.2,400,"sd","13:11:30",1317900
39.65,0.15,3900,"sd","13:11:09",1317500
39.65,0.15,400,"sd","13:11:03",1313600
39.65,0.15,1300,"sd","13:11:00",1313200
39.7,0.2,500,"sd","13:10:58",1311900
39.7,0.2,200,"bu","13:10:41",1311400
39.7,0.2,100,"bu","13:10:36",1311200
39.65,0.15,1300,"sd","13:10:30",1311100
39.65,0.15,4400,"sd","13:10:28",1309800
39.65,0.15,100,"sd","13:10:17",1305400
39.7,0.2,400,"sd","13:10:17",1305300
39.7,0.2,200,"sd","13:10:12",1304900
39.7,0.2,100,"bu","13:10:10",1304700
39.65,0.15,1300,"sd","13:10:00",1304600
39.7,0.2,200,"bu","13:09:57",1303300
39.7,0.2,100,"bu","13:09:46",1303100
39.65,0.15,400,"sd","13:09:32",1303000
39.65,0.15,700,"sd","13:09:29",1302600
39.7,0.2,600,"sd","13:09:29",1301900
39.7,0.2,1400,"bu","13:09:26",1301300
39.7,0.2,1000,"bu","13:09:23",1299900
39.65,0.15,500,"sd","13:08:59",1298900
39.7,0.2,800,"sd","13:08:59",1298400
39.7,0.2,500,"sd","13:08:47",1297600
39.7,0.2,4400,"sd","13:08:45",1297100
39.7,0.2,1300,"sd","13:08:30",1292700
39.75,0.25,500,"bu","13:08:24",1291400
39.7,0.2,200,"sd","13:08:23",1290900
39.7,0.2,400,"sd","13:08:09",1290700
39.7,0.2,400,"sd","13:08:02",1290300
39.7,0.2,1300,"sd","13:07:59",1289900
39.7,0.2,1000,"sd","13:07:52",1288600
39.7,0.2,1300,"sd","13:07:29",1287600
39.7,0.2,2500,"sd","13:07:25",1286300
39.7,0.2,400,"sd","13:07:17",1283800
39.7,0.2,4000,"sd","13:07:14",1283400
39.7,0.2,2000,"sd","13:07:02",1279400
39.7,0.2,1300,"sd","13:06:59",1277400
39.7,0.2,100,"sd","13:06:35",1276100
39.7,0.2,500,"sd","13:06:32",1276000
39.7,0.2,1300,"sd","13:06:29",1275500
39.7,0.2,3000,"sd","13:06:28",1274200
39.7,0.2,200,"sd","13:06:23",1271200
39.7,0.2,2500,"sd","13:06:06",1271000
39.7,0.2,1300,"sd","13:05:59",1268500
39.7,0.2,400,"sd","13:05:45",1267200
39.7,0.2,1300,"sd","13:05:29",1266800
39.7,0.2,800,"sd","13:05:16",1265500
39.7,0.2,400,"sd","13:05:00",1264700
39.7,0.2,1300,"sd","13:04:59",1264300
39.7,0.2,500,"sd","13:04:51",1263000
39.7,0.2,1300,"sd","13:04:29",1262500
39.75,0.25,400,"bu","13:04:27",1261200
39.7,0.2,500,"sd","13:04:15",1260800
39.7,0.2,1300,"sd","13:03:59",1260300
39.75,0.25,6600,"bu","13:03:48",1259000
39.7,0.2,400,"sd","13:03:30",1252400
39.7,0.2,1300,"sd","13:03:29",1252000
39.7,0.2,300,"bu","13:03:18",1250700
39.7,0.2,24000,"bu","13:03:18",1250400
39.7,0.2,100,"bu","13:03:17",1226400
39.7,0.2,100,"bu","13:03:02",1226300
39.65,0.15,1300,"sd","13:02:58",1226200
39.65,0.15,500,"sd","13:02:46",1224900
39.65,0.15,1300,"sd","13:02:29",1224400
39.65,0.15,7000,"bu","13:02:20",1223100
39.65,0.15,6600,"bu","13:02:17",1216100
39.65,0.15,700,"bu","13:02:00",1209500
39.6,0.1,400,"sd","13:01:59",1208800
39.6,0.1,1300,"sd","13:01:58",1208400
39.6,0.1,1300,"sd","13:01:29",1207100
39.65,0.15,6600,"bu","13:01:28",1205800
39.6,0.1,4300,"sd","13:01:16",1199200
39.6,0.1,400,"sd","13:01:15",1194900
39.6,0.1,1400,"sd","13:00:58",1194500
39.6,0.1,500,"sd","13:00:30",1193100
39.6,0.1,3800,"sd","13:00:16",1192600
39.6,0.1,1000,"sd","13:00:13",1188800
39.6,0.1,100,"sd","13:00:10",1187800
39.6,0.1,100,"sd","13:00:09",1187700
39.6,0.1,1300,"bu","13:00:01",1187600
39.6,0.1,300,"bu","13:00:00",1186300
39.55,0.05,300,"sd","13:00:00",1186000
39.65,0.15,100,"bu","13:00:00",1185700
39.6,0.1,400,"bu","13:00:00",1185600
39.6,0.1,20000,"bu","11:29:39",1185200
39.6,0.1,2000,"bu","11:28:48",1165200
39.6,0.1,200,"bu","11:28:41",1163200
39.55,0.05,200,"sd","11:28:25",1163000
39.6,0.1,2000,"bu","11:28:13",1162800
39.6,0.1,100,"bu","11:28:08",1160800
39.55,0.05,500,"sd","11:28:00",1160700
39.6,0.1,200,"bu","11:27:52",1160200
39.6,0.1,2000,"bu","11:27:49",1160000
39.6,0.1,200,"bu","11:27:47",1158000
39.6,0.1,700,"bu","11:27:30",1157800
39.6,0.1,100,"bu","11:27:00",1157100
39.55,0.05,400,"sd","11:27:00",1157000
39.6,0.1,200,"bu","11:27:00",1156600
39.6,0.1,100,"bu","11:26:30",1156400
39.55,0.05,400,"sd","11:25:59",1156300
39.6,0.1,1000,"bu","11:25:52",1155900
39.6,0.1,2000,"bu","11:25:44",1154900
39.6,0.1,100,"bu","11:25:40",1152900
39.55,0.05,400,"sd","11:24:59",1152800
39.6,0.1,500,"bu","11:24:56",1152400
39.6,0.1,1100,"sd","11:24:33",1151900
39.6,0.1,200,"bu","11:24:12",1150800
39.6,0.1,1600,"bu","11:24:11",1150600
39.6,0.1,500,"sd","11:24:04",1149000
39.6,0.1,500,"sd","11:23:59",1148500
39.6,0.1,1000,"bu","11:23:57",1148000
39.6,0.1,300,"bu","11:23:51",1147000
39.6,0.1,100,"bu","11:23:49",1146700
39.6,0.1,100,"bu","11:23:43",1146600
39.6,0.1,1100,"sd","11:23:33",1146500
39.6,0.1,1200,"bu","11:23:10",1145400
39.55,0.05,400,"sd","11:22:59",1144200
39.6,0.1,400,"bu","11:22:51",1143800
39.55,0.05,200,"sd","11:21:58",1143400
39.6,0.1,300,"sd","11:21:58",1143200
39.55,0.05,400,"sd","11:20:58",1142900
39.6,0.1,400,"bu","11:20:48",1142500
39.6,0.1,1000,"bu","11:20:41",1142100
39.6,0.1,500,"bu","11:20:27",1141100
39.6,0.1,100,"bu","11:20:21",1140600
39.6,0.1,200,"bu","11:20:20",1140500
39.6,0.1,100,"sd","11:20:02",1140300
39.6,0.1,400,"sd","11:19:58",1140200
39.6,0.1,1400,"sd","11:19:33",1139800
39.6,0.1,100,"sd","11:19:32",1138400
39.6,0.1,1700,"sd","11:19:03",1138300
39.6,0.1,500,"sd","11:18:57",1136600
39.55,0.05,400,"sd","11:17:57",1136100
39.6,0.1,100,"bu","11:17:54",1135700
39.6,0.1,100,"sd","11:17:32",1135600
39.6,0.1,100,"bu","11:17:16",1135500
39.55,0.05,400,"sd","11:16:57",1135400
39.5,0,15300,"sd","11:16:24",1135000
39.55,0.05,600,"sd","11:16:24",1119700
39.5,0,5400,"sd","11:16:13",1119100
39.55,0.05,7300,"sd","11:16:13",1113700
39.55,0.05,3500,"sd","11:16:08",1106400
39.55,0.05,20000,"sd","11:16:04",1102900
39.55,0.05,500,"sd","11:15:56",1082900
39.6,0.1,700,"sd","11:15:45",1082400
39.6,0.1,4400,"sd","11:15:44",1081700
39.6,0.1,800,"sd","11:15:32",1077300
39.65,0.15,500,"sd","11:15:32",1076500
39.6,0.1,60700,"sd","11:15:19",1076000
39.65,0.15,19300,"sd","11:15:19",1015300
39.65,0.15,1300,"sd","11:15:02",996000
39.65,0.15,4500,"sd","11:14:56",994700
39.6,0.1,1300,"sd","11:14:32",990200
39.7,0.2,400,"bu","11:14:22",988900
39.65,0.15,1200,"bu","11:14:22",988500
39.65,0.15,100,"bu","11:14:11",987300
39.65,0.15,100,"bu","11:14:05",987200
39.65,0.15,9100,"sd","11:14:02",987100
39.65,0.15,1300,"sd","11:14:01",978000
39.65,0.15,500,"sd","11:13:56",976700
39.65,0.15,400,"sd","11:13:55",976200
39.65,0.15,4800,"sd","11:13:44",975800
39.65,0.15,1300,"sd","11:13:31",971000
39.7,0.2,300,"bu","11:13:26",969700
39.65,0.15,1300,"sd","11:13:02",969400
39.65,0.15,400,"sd","11:12:56",968100
39.65,0.15,1300,"sd","11:12:32",967700
39.65,0.15,1300,"sd","11:12:02",966400
39.65,0.15,400,"sd","11:11:55",965100
39.65,0.15,1300,"sd","11:11:31",964700
39.65,0.15,1300,"sd","11:11:01",963400
39.65,0.15,500,"sd","11:10:55",962100
39.65,0.15,7100,"sd","11:10:41",961600
39.7,0.2,1100,"bu","11:10:39",954500
39.65,0.15,1300,"sd","11:10:31",953400
39.65,0.15,200,"sd","11:10:25",952100
39.65,0.15,1300,"sd","11:10:01",951900
39.65,0.15,400,"sd","11:09:55",950600
39.7,0.2,200,"bu","11:09:43",950200
39.65,0.15,1300,"sd","11:09:31",950000
39.65,0.15,1300,"sd","11:09:01",948700
39.65,0.15,400,"sd","11:08:54",947400
39.7,0.2,200,"bu","11:08:36",947000
39.65,0.15,1300,"sd","11:08:31",946800
39.7,0.2,300,"bu","11:08:20",945500
39.65,0.15,1300,"sd","11:08:01",945200
39.65,0.15,500,"sd","11:07:54",943900
39.65,0.15,1300,"sd","11:07:30",943400
39.65,0.15,1300,"sd","11:07:00",942100
39.7,0.2,400,"bu","11:06:55",940800
39.65,0.15,400,"sd","11:06:54",940400
39.7,0.2,200,"bu","11:06:43",940000
39.65,0.15,1300,"sd","11:06:30",939800
39.7,0.2,100,"bu","11:06:23",938500
39.65,0.15,1300,"sd","11:06:01",938400
39.65,0.15,500,"sd","11:05:54",937100
39.65,0.15,100,"sd","11:05:43",936600
39.65,0.15,1300,"sd","11:05:31",936500
39.65,0.15,1200,"sd","11:05:00",935200
39.65,0.15,400,"sd","11:04:53",934000
39.65,0.15,1200,"sd","11:04:30",933600
39.65,0.15,1200,"sd","11:04:00",932400
39.65,0.15,400,"sd","11:03:53",931200
39.7,0.2,500,"bu","11:03:49",930800
39.65,0.15,1200,"sd","11:03:30",930300
39.65,0.15,500,"sd","11:03:02",929100
39.65,0.15,1200,"sd","11:03:00",928600
39.65,0.15,500,"sd","11:02:53",927400
39.65,0.15,1200,"sd","11:02:30",926900
39.65,0.15,4100,"sd","11:02:11",925700
39.65,0.15,5800,"sd","11:02:00",921600
39.65,0.15,3400,"sd","11:02:00",915800
39.65,0.15,400,"sd","11:01:52",912400
39.65,0.15,1200,"sd","11:01:30",912000
39.65,0.15,500,"sd","11:01:02",910800
39.65,0.15,1200,"sd","11:01:00",910300
39.7,0.2,100,"bu","11:00:55",909100
39.65,0.15,400,"sd","11:00:52",909000
39.65,0.15,9100,"sd","11:00:51",908600
39.65,0.15,800,"sd","11:00:30",899500
39.65,0.15,400,"sd","11:00:30",898700
39.7,0.2,1000,"bu","11:00:23",898300
39.65,0.15,5000,"sd","11:00:21",897300
39.65,0.15,1200,"sd","10:59:59",892300
39.65,0.15,500,"sd","10:59:52",891100
39.65,0.15,1200,"sd","10:59:29",890600
39.65,0.15,1200,"sd","10:59:00",889400
39.65,0.15,400,"sd","10:58:51",888200
39.7,0.2,1000,"bu","10:58:43",887800
39.7,0.2,100,"bu","10:58:38",886800
39.65,0.15,1200,"sd","10:58:29",886700
39.65,0.15,1200,"sd","10:58:00",885500
39.7,0.2,500,"bu","10:57:57",884300
39.65,0.15,500,"sd","10:57:51",883800
39.65,0.15,1200,"sd","10:57:29",883300
39.65,0.15,1200,"sd","10:56:59",882100
39.65,0.15,400,"sd","10:56:51",880900
39.65,0.15,1000,"sd","10:56:44",880500
39.65,0.15,1200,"sd","10:56:29",879500
39.65,0.15,1300,"sd","10:55:59",878300
39.65,0.15,400,"sd","10:55:51",877000
39.7,0.2,1400,"bu","10:54:54",876600
39.65,0.15,500,"sd","10:54:50",875200
39.7,0.2,1200,"bu","10:54:41",874700
39.7,0.2,1000,"bu","10:54:18",873500
39.65,0.15,400,"sd","10:53:50",872500
39.7,0.2,100,"bu","10:53:43",872100
39.7,0.2,12700,"sd","10:53:41",872000
39.7,0.2,38300,"sd","10:53:40",859300
39.75,0.25,23000,"sd","10:53:40",821000
39.75,0.25,400,"sd","10:52:50",798000
39.75,0.25,500,"sd","10:51:49",797600
39.75,0.25,400,"sd","10:50:49",797100
39.8,0.3,100,"bu","10:50:43",796700
39.75,0.25,500,"sd","10:50:37",796600
39.75,0.25,1500,"sd","10:50:28",796100
39.75,0.25,200,"sd","10:50:07",794600
39.75,0.25,400,"sd","10:49:49",794400
39.75,0.25,100,"sd","10:49:22",794000
39.75,0.25,500,"sd","10:48:49",793900
39.75,0.25,100,"sd","10:47:59",793400
39.75,0.25,3000,"sd","10:47:56",793300
39.75,0.25,400,"sd","10:47:48",790300
39.75,0.25,2000,"sd","10:47:43",789900
39.75,0.25,200,"sd","10:47:10",787900
39.75,0.25,700,"sd","10:46:52",787700
39.75,0.25,500,"sd","10:46:48",787000
39.75,0.25,500,"sd","10:46:22",786500
39.75,0.25,100,"sd","10:46:13",786000
39.75,0.25,18000,"sd","10:46:07",785900
39.75,0.25,400,"sd","10:45:48",767900
39.75,0.25,4400,"sd","10:45:13",767500
39.75,0.25,1000,"sd","10:45:00",763100
39.8,0.3,10000,"bu","10:45:00",762100
39.75,0.25,2200,"sd","10:44:59",752100
39.75,0.25,400,"sd","10:44:47",749900
39.75,0.25,400,"sd","10:44:39",749500
39.75,0.25,10100,"sd","10:44:20",749100
39.75,0.25,1000,"sd","10:44:02",739000
39.75,0.25,13200,"sd","10:43:51",738000
39.75,0.25,4400,"sd","10:43:50",724800
39.75,0.25,4400,"sd","10:43:50",720400
39.75,0.25,8700,"sd","10:43:49",716000
39.75,0.25,600,"sd","10:43:40",707300
39.75,0.25,300,"sd","10:43:33",706700
39.75,0.25,500,"sd","10:43:27",706400
39.75,0.25,300,"sd","10:43:26",705900
39.75,0.25,500,"sd","10:42:54",705600
39.75,0.25,4400,"sd","10:42:53",705100
39.75,0.25,400,"sd","10:42:47",700700
39.8,0.3,400,"bu","10:42:36",700300
39.75,0.25,400,"sd","10:41:46",699900
39.8,0.3,9900,"bu","10:41:19",699500
39.8,0.3,100,"bu","10:41:03",689600
39.8,0.3,100,"bu","10:41:01",689500
39.8,0.3,20000,"bu","10:41:00",689400
39.75,0.25,500,"sd","10:40:46",669400
39.8,0.3,100,"bu","10:40:10",668900
39.75,0.25,400,"sd","10:39:46",668800
39.75,0.25,10000,"sd","10:39:39",668400
39.75,0.25,500,"sd","10:38:46",658400
39.75,0.25,200,"sd","10:38:16",657900
39.75,0.25,400,"sd","10:37:45",657700
39.75,0.25,100,"sd","10:37:28",657300
39.75,0.25,400,"sd","10:36:45",657200
39.75,0.25,100,"sd","10:36:30",656800
39.75,0.25,500,"sd","10:35:45",656700
39.75,0.25,300,"sd","10:35:21",656200
39.75,0.25,1000,"sd","10:35:11",655900
39.75,0.25,200,"sd","10:35:02",654900
39.75,0.25,400,"sd","10:34:44",654700
39.8,0.3,1200,"bu","10:34:26",654300
39.75,0.25,1000,"sd","10:33:51",653100
39.75,0.25,400,"sd","10:33:44",652100
39.75,0.25,500,"sd","10:32:44",651700
39.8,0.3,1300,"bu","10:31:58",651200
39.75,0.25,400,"sd","10:31:44",649900
39.8,0.3,1000,"bu","10:31:29",649500
39.75,0.25,500,"sd","10:30:43",648500
39.75,0.25,100,"sd","10:30:24",648000
39.75,0.25,500,"sd","10:29:58",647900
39.75,0.25,400,"sd","10:29:43",647400
39.75,0.25,100,"sd","10:29:27",647000
39.75,0.25,1000,"sd","10:29:18",646900
39.75,0.25,100,"sd","10:29:04",645900
39.75,0.25,400,"sd","10:28:43",645800
39.75,0.25,4400,"sd","10:28:11",645400
39.75,0.25,6600,"sd","10:27:50",641000
39.75,0.25,500,"sd","10:27:42",634400
39.75,0.25,300,"sd","10:27:27",633900
39.75,0.25,2500,"sd","10:27:03",633600
39.75,0.25,500,"sd","10:26:53",631100
39.75,0.25,400,"sd","10:26:42",630600
39.8,0.3,100,"bu","10:26:42",630200
39.75,0.25,500,"sd","10:26:33",630100
39.75,0.25,1400,"sd","10:26:17",629600
39.75,0.25,1600,"sd","10:25:59",628200
39.75,0.25,400,"sd","10:25:42",626600
39.75,0.25,500,"sd","10:24:41",626200
39.75,0.25,500,"sd","10:24:40",625700
39.75,0.25,400,"sd","10:23:41",625200
39.75,0.25,1000,"sd","10:23:33",624800
39.75,0.25,500,"sd","10:23:10",623800
39.75,0.25,500,"sd","10:22:41",623300
39.8,0.3,100,"bu","10:22:28",622800
39.8,0.3,500,"bu","10:21:56",622700
39.75,0.25,400,"sd","10:21:41",622200
39.8,0.3,100,"bu","10:21:15",621800
39.75,0.25,100,"sd","10:21:11",621700
39.75,0.25,400,"sd","10:20:40",621600
39.75,0.25,1800,"sd","10:20:12",621200
39.8,0.3,100,"bu","10:20:12",619400
39.8,0.3,3500,"bu","10:20:00",619300
39.75,0.25,500,"sd","10:19:40",615800
39.75,0.25,4400,"sd","10:19:00",615300
39.75,0.25,400,"sd","10:18:40",610900
39.75,0.25,800,"sd","10:18:25",610500
39.8,0.3,100,"bu","10:18:07",609700
39.75,0.25,400,"sd","10:17:39",609600
39.75,0.25,100,"sd","10:17:33",609200
39.8,0.3,500,"bu","10:17:28",609100
39.8,0.3,9000,"bu","10:17:23",608600
39.75,0.25,1200,"sd","10:16:48",599600
39.75,0.25,500,"sd","10:16:39",598400
39.8,0.3,2500,"bu","10:16:13",597900
39.75,0.25,1100,"sd","10:16:08",595400
39.75,0.25,100,"sd","10:16:02",594300
39.75,0.25,400,"sd","10:15:39",594200
39.75,0.25,300,"sd","10:14:58",593800
39.75,0.25,500,"sd","10:14:39",593500
39.75,0.25,200,"sd","10:14:33",593000
39.75,0.25,400,"sd","10:13:38",592800
39.75,0.25,200,"sd","10:13:36",592400
39.75,0.25,1000,"sd","10:13:13",592200
39.75,0.25,400,"sd","10:12:38",591200
39.75,0.25,200,"sd","10:12:19",590800
39.75,0.25,2000,"sd","10:12:05",590600
39.75,0.25,500,"sd","10:11:38",588600
39.75,0.25,29000,"bu","10:11:28",588100
39.75,0.25,3200,"bu","10:11:25",559100
39.75,0.25,2000,"bu","10:11:21",555900
39.75,0.25,3000,"bu","10:10:53",553900
39.75,0.25,200,"bu","10:10:38",550900
39.7,0.2,400,"sd","10:10:37",550700
39.75,0.25,100,"bu","10:10:16",550300
39.75,0.25,300,"bu","10:10:03",550200
39.7,0.2,400,"sd","10:09:37",549900
39.7,0.2,4400,"sd","10:09:33",549500
39.75,0.25,100,"bu","10:09:19",545100
39.7,0.2,500,"sd","10:08:37",545000
39.75,0.25,100,"bu","10:08:31",544500
39.75,0.25,2000,"bu","10:07:58",544400
39.7,0.2,400,"sd","10:07:36",542400
39.75,0.25,1000,"bu","10:07:36",542000
39.75,0.25,1000,"bu","10:07:33",541000
39.7,0.2,100,"sd","10:07:31",540000
39.75,0.25,1000,"bu","10:07:03",539900
39.75,0.25,300,"bu","10:06:41",538900
39.7,0.2,500,"sd","10:06:36",538600
39.7,0.2,3100,"sd","10:06:11",538100
39.7,0.2,200,"sd","10:05:52",535000
39.7,0.2,5000,"sd","10:05:42",534800
39.7,0.2,400,"sd","10:05:36",529800
39.7,0.2,100,"bu","10:05:28",529400
39.7,0.2,5100,"sd","10:05:26",529300
39.7,0.2,100,"sd","10:05:20",524200
39.7,0.2,600,"sd","10:05:09",524100
39.7,0.2,200,"sd","10:04:52",523500
39.7,0.2,500,"sd","10:04:43",523300
39.7,0.2,400,"sd","10:04:36",522800
39.7,0.2,100,"bu","10:03:48",522400
39.7,0.2,100,"bu","10:03:46",522300
39.65,0.15,100,"sd","10:03:40",522200
39.65,0.15,500,"sd","10:03:35",522100
39.65,0.15,5700,"sd","10:03:27",521600
39.7,0.2,700,"sd","10:03:27",515900
39.7,0.2,1000,"bu","10:03:24",515200
39.7,0.2,5000,"bu","10:03:05",514200
39.7,0.2,100,"bu","10:02:57",509200
39.7,0.2,100,"bu","10:02:39",509100
39.65,0.15,400,"sd","10:02:35",509000
39.7,0.2,2700,"sd","10:02:32",508600
39.7,0.2,4000,"sd","10:02:18",505900
39.7,0.2,100,"sd","10:02:14",501900
39.7,0.2,500,"sd","10:01:35",501800
39.7,0.2,600,"bu","10:01:17",501300
39.7,0.2,100,"bu","10:01:16",500700
39.7,0.2,2000,"bu","10:01:12",500600
39.7,0.2,1000,"bu","10:01:07",498600
39.7,0.2,200,"bu","10:01:05",497600
39.7,0.2,100,"bu","10:00:50",497400
39.7,0.2,2000,"bu","10:00:48",497300
39.65,0.15,500,"sd","10:00:34",495300
39.7,0.2,500,"bu","10:00:28",494800
39.65,0.15,1200,"sd","10:00:21",494300
39.65,0.15,400,"sd","09:59:34",493100
39.7,0.2,100,"bu","09:58:45",492700
39.65,0.15,400,"sd","09:58:34",492600
39.7,0.2,1000,"bu","09:58:31",492200
39.7,0.2,200,"bu","09:58:30",491200
39.7,0.2,5100,"sd","09:58:15",491000
39.7,0.2,2000,"sd","09:57:58",485900
39.7,0.2,500,"sd","09:57:34",483900
39.7,0.2,500,"sd","09:57:27",483400
39.7,0.2,400,"sd","09:56:33",482900
39.7,0.2,6600,"sd","09:55:58",482500
39.7,0.2,4400,"sd","09:55:41",475900
39.7,0.2,500,"sd","09:55:33",471500
39.75,0.25,1000,"bu","09:55:06",471000
39.75,0.25,100,"bu","09:54:53",470000
39.75,0.25,2600,"sd","09:54:49",469900
39.75,0.25,400,"bu","09:54:34",467300
39.7,0.2,400,"sd","09:54:33",466900
39.75,0.25,700,"bu","09:54:26",466500
39.7,0.2,4000,"sd","09:54:09",465800
39.75,0.25,400,"sd","09:53:34",461800
39.75,0.25,400,"sd","09:53:32",461400
39.75,0.25,2500,"sd","09:53:16",461000
39.75,0.25,500,"sd","09:52:32",458500
39.75,0.25,1900,"bu","09:52:09",458000
39.75,0.25,100,"sd","09:51:41",456100
39.75,0.25,1000,"sd","09:51:35",456000
39.75,0.25,400,"sd","09:51:32",455000
39.75,0.25,100,"sd","09:51:28",454600
39.75,0.25,1000,"sd","09:51:19",454500
39.75,0.25,2300,"bu","09:51:06",453500
39.75,0.25,2200,"bu","09:50:57",451200
39.75,0.25,2400,"bu","09:50:38",449000
39.75,0.25,3400,"sd","09:50:35",446600
39.75,0.25,400,"sd","09:50:31",443200
39.75,0.25,5200,"bu","09:49:46",442800
39.75,0.25,100,"bu","09:49:40",437600
39.75,0.25,100,"bu","09:49:32",437500
39.7,0.2,500,"sd","09:49:31",437400
39.75,0.25,2000,"bu","09:49:30",436900
39.75,0.25,500,"bu","09:49:23",434900
39.75,0.25,500,"bu","09:49:16",434400
39.75,0.25,5000,"bu","09:48:55",433900
39.75,0.25,10000,"bu","09:48:33",428900
39.75,0.25,1100,"bu","09:48:32",418900
39.7,0.2,400,"sd","09:48:31",417800
39.75,0.25,500,"bu","09:48:24",417400
39.75,0.25,500,"bu","09:48:16",416900
39.75,0.25,200,"bu","09:48:10",416400
39.75,0.25,100,"bu","09:48:07",416200
39.75,0.25,200,"bu","09:48:02",416100
39.7,0.2,900,"sd","09:47:56",415900
39.75,0.25,100,"bu","09:47:54",415000
39.75,0.25,1000,"bu","09:47:48",414900
39.75,0.25,100,"bu","09:47:44",413900
39.75,0.25,3000,"bu","09:47:44",413800
39.75,0.25,2800,"bu","09:47:34",410800
39.75,0.25,100,"bu","09:47:31",408000
39.7,0.2,500,"sd","09:47:31",407900
39.75,0.25,1300,"bu","09:47:31",407400
39.75,0.25,1000,"bu","09:47:29",406100
39.75,0.25,200,"bu","09:47:24",405100
39.75,0.25,3100,"bu","09:47:14",404900
39.75,0.25,500,"bu","09:47:01",401800
39.75,0.25,100,"bu","09:46:35",401300
39.7,0.2,400,"sd","09:46:30",401200
39.75,0.25,100,"bu","09:46:22",400800
39.75,0.25,100,"bu","09:46:11",400700
39.7,0.2,1000,"sd","09:45:43",400600
39.7,0.2,100,"sd","09:45:39",399600
39.7,0.2,1000,"sd","09:45:37",399500
39.7,0.2,400,"sd","09:45:30",398500
39.7,0.2,9800,"bu","09:44:52",398100
39.7,0.2,5000,"bu","09:44:51",388300
39.7,0.2,10000,"bu","09:44:48",383300
39.7,0.2,5000,"bu","09:44:37",373300
39.65,0.15,300,"sd","09:44:37",368300
39.65,0.15,700,"sd","09:44:30",368000
39.7,0.2,200,"bu","09:44:29",367300
39.7,0.2,5000,"bu","09:44:21",367100
39.7,0.2,100,"bu","09:44:12",362100
39.7,0.2,3000,"bu","09:44:11",362000
39.7,0.2,1000,"bu","09:43:57",359000
39.7,0.2,3000,"bu","09:43:56",358000
39.7,0.2,1000,"bu","09:43:55",355000
39.7,0.2,100,"bu","09:43:48",354000
39.65,0.15,400,"sd","09:43:29",353900
39.7,0.2,500,"bu","09:43:23",353500
39.65,0.15,400,"sd","09:42:29",353000
39.65,0.15,500,"sd","09:42:16",352600
39.65,0.15,300,"sd","09:42:12",352100
39.65,0.15,600,"sd","09:42:07",351800
39.65,0.15,1000,"sd","09:41:50",351200
39.65,0.15,500,"sd","09:41:29",350200
39.65,0.15,3000,"sd","09:41:20",349700
39.7,0.2,20600,"sd","09:40:53",346700
39.7,0.2,100,"sd","09:40:39",326100
39.7,0.2,400,"sd","09:40:29",326000
39.7,0.2,1000,"sd","09:40:03",325600
39.7,0.2,100,"sd","09:39:29",324600
39.7,0.2,2300,"sd","09:39:28",324500
39.75,0.25,900,"bu","09:39:27",322200
39.7,0.2,1000,"sd","09:39:21",321300
39.75,0.25,1200,"sd","09:38:58",320300
39.75,0.25,1000,"sd","09:38:57",319100
39.75,0.25,700,"bu","09:38:44",318100
39.75,0.25,1300,"bu","09:38:41",317400
39.7,0.2,300,"sd","09:38:37",316100
39.7,0.2,400,"sd","09:38:28",315800
39.75,0.25,14100,"sd","09:37:59",315400
39.75,0.25,1500,"sd","09:37:53",301300
39.75,0.25,1000,"sd","09:37:50",299800
39.75,0.25,500,"sd","09:37:45",298800
39.75,0.25,1000,"sd","09:37:41",298300
39.75,0.25,1000,"sd","09:37:30",297300
39.75,0.25,400,"sd","09:37:28",296300
39.75,0.25,1000,"sd","09:37:26",295900
39.75,0.25,600,"sd","09:37:22",294900
39.75,0.25,100,"sd","09:37:05",294300
39.8,0.3,200,"bu","09:37:01",294200
39.75,0.25,100,"sd","09:36:49",294000
39.75,0.25,1000,"sd","09:36:44",293900
39.75,0.25,500,"sd","09:36:38",292900
39.75,0.25,1000,"sd","09:36:31",292400
39.75,0.25,900,"sd","09:36:28",291400
39.75,0.25,500,"sd","09:36:27",290500
39.75,0.25,2000,"sd","09:35:52",290000
39.75,0.25,100,"sd","09:35:43",288000
39.75,0.25,400,"sd","09:35:27",287900
39.75,0.25,1000,"sd","09:35:26",287500
39.75,0.25,1000,"sd","09:35:13",286500
39.8,0.3,100,"bu","09:34:46",285500
39.75,0.25,1000,"sd","09:34:31",285400
39.75,0.25,400,"sd","09:34:27",284400
39.75,0.25,1500,"sd","09:34:13",284000
39.8,0.3,300,"bu","09:34:06",282500
39.8,0.3,100,"bu","09:34:02",282200
39.8,0.3,600,"bu","09:34:00",282100
39.8,0.3,3000,"bu","09:33:35",281500
39.75,0.25,500,"sd","09:33:26",278500
39.75,0.25,1000,"sd","09:33:20",278000
39.75,0.25,1000,"sd","09:33:13",277000
39.75,0.25,200,"sd","09:33:09",276000
39.75,0.25,100,"sd","09:32:58",275800
39.75,0.25,1000,"sd","09:32:56",275700
39.75,0.25,400,"sd","09:32:26",274700
39.8,0.3,2000,"bu","09:32:18",274300
39.8,0.3,100,"bu","09:32:15",272300
39.8,0.3,600,"bu","09:32:12",272200
39.8,0.3,500,"bu","09:32:07",271600
39.8,0.3,3800,"sd","09:31:47",271100
39.8,0.3,200,"sd","09:31:44",267300
39.8,0.3,30000,"sd","09:31:38",267100
39.8,0.3,500,"sd","09:31:26",237100
39.8,0.3,400,"sd","09:31:15",236600
39.8,0.3,400,"sd","09:30:26",236200
39.8,0.3,1500,"sd","09:30:20",235800
39.8,0.3,300,"sd","09:30:15",234300
39.8,0.3,1000,"sd","09:29:45",234000
39.85,0.35,100,"bu","09:29:35",233000
39.8,0.3,400,"sd","09:29:25",232900
39.85,0.35,2500,"bu","09:29:12",232500
39.8,0.3,7700,"bu","09:28:49",230000
39.8,0.3,7400,"bu","09:28:43",222300
39.8,0.3,1000,"bu","09:28:36",214900
39.8,0.3,100,"bu","09:28:26",213900
39.75,0.25,500,"sd","09:28:25",213800
39.8,0.3,1600,"bu","09:28:16",213300
39.8,0.3,400,"bu","09:27:57",211700
39.8,0.3,1000,"bu","09:27:56",211300
39.8,0.3,100,"bu","09:27:45",210300
39.8,0.3,1900,"sd","09:27:28",210200
39.8,0.3,4400,"sd","09:27:28",208300
39.8,0.3,1000,"sd","09:27:23",203900
39.75,0.25,500,"sd","09:27:16",202900
39.8,0.3,500,"sd","09:27:16",202400
39.8,0.3,1000,"sd","09:27:07",201900
39.8,0.3,4000,"sd","09:27:04",200900
39.8,0.3,1000,"sd","09:27:02",196900
39.8,0.3,1000,"sd","09:27:01",195900
39.8,0.3,1000,"sd","09:26:58",194900
39.8,0.3,2000,"sd","09:26:55",193900
39.8,0.3,100,"sd","09:26:54",191900
39.8,0.3,400,"sd","09:26:49",191800
39.8,0.3,500,"sd","09:26:37",191400
39.8,0.3,20000,"sd","09:26:20",190900
39.8,0.3,1000,"sd","09:26:19",170900
39.8,0.3,1000,"sd","09:26:19",169900
39.8,0.3,200,"sd","09:26:18",168900
39.8,0.3,1000,"sd","09:26:03",168700
39.8,0.3,1000,"sd","09:25:57",167700
39.8,0.3,1000,"sd","09:25:50",166700
39.8,0.3,2800,"sd","09:25:48",165700
39.8,0.3,1000,"sd","09:25:42",162900
39.8,0.3,1000,"sd","09:25:37",161900
39.8,0.3,500,"sd","09:25:33",160900
39.85,0.35,100,"bu","09:25:28",160400
39.85,0.35,1000,"bu","09:25:22",160300
39.8,0.3,1000,"sd","09:24:50",159300
39.8,0.3,1000,"sd","09:24:44",158300
39.8,0.3,1000,"sd","09:24:28",157300
39.85,0.35,300,"bu","09:24:21",156300
39.85,0.35,100,"bu","09:23:59",156000
39.8,0.3,500,"sd","09:23:54",155900
39.8,0.3,500,"sd","09:23:50",155400
39.8,0.3,500,"sd","09:23:25",154900
39.8,0.3,20000,"bu","09:23:14",154400
39.8,0.3,2900,"bu","09:23:06",134400
39.8,0.3,1300,"bu","09:23:03",131500
39.8,0.3,1000,"bu","09:22:54",130200
39.8,0.3,500,"bu","09:22:50",129200
39.75,0.25,100,"sd","09:22:25",128700
39.8,0.3,200,"bu","09:22:22",128600
39.8,0.3,500,"bu","09:22:18",128400
39.8,0.3,3200,"bu","09:22:08",127900
39.8,0.3,200,"bu","09:22:03",124700
39.8,0.3,1000,"bu","09:21:49",124500
39.8,0.3,4200,"sd","09:21:48",123500
39.8,0.3,2000,"sd","09:21:44",119300
39.8,0.3,2000,"sd","09:21:38",117300
39.8,0.3,3500,"sd","09:21:34",115300
39.8,0.3,100,"sd","09:21:12",111800
39.85,0.35,500,"bu","09:21:03",111700
39.8,0.3,500,"sd","09:20:56",111200
39.8,0.3,1800,"bu","09:20:55",110700
39.8,0.3,100,"bu","09:20:43",108900
39.8,0.3,12600,"bu","09:20:40",108800
39.8,0.3,100,"bu","09:20:24",96200
39.8,0.3,1000,"bu","09:19:56",96100
39.75,0.25,1000,"sd","09:19:55",95100
39.75,0.25,1000,"sd","09:19:52",94100
39.75,0.25,1000,"sd","09:19:27",93100
39.8,0.3,100,"bu","09:19:27",92100
39.8,0.3,4200,"sd","09:19:22",92000
39.8,0.3,2400,"sd","09:19:18",87800
39.8,0.3,1000,"sd","09:19:12",85400
39.8,0.3,1000,"sd","09:19:09",84400
39.8,0.3,5400,"bu","09:19:08",83400
39.8,0.3,400,"bu","09:19:07",78000
39.75,0.25,1000,"sd","09:19:00",77600
39.8,0.3,300,"bu","09:18:53",76600
39.8,0.3,2400,"bu","09:18:51",76300
39.75,0.25,1000,"sd","09:18:50",73900
39.75,0.25,1000,"sd","09:18:46",72900
39.8,0.3,400,"bu","09:18:34",71900
39.8,0.3,100,"bu","09:18:33",71500
39.75,0.25,1000,"sd","09:18:26",71400
39.8,0.3,200,"bu","09:18:15",70400
39.75,0.25,1000,"sd","09:17:58",70200
39.75,0.25,600,"sd","09:17:54",69200
39.8,0.3,400,"sd","09:17:54",68600
39.8,0.3,1600,"bu","09:17:48",68200
39.75,0.25,1000,"sd","09:17:40",66600
39.75,0.25,1000,"sd","09:17:31",65600
39.75,0.25,1000,"sd","09:17:23",64600
39.75,0.25,1000,"sd","09:17:18",63600
39.75,0.25,1000,"sd","09:17:13",62600
39.8,0.3,1000,"bu","09:17:11",61600
39.8,0.3,200,"bu","09:17:00",60600
39.8,0.3,5000,"bu","09:16:44",60400
39.7,0.2,1000,"sd","09:16:26",55400
39.7,0.2,1000,"sd","09:16:19",54400
39.7,0.2,1900,"bu","09:16:16",53400
39.7,0.2,1100,"sd","09:16:13",51500
39.7,0.2,1000,"sd","09:15:59",50400
39.7,0.2,2000,"sd","09:15:53",49400
39.7,0.2,1000,"sd","09:15:50",47400
39.7,0.2,1000,"bu","09:15:46",46400
39.6,0.1,1000,"sd","09:15:43",45400
39.7,0.2,100,"bu","09:15:42",44400
39.7,0.2,3300,"sd","09:15:36",44300
39.7,0.2,1000,"sd","09:15:35",41000
39.7,0.2,1000,"sd","09:15:29",40000
39.7,0.2,800,"sd","09:15:24",39000
39.8,0.3,200,"sd","09:15:24",38200
39.85,0.35,38000,"","09:15:02",38000
