"price","change","match_qtty","side","time","total_vol"
104.3,0,27200,"","14:45:04",1257400
104.7,0.4,400,"bu","14:29:09",1230200
104.6,0.3,200,"bu","14:29:09",1229800
104.6,0.3,1300,"bu","14:28:08",1229600
104.5,0.2,100,"sd","14:27:02",1228300
104.7,0.4,500,"bu","14:26:10",1228200
104.8,0.5,100,"bu","14:25:53",1227700
105,0.7,1500,"bu","14:24:45",1227600
104.4,0.1,100,"sd","14:24:29",1226100
105,0.7,1300,"bu","14:24:20",1226000
105,0.7,1500,"bu","14:23:56",1224700
105,0.7,1500,"bu","14:23:37",1223200
105,0.7,100,"bu","14:23:23",1221700
105,0.7,700,"bu","14:23:00",1221600
104.4,0.1,100,"sd","14:22:55",1220900
105,0.7,1500,"bu","14:21:52",1220800
105,0.7,200,"bu","14:21:36",1219300
105,0.7,100,"bu","14:20:54",1219100
105,0.7,1100,"bu","14:20:38",1219000
104.9,0.6,12900,"bu","14:20:38",1217900
104.9,0.6,100,"bu","14:20:33",1205000
104.9,0.6,2500,"bu","14:20:29",1204900
104.9,0.6,1300,"bu","14:20:28",1202400
104.9,0.6,1500,"bu","14:20:23",1201100
104.9,0.6,100,"bu","14:20:20",1199600
104.9,0.6,2500,"bu","14:20:16",1199500
104.9,0.6,1200,"bu","14:20:10",1197000
104.8,0.5,800,"bu","14:20:10",1195800
104.8,0.5,200,"bu","14:19:53",1195000
104.8,0.5,4100,"bu","14:19:28",1194800
104.8,0.5,1500,"bu","14:19:22",1190700
104.8,0.5,500,"bu","14:19:08",1189200
104.7,0.4,16000,"bu","14:19:08",1188700
104.7,0.4,5000,"bu","14:18:56",1172700
104.7,0.4,800,"bu","14:18:56",1167700
104.7,0.4,100,"bu","14:18:48",1166900
104.4,0.1,400,"sd","14:18:28",1166800
104.5,0.2,49600,"sd","14:18:28",1166400
104.4,0.1,500,"sd","14:17:37",1116800
104.5,0.2,49000,"sd","14:17:37",1116300
104.7,0.4,500,"sd","14:17:37",1067300
104.7,0.4,200,"bu","14:17:33",1066800
104.7,0.4,800,"sd","14:17:09",1066600
104.7,0.4,100,"sd","14:16:33",1065800
104.8,0.5,1100,"bu","14:16:21",1065700
104.7,0.4,200,"bu","14:16:20",1064600
104.4,0.1,900,"sd","14:16:18",1064400
104.7,0.4,80000,"bu","14:16:17",1063500
104.7,0.4,1300,"sd","14:16:15",983500
104.8,0.5,700,"bu","14:16:12",982200
104.7,0.4,1100,"sd","14:16:08",981500
104.8,0.5,1500,"bu","14:16:00",980400
104.7,0.4,100,"sd","14:14:57",978900
104.8,0.5,800,"bu","14:14:51",978800
104.8,0.5,10300,"bu","14:14:48",978000
104.8,0.5,1500,"bu","14:14:18",967700
104.8,0.5,1000,"bu","14:14:13",966200
104.7,0.4,5500,"bu","14:13:59",965200
104.6,0.3,50000,"sd","14:13:59",959700
104.7,0.4,10000,"bu","14:13:27",909700
104.6,0.3,4200,"bu","14:13:09",899700
104.6,0.3,200,"bu","14:13:05",895500
104.6,0.3,800,"bu","14:12:45",895300
104.6,0.3,100,"bu","14:12:38",894500
104.6,0.3,400,"bu","14:12:37",894400
104.6,0.3,1300,"bu","14:12:24",894000
104.6,0.3,800,"bu","14:12:13",892700
104.6,0.3,12000,"bu","14:11:53",891900
104.4,0.1,200,"sd","14:11:28",879900
104.5,0.2,35000,"sd","14:11:28",879700
104.6,0.3,700,"bu","14:11:27",844700
104.6,0.3,200,"bu","14:11:24",844000
104.6,0.3,10000,"bu","14:10:53",843800
104.4,0.1,200,"sd","14:10:33",833800
104.4,0.1,100,"sd","14:10:28",833600
104.6,0.3,1300,"sd","14:10:06",833500
104.6,0.3,8700,"bu","14:10:02",832200
104.4,0.1,100,"sd","14:09:37",823500
104.5,0.2,25000,"sd","14:09:37",823400
104.6,0.3,800,"bu","14:09:26",798400
104.6,0.3,14400,"bu","14:08:48",797600
104.6,0.3,800,"bu","14:08:44",783200
104.6,0.3,1300,"bu","14:08:15",782400
104.3,0,2800,"sd","14:08:07",781100
104.3,0,5200,"sd","14:08:07",778300
104.6,0.3,700,"bu","14:08:04",773100
104.6,0.3,200,"bu","14:07:59",772400
104.6,0.3,14300,"bu","14:07:43",772200
104.5,0.2,700,"bu","14:07:43",757900
104.3,0,1100,"sd","14:07:04",757200
104.4,0.1,37900,"sd","14:07:04",756100
104.4,0.1,800,"bu","14:07:03",718200
104.4,0.1,700,"bu","14:06:42",717400
104.5,0.2,300,"bu","14:06:17",716700
104.6,0.3,800,"bu","14:06:02",716400
104.6,0.3,12300,"bu","14:05:49",715600
104.5,0.2,2700,"bu","14:05:49",703300
104.5,0.2,800,"bu","14:05:20",700600
104.5,0.2,700,"bu","14:04:40",699800
104.5,0.2,200,"bu","14:04:35",699100
104.5,0.2,1300,"bu","14:04:32",698900
104.3,0,100,"sd","14:04:18",697600
104.5,0.2,17000,"bu","14:04:06",697500
104.4,0.1,8000,"bu","14:04:06",680500
104.4,0.1,800,"bu","14:03:56",672500
104.4,0.1,10000,"bu","14:03:19",671700
104.4,0.1,700,"bu","14:03:15",661700
104.4,0.1,2000,"bu","14:03:06",661000
104.3,0,10000,"sd","14:02:47",659000
104.4,0.1,800,"bu","14:02:37",649000
104.4,0.1,13000,"bu","14:02:08",648200
104.4,0.1,800,"bu","14:01:57",635200
104.4,0.1,15000,"bu","14:01:44",634400
104.4,0.1,700,"bu","14:01:13",619400
104.4,0.1,300,"bu","14:01:10",618700
104.4,0.1,800,"bu","14:00:34",618400
104.4,0.1,1300,"bu","14:00:04",617600
104.4,0.1,200,"bu","13:59:29",616300
104.4,0.1,100,"bu","13:58:28",616100
104.4,0.1,200,"bu","13:57:46",616000
104.4,0.1,300,"bu","13:56:05",615800
104.4,0.1,1300,"bu","13:56:03",615500
104.3,0,100,"sd","13:55:36",614200
104.3,0,6000,"sd","13:55:26",614100
104.3,0,5000,"sd","13:55:09",608100
104.3,0,3000,"sd","13:54:41",603100
104.3,0,4000,"sd","13:54:08",600100
104.3,0,3000,"bu","13:53:56",596100
104.3,0,2000,"sd","13:53:54",593100
104.4,0.1,3400,"bu","13:53:29",591100
104.3,0,21600,"bu","13:53:29",587700
104.3,0,3400,"sd","13:53:28",566100
104.4,0.1,1300,"bu","13:53:00",562700
104.3,0,500,"sd","13:52:44",561400
104.3,0,500,"sd","13:51:29",560900
104.3,0,100,"sd","13:50:06",560400
104.3,0,100,"sd","13:47:52",560300
104.4,0.1,600,"bu","13:47:38",560200
104.4,0.1,300,"bu","13:47:34",559600
104.4,0.1,300,"bu","13:45:53",559300
104.4,0.1,800,"bu","13:45:48",559000
104.4,0.1,300,"bu","13:44:11",558200
104.4,0.1,300,"bu","13:42:28",557900
104.4,0.1,1000,"bu","13:41:10",557600
104.3,0,300,"sd","13:40:24",556600
104.4,0.1,300,"bu","13:39:04",556300
104.4,0.1,100,"bu","13:37:35",556000
104.3,0,300,"sd","13:36:57",555900
104.3,0,500,"sd","13:36:10",555600
104.3,0,600,"sd","13:36:08",555100
104.3,0,6000,"sd","13:35:14",554500
104.3,0,5000,"sd","13:34:49",548500
104.3,0,1500,"sd","13:34:16",543500
104.3,0,400,"sd","13:34:02",542000
104.3,0,400,"bu","13:33:28",541600
104.3,0,3000,"bu","13:32:49",541200
104.3,0,5000,"bu","13:32:36",538200
104.3,0,400,"bu","13:32:15",533200
104.3,0,2200,"sd","13:32:11",532800
104.3,0,1800,"bu","13:32:08",530600
104.2,-0.1,3500,"bu","13:31:49",528800
104.2,-0.1,500,"sd","13:31:46",525300
104.3,0,2200,"sd","13:31:14",524800
104.3,0,1800,"bu","13:31:13",522600
104.3,0,5000,"bu","13:31:00",520800
104.3,0,300,"bu","13:30:34",515800
104.3,0,300,"bu","13:28:52",515500
104.3,0,400,"bu","13:27:10",515200
104.3,0,300,"bu","13:25:27",514800
104.3,0,300,"bu","13:23:46",514500
104.3,0,300,"bu","13:22:03",514200
104.3,0,400,"bu","13:20:22",513900
104.3,0,4000,"bu","13:20:10",513500
104.3,0,5000,"bu","13:19:51",509500
104.3,0,2000,"bu","13:19:32",504500
104.2,-0.1,200,"sd","13:19:05",502500
104.3,0,100,"bu","13:18:43",502300
104.2,-0.1,100,"bu","13:18:40",502200
104.2,-0.1,18900,"sd","13:18:36",502100
104.3,0,1500,"bu","13:17:57",483200
104.3,0,2800,"sd","13:17:48",481700
104.3,0,2200,"bu","13:17:36",478900
104.1,-0.2,5000,"sd","13:15:11",476700
104.1,-0.2,500,"sd","13:14:33",471700
104.2,-0.1,7500,"sd","13:14:33",471200
104.2,-0.1,2500,"bu","13:14:28",463700
104.2,-0.1,3500,"bu","13:13:58",461200
104.2,-0.1,400,"bu","13:13:32",457700
104.2,-0.1,3000,"bu","13:13:32",457300
104.2,-0.1,4000,"bu","13:13:11",454300
104.2,-0.1,3500,"bu","13:12:39",450300
104.2,-0.1,100,"sd","13:12:10",446800
104.2,-0.1,2900,"bu","13:12:08",446700
104.2,-0.1,300,"bu","13:11:51",443800
104.2,-0.1,5000,"bu","13:11:39",443500
104.1,-0.2,200,"sd","13:11:08",438500
104.2,-0.1,20000,"sd","13:11:08",438300
104.2,-0.1,2400,"bu","13:10:28",418300
104.1,-0.2,100,"sd","13:05:39",415900
104.1,-0.2,4000,"sd","13:05:32",415800
104.1,-0.2,300,"sd","13:04:26",411800
104.1,-0.2,100,"sd","13:04:12",411500
104,-0.3,15700,"bu","13:04:01",411400
104,-0.3,4400,"sd","13:04:00",395700
104.1,-0.2,4900,"sd","13:04:00",391300
104.2,-0.1,1500,"bu","13:03:48",386400
104.1,-0.2,100,"sd","13:03:44",384900
104.1,-0.2,200,"bu","13:01:28",384800
104,-0.3,100,"sd","13:00:14",384600
104.1,-0.2,1000,"bu","11:27:52",384500
104,-0.3,100,"sd","11:11:40",383500
104,-0.3,2200,"sd","11:02:58",383400
104.1,-0.2,1000,"bu","11:02:45",381200
104,-0.3,4000,"sd","11:02:43",380200
104,-0.3,3500,"sd","11:02:23",376200
104,-0.3,500,"bu","11:01:52",372700
104,-0.3,2500,"sd","11:01:52",372200
104,-0.3,2500,"bu","11:01:23",369700
104,-0.3,2500,"sd","11:01:22",367200
104,-0.3,2500,"bu","11:01:10",364700
104,-0.3,4000,"sd","11:01:09",362200
104,-0.3,5000,"sd","11:00:57",358200
104,-0.3,3000,"bu","11:00:45",353200
103.9,-0.4,3500,"sd","11:00:14",350200
104,-0.3,200,"bu","10:59:23",346700
104,-0.3,300,"bu","10:59:17",346500
104,-0.3,3200,"bu","10:59:17",346200
104,-0.3,4000,"bu","10:58:57",343000
104,-0.3,5000,"bu","10:58:43",339000
104,-0.3,800,"bu","10:58:29",334000
104,-0.3,1000,"bu","10:58:25",333200
104.1,-0.2,5000,"bu","10:57:28",332200
103.9,-0.4,100,"sd","10:55:52",327200
104,-0.3,20000,"sd","10:55:52",327100
104.1,-0.2,3500,"bu","10:55:19",307100
104.1,-0.2,200,"bu","10:53:42",303600
104.1,-0.2,2600,"sd","10:51:58",303400
104.1,-0.2,2400,"bu","10:51:57",300800
104.1,-0.2,200,"bu","10:50:52",298400
104.1,-0.2,700,"bu","10:50:03",298200
103.8,-0.5,100,"sd","10:45:09",297500
103.8,-0.5,500,"sd","10:44:58",297400
104.1,-0.2,1000,"bu","10:44:42",296900
104.1,-0.2,4900,"bu","10:44:19",295900
104.1,-0.2,200,"sd","10:43:44",291000
104.2,-0.1,5000,"bu","10:43:43",290800
104.1,-0.2,500,"sd","10:43:13",285800
104.1,-0.2,1000,"sd","10:42:52",285300
104.2,-0.1,400,"bu","10:42:48",284300
104.1,-0.2,2300,"bu","10:42:47",283900
104.1,-0.2,5000,"bu","10:42:25",281600
104.1,-0.2,200,"bu","10:42:20",276600
104.1,-0.2,1500,"bu","10:42:10",276400
104.1,-0.2,1000,"bu","10:41:58",274900
103.7,-0.6,500,"sd","10:41:40",273900
103.8,-0.5,19500,"sd","10:41:40",273400
104.1,-0.2,5500,"bu","10:41:03",253900
104.1,-0.2,5000,"bu","10:40:41",248400
104.1,-0.2,6000,"bu","10:40:21",243400
104.1,-0.2,1000,"bu","10:40:07",237400
104.1,-0.2,3000,"bu","10:40:05",236400
104.1,-0.2,200,"sd","10:39:56",233400
104.1,-0.2,200,"bu","10:38:26",233200
103.5,-0.8,100,"bu","10:38:26",233000
103.2,-1.1,1000,"sd","10:29:32",232900
103.2,-1.1,5000,"sd","10:28:51",231900
103.2,-1.1,5000,"sd","10:28:31",226900
103.2,-1.1,700,"bu","10:28:20",221900
103.2,-1.1,300,"sd","10:28:10",221200
103.1,-1.2,1500,"sd","10:27:50",220900
103.2,-1.1,200,"bu","10:27:40",219400
103.2,-1.1,100,"bu","10:27:36",219200
103.2,-1.1,1000,"bu","10:27:17",219100
103.2,-1.1,500,"bu","10:27:02",218100
103.2,-1.1,200,"bu","10:26:14",217600
103.2,-1.1,500,"bu","10:26:07",217400
103.2,-1.1,200,"bu","10:25:34",216900
103.2,-1.1,200,"bu","10:25:27",216700
103.2,-1.1,300,"bu","10:25:15",216500
103.2,-1.1,100,"bu","10:24:34",216200
103.1,-1.2,100,"sd","10:20:05",216100
103.1,-1.2,1000,"sd","10:19:01",216000
103.2,-1.1,200,"bu","10:16:43",215000
103.2,-1.1,300,"bu","10:13:53",214800
103.2,-1.1,300,"bu","10:11:02",214500
103.2,-1.1,200,"bu","10:10:16",214200
103.2,-1.1,400,"bu","10:10:07",214000
103.2,-1.1,300,"bu","10:09:55",213600
103.2,-1.1,200,"bu","10:08:11",213300
103.2,-1.1,1000,"sd","10:07:50",213100
103.2,-1.1,900,"sd","10:05:57",212100
103.3,-1,700,"sd","10:05:23",211200
103.3,-1,300,"bu","10:03:21",210500
103.3,-1,100,"bu","10:02:58",210200
103.3,-1,500,"bu","10:02:40",210100
103.3,-1,100,"sd","10:02:32",209600
103.4,-0.9,300,"bu","10:02:30",209500
103.4,-0.9,400,"bu","10:01:59",209200
103.4,-0.9,500,"sd","10:01:56",208800
103.6,-0.7,200,"bu","10:00:46",208300
103.4,-0.9,300,"bu","09:59:40",207300
103.4,-0.9,700,"bu","09:59:32",207000
103.3,-1,14300,"bu","09:59:32",206300
103.3,-1,700,"sd","09:59:28",192000
103.3,-1,4800,"bu","09:58:47",191300
103.3,-1,200,"sd","09:58:28",186500
103.4,-0.9,1200,"sd","09:58:15",186300
103.6,-0.7,100,"bu","09:58:12",185100
103.5,-0.8,500,"bu","09:58:12",185000
103.5,-0.8,300,"bu","09:56:49",184500
103.5,-0.8,700,"sd","09:55:58",184200
103.6,-0.7,1000,"sd","09:55:52",183500
103.7,-0.6,300,"bu","09:53:58",182500
103.7,-0.6,900,"sd","09:53:51",182200
103.9,-0.4,1000,"bu","09:52:19",181300
103.9,-0.4,2000,"bu","09:52:14",180300
103.9,-0.4,2000,"bu","09:52:06",178300
103.6,-0.7,300,"sd","09:51:13",176300
103.9,-0.4,25700,"sd","09:51:13",176000
103.9,-0.4,3700,"bu","09:49:24",150300
103.9,-0.4,6000,"bu","09:49:23",146600
103.9,-0.4,300,"sd","09:49:19",140600
103.9,-0.4,500,"bu","09:46:53",140300
103.9,-0.4,1500,"bu","09:46:43",139800
103.9,-0.4,1000,"bu","09:46:40",138300
103.9,-0.4,2000,"bu","09:46:34",137300
103.6,-0.7,200,"sd","09:45:43",135300
104,-0.3,100,"bu","09:45:43",135100
103.9,-0.4,25000,"bu","09:45:43",135000
103.6,-0.7,200,"sd","09:45:37",110000
104,-0.3,300,"bu","09:45:25",109800
104,-0.3,300,"bu","09:42:36",109500
104,-0.3,1900,"bu","09:41:25",109200
104,-0.3,2000,"bu","09:41:11",107300
103.4,-0.9,200,"sd","09:37:48",105300
103.4,-0.9,200,"sd","09:37:40",105100
103.4,-0.9,100,"sd","09:37:30",104900
103.5,-0.8,100,"sd","09:37:30",104800
103.5,-0.8,200,"sd","09:37:25",104700
103.4,-0.9,200,"sd","09:36:46",104500
103.5,-0.8,200,"sd","09:36:31",104300
103.5,-0.8,200,"sd","09:35:28",104100
103.5,-0.8,200,"sd","09:35:13",103900
103.5,-0.8,200,"sd","09:34:30",103700
103.5,-0.8,200,"sd","09:33:19",103500
103.5,-0.8,200,"sd","09:33:14",103300
103.5,-0.8,200,"sd","09:29:46",103100
103.4,-0.9,200,"sd","09:27:31",102900
103.4,-0.9,200,"sd","09:27:21",102700
103.4,-0.9,200,"sd","09:27:16",102500
103.4,-0.9,100,"sd","09:27:07",102300
103.5,-0.8,100,"sd","09:27:07",102200
103.5,-0.8,200,"sd","09:27:02",102100
103.5,-0.8,100,"sd","09:26:57",101900
103.6,-0.7,100,"sd","09:26:57",101800
103.7,-0.6,100,"sd","09:26:19",101700
103.8,-0.5,100,"sd","09:26:19",101600
103.8,-0.5,200,"sd","09:26:00",101500
103.7,-0.6,200,"sd","09:25:55",101300
103.7,-0.6,200,"sd","09:25:50",101100
103.8,-0.5,200,"sd","09:25:41",100900
103.8,-0.5,200,"sd","09:25:37",100700
103.8,-0.5,200,"sd","09:24:48",100500
103.8,-0.5,200,"sd","09:24:42",100300
103.8,-0.5,100,"sd","09:24:29",100100
103.9,-0.4,100,"sd","09:24:29",100000
104,-0.3,300,"bu","09:23:47",99900
104,-0.3,300,"bu","09:22:41",99600
104,-0.3,4000,"bu","09:20:04",99300
103.5,-0.8,200,"sd","09:19:56",95300
103.5,-0.8,100,"sd","09:19:51",95100
103.7,-0.6,100,"sd","09:19:51",95000
104,-0.3,5000,"bu","09:19:50",94900
103.5,-0.8,200,"sd","09:19:27",89900
103.4,-0.9,200,"sd","09:19:22",89700
103.4,-0.9,200,"sd","09:19:09",89500
103.4,-0.9,200,"sd","09:19:00",89300
103.4,-0.9,100,"sd","09:18:50",89100
103.5,-0.8,100,"sd","09:18:50",89000
103.7,-0.6,200,"sd","09:18:46",88900
103.7,-0.6,100,"sd","09:18:26",88700
103.7,-0.6,100,"sd","09:18:25",88600
103.8,-0.5,200,"sd","09:18:00",88500
103.8,-0.5,200,"sd","09:17:54",88300
103.7,-0.6,200,"sd","09:17:39",88100
103.7,-0.6,200,"sd","09:17:32",87900
103.7,-0.6,200,"sd","09:17:23",87700
103.7,-0.6,200,"sd","09:17:18",87500
103.7,-0.6,200,"sd","09:17:12",87300
103.7,-0.6,100,"sd","09:16:27",87100
103.9,-0.4,100,"sd","09:16:27",87000
104,-0.3,400,"bu","09:16:25",86900
104,-0.3,1100,"sd","09:16:24",86500
104.3,0,800,"sd","09:16:11",85400
104.3,0,200,"sd","09:16:01",84600
104.3,0,200,"sd","09:15:50",84400
104.3,0,200,"sd","09:15:45",84200
104.3,0,200,"sd","09:15:35",84000
104.3,0,200,"sd","09:15:30",83800
104.3,0,200,"sd","09:15:26",83600
104.4,0.1,300,"bu","09:15:03",83400
104.3,0,83100,"","09:15:02",83100
