"symbol","time","price","change","vol","total","side"
"DXG","14:45:00",18.65,0,396700,7971500,
"DXG","14:29:59",18.65,0,5000,7574800,"S"
"DXG","14:29:59",18.65,0,1000,7569800,"S"
"DXG","14:29:56",18.6,-0.05,1000,7568800,"B"
"DXG","14:29:55",18.6,-0.05,1000,7567800,"B"
"DXG","14:29:53",18.6,-0.05,10000,7566800,"B"
"DXG","14:29:52",18.6,-0.05,23400,7556800,"B"
"DXG","14:29:48",18.6,-0.05,20000,7533400,"B"
"DXG","14:29:46",18.6,-0.05,300,7513400,"B"
"DXG","14:29:45",18.6,-0.05,1200,7513100,"B"
"DXG","14:29:45",18.6,-0.05,1800,7511900,"B"
"DXG","14:29:40",18.6,-0.05,10000,7510100,"B"
"DXG","14:29:39",18.65,0,100,7500100,"S"
"DXG","14:29:37",18.6,-0.05,600,7500000,"B"
"DXG","14:29:36",18.65,0,100,7499400,"S"
"DXG","14:29:36",18.6,-0.05,6200,7499300,"B"
"DXG","14:29:35",18.6,-0.05,1500,7493100,"B"
"DXG","14:29:34",18.65,0,100,7491600,"S"
"DXG","14:29:32",18.6,-0.05,4000,7491500,"B"
"DXG","14:29:31",18.6,-0.05,500,7487500,"B"
"DXG","14:29:30",18.65,0,2000,7487000,"S"
"DXG","14:29:25",18.6,-0.05,100,7485000,"B"
"DXG","14:29:24",18.6,-0.05,5000,7484900,"B"
"DXG","14:29:24",18.65,0,1000,7479900,"S"
"DXG","14:29:19",18.6,-0.05,6000,7478900,"B"
"DXG","14:29:14",18.6,-0.05,700,7472900,"B"
"DXG","14:29:12",18.65,0,800,7472200,"S"
"DXG","14:29:11",18.65,0,1000,7471400,"S"
"DXG","14:29:10",18.65,0,500,7470400,"S"
"DXG","14:29:08",18.65,0,400,7469900,"S"
"DXG","14:29:06",18.65,0,5300,7469500,"S"
"DXG","14:29:05",18.65,0,400,7464200,"S"
"DXG","14:29:04",18.65,0,500,7463800,"S"
"DXG","14:28:54",18.65,0,200,7463300,"S"
"DXG","14:28:53",18.6,-0.05,1000,7463100,"B"
"DXG","14:28:52",18.6,-0.05,25400,7462100,"B"
"DXG","14:28:51",18.65,0,2000,7436700,"S"
"DXG","14:28:51",18.65,0,2500,7434700,"S"
"DXG","14:28:44",18.65,0,1000,7432200,"S"
"DXG","14:28:43",18.65,0,1000,7431200,"S"
"DXG","14:28:42",18.65,0,1900,7430200,"B"
"DXG","14:28:39",18.65,0,1500,7428300,"B"
"DXG","14:28:36",18.65,0,3800,7426800,"S"
"DXG","14:28:33",18.65,0,100,7423000,"B"
"DXG","14:28:32",18.6,-0.05,1800,7422900,"B"
"DXG","14:28:32",18.65,0,400,7421100,"B"
"DXG","14:28:31",18.65,0,4600,7420700,"S"
"DXG","14:28:31",18.6,-0.05,2200,7416100,"B"
"DXG","14:28:30",18.6,-0.05,800,7413900,"B"
"DXG","14:28:30",18.65,0,400,7413100,"S"
"DXG","14:28:30",18.65,0,5000,7412700,"B"
"DXG","14:28:25",18.65,0,2200,7407700,"B"
"DXG","14:28:24",18.65,0,5000,7405500,"B"
"DXG","14:28:22",18.65,0,8000,7400500,"S"
"DXG","14:28:22",18.6,-0.05,2200,7392500,"B"
"DXG","14:28:16",18.65,0,1000,7390300,"S"
"DXG","14:28:11",18.65,0,100,7389300,"S"
"DXG","14:28:08",18.65,0,300,7389200,"S"
"DXG","14:28:08",18.65,0,500,7388900,"S"
"DXG","14:28:08",18.6,-0.05,26600,7388400,"B"
"DXG","14:28:07",18.6,-0.05,33400,7361800,"B"
"DXG","14:28:05",18.65,0,800,7328400,"S"
"DXG","14:28:01",18.65,0,4200,7327600,"S"
"DXG","14:27:59",18.65,0,500,7323400,"S"
"DXG","14:27:58",18.65,0,1300,7322900,"S"
"DXG","14:27:56",18.65,0,1000,7321600,"S"
"DXG","14:27:55",18.65,0,2000,7320600,"S"
"DXG","14:27:54",18.65,0,1000,7318600,"S"
"DXG","14:27:53",18.65,0,500,7317600,"S"
"DXG","14:27:50",18.65,0,16000,7317100,"S"
"DXG","14:27:48",18.65,0,1000,7301100,"S"
"DXG","14:27:44",18.65,0,200,7300100,"S"
"DXG","14:27:40",18.6,-0.05,5000,7299900,"B"
"DXG","14:27:39",18.65,0,500,7294900,"S"
"DXG","14:27:34",18.65,0,100,7294400,"S"
"DXG","14:27:32",18.6,-0.05,300,7294300,"B"
"DXG","14:27:32",18.65,0,1000,7294000,"S"
"DXG","14:27:26",18.65,0,1000,7293000,"S"
"DXG","14:27:23",18.65,0,2500,7292000,"S"
"DXG","14:27:20",18.65,0,200,7289500,"S"
"DXG","14:27:18",18.6,-0.05,1300,7289300,"B"
"DXG","14:27:14",18.65,0,200,7288000,"S"
"DXG","14:27:12",18.6,-0.05,300,7287800,"B"
"DXG","14:27:10",18.6,-0.05,200,7287500,"B"
"DXG","14:27:09",18.65,0,1000,7287300,"S"
"DXG","14:27:09",18.6,-0.05,6000,7286300,"B"
"DXG","14:27:03",18.65,0,200,7280300,"S"
"DXG","14:26:58",18.65,0,3000,7280100,"S"
"DXG","14:26:54",18.6,-0.05,3200,7277100,"B"
"DXG","14:26:50",18.65,0,1700,7273900,"B"
"DXG","14:26:48",18.65,0,1000,7272200,"B"
"DXG","14:26:48",18.65,0,2000,7271200,"B"
"DXG","14:26:47",18.65,0,10000,7269200,"B"
"DXG","14:26:46",18.65,0,1100,7259200,"B"
"DXG","14:26:44",18.65,0,21300,7258100,"B"
"DXG","14:26:43",18.65,0,100,7236800,"B"
"DXG","14:26:42",18.65,0,20000,7236700,"B"
"DXG","14:26:40",18.65,0,90000,7216700,"B"
"DXG","14:26:38",18.7,0.05,100,7126700,"S"
"DXG","14:26:36",18.65,0,1400,7126600,"B"
"DXG","14:26:36",18.65,0,1000,7125200,"B"
"DXG","14:26:34",18.65,0,1000,7124200,"B"
"DXG","14:26:26",18.65,0,2200,7123200,"B"
"DXG","14:26:20",18.65,0,500,7121000,"B"
"DXG","14:26:19",18.7,0.05,100,7120500,"S"
"DXG","14:26:17",18.7,0.05,100,7120400,"S"
"DXG","14:26:15",18.7,0.05,700,7120300,"S"
"DXG","14:26:15",18.7,0.05,2800,7119600,"B"
"DXG","14:26:13",18.7,0.05,3200,7116800,"B"
"DXG","14:26:13",18.7,0.05,200,7113600,"B"
"DXG","14:26:11",18.7,0.05,200,7108400,"B"
"DXG","14:26:10",18.7,0.05,10000,7108200,"B"
"DXG","14:26:09",18.7,0.05,1000,7098200,"B"
"DXG","14:26:07",18.7,0.05,3600,7097200,"B"
"DXG","14:26:05",18.7,0.05,5900,7093600,"B"
"DXG","14:26:03",18.7,0.05,2200,7087700,"B"
"DXG","14:26:03",18.75,0.1,300,7085500,"S"
"DXG","14:26:01",18.7,0.05,90000,7085200,"B"
"DXG","14:25:54",18.75,0.1,3000,6995200,"S"
"DXG","14:25:50",18.7,0.05,1000,6992200,"B"
"DXG","14:25:49",18.75,0.1,2000,6991200,"S"
"DXG","14:25:42",18.7,0.05,200,6989200,"B"
"DXG","14:25:41",18.7,0.05,5000,6989000,"B"
"DXG","14:25:40",18.75,0.1,1000,6984000,"S"
"DXG","14:25:28",18.7,0.05,5000,6983000,"B"
"DXG","14:25:26",18.75,0.1,1000,6978000,"S"
"DXG","14:25:20",18.7,0.05,300,6977000,"B"
"DXG","14:25:19",18.75,0.1,5000,6976700,"S"
"DXG","14:25:15",18.75,0.1,100,6971700,"S"
"DXG","14:25:14",18.7,0.05,1800,6971600,"B"
"DXG","14:25:11",18.75,0.1,500,6969800,"S"
"DXG","14:25:08",18.75,0.1,100,6969300,"S"
"DXG","14:25:08",18.7,0.05,3000,6969200,"B"
"DXG","14:25:04",18.75,0.1,700,6966200,"S"
"DXG","14:25:00",18.75,0.1,100,6965500,"S"
"DXG","14:24:58",18.75,0.1,100,6965400,"S"
"DXG","14:24:56",18.75,0.1,300,6965300,"S"
"DXG","14:24:52",18.75,0.1,500,6965000,"S"
"DXG","14:24:50",18.75,0.1,1000,6964500,"S"
"DXG","14:24:43",18.7,0.05,300,6963500,"B"
"DXG","14:24:42",18.75,0.1,900,6963200,"S"
"DXG","14:24:37",18.75,0.1,500,6962300,"S"
"DXG","14:24:35",18.75,0.1,30000,6961800,"B"
"DXG","14:24:34",18.75,0.1,3000,6931800,"B"
"DXG","14:24:33",18.75,0.1,30000,6928800,"B"
"DXG","14:24:32",18.75,0.1,3400,6898800,"B"
"DXG","14:24:31",18.75,0.1,600,6895400,"B"
"DXG","14:24:27",18.75,0.1,1000,6894800,"B"
"DXG","14:24:27",18.75,0.1,5300,6893800,"B"
"DXG","14:24:23",18.75,0.1,100,6888500,"B"
"DXG","14:24:22",18.75,0.1,6000,6888400,"B"
"DXG","14:24:19",18.75,0.1,1000,6882400,"B"
"DXG","14:24:18",18.75,0.1,2200,6881400,"B"
"DXG","14:24:16",18.75,0.1,2000,6879200,"B"
"DXG","14:24:15",18.75,0.1,200,6877200,"B"
"DXG","14:24:14",18.8,0.15,200,6877000,"S"
"DXG","14:24:13",18.75,0.1,100,6876800,"B"
"DXG","14:24:11",18.75,0.1,300,6876700,"B"
"DXG","14:24:07",18.75,0.1,1500,6876400,"B"
"DXG","14:24:06",18.8,0.15,300,6874900,"S"
"DXG","14:24:04",18.8,0.15,1000,6874600,"S"
"DXG","14:24:01",18.8,0.15,5100,6873600,"S"
"DXG","14:23:58",18.75,0.1,40000,6868500,"B"
"DXG","14:23:56",18.8,0.15,800,6828500,"S"
"DXG","14:23:50",18.75,0.1,12000,6827700,"B"
"DXG","14:23:49",18.8,0.15,200,6815700,"S"
"DXG","14:23:40",18.8,0.15,2500,6815500,"S"
"DXG","14:23:40",18.8,0.15,300,6813000,"S"
"DXG","14:23:39",18.8,0.15,100,6812700,"S"
"DXG","14:23:34",18.8,0.15,500,6812600,"S"
"DXG","14:23:33",18.8,0.15,2000,6812100,"S"
"DXG","14:23:32",18.8,0.15,19000,6810100,"S"
"DXG","14:23:31",18.8,0.15,100,6791100,"S"
"DXG","14:23:31",18.75,0.1,10200,6791000,"B"
"DXG","14:23:28",18.8,0.15,100,6780800,"S"
"DXG","14:23:22",18.8,0.15,2500,6780700,"S"
"DXG","14:23:19",18.8,0.15,2000,6778200,"S"
"DXG","14:23:17",18.8,0.15,1000,6776200,"S"
"DXG","14:23:13",18.75,0.1,400,6775200,"B"
"DXG","14:23:13",18.8,0.15,500,6774800,"S"
"DXG","14:23:08",18.8,0.15,6000,6774300,"S"
"DXG","14:23:03",18.8,0.15,1700,6768300,"S"
"DXG","14:22:56",18.8,0.15,500,6766600,"S"
"DXG","14:22:52",18.8,0.15,5000,6766100,"S"
"DXG","14:22:51",18.75,0.1,200,6761100,"B"
"DXG","14:22:51",18.8,0.15,1000,6760900,"S"
"DXG","14:22:43",18.8,0.15,30000,6759900,"S"
"DXG","14:22:36",18.75,0.1,2000,6729900,"B"
"DXG","14:22:34",18.8,0.15,300,6727900,"S"
"DXG","14:22:28",18.8,0.15,100,6727600,"S"
"DXG","14:22:19",18.75,0.1,2200,6727500,"B"
"DXG","14:22:17",18.75,0.1,600,6725300,"S"
"DXG","14:22:16",18.75,0.1,100,6724700,"S"
"DXG","14:22:16",18.75,0.1,2000,6724600,"S"
"DXG","14:22:14",18.75,0.1,100,6722600,"S"
"DXG","14:22:14",18.75,0.1,4900,6722500,"S"
"DXG","14:22:13",18.75,0.1,2000,6717600,"S"
"DXG","14:22:13",18.75,0.1,11500,6715600,"S"
"DXG","14:22:12",18.75,0.1,1500,6704100,"S"
"DXG","14:22:11",18.75,0.1,2000,6702600,"S"
"DXG","14:22:09",18.75,0.1,15200,6700600,"S"
"DXG","14:22:09",18.75,0.1,100,6685400,"S"
"DXG","14:22:06",18.75,0.1,3000,6685300,"S"
"DXG","14:22:04",18.75,0.1,10000,6682300,"S"
"DXG","14:22:02",18.75,0.1,500,6672300,"S"
"DXG","14:22:01",18.75,0.1,15000,6671800,"S"
"DXG","14:21:57",18.75,0.1,30000,6656800,"S"
"DXG","14:21:56",18.75,0.1,300,6626800,"S"
"DXG","14:21:49",18.75,0.1,400,6626500,"S"
"DXG","14:21:42",18.75,0.1,2100,6626100,"S"
"DXG","14:21:39",18.75,0.1,200,6624000,"S"
"DXG","14:21:36",18.75,0.1,5000,6623800,"S"
"DXG","14:21:20",18.75,0.1,2000,6618800,"S"
"DXG","14:21:19",18.7,0.05,15400,6616800,"B"
"DXG","14:21:12",18.75,0.1,3000,6601400,"S"
"DXG","14:21:10",18.75,0.1,7000,6598400,"S"
"DXG","14:21:07",18.75,0.1,2000,6591400,"S"
"DXG","14:21:05",18.75,0.1,2000,6589400,"S"
"DXG","14:20:51",18.75,0.1,2000,6587400,"S"
"DXG","14:20:42",18.7,0.05,100,6585400,"B"
"DXG","14:20:42",18.75,0.1,6000,6585300,"S"
"DXG","14:20:36",18.75,0.1,3000,6579300,"S"
"DXG","14:20:35",18.7,0.05,7000,6576300,"B"
"DXG","14:20:34",18.7,0.05,1300,6569300,"B"
"DXG","14:20:32",18.75,0.1,100,6568000,"S"
"DXG","14:20:25",18.75,0.1,5000,6567900,"S"
"DXG","14:20:20",18.7,0.05,100,6562900,"B"
"DXG","14:19:51",18.75,0.1,2000,6562800,"S"
"DXG","14:19:46",18.75,0.1,100,6560800,"S"
"DXG","14:19:40",18.75,0.1,1100,6560700,"S"
"DXG","14:19:29",18.75,0.1,8600,6559600,"S"
"DXG","14:19:25",18.75,0.1,4600,6551000,"S"
"DXG","14:19:23",18.75,0.1,1000,6546400,"S"
"DXG","14:19:22",18.75,0.1,10000,6545400,"S"
"DXG","14:19:17",18.75,0.1,4200,6535400,"S"
"DXG","14:19:15",18.75,0.1,500,6531200,"S"
"DXG","14:19:11",18.75,0.1,2100,6530700,"S"
"DXG","14:19:05",18.75,0.1,1000,6528600,"S"
"DXG","14:19:02",18.75,0.1,6000,6527600,"S"
"DXG","14:18:42",18.75,0.1,300,6521600,"S"
"DXG","14:18:39",18.75,0.1,1200,6521300,"S"
"DXG","14:18:38",18.7,0.05,400,6520100,"B"
"DXG","14:18:34",18.75,0.1,100,6519700,"S"
"DXG","14:18:29",18.75,0.1,1000,6519600,"S"
"DXG","14:18:28",18.75,0.1,100,6518600,"S"
"DXG","14:18:22",18.75,0.1,300,6518500,"S"
"DXG","14:18:19",18.7,0.05,2000,6518200,"B"
"DXG","14:18:08",18.7,0.05,1000,6516200,"B"
"DXG","14:18:07",18.7,0.05,6000,6515200,"B"
"DXG","14:17:46",18.75,0.1,500,6509200,"S"
"DXG","14:17:25",18.7,0.05,1000,6508700,"B"
"DXG","14:17:22",18.7,0.05,700,6507700,"B"
"DXG","14:17:18",18.7,0.05,500,6507000,"B"
"DXG","14:17:11",18.7,0.05,100,6506500,"B"
"DXG","14:17:10",18.7,0.05,100,6506400,"B"
"DXG","14:16:55",18.7,0.05,1400,6506300,"B"
"DXG","14:16:53",18.75,0.1,100,6504900,"S"
"DXG","14:16:43",18.7,0.05,1000,6504800,"B"
"DXG","14:16:29",18.7,0.05,500,6503800,"B"
"DXG","14:16:01",18.75,0.1,2000,6503300,"S"
"DXG","14:15:54",18.7,0.05,2000,6501300,"B"
"DXG","14:15:42",18.7,0.05,100,6499300,"B"
"DXG","14:15:32",18.7,0.05,500,6499200,"B"
"DXG","14:15:20",18.7,0.05,100,6498700,"B"
"DXG","14:15:08",18.7,0.05,100,6498600,"B"
"DXG","14:14:59",18.7,0.05,200,6498500,"B"
"DXG","14:14:53",18.7,0.05,1000,6498300,"B"
"DXG","14:14:51",18.7,0.05,7500,6497300,"B"
"DXG","14:14:38",18.7,0.05,5000,6489800,"B"
"DXG","14:14:34",18.7,0.05,200,6484800,"B"
"DXG","14:14:22",18.7,0.05,6000,6484600,"B"
"DXG","14:14:20",18.75,0.1,500,6478600,"S"
"DXG","14:14:18",18.75,0.1,1000,6478100,"S"
"DXG","14:14:06",18.7,0.05,1000,6477100,"B"
"DXG","14:13:38",18.7,0.05,2200,6476100,"B"
"DXG","14:13:29",18.75,0.1,4000,6473900,"S"
"DXG","14:13:23",18.7,0.05,6000,6469900,"B"
"DXG","14:13:08",18.7,0.05,1500,6463900,"B"
"DXG","14:12:45",18.7,0.05,3000,6462400,"B"
"DXG","14:12:37",18.7,0.05,300,6459400,"B"
"DXG","14:12:23",18.7,0.05,3000,6459100,"B"
"DXG","14:12:20",18.75,0.1,2000,6456100,"S"
"DXG","14:12:11",18.7,0.05,1000,6454100,"B"
"DXG","14:11:56",18.7,0.05,4000,6453100,"B"
"DXG","14:11:49",18.7,0.05,26800,6449100,"B"
"DXG","14:11:30",18.75,0.1,100,6422300,"S"
"DXG","14:11:22",18.7,0.05,8600,6422200,"B"
"DXG","14:11:14",18.7,0.05,200,6413600,"B"
"DXG","14:11:10",18.75,0.1,1500,6413400,"S"
"DXG","14:11:10",18.7,0.05,1000,6411900,"B"
"DXG","14:11:09",18.7,0.05,300,6410900,"B"
"DXG","14:11:08",18.7,0.05,2000,6410600,"B"
"DXG","14:11:05",18.7,0.05,300,6408600,"B"
"DXG","14:11:04",18.7,0.05,500,6408300,"B"
"DXG","14:11:03",18.7,0.05,400,6407800,"B"
"DXG","14:10:59",18.7,0.05,1200,6407400,"B"
"DXG","14:10:55",18.7,0.05,700,6406200,"B"
"DXG","14:10:39",18.7,0.05,300,6405500,"B"
"DXG","14:10:36",18.7,0.05,400,6405200,"B"
"DXG","14:10:32",18.7,0.05,100,6404800,"B"
"DXG","14:10:30",18.7,0.05,24100,6404700,"B"
"DXG","14:10:25",18.7,0.05,1000,6380600,"B"
"DXG","14:10:15",18.7,0.05,5000,6379600,"B"
"DXG","14:10:09",18.7,0.05,2000,6374600,"B"
"DXG","14:10:06",18.7,0.05,100,6372600,"B"
"DXG","14:10:02",18.7,0.05,500,6372500,"B"
"DXG","14:09:51",18.7,0.05,10000,6372000,"B"
"DXG","14:09:48",18.7,0.05,1000,6362000,"B"
"DXG","14:09:43",18.7,0.05,1200,6361000,"B"
"DXG","14:09:40",18.7,0.05,300,6359800,"B"
"DXG","14:09:36",18.7,0.05,2000,6359500,"B"
"DXG","14:09:09",18.7,0.05,100,6357500,"B"
"DXG","14:09:05",18.7,0.05,2000,6357400,"B"
"DXG","14:09:03",18.7,0.05,200,6355400,"B"
"DXG","14:09:00",18.7,0.05,10000,6355200,"B"
"DXG","14:08:51",18.7,0.05,1000,6345200,"B"
"DXG","14:08:35",18.7,0.05,41200,6344200,"S"
"DXG","14:08:30",18.65,0,1900,6303000,"B"
"DXG","14:07:59",18.65,0,300,6301100,"B"
"DXG","14:07:58",18.65,0,1800,6300800,"B"
"DXG","14:07:51",18.7,0.05,100,6299000,"S"
"DXG","14:07:50",18.7,0.05,300,6298900,"S"
"DXG","14:07:48",18.7,0.05,500,6298600,"S"
"DXG","14:07:46",18.65,0,200,6298100,"B"
"DXG","14:07:44",18.7,0.05,200,6297900,"S"
"DXG","14:07:37",18.7,0.05,200,6297700,"S"
"DXG","14:07:25",18.65,0,400,6297500,"B"
"DXG","14:07:25",18.7,0.05,1400,6297100,"B"
"DXG","14:07:24",18.7,0.05,900,6295700,"B"
"DXG","14:07:23",18.7,0.05,5400,6294800,"B"
"DXG","14:07:22",18.7,0.05,10200,6289400,"B"
"DXG","14:07:21",18.7,0.05,5500,6279200,"B"
"DXG","14:07:19",18.7,0.05,10000,6273700,"B"
"DXG","14:07:18",18.7,0.05,2000,6263700,"B"
"DXG","14:07:18",18.7,0.05,2000,6261700,"B"
"DXG","14:07:17",18.7,0.05,500,6259700,"B"
"DXG","14:07:17",18.7,0.05,5000,6259200,"B"
"DXG","14:07:13",18.7,0.05,5000,6254200,"B"
"DXG","14:07:12",18.7,0.05,7000,6249200,"B"
"DXG","14:07:10",18.7,0.05,5000,6242200,"B"
"DXG","14:07:09",18.7,0.05,1000,6237200,"B"
"DXG","14:07:08",18.7,0.05,1200,6236200,"B"
"DXG","14:07:07",18.7,0.05,13000,6235000,"B"
"DXG","14:07:04",18.7,0.05,1000,6222000,"B"
"DXG","14:07:01",18.7,0.05,500,6221000,"B"
"DXG","14:07:00",18.7,0.05,10200,6220500,"B"
"DXG","14:06:59",18.7,0.05,20100,6210300,"B"
"DXG","14:06:58",18.7,0.05,18200,6190200,"B"
"DXG","14:06:57",18.7,0.05,11800,6172000,"B"
"DXG","14:06:56",18.7,0.05,5000,6160200,"B"
"DXG","14:06:55",18.7,0.05,7000,6155200,"B"
"DXG","14:06:51",18.7,0.05,1600,6148200,"B"
"DXG","14:06:51",18.7,0.05,200,6146600,"B"
"DXG","14:06:46",18.7,0.05,300,6146400,"B"
"DXG","14:06:36",18.7,0.05,10000,6146100,"B"
"DXG","14:06:32",18.7,0.05,1000,6136100,"B"
"DXG","14:06:20",18.75,0.1,900,6135100,"S"
"DXG","14:06:18",18.7,0.05,1800,6133400,"B"
"DXG","14:06:15",18.7,0.05,700,6131600,"B"
"DXG","14:06:07",18.7,0.05,6000,6130900,"B"
"DXG","14:06:00",18.7,0.05,5000,6124900,"B"
"DXG","14:05:57",18.7,0.05,100,6119900,"B"
"DXG","14:05:54",18.7,0.05,5000,6119800,"B"
"DXG","14:05:45",18.7,0.05,1800,6114800,"B"
"DXG","14:05:40",18.7,0.05,3000,6113000,"B"
"DXG","14:05:35",18.7,0.05,100,6110000,"B"
"DXG","14:05:12",18.7,0.05,1800,6109900,"B"
"DXG","14:05:11",18.7,0.05,2000,6108100,"B"
"DXG","14:05:03",18.75,0.1,100,6106100,"S"
"DXG","14:04:52",18.7,0.05,100,6106000,"B"
"DXG","14:04:50",18.7,0.05,5000,6105900,"B"
"DXG","14:04:45",18.7,0.05,1000,6100900,"B"
"DXG","14:04:38",18.7,0.05,1800,6099900,"B"
"DXG","14:04:36",18.75,0.1,16800,6098100,"S"
"DXG","14:04:35",18.7,0.05,3000,6081300,"B"
"DXG","14:04:28",18.7,0.05,7000,6078300,"B"
"DXG","14:04:13",18.7,0.05,2000,6071300,"B"
"DXG","14:04:05",18.7,0.05,1800,6069300,"B"
"DXG","14:04:01",18.7,0.05,100,6067500,"B"
"DXG","14:03:58",18.7,0.05,10000,6067400,"B"
"DXG","14:03:55",18.7,0.05,10300,6057400,"B"
"DXG","14:03:55",18.7,0.05,22700,6047100,"B"
"DXG","14:03:45",18.7,0.05,100,6024400,"B"
"DXG","14:03:32",18.7,0.05,1800,6024300,"B"
"DXG","14:02:59",18.7,0.05,1700,6022500,"B"
"DXG","14:02:55",18.75,0.1,2000,6020800,"S"
"DXG","14:02:53",18.75,0.1,300,6018800,"S"
"DXG","14:02:45",18.7,0.05,2000,6018500,"B"
"DXG","14:02:27",18.7,0.05,1700,6016500,"B"
"DXG","14:02:18",18.75,0.1,1000,6014800,"S"
"DXG","14:02:07",18.75,0.1,100,6013800,"S"
"DXG","14:01:52",18.7,0.05,1700,6013700,"B"
"DXG","14:01:49",18.7,0.05,100,6012000,"B"
"DXG","14:01:47",18.7,0.05,2000,6011900,"B"
"DXG","14:01:45",18.7,0.05,100,6009900,"B"
"DXG","14:01:18",18.7,0.05,1700,6009800,"B"
"DXG","14:01:18",18.75,0.1,100,6008100,"S"
"DXG","14:01:17",18.75,0.1,2000,6008000,"S"
"DXG","14:01:14",18.75,0.1,1500,6006000,"S"
"DXG","14:01:09",18.7,0.05,100,6004500,"B"
"DXG","14:01:07",18.75,0.1,600,6004400,"S"
"DXG","14:00:52",18.75,0.1,500,6003800,"S"
"DXG","14:00:45",18.7,0.05,1700,6003300,"B"
"DXG","14:00:36",18.75,0.1,2000,6001600,"S"
"DXG","14:00:32",18.75,0.1,1400,5999600,"S"
"DXG","14:00:25",18.75,0.1,200,5998200,"S"
"DXG","14:00:15",18.7,0.05,200,5998000,"B"
"DXG","14:00:12",18.7,0.05,1700,5997800,"B"
"DXG","14:00:07",18.75,0.1,100,5996100,"S"
"DXG","13:59:58",18.75,0.1,2000,5996000,"S"
"DXG","13:59:53",18.75,0.1,1500,5994000,"S"
"DXG","13:59:39",18.7,0.05,1700,5992500,"B"
"DXG","13:59:24",18.75,0.1,5000,5990800,"S"
"DXG","13:59:22",18.7,0.05,200,5985800,"B"
"DXG","13:59:07",18.7,0.05,1700,5985600,"B"
"DXG","13:58:49",18.7,0.05,1000,5983900,"B"
"DXG","13:58:33",18.7,0.05,1700,5982900,"B"
"DXG","13:58:25",18.75,0.1,2000,5981200,"S"
"DXG","13:58:10",18.7,0.05,10000,5979200,"B"
"DXG","13:58:00",18.7,0.05,1700,5969200,"B"
"DXG","13:57:52",18.7,0.05,100,5967500,"B"
"DXG","13:57:43",18.7,0.05,500,5967400,"B"
"DXG","13:57:35",18.7,0.05,100,5966900,"B"
"DXG","13:57:26",18.7,0.05,1700,5966800,"B"
"DXG","13:57:18",18.7,0.05,5000,5965100,"B"
"DXG","13:57:13",18.75,0.1,200,5960100,"S"
"DXG","13:57:08",18.7,0.05,200,5959900,"B"
"DXG","13:57:06",18.7,0.05,700,5959700,"B"
"DXG","13:57:06",18.75,0.1,5000,5959000,"S"
"DXG","13:56:54",18.7,0.05,1700,5954000,"B"
"DXG","13:56:53",18.7,0.05,8000,5952300,"B"
"DXG","13:56:52",18.7,0.05,600,5944300,"B"
"DXG","13:56:48",18.7,0.05,400,5943700,"S"
"DXG","13:56:47",18.7,0.05,10500,5943300,"S"
"DXG","13:56:44",18.7,0.05,20500,5932800,"S"
"DXG","13:56:43",18.7,0.05,2000,5912300,"S"
"DXG","13:56:42",18.7,0.05,1400,5910300,"S"
"DXG","13:56:41",18.7,0.05,300,5908900,"S"
"DXG","13:56:40",18.7,0.05,3400,5908600,"S"
"DXG","13:56:39",18.7,0.05,500,5905200,"S"
"DXG","13:56:38",18.7,0.05,1000,5904700,"S"
"DXG","13:56:37",18.7,0.05,300,5903700,"S"
"DXG","13:56:36",18.7,0.05,700,5903400,"S"
"DXG","13:56:35",18.7,0.05,1500,5902700,"S"
"DXG","13:56:34",18.7,0.05,3000,5901200,"S"
"DXG","13:56:33",18.7,0.05,17800,5898200,"S"
"DXG","13:56:32",18.7,0.05,1500,5880400,"S"
"DXG","13:56:31",18.7,0.05,5000,5878900,"S"
"DXG","13:56:30",18.7,0.05,100,5873900,"S"
"DXG","13:56:24",18.7,0.05,10000,5873800,"S"
"DXG","13:56:23",18.7,0.05,2000,5863800,"S"
"DXG","13:56:23",18.7,0.05,500,5861800,"S"
"DXG","13:56:20",18.65,0,1700,5861300,"B"
"DXG","13:56:19",18.7,0.05,300,5859600,"S"
"DXG","13:56:17",18.7,0.05,3500,5859300,"S"
"DXG","13:56:14",18.7,0.05,10000,5855800,"S"
"DXG","13:56:11",18.7,0.05,600,5845800,"S"
"DXG","13:55:57",18.65,0,100,5845200,"B"
"DXG","13:55:47",18.65,0,1700,5845100,"B"
"DXG","13:55:41",18.65,0,500,5843400,"B"
"DXG","13:55:13",18.65,0,1700,5842900,"B"
"DXG","13:55:11",18.7,0.05,1000,5841200,"S"
"DXG","13:55:08",18.7,0.05,2000,5840200,"S"
"DXG","13:55:02",18.7,0.05,1000,5838200,"S"
"DXG","13:54:51",18.7,0.05,1000,5837200,"S"
"DXG","13:54:44",18.7,0.05,100,5836200,"S"
"DXG","13:54:42",18.7,0.05,200,5836100,"S"
"DXG","13:54:40",18.65,0,1700,5835900,"B"
"DXG","13:54:33",18.7,0.05,5000,5834200,"S"
"DXG","13:54:28",18.7,0.05,5000,5829200,"S"
"DXG","13:54:28",18.65,0,2000,5824200,"B"
"DXG","13:54:07",18.65,0,1700,5822200,"B"
"DXG","13:53:55",18.65,0,900,5820500,"B"
"DXG","13:53:33",18.65,0,6700,5819600,"B"
"DXG","13:53:31",18.7,0.05,100,5812900,"S"
"DXG","13:53:20",18.7,0.05,1000,5812800,"S"
"DXG","13:53:12",18.7,0.05,2000,5811800,"S"
"DXG","13:53:10",18.7,0.05,100,5809800,"S"
"DXG","13:53:05",18.7,0.05,100,5809700,"S"
"DXG","13:53:04",18.7,0.05,1000,5809600,"S"
"DXG","13:53:02",18.7,0.05,1000,5808600,"S"
"DXG","13:53:00",18.7,0.05,200,5807600,"S"
"DXG","13:53:00",18.65,0,1600,5807400,"B"
"DXG","13:52:59",18.7,0.05,500,5805800,"S"
"DXG","13:52:50",18.65,0,300,5805300,"B"
"DXG","13:52:48",18.7,0.05,1000,5805000,"S"
"DXG","13:52:40",18.7,0.05,2000,5804000,"S"
"DXG","13:52:29",18.65,0,1600,5802000,"B"
"DXG","13:52:09",18.7,0.05,5000,5800400,"S"
"DXG","13:52:08",18.7,0.05,700,5795400,"S"
"DXG","13:51:55",18.7,0.05,3000,5794700,"S"
"DXG","13:51:53",18.65,0,1600,5791700,"B"
"DXG","13:51:47",18.7,0.05,1000,5790100,"S"
"DXG","13:51:44",18.65,0,500,5789100,"B"
"DXG","13:51:38",18.65,0,1000,5788600,"B"
"DXG","13:51:36",18.7,0.05,1000,5786600,"B"
"DXG","13:51:28",18.65,0,3300,5785600,"B"
"DXG","13:51:28",18.7,0.05,2700,5782300,"B"
"DXG","13:51:25",18.7,0.05,300,5779600,"S"
"DXG","13:51:24",18.7,0.05,200,5779300,"B"
"DXG","13:51:21",18.7,0.05,1600,5779100,"B"
"DXG","13:51:13",18.7,0.05,800,5777500,"S"
"DXG","13:51:01",18.7,0.05,400,5776700,"S"
"DXG","13:50:58",18.7,0.05,5100,5776300,"S"
"DXG","13:50:53",18.7,0.05,500,5771200,"S"
"DXG","13:50:47",18.65,0,1600,5770700,"B"
"DXG","13:50:46",18.7,0.05,100,5769100,"B"
"DXG","13:50:34",18.7,0.05,3600,5769000,"B"
"DXG","13:50:30",18.7,0.05,300,5765400,"B"
"DXG","13:50:19",18.75,0.1,500,5765100,"S"
"DXG","13:50:14",18.65,0,1600,5764600,"B"
"DXG","13:50:08",18.75,0.1,400,5763000,"S"
"DXG","13:50:08",18.7,0.05,4600,5762600,"S"
"DXG","13:50:05",18.7,0.05,1000,5758000,"S"
"DXG","13:50:04",18.7,0.05,1100,5757000,"S"
"DXG","13:50:04",18.7,0.05,43300,5755900,"B"
"DXG","13:49:58",18.75,0.1,100,5712600,"S"
"DXG","13:49:49",18.75,0.1,3000,5712500,"S"
"DXG","13:49:49",18.7,0.05,58600,5709500,"B"
"DXG","13:49:47",18.75,0.1,10000,5650900,"S"
"DXG","13:49:41",18.75,0.1,3000,5640900,"S"
"DXG","13:49:41",18.7,0.05,1600,5637900,"B"
"DXG","13:49:35",18.7,0.05,100,5636300,"B"
"DXG","13:49:13",18.7,0.05,800,5636200,"B"
"DXG","13:49:08",18.7,0.05,1600,5635400,"B"
"DXG","13:49:07",18.75,0.1,500,5633800,"S"
"DXG","13:48:59",18.7,0.05,600,5633300,"B"
"DXG","13:48:58",18.75,0.1,4300,5632700,"S"
"DXG","13:48:57",18.75,0.1,100,5628400,"S"
"DXG","13:48:52",18.75,0.1,500,5628300,"S"
"DXG","13:48:49",18.75,0.1,3000,5627800,"S"
"DXG","13:48:47",18.75,0.1,600,5624800,"S"
"DXG","13:48:45",18.75,0.1,300,5624200,"S"
"DXG","13:48:43",18.75,0.1,4500,5623900,"B"
"DXG","13:48:42",18.75,0.1,10500,5619400,"B"
"DXG","13:48:38",18.75,0.1,1000,5608900,"B"
"DXG","13:48:37",18.75,0.1,2000,5607900,"B"
"DXG","13:48:36",18.75,0.1,1000,5605900,"B"
"DXG","13:48:35",18.75,0.1,1700,5604900,"B"
"DXG","13:48:32",18.75,0.1,9000,5603200,"B"
"DXG","13:48:28",18.75,0.1,10000,5594200,"B"
"DXG","13:48:26",18.75,0.1,300,5584200,"B"
"DXG","13:48:25",18.8,0.15,2000,5583900,"S"
"DXG","13:48:22",18.75,0.1,15500,5581900,"B"
"DXG","13:48:19",18.75,0.1,5000,5566400,"B"
"DXG","13:48:17",18.8,0.15,1000,5561400,"S"
"DXG","13:48:15",18.75,0.1,5000,5560400,"B"
"DXG","13:48:13",18.75,0.1,200,5555400,"B"
"DXG","13:48:12",18.75,0.1,3000,5555200,"B"
"DXG","13:48:06",18.75,0.1,100,5552200,"B"
"DXG","13:48:01",18.75,0.1,1600,5552100,"B"
"DXG","13:47:51",18.75,0.1,400,5550500,"B"
"DXG","13:47:46",18.8,0.15,1700,5550100,"S"
"DXG","13:47:45",18.8,0.15,1000,5548400,"S"
"DXG","13:47:44",18.8,0.15,25500,5547400,"S"
"DXG","13:47:41",18.8,0.15,1600,5521900,"S"
"DXG","13:47:38",18.8,0.15,5000,5520300,"S"
"DXG","13:47:36",18.8,0.15,20000,5515300,"S"
"DXG","13:47:35",18.8,0.15,300,5495300,"S"
"DXG","13:47:33",18.8,0.15,1000,5495000,"S"
"DXG","13:47:31",18.75,0.1,2000,5494000,"B"
"DXG","13:47:30",18.8,0.15,10000,5492000,"S"
"DXG","13:47:29",18.75,0.1,1600,5482000,"B"
"DXG","13:47:27",18.8,0.15,400,5480400,"S"
"DXG","13:47:26",18.8,0.15,100,5480000,"S"
"DXG","13:47:20",18.8,0.15,5000,5479900,"S"
"DXG","13:47:15",18.8,0.15,1000,5474900,"S"
"DXG","13:47:10",18.75,0.1,2000,5473900,"B"
"DXG","13:47:09",18.75,0.1,500,5471900,"B"
"DXG","13:47:06",18.8,0.15,200,5471400,"S"
"DXG","13:46:59",18.8,0.15,500,5471200,"S"
"DXG","13:46:54",18.75,0.1,1600,5470700,"B"
"DXG","13:46:53",18.8,0.15,500,5469100,"S"
"DXG","13:46:51",18.75,0.1,1000,5468600,"B"
"DXG","13:46:50",18.8,0.15,20000,5467600,"S"
"DXG","13:46:47",18.8,0.15,100,5447600,"S"
"DXG","13:46:45",18.8,0.15,300,5447500,"S"
"DXG","13:46:45",18.8,0.15,5000,5447200,"S"
"DXG","13:46:41",18.8,0.15,10000,5442200,"S"
"DXG","13:46:37",18.8,0.15,2000,5432200,"S"
"DXG","13:46:35",18.8,0.15,200,5430200,"S"
"DXG","13:46:33",18.8,0.15,100,5430000,"S"
"DXG","13:46:32",18.8,0.15,200,5429900,"S"
"DXG","13:46:32",18.8,0.15,5000,5429700,"S"
"DXG","13:46:23",18.8,0.15,1000,5424700,"S"
"DXG","13:46:22",18.75,0.1,1600,5423700,"B"
"DXG","13:46:20",18.8,0.15,100,5422100,"S"
"DXG","13:46:18",18.8,0.15,300,5422000,"S"
"DXG","13:46:16",18.8,0.15,200,5421700,"S"
"DXG","13:46:11",18.8,0.15,500,5421500,"S"
"DXG","13:46:10",18.8,0.15,6300,5421000,"B"
"DXG","13:46:10",18.8,0.15,5000,5414700,"B"
"DXG","13:46:09",18.8,0.15,1000,5409700,"B"
"DXG","13:46:08",18.8,0.15,4900,5408700,"S"
"DXG","13:46:07",18.8,0.15,7000,5403800,"S"
"DXG","13:46:03",18.8,0.15,1000,5396800,"S"
"DXG","13:46:02",18.8,0.15,30000,5395800,"S"
"DXG","13:46:00",18.8,0.15,3800,5365800,"B"
"DXG","13:45:59",18.8,0.15,11100,5362000,"B"
"DXG","13:45:58",18.8,0.15,2300,5350900,"S"
"DXG","13:45:57",18.8,0.15,2000,5348600,"S"
"DXG","13:45:56",18.8,0.15,300,5346600,"S"
"DXG","13:45:56",18.8,0.15,4000,5346300,"S"
"DXG","13:45:55",18.8,0.15,6000,5342300,"S"
"DXG","13:45:53",18.8,0.15,6600,5336300,"S"
"DXG","13:45:51",18.8,0.15,10500,5329700,"S"
"DXG","13:45:50",18.8,0.15,10000,5319200,"S"
"DXG","13:45:48",18.8,0.15,10000,5309200,"S"
"DXG","13:45:48",18.75,0.1,1600,5299200,"B"
"DXG","13:45:46",18.8,0.15,10000,5297600,"S"
"DXG","13:45:45",18.8,0.15,5200,5287600,"S"
"DXG","13:45:44",18.8,0.15,2000,5282400,"S"
"DXG","13:45:42",18.8,0.15,800,5280400,"S"
"DXG","13:45:40",18.8,0.15,10500,5279600,"S"
"DXG","13:45:38",18.8,0.15,800,5269100,"S"
"DXG","13:45:37",18.8,0.15,1000,5268300,"S"
"DXG","13:45:35",18.8,0.15,1000,5267300,"S"
"DXG","13:45:33",18.8,0.15,1000,5266300,"S"
"DXG","13:45:33",18.8,0.15,1500,5265300,"S"
"DXG","13:45:32",18.8,0.15,5900,5263800,"S"
"DXG","13:45:30",18.8,0.15,100,5257900,"S"
"DXG","13:45:21",18.8,0.15,5000,5257800,"S"
"DXG","13:45:16",18.8,0.15,600,5252800,"S"
"DXG","13:45:15",18.75,0.1,1700,5252200,"B"
"DXG","13:45:14",18.8,0.15,7200,5250500,"S"
"DXG","13:45:10",18.8,0.15,50900,5243300,"S"
"DXG","13:45:09",18.8,0.15,9100,5192400,"S"
"DXG","13:45:05",18.75,0.1,100,5183300,"B"
"DXG","13:45:00",18.75,0.1,1600,5183200,"B"
"DXG","13:44:59",18.8,0.15,5000,5181600,"S"
"DXG","13:44:58",18.8,0.15,1000,5176600,"S"
"DXG","13:44:56",18.8,0.15,10000,5175600,"S"
"DXG","13:44:51",18.8,0.15,500,5165600,"S"
"DXG","13:44:50",18.8,0.15,1400,5165100,"S"
"DXG","13:44:47",18.75,0.1,300,5163700,"B"
"DXG","13:44:45",18.75,0.1,1600,5163400,"B"
"DXG","13:44:42",18.75,0.1,100,5161800,"B"
"DXG","13:44:35",18.75,0.1,2500,5161700,"S"
"DXG","13:44:34",18.75,0.1,400,5159200,"S"
"DXG","13:44:32",18.75,0.1,30000,5158800,"S"
"DXG","13:44:31",18.75,0.1,4000,5128800,"S"
"DXG","13:44:31",18.7,0.05,1600,5124800,"B"
"DXG","13:44:29",18.75,0.1,700,5123200,"S"
"DXG","13:44:29",18.75,0.1,1500,5122500,"S"
"DXG","13:44:28",18.75,0.1,3000,5121000,"S"
"DXG","13:44:27",18.75,0.1,500,5118000,"S"
"DXG","13:44:24",18.75,0.1,2500,5117500,"S"
"DXG","13:44:23",18.75,0.1,1000,5115000,"S"
"DXG","13:44:23",18.7,0.05,200,5114000,"B"
"DXG","13:44:22",18.75,0.1,1000,5113800,"S"
"DXG","13:44:19",18.75,0.1,1000,5112800,"S"
"DXG","13:44:15",18.7,0.05,1600,5111800,"B"
"DXG","13:44:00",18.7,0.05,1600,5110200,"B"
"DXG","13:43:59",18.75,0.1,3000,5108600,"S"
"DXG","13:43:58",18.75,0.1,4200,5105600,"S"
"DXG","13:43:53",18.75,0.1,500,5101400,"S"
"DXG","13:43:44",18.7,0.05,1600,5100900,"B"
"DXG","13:43:32",18.7,0.05,400,5099300,"S"
"DXG","13:43:31",18.7,0.05,10000,5098900,"S"
"DXG","13:43:29",18.7,0.05,1000,5088900,"S"
"DXG","13:43:29",18.7,0.05,2600,5087900,"S"
"DXG","13:43:28",18.7,0.05,1200,5085300,"S"
"DXG","13:43:27",18.65,0,1600,5084100,"B"
"DXG","13:43:24",18.7,0.05,50000,5082500,"S"
"DXG","13:43:14",18.7,0.05,200,5032500,"S"
"DXG","13:43:13",18.65,0,1500,5032300,"B"
"DXG","13:43:12",18.7,0.05,5000,5030800,"S"
"DXG","13:43:10",18.7,0.05,1000,5025800,"S"
"DXG","13:42:42",18.65,0,1000,5024800,"B"
"DXG","13:42:39",18.65,0,1500,5023800,"B"
"DXG","13:42:36",18.7,0.05,1000,5022300,"S"
"DXG","13:42:09",18.7,0.05,10000,5021300,"S"
"DXG","13:42:09",18.65,0,3000,5011300,"S"
"DXG","13:42:08",18.65,0,3000,5008300,"S"
"DXG","13:42:06",18.65,0,9300,5005300,"S"
"DXG","13:42:06",18.6,-0.05,1500,4996000,"B"
"DXG","13:42:04",18.65,0,10000,4994500,"S"
"DXG","13:42:03",18.65,0,4000,4984500,"S"
"DXG","13:42:01",18.65,0,1500,4980500,"S"
"DXG","13:42:00",18.65,0,300,4979000,"S"
"DXG","13:41:58",18.65,0,100,4978700,"S"
"DXG","13:41:56",18.65,0,1300,4978600,"S"
"DXG","13:41:55",18.65,0,100,4977300,"S"
"DXG","13:41:48",18.65,0,1000,4977200,"S"
"DXG","13:41:46",18.65,0,500,4976200,"S"
"DXG","13:41:43",18.65,0,400,4975700,"S"
"DXG","13:41:42",18.65,0,2000,4975300,"S"
"DXG","13:41:40",18.65,0,100,4973300,"S"
"DXG","13:41:34",18.65,0,100,4973200,"S"
"DXG","13:41:33",18.6,-0.05,1500,4973100,"B"
"DXG","13:41:32",18.65,0,2200,4971600,"S"
"DXG","13:41:29",18.65,0,100,4969400,"S"
"DXG","13:41:25",18.65,0,500,4969300,"S"
"DXG","13:41:20",18.65,0,500,4968800,"S"
"DXG","13:41:16",18.65,0,100,4968300,"S"
"DXG","13:41:13",18.65,0,20000,4968200,"S"
"DXG","13:41:12",18.65,0,5000,4948200,"S"
"DXG","13:41:04",18.65,0,300,4943200,"S"
"DXG","13:41:02",18.65,0,2000,4942900,"S"
"DXG","13:41:00",18.6,-0.05,1400,4940900,"B"
"DXG","13:40:51",18.65,0,3000,4939500,"S"
"DXG","13:40:29",18.6,-0.05,1400,4936500,"B"
"DXG","13:40:25",18.6,-0.05,1700,4935100,"B"
"DXG","13:40:20",18.65,0,600,4933400,"S"
"DXG","13:40:13",18.6,-0.05,1000,4932800,"B"
"DXG","13:40:06",18.65,0,800,4931800,"S"
"DXG","13:39:56",18.6,-0.05,1400,4931000,"B"
"DXG","13:39:33",18.65,0,500,4929600,"S"
"DXG","13:39:33",18.6,-0.05,3000,4929100,"B"
"DXG","13:39:27",18.65,0,100,4926100,"S"
"DXG","13:39:20",18.6,-0.05,1400,4926000,"B"
"DXG","13:39:11",18.65,0,5000,4924600,"S"
"DXG","13:39:04",18.6,-0.05,400,4919600,"B"
"DXG","13:38:47",18.6,-0.05,1400,4919200,"B"
"DXG","13:38:40",18.65,0,1000,4917800,"S"
"DXG","13:38:40",18.6,-0.05,2200,4916800,"B"
"DXG","13:38:33",18.6,-0.05,1000,4914600,"B"
"DXG","13:38:29",18.65,0,100,4913600,"S"
"DXG","13:38:26",18.6,-0.05,2500,4913500,"B"
"DXG","13:38:15",18.6,-0.05,300,4911000,"B"
"DXG","13:38:14",18.6,-0.05,1400,4910700,"B"
"DXG","13:38:04",18.6,-0.05,4000,4909300,"B"
"DXG","13:37:52",18.6,-0.05,200,4905300,"B"
"DXG","13:37:41",18.6,-0.05,1400,4905100,"B"
"DXG","13:37:27",18.65,0,100,4903700,"S"
"DXG","13:37:08",18.6,-0.05,1400,4903600,"B"
"DXG","13:37:06",18.6,-0.05,1700,4902200,"B"
"DXG","13:36:47",18.6,-0.05,1700,4900500,"B"
"DXG","13:36:46",18.6,-0.05,100,4898800,"B"
"DXG","13:36:43",18.6,-0.05,20000,4898700,"B"
"DXG","13:36:36",18.6,-0.05,300,4878700,"B"
"DXG","13:36:34",18.6,-0.05,1400,4878400,"B"
"DXG","13:36:32",18.6,-0.05,4000,4877000,"S"
"DXG","13:36:19",18.6,-0.05,100,4873000,"S"
"DXG","13:36:14",18.6,-0.05,2500,4872900,"B"
"DXG","13:36:14",18.6,-0.05,12200,4870400,"B"
"DXG","13:36:13",18.6,-0.05,1500,4858200,"B"
"DXG","13:36:08",18.6,-0.05,7400,4856700,"B"
"DXG","13:36:06",18.6,-0.05,100,4849300,"B"
"DXG","13:36:04",18.6,-0.05,3100,4849200,"B"
"DXG","13:36:03",18.6,-0.05,2400,4846100,"B"
"DXG","13:35:58",18.6,-0.05,16200,4843700,"B"
"DXG","13:35:51",18.6,-0.05,4600,4827500,"B"
"DXG","13:35:51",18.6,-0.05,5400,4822900,"B"
"DXG","13:35:46",18.6,-0.05,12000,4817500,"B"
"DXG","13:35:28",18.6,-0.05,1400,4805500,"B"
"DXG","13:35:25",18.65,0,3000,4804100,"S"
"DXG","13:35:01",18.6,-0.05,1000,4801100,"B"
"DXG","13:34:56",18.6,-0.05,1400,4800100,"B"
"DXG","13:34:31",18.6,-0.05,12600,4798700,"B"
"DXG","13:34:31",18.6,-0.05,25800,4786100,"B"
"DXG","13:34:23",18.6,-0.05,1400,4760300,"B"
"DXG","13:34:14",18.65,0,2000,4758900,"S"
"DXG","13:34:09",18.6,-0.05,1000,4756900,"B"
"DXG","13:34:06",18.65,0,1700,4755900,"S"
"DXG","13:33:50",18.6,-0.05,1400,4754200,"B"
"DXG","13:33:37",18.6,-0.05,1000,4752800,"B"
"DXG","13:33:31",18.6,-0.05,800,4751800,"B"
"DXG","13:33:30",18.65,0,100,4751000,"S"
"DXG","13:33:17",18.6,-0.05,1400,4750900,"B"
"DXG","13:33:09",18.6,-0.05,2900,4749500,"B"
"DXG","13:32:43",18.6,-0.05,1400,4746600,"B"
"DXG","13:32:23",18.65,0,100,4745200,"S"
"DXG","13:32:14",18.65,0,2000,4745100,"S"
"DXG","13:32:10",18.6,-0.05,1400,4743100,"B"
"DXG","13:32:09",18.65,0,2000,4741700,"S"
"DXG","13:31:50",18.65,0,500,4739700,"S"
"DXG","13:31:44",18.65,0,100,4739200,"S"
"DXG","13:31:37",18.6,-0.05,1400,4739100,"B"
"DXG","13:31:37",18.65,0,300,4737700,"S"
"DXG","13:31:32",18.6,-0.05,1000,4737400,"B"
"DXG","13:31:30",18.6,-0.05,100,4736400,"B"
"DXG","13:31:20",18.6,-0.05,14000,4736300,"B"
"DXG","13:31:17",18.65,0,2900,4722300,"S"
"DXG","13:31:08",18.65,0,1000,4719400,"S"
"DXG","13:31:07",18.65,0,5200,4718400,"B"
"DXG","13:31:07",18.65,0,18000,4713200,"B"
"DXG","13:31:04",18.65,0,1400,4695200,"B"
"DXG","13:31:03",18.65,0,100,4693800,"B"
"DXG","13:30:45",18.65,0,1000,4693700,"B"
"DXG","13:30:36",18.65,0,100,4692700,"B"
"DXG","13:30:31",18.65,0,1400,4692600,"B"
"DXG","13:30:28",18.65,0,500,4691200,"B"
"DXG","13:30:16",18.65,0,100,4690700,"B"
"DXG","13:29:59",18.65,0,1400,4690600,"B"
"DXG","13:29:49",18.65,0,10000,4689200,"B"
"DXG","13:29:46",18.65,0,500,4679200,"B"
"DXG","13:29:40",18.7,0.05,1000,4678700,"S"
"DXG","13:29:28",18.65,0,100,4677700,"B"
"DXG","13:29:26",18.65,0,1400,4677600,"B"
"DXG","13:29:18",18.65,0,400,4676200,"S"
"DXG","13:29:16",18.65,0,1000,4675800,"S"
"DXG","13:29:12",18.65,0,5000,4674800,"S"
"DXG","13:29:10",18.65,0,1000,4669800,"S"
"DXG","13:29:05",18.65,0,10000,4668800,"S"
"DXG","13:29:01",18.65,0,100,4658800,"S"
"DXG","13:28:56",18.65,0,9000,4658700,"S"
"DXG","13:28:53",18.6,-0.05,1400,4649700,"B"
"DXG","13:28:52",18.65,0,500,4648300,"S"
"DXG","13:28:44",18.6,-0.05,1200,4647800,"B"
"DXG","13:28:21",18.6,-0.05,1400,4646600,"B"
"DXG","13:28:21",18.65,0,3000,4645200,"S"
"DXG","13:28:14",18.65,0,100,4642200,"S"
"DXG","13:28:05",18.65,0,100,4642100,"S"
"DXG","13:27:53",18.6,-0.05,1000,4642000,"B"
"DXG","13:27:53",18.65,0,7000,4641000,"S"
"DXG","13:27:49",18.6,-0.05,1400,4634000,"B"
"DXG","13:27:37",18.65,0,800,4632600,"S"
"DXG","13:27:32",18.65,0,100,4631800,"S"
"DXG","13:27:29",18.65,0,1000,4631700,"S"
"DXG","13:27:23",18.65,0,100,4630700,"S"
"DXG","13:27:16",18.6,-0.05,1400,4630600,"B"
"DXG","13:27:15",18.65,0,2000,4629200,"S"
"DXG","13:27:11",18.65,0,100,4627200,"S"
"DXG","13:27:10",18.65,0,100,4627100,"S"
"DXG","13:27:03",18.65,0,30000,4627000,"S"
"DXG","13:26:59",18.6,-0.05,500,4597000,"B"
"DXG","13:26:51",18.65,0,800,4596500,"S"
"DXG","13:26:44",18.6,-0.05,1400,4595700,"B"
"DXG","13:26:36",18.65,0,1000,4594300,"S"
"DXG","13:26:16",18.65,0,300,4593300,"S"
"DXG","13:26:13",18.65,0,100,4593000,"S"
"DXG","13:26:12",18.65,0,100,4592900,"S"
"DXG","13:26:11",18.6,-0.05,1400,4592800,"B"
"DXG","13:26:02",18.65,0,2000,4591400,"S"
"DXG","13:25:39",18.6,-0.05,1400,4589400,"B"
"DXG","13:25:36",18.65,0,1000,4588000,"S"
"DXG","13:25:30",18.65,0,500,4587000,"S"
"DXG","13:25:29",18.65,0,11300,4586500,"S"
"DXG","13:25:28",18.65,0,1000,4575200,"S"
"DXG","13:25:26",18.65,0,500,4574200,"S"
"DXG","13:25:24",18.65,0,1000,4573700,"S"
"DXG","13:25:22",18.65,0,10000,4572700,"S"
"DXG","13:25:19",18.65,0,1600,4562700,"S"
"DXG","13:25:11",18.65,0,10000,4561100,"S"
"DXG","13:25:06",18.6,-0.05,1400,4551100,"B"
"DXG","13:25:02",18.65,0,500,4549700,"S"
"DXG","13:25:00",18.65,0,1000,4549200,"S"
"DXG","13:24:57",18.65,0,100,4548200,"S"
"DXG","13:24:49",18.65,0,300,4548100,"S"
"DXG","13:24:49",18.6,-0.05,200,4547800,"B"
"DXG","13:24:48",18.65,0,500,4547600,"S"
"DXG","13:24:46",18.65,0,100,4547100,"S"
"DXG","13:24:38",18.65,0,100,4547000,"S"
"DXG","13:24:33",18.6,-0.05,1400,4546900,"B"
"DXG","13:24:31",18.6,-0.05,100,4545500,"B"
"DXG","13:24:17",18.6,-0.05,10000,4545400,"S"
"DXG","13:24:09",18.6,-0.05,100,4535400,"S"
"DXG","13:24:08",18.55,-0.1,2000,4535300,"B"
"DXG","13:24:05",18.6,-0.05,100,4533300,"S"
"DXG","13:24:00",18.55,-0.1,1400,4533200,"B"
"DXG","13:23:45",18.55,-0.1,27400,4531800,"S"
"DXG","13:23:44",18.55,-0.1,3100,4504400,"S"
"DXG","13:23:43",18.55,-0.1,200,4501300,"S"
"DXG","13:23:43",18.55,-0.1,5000,4501100,"S"
"DXG","13:23:42",18.55,-0.1,100,4496100,"S"
"DXG","13:23:42",18.55,-0.1,12000,4496000,"S"
"DXG","13:23:41",18.55,-0.1,1000,4484000,"S"
"DXG","13:23:40",18.55,-0.1,100,4483000,"S"
"DXG","13:23:37",18.55,-0.1,5000,4482900,"S"
"DXG","13:23:36",18.55,-0.1,100,4477900,"S"
"DXG","13:23:36",18.55,-0.1,200,4477800,"S"
"DXG","13:23:35",18.55,-0.1,500,4477600,"S"
"DXG","13:23:34",18.55,-0.1,5000,4477100,"S"
"DXG","13:23:28",18.5,-0.15,1400,4472100,"B"
"DXG","13:23:28",18.55,-0.1,100,4470700,"S"
"DXG","13:23:27",18.55,-0.1,400,4470600,"S"
"DXG","13:23:24",18.55,-0.1,200,4470200,"S"
"DXG","13:23:20",18.55,-0.1,1000,4470000,"S"
"DXG","13:23:19",18.55,-0.1,200,4469000,"S"
"DXG","13:23:16",18.55,-0.1,1000,4468800,"S"
"DXG","13:23:11",18.5,-0.15,2000,4467800,"B"
"DXG","13:23:09",18.55,-0.1,400,4465800,"S"
"DXG","13:23:04",18.5,-0.15,100,4465400,"B"
"DXG","13:23:04",18.55,-0.1,10000,4465300,"S"
"DXG","13:22:59",18.55,-0.1,300,4455300,"S"
"DXG","13:22:55",18.55,-0.1,1600,4455000,"S"
"DXG","13:22:54",18.5,-0.15,1400,4453400,"B"
"DXG","13:22:54",18.55,-0.1,300,4452000,"S"
"DXG","13:22:48",18.55,-0.1,300,4451700,"S"
"DXG","13:22:46",18.55,-0.1,500,4451400,"S"
"DXG","13:22:45",18.55,-0.1,800,4450900,"S"
"DXG","13:22:44",18.55,-0.1,100,4450100,"S"
"DXG","13:22:33",18.55,-0.1,1000,4450000,"S"
"DXG","13:22:32",18.55,-0.1,2000,4449000,"S"
"DXG","13:22:31",18.55,-0.1,1000,4447000,"S"
"DXG","13:22:23",18.5,-0.15,800,4446000,"B"
"DXG","13:22:22",18.5,-0.15,1400,4445200,"B"
"DXG","13:22:21",18.55,-0.1,300,4443800,"S"
"DXG","13:22:20",18.55,-0.1,1000,4443500,"S"
"DXG","13:22:03",18.5,-0.15,100,4442500,"B"
"DXG","13:21:56",18.55,-0.1,200,4442400,"S"
"DXG","13:21:53",18.5,-0.15,5000,4442200,"B"
"DXG","13:21:52",18.5,-0.15,1000,4437200,"B"
"DXG","13:21:49",18.5,-0.15,1400,4436200,"B"
"DXG","13:21:45",18.5,-0.15,600,4434800,"B"
"DXG","13:21:36",18.5,-0.15,200,4434200,"B"
"DXG","13:21:30",18.5,-0.15,3000,4434000,"B"
"DXG","13:21:27",18.5,-0.15,14000,4431000,"B"
"DXG","13:21:25",18.55,-0.1,100,4417000,"S"
"DXG","13:21:17",18.5,-0.15,1400,4416900,"B"
"DXG","13:21:16",18.5,-0.15,100,4415500,"B"
"DXG","13:21:09",18.5,-0.15,5000,4415400,"B"
"DXG","13:21:02",18.5,-0.15,9000,4410400,"B"
"DXG","13:21:02",18.55,-0.1,100,4401400,"S"
"DXG","13:20:58",18.55,-0.1,1000,4401300,"S"
"DXG","13:20:56",18.55,-0.1,100,4400300,"S"
"DXG","13:20:46",18.55,-0.1,1900,4400200,"S"
"DXG","13:20:45",18.5,-0.15,1400,4398300,"B"
"DXG","13:20:43",18.55,-0.1,400,4396900,"S"
"DXG","13:20:42",18.55,-0.1,500,4396500,"S"
"DXG","13:20:27",18.55,-0.1,500,4396000,"S"
"DXG","13:20:22",18.5,-0.15,300,4395500,"B"
"DXG","13:20:20",18.55,-0.1,1500,4395200,"S"
"DXG","13:20:12",18.5,-0.15,1000,4393700,"B"
"DXG","13:20:11",18.5,-0.15,1400,4392700,"B"
"DXG","13:20:08",18.55,-0.1,700,4391300,"S"
"DXG","13:20:04",18.55,-0.1,300,4390600,"S"
"DXG","13:20:02",18.55,-0.1,100,4390300,"S"
"DXG","13:19:58",18.55,-0.1,100,4390200,"S"
"DXG","13:19:56",18.55,-0.1,500,4390100,"S"
"DXG","13:19:55",18.55,-0.1,21300,4389600,"B"
"DXG","13:19:48",18.55,-0.1,100,4368300,"S"
"DXG","13:19:40",18.55,-0.1,500,4368200,"B"
"DXG","13:19:40",18.5,-0.15,1100,4367700,"B"
"DXG","13:19:40",18.55,-0.1,100,4366600,"B"
"DXG","13:19:39",18.55,-0.1,200,4366500,"B"
"DXG","13:19:30",18.5,-0.15,4100,4366300,"B"
"DXG","13:19:30",18.55,-0.1,900,4362200,"B"
"DXG","13:19:24",18.6,-0.05,3700,4361300,"S"
"DXG","13:19:24",18.55,-0.1,1300,4357600,"S"
"DXG","13:19:23",18.5,-0.15,15000,4356300,"B"
"DXG","13:19:22",18.55,-0.1,100,4341300,"S"
"DXG","13:19:20",18.5,-0.15,100,4341200,"B"
"DXG","13:19:10",18.55,-0.1,200,4341100,"S"
"DXG","13:19:09",18.55,-0.1,100,4340900,"S"
"DXG","13:19:07",18.5,-0.15,400,4340800,"B"
"DXG","13:19:07",18.55,-0.1,31000,4340400,"B"
"DXG","13:19:04",18.55,-0.1,44000,4309400,"B"
"DXG","13:18:58",18.6,-0.05,2900,4265400,"S"
"DXG","13:18:57",18.6,-0.05,100,4262500,"S"
"DXG","13:18:47",18.6,-0.05,100,4262400,"S"
"DXG","13:18:41",18.6,-0.05,900,4262300,"S"
"DXG","13:18:34",18.55,-0.1,1500,4261400,"B"
"DXG","13:18:25",18.6,-0.05,300,4259900,"S"
"DXG","13:18:24",18.6,-0.05,100,4259600,"S"
"DXG","13:18:22",18.6,-0.05,3900,4259500,"B"
"DXG","13:18:22",18.6,-0.05,1800,4255600,"B"
"DXG","13:18:21",18.6,-0.05,2400,4253800,"B"
"DXG","13:18:19",18.6,-0.05,1400,4251400,"B"
"DXG","13:18:07",18.6,-0.05,500,4250000,"B"
"DXG","13:18:06",18.65,0,200,4249500,"S"
"DXG","13:18:02",18.55,-0.1,100,4249300,"B"
"DXG","13:17:47",18.55,-0.1,200,4249200,"B"
"DXG","13:17:46",18.55,-0.1,1400,4249000,"B"
"DXG","13:17:42",18.55,-0.1,5000,4247600,"B"
"DXG","13:17:39",18.6,-0.05,4000,4242600,"S"
"DXG","13:17:13",18.55,-0.1,1300,4238600,"B"
"DXG","13:17:13",18.6,-0.05,100,4237300,"B"
"DXG","13:17:09",18.6,-0.05,14500,4237200,"B"
"DXG","13:17:02",18.6,-0.05,1300,4222700,"B"
"DXG","13:16:39",18.6,-0.05,1400,4221400,"B"
"DXG","13:16:38",18.6,-0.05,100,4220000,"B"
"DXG","13:16:23",18.6,-0.05,4200,4219900,"B"
"DXG","13:16:20",18.65,0,100,4215700,"S"
"DXG","13:16:11",18.65,0,1000,4215600,"S"
"DXG","13:16:07",18.55,-0.1,1000,4214600,"B"
"DXG","13:16:07",18.6,-0.05,400,4213600,"B"
"DXG","13:15:57",18.65,0,23000,4213200,"B"
"DXG","13:15:52",18.7,0.05,200,4190200,"B"
"DXG","13:15:49",18.7,0.05,400,4190000,"B"
"DXG","13:15:40",18.7,0.05,2000,4189600,"B"
"DXG","13:15:38",18.7,0.05,200,4187600,"B"
"DXG","13:15:34",18.7,0.05,1400,4187400,"B"
"DXG","13:15:32",18.7,0.05,500,4186000,"B"
"DXG","13:15:31",18.7,0.05,300,4185500,"S"
"DXG","13:15:24",18.5,-0.15,2000,4185200,"B"
"DXG","13:15:21",18.75,0.1,200,4183200,"S"
"DXG","13:15:14",18.5,-0.15,1300,4183000,"B"
"DXG","13:15:11",18.5,-0.15,69900,4181700,"B"
"DXG","13:15:11",18.55,-0.1,67000,4111800,"B"
"DXG","13:15:11",18.7,0.05,1000,4044800,"B"
"DXG","13:15:11",18.55,-0.1,53200,4043800,"B"
"DXG","13:15:11",18.6,-0.05,125800,3990600,"B"
"DXG","13:15:11",18.65,0,211400,3864800,"B"
"DXG","13:15:11",18.7,0.05,109600,3653400,"B"
"DXG","13:15:01",18.7,0.05,1300,3543800,"B"
"DXG","13:14:58",18.7,0.05,1000,3542500,"B"
"DXG","13:14:58",18.75,0.1,10000,3541500,"S"
"DXG","13:14:51",18.75,0.1,1400,3531500,"S"
"DXG","13:14:51",18.75,0.1,2900,3530100,"S"
"DXG","13:14:40",18.75,0.1,10000,3527200,"S"
"DXG","13:14:32",18.75,0.1,10000,3517200,"S"
"DXG","13:14:28",18.7,0.05,1300,3507200,"B"
"DXG","13:14:18",18.75,0.1,14800,3505900,"B"
"DXG","13:14:16",18.75,0.1,5000,3491100,"B"
"DXG","13:14:14",18.75,0.1,100,3486100,"B"
"DXG","13:14:12",18.75,0.1,200,3486000,"B"
"DXG","13:14:05",18.75,0.1,1000,3485800,"B"
"DXG","13:14:02",18.75,0.1,500,3484800,"B"
"DXG","13:14:00",18.75,0.1,100,3484300,"B"
"DXG","13:13:55",18.75,0.1,7300,3484200,"B"
"DXG","13:13:53",18.75,0.1,1300,3476900,"S"
"DXG","13:13:50",18.75,0.1,1200,3475600,"B"
"DXG","13:13:49",18.75,0.1,2000,3474400,"B"
"DXG","13:13:47",18.75,0.1,2000,3472400,"B"
"DXG","13:13:45",18.75,0.1,100,3470400,"B"
"DXG","13:13:43",18.75,0.1,12700,3470300,"S"
"DXG","13:13:39",18.75,0.1,3700,3457600,"B"
"DXG","13:13:33",18.75,0.1,100,3453900,"B"
"DXG","13:13:30",18.75,0.1,5000,3453800,"B"
"DXG","13:13:23",18.75,0.1,7000,3448800,"B"
"DXG","13:13:22",18.75,0.1,1300,3441800,"B"
"DXG","13:13:13",18.75,0.1,45900,3440500,"S"
"DXG","13:12:53",18.75,0.1,1000,3394600,"S"
"DXG","13:12:52",18.75,0.1,1000,3393600,"S"
"DXG","13:12:50",18.75,0.1,3000,3392600,"S"
"DXG","13:12:49",18.7,0.05,1300,3389600,"B"
"DXG","13:12:47",18.75,0.1,100,3388300,"S"
"DXG","13:12:46",18.75,0.1,16900,3388200,"B"
"DXG","13:12:41",18.75,0.1,100,3371300,"B"
"DXG","13:12:38",18.8,0.15,100,3371200,"S"
"DXG","13:12:27",18.75,0.1,100,3371100,"B"
"DXG","13:12:18",18.8,0.15,2700,3371000,"S"
"DXG","13:12:17",18.75,0.1,1300,3368300,"B"
"DXG","13:12:10",18.75,0.1,100,3367000,"B"
"DXG","13:12:07",18.75,0.1,600,3366900,"B"
"DXG","13:12:06",18.75,0.1,3700,3366300,"S"
"DXG","13:12:05",18.75,0.1,20000,3362600,"S"
"DXG","13:11:55",18.75,0.1,500,3342600,"S"
"DXG","13:11:52",18.75,0.1,500,3342100,"S"
"DXG","13:11:51",18.75,0.1,10000,3341600,"S"
"DXG","13:11:43",18.7,0.05,1300,3331600,"B"
"DXG","13:11:40",18.75,0.1,10000,3330300,"S"
"DXG","13:11:34",18.7,0.05,1000,3320300,"B"
"DXG","13:11:33",18.75,0.1,800,3319300,"S"
"DXG","13:11:29",18.7,0.05,200,3309300,"B"
"DXG","13:11:21",18.7,0.05,1000,3309100,"B"
"DXG","13:11:11",18.7,0.05,1300,3308100,"B"
"DXG","13:10:37",18.7,0.05,1300,3306800,"B"
"DXG","13:10:26",18.7,0.05,1000,3305500,"B"
"DXG","13:10:25",18.7,0.05,100,3304500,"B"
"DXG","13:10:15",18.75,0.1,600,3304400,"S"
"DXG","13:10:05",18.7,0.05,1300,3303800,"B"
"DXG","13:09:33",18.7,0.05,1300,3302500,"B"
"DXG","13:09:31",18.75,0.1,4700,3301200,"S"
"DXG","13:09:26",18.7,0.05,100,3296500,"B"
"DXG","13:09:24",18.7,0.05,5000,3296400,"B"
"DXG","13:09:01",18.7,0.05,500,3291400,"B"
"DXG","13:09:00",18.7,0.05,1300,3290900,"B"
"DXG","13:08:56",18.75,0.1,30000,3289600,"S"
"DXG","13:08:52",18.75,0.1,6600,3259600,"S"
"DXG","13:08:40",18.7,0.05,300,3253000,"B"
"DXG","13:08:31",18.7,0.05,100,3252700,"B"
"DXG","13:08:29",18.7,0.05,1100,3252600,"S"
"DXG","13:08:28",18.65,0,1300,3251500,"B"
"DXG","13:08:18",18.7,0.05,200,3250200,"S"
"DXG","13:08:15",18.7,0.05,1000,3250000,"S"
"DXG","13:08:08",18.7,0.05,5800,3249000,"B"
"DXG","13:08:06",18.7,0.05,14200,3243200,"S"
"DXG","13:07:56",18.7,0.05,500,3229000,"S"
"DXG","13:07:56",18.65,0,400,3228500,"B"
"DXG","13:07:55",18.65,0,1300,3228100,"B"
"DXG","13:07:53",18.7,0.05,2000,3226800,"S"
"DXG","13:07:49",18.7,0.05,500,3224800,"S"
"DXG","13:07:31",18.7,0.05,600,3224300,"S"
"DXG","13:07:22",18.65,0,1300,3223700,"B"
"DXG","13:07:22",18.7,0.05,12000,3222400,"S"
"DXG","13:07:19",18.7,0.05,2000,3210400,"S"
"DXG","13:07:09",18.7,0.05,700,3208400,"S"
"DXG","13:07:07",18.7,0.05,14400,3207700,"B"
"DXG","13:06:49",18.7,0.05,1300,3193300,"B"
"DXG","13:06:48",18.7,0.05,100,3192000,"B"
"DXG","13:06:46",18.7,0.05,500,3191900,"B"
"DXG","13:06:44",18.7,0.05,100,3191400,"B"
"DXG","13:06:40",18.7,0.05,2000,3191300,"B"
"DXG","13:06:36",18.7,0.05,1500,3189300,"S"
"DXG","13:06:33",18.7,0.05,1600,3187800,"S"
"DXG","13:06:29",18.7,0.05,10000,3186200,"S"
"DXG","13:06:26",18.7,0.05,200,3176200,"S"
"DXG","13:06:26",18.7,0.05,10000,3176000,"S"
"DXG","13:06:17",18.65,0,1400,3166000,"B"
"DXG","13:06:14",18.7,0.05,2000,3164600,"S"
"DXG","13:06:07",18.7,0.05,1500,3162600,"S"
"DXG","13:05:42",18.7,0.05,100,3161100,"S"
"DXG","13:05:39",18.65,0,1300,3161000,"B"
"DXG","13:05:31",18.7,0.05,100,3159700,"S"
"DXG","13:05:06",18.65,0,1300,3159600,"B"
"DXG","13:05:05",18.7,0.05,100,3158300,"S"
"DXG","13:04:59",18.7,0.05,5000,3158200,"S"
"DXG","13:04:51",18.65,0,100,3153200,"B"
"DXG","13:04:35",18.65,0,500,3153100,"B"
"DXG","13:04:34",18.75,0.1,22400,3152600,"S"
"DXG","13:04:34",18.7,0.05,54800,3130200,"S"
"DXG","13:04:34",18.65,0,12800,3075400,"S"
"DXG","13:04:34",18.6,-0.05,1300,3062600,"B"
"DXG","13:04:33",18.65,0,1000,3061300,"S"
"DXG","13:04:32",18.65,0,1500,3060300,"S"
"DXG","13:04:27",18.65,0,5000,3058800,"S"
"DXG","13:04:25",18.65,0,5000,3053800,"S"
"DXG","13:04:10",18.65,0,3500,3048800,"S"
"DXG","13:04:01",18.6,-0.05,1300,3045300,"B"
"DXG","13:03:58",18.65,0,100,3044000,"S"
"DXG","13:03:45",18.6,-0.05,2000,3043900,"B"
"DXG","13:03:28",18.6,-0.05,1300,3041900,"B"
"DXG","13:03:23",18.6,-0.05,200,3040600,"B"
"DXG","13:03:20",18.6,-0.05,2200,3040400,"B"
"DXG","13:03:04",18.6,-0.05,400,3038200,"B"
"DXG","13:03:03",18.65,0,100,3037800,"S"
"DXG","13:03:00",18.6,-0.05,500,3037700,"B"
"DXG","13:02:55",18.6,-0.05,1300,3037200,"B"
"DXG","13:02:48",18.6,-0.05,100,3035900,"B"
"DXG","13:02:42",18.6,-0.05,1000,3035800,"B"
"DXG","13:02:37",18.65,0,200,3034800,"S"
"DXG","13:02:23",18.6,-0.05,2000,3034600,"B"
"DXG","13:02:22",18.6,-0.05,1300,3032600,"B"
"DXG","13:01:53",18.6,-0.05,1600,3031300,"B"
"DXG","13:01:52",18.6,-0.05,100,3029700,"B"
"DXG","13:01:50",18.6,-0.05,5000,3029600,"B"
"DXG","13:01:49",18.6,-0.05,1300,3024600,"B"
"DXG","13:01:44",18.6,-0.05,1200,3023300,"B"
"DXG","13:01:17",18.6,-0.05,1400,3022100,"B"
"DXG","13:01:11",18.6,-0.05,100,3020700,"B"
"DXG","13:01:03",18.6,-0.05,1400,3020600,"B"
"DXG","13:00:53",18.65,0,600,3019200,"S"
"DXG","13:00:42",18.65,0,500,3018600,"S"
"DXG","13:00:36",18.65,0,100,3018100,"S"
"DXG","13:00:18",18.65,0,300,3018000,"S"
"DXG","13:00:15",18.65,0,1000,3017700,"S"
"DXG","13:00:11",18.65,0,1600,3016700,"B"
"DXG","13:00:07",18.7,0.05,4900,3015100,"S"
"DXG","13:00:04",18.65,0,1000,3010200,"B"
"DXG","13:00:04",18.65,0,500,3009200,"S"
"DXG","13:00:03",18.6,-0.05,15000,3008700,"B"
"DXG","13:00:03",18.65,0,45100,2993700,"B"
"DXG","13:00:01",18.65,0,10000,2948600,"B"
"DXG","13:00:01",18.65,0,8600,2938600,"B"
"DXG","13:00:00",18.65,0,2800,2930000,"B"
"DXG","13:00:00",18.7,0.05,200,2927200,"S"
"DXG","11:29:55",18.65,0,20000,2927000,"B"
"DXG","11:29:53",18.65,0,100,2907000,"B"
"DXG","11:29:28",18.65,0,1000,2906900,"B"
"DXG","11:29:17",18.65,0,2000,2905900,"B"
"DXG","11:29:15",18.7,0.05,10000,2903900,"S"
"DXG","11:29:06",18.65,0,500,2893900,"B"
"DXG","11:28:23",18.65,0,1900,2893400,"B"
"DXG","11:27:58",18.65,0,500,2891500,"B"
"DXG","11:27:50",18.65,0,1900,2891000,"B"
"DXG","11:27:42",18.65,0,900,2889100,"B"
"DXG","11:27:30",18.65,0,2000,2888200,"B"
"DXG","11:27:27",18.65,0,500,2886200,"B"
"DXG","11:27:25",18.65,0,20000,2885700,"B"
"DXG","11:27:18",18.65,0,1900,2865700,"B"
"DXG","11:26:59",18.65,0,10000,2863800,"B"
"DXG","11:26:45",18.65,0,1900,2853800,"B"
"DXG","11:26:12",18.65,0,1900,2851900,"B"
"DXG","11:25:40",18.65,0,1900,2850000,"B"
"DXG","11:25:33",18.65,0,1000,2848100,"B"
"DXG","11:25:07",18.65,0,1900,2847100,"B"
"DXG","11:25:06",18.7,0.05,100,2845200,"S"
"DXG","11:24:57",18.65,0,500,2845100,"B"
"DXG","11:24:34",18.65,0,1900,2844600,"B"
"DXG","11:24:32",18.65,0,3200,2842700,"B"
"DXG","11:24:19",18.65,0,2000,2839500,"B"
"DXG","11:24:02",18.65,0,1800,2837500,"B"
"DXG","11:23:57",18.7,0.05,500,2835700,"S"
"DXG","11:23:49",18.7,0.05,500,2835200,"S"
"DXG","11:23:30",18.7,0.05,1300,2834700,"S"
"DXG","11:23:30",18.65,0,1700,2833400,"B"
"DXG","11:23:13",18.7,0.05,500,2831700,"S"
"DXG","11:22:58",18.65,0,1700,2831200,"B"
"DXG","11:22:47",18.7,0.05,500,2829500,"S"
"DXG","11:22:38",18.7,0.05,1300,2829000,"S"
"DXG","11:22:26",18.65,0,1700,2827700,"B"
"DXG","11:21:53",18.65,0,1700,2826000,"B"
"DXG","11:21:32",18.7,0.05,2200,2824300,"B"
"DXG","11:21:29",18.7,0.05,10000,2822100,"B"
"DXG","11:21:24",18.7,0.05,500,2812100,"B"
"DXG","11:21:23",18.75,0.1,1000,2811600,"S"
"DXG","11:21:21",18.7,0.05,600,2810600,"B"
"DXG","11:21:20",18.7,0.05,1100,2810000,"B"
"DXG","11:21:08",18.7,0.05,10600,2808900,"B"
"DXG","11:21:01",18.75,0.1,1400,2798300,"S"
"DXG","11:20:50",18.75,0.1,500,2796900,"S"
"DXG","11:20:48",18.7,0.05,1700,2796400,"B"
"DXG","11:20:47",18.7,0.05,900,2794700,"B"
"DXG","11:20:37",18.7,0.05,400,2793800,"B"
"DXG","11:20:35",18.7,0.05,1000,2793400,"B"
"DXG","11:20:22",18.7,0.05,200,2792400,"B"
"DXG","11:20:15",18.7,0.05,1600,2792200,"B"
"DXG","11:20:10",18.75,0.1,500,2790600,"S"
"DXG","11:19:42",18.7,0.05,1600,2790100,"B"
"DXG","11:19:40",18.7,0.05,10000,2788500,"B"
"DXG","11:19:13",18.7,0.05,100,2778500,"B"
"DXG","11:19:10",18.7,0.05,1600,2778400,"B"
"DXG","11:19:01",18.7,0.05,100,2776800,"S"
"DXG","11:18:37",18.65,0,1600,2776700,"B"
"DXG","11:18:20",18.75,0.1,600,2775100,"S"
"DXG","11:18:20",18.7,0.05,400,2774500,"S"
"DXG","11:18:09",18.7,0.05,9600,2774100,"B"
"DXG","11:18:04",18.7,0.05,1600,2764500,"B"
"DXG","11:17:31",18.7,0.05,1600,2762900,"B"
"DXG","11:17:29",18.7,0.05,7500,2761300,"S"
"DXG","11:17:28",18.7,0.05,11300,2753800,"S"
"DXG","11:17:17",18.65,0,4700,2742500,"B"
"DXG","11:17:16",18.7,0.05,2000,2737800,"S"
"DXG","11:17:14",18.7,0.05,30000,2735800,"S"
"DXG","11:17:06",18.65,0,600,2705800,"B"
"DXG","11:17:03",18.7,0.05,700,2705200,"S"
"DXG","11:16:58",18.65,0,1500,2704500,"B"
"DXG","11:16:53",18.7,0.05,20000,2703000,"S"
"DXG","11:16:26",18.7,0.05,20000,2683000,"S"
"DXG","11:16:26",18.65,0,1500,2663000,"B"
"DXG","11:16:23",18.7,0.05,9000,2661500,"S"
"DXG","11:16:18",18.65,0,100,2652500,"B"
"DXG","11:16:06",18.65,0,100,2652400,"B"
"DXG","11:16:04",18.7,0.05,100,2652300,"S"
"DXG","11:15:53",18.65,0,1500,2652200,"B"
"DXG","11:15:46",18.7,0.05,1000,2650700,"S"
"DXG","11:15:40",18.7,0.05,2000,2649700,"S"
"DXG","11:15:32",18.7,0.05,200,2647700,"S"
"DXG","11:15:25",18.65,0,500,2647500,"B"
"DXG","11:15:20",18.65,0,1500,2647000,"B"
"DXG","11:14:48",18.65,0,1500,2645500,"B"
"DXG","11:14:47",18.65,0,5000,2644000,"B"
"DXG","11:14:16",18.65,0,1500,2639000,"B"
"DXG","11:14:12",18.65,0,500,2637500,"B"
"DXG","11:13:44",18.65,0,1500,2637000,"B"
"DXG","11:13:14",18.7,0.05,100,2635500,"S"
"DXG","11:13:11",18.65,0,1500,2635400,"B"
"DXG","11:12:39",18.7,0.05,2000,2633900,"S"
"DXG","11:12:38",18.65,0,1500,2631900,"B"
"DXG","11:12:24",18.65,0,100,2630400,"B"
"DXG","11:12:11",18.65,0,3100,2630300,"S"
"DXG","11:12:05",18.6,-0.05,1500,2627200,"B"
"DXG","11:12:03",18.65,0,2400,2625700,"B"
"DXG","11:11:59",18.65,0,2600,2623300,"S"
"DXG","11:11:59",18.65,0,2000,2620700,"S"
"DXG","11:11:57",18.65,0,100,2618700,"S"
"DXG","11:11:53",18.65,0,500,2618600,"S"
"DXG","11:11:50",18.65,0,1200,2618100,"S"
"DXG","11:11:48",18.65,0,600,2616900,"S"
"DXG","11:11:44",18.65,0,100,2616300,"S"
"DXG","11:11:43",18.65,0,1000,2616200,"S"
"DXG","11:11:37",18.65,0,28800,2615200,"S"
"DXG","11:11:32",18.6,-0.05,1500,2586400,"B"
"DXG","11:11:24",18.65,0,10000,2584900,"S"
"DXG","11:11:00",18.6,-0.05,1500,2574900,"B"
"DXG","11:10:46",18.6,-0.05,4000,2573400,"B"
"DXG","11:10:27",18.6,-0.05,1500,2569400,"B"
"DXG","11:09:54",18.6,-0.05,1500,2567900,"B"
"DXG","11:09:44",18.65,0,4000,2566400,"S"
"DXG","11:09:36",18.65,0,500,2562400,"S"
"DXG","11:09:27",18.65,0,600,2561900,"S"
"DXG","11:09:22",18.6,-0.05,1500,2561300,"B"
"DXG","11:09:04",18.65,0,200,2559800,"S"
"DXG","11:08:56",18.65,0,3000,2559600,"S"
"DXG","11:08:50",18.65,0,34600,2556600,"S"
"DXG","11:08:50",18.6,-0.05,1500,2522000,"B"
"DXG","11:08:50",18.65,0,500,2520500,"S"
"DXG","11:08:35",18.65,0,400,2520000,"S"
"DXG","11:08:30",18.6,-0.05,1200,2519600,"B"
"DXG","11:08:23",18.6,-0.05,300,2518400,"B"
"DXG","11:08:18",18.6,-0.05,2400,2518100,"S"
"DXG","11:08:17",18.55,-0.1,1500,2515700,"B"
"DXG","11:08:16",18.6,-0.05,100,2514200,"S"
"DXG","11:08:13",18.55,-0.1,4800,2514100,"B"
"DXG","11:07:58",18.55,-0.1,2000,2509300,"B"
"DXG","11:07:55",18.6,-0.05,9000,2507300,"B"
"DXG","11:07:44",18.6,-0.05,1500,2498300,"B"
"DXG","11:07:30",18.6,-0.05,300,2496800,"S"
"DXG","11:07:25",18.6,-0.05,100,2496500,"S"
"DXG","11:07:19",18.6,-0.05,600,2496400,"B"
"DXG","11:07:12",18.6,-0.05,1500,2495800,"B"
"DXG","11:07:07",18.6,-0.05,7500,2494300,"B"
"DXG","11:06:43",18.6,-0.05,1000,2486800,"B"
"DXG","11:06:40",18.6,-0.05,1500,2485800,"B"
"DXG","11:06:38",18.6,-0.05,100,2484300,"B"
"DXG","11:06:36",18.6,-0.05,100,2484200,"B"
"DXG","11:06:36",18.6,-0.05,1100,2484100,"B"
"DXG","11:06:31",18.6,-0.05,15000,2483000,"B"
"DXG","11:06:15",18.6,-0.05,1400,2468000,"S"
"DXG","11:06:14",18.6,-0.05,2000,2466600,"S"
"DXG","11:06:08",18.55,-0.1,1500,2464600,"B"
"DXG","11:06:03",18.6,-0.05,100,2463100,"S"
"DXG","11:05:58",18.55,-0.1,20000,2463000,"B"
"DXG","11:05:58",18.6,-0.05,100,2443000,"S"
"DXG","11:05:55",18.6,-0.05,1000,2442900,"S"
"DXG","11:05:54",18.6,-0.05,100,2441900,"S"
"DXG","11:05:50",18.6,-0.05,10500,2441800,"S"
"DXG","11:05:35",18.55,-0.1,1500,2431300,"B"
"DXG","11:05:32",18.55,-0.1,100,2429800,"B"
"DXG","11:05:24",18.6,-0.05,100,2429700,"S"
"DXG","11:05:24",18.55,-0.1,100,2429600,"B"
"DXG","11:05:15",18.55,-0.1,1000,2429500,"B"
"DXG","11:05:05",18.55,-0.1,200,2428500,"B"
"DXG","11:05:02",18.55,-0.1,1500,2428300,"B"
"DXG","11:05:02",18.6,-0.05,100,2426800,"S"
"DXG","11:04:37",18.6,-0.05,4200,2426700,"B"
"DXG","11:04:34",18.6,-0.05,12600,2422500,"B"
"DXG","11:04:30",18.6,-0.05,1400,2409900,"B"
"DXG","11:04:28",18.6,-0.05,1000,2408500,"B"
"DXG","11:04:23",18.6,-0.05,2000,2407500,"B"
"DXG","11:04:22",18.6,-0.05,5000,2405500,"B"
"DXG","11:04:22",18.6,-0.05,5300,2400500,"B"
"DXG","11:04:19",18.6,-0.05,32500,2395200,"B"
"DXG","11:04:03",18.6,-0.05,200,2362700,"B"
"DXG","11:03:59",18.6,-0.05,3000,2362500,"B"
"DXG","11:03:57",18.6,-0.05,1400,2359500,"B"
"DXG","11:03:42",18.6,-0.05,15000,2358100,"B"
"DXG","11:03:40",18.6,-0.05,500,2343100,"B"
"DXG","11:03:25",18.6,-0.05,3900,2342600,"B"
"DXG","11:03:05",18.6,-0.05,400,2338700,"B"
"DXG","11:03:02",18.6,-0.05,100,2338300,"B"
"DXG","11:02:53",18.6,-0.05,1000,2338200,"B"
"DXG","11:02:53",18.6,-0.05,1400,2337200,"B"
"DXG","11:02:49",18.65,0,2000,2335800,"S"
"DXG","11:02:47",18.65,0,100,2333800,"S"
"DXG","11:02:40",18.6,-0.05,3000,2333700,"B"
"DXG","11:02:32",18.65,0,200,2330700,"S"
"DXG","11:02:29",18.6,-0.05,500,2330500,"B"
"DXG","11:02:24",18.6,-0.05,30000,2330000,"B"
"DXG","11:02:21",18.6,-0.05,1400,2300000,"B"
"DXG","11:01:48",18.6,-0.05,1400,2298600,"B"
"DXG","11:01:47",18.65,0,500,2297200,"S"
"DXG","11:01:45",18.65,0,200,2296700,"S"
"DXG","11:01:17",18.65,0,100,2296500,"S"
"DXG","11:01:15",18.6,-0.05,1400,2296400,"B"
"DXG","11:01:13",18.65,0,100,2295000,"S"
"DXG","11:01:02",18.65,0,400,2294900,"S"
"DXG","11:00:50",18.6,-0.05,2300,2294500,"B"
"DXG","11:00:43",18.6,-0.05,1400,2292200,"B"
"DXG","11:00:34",18.6,-0.05,1200,2290800,"B"
"DXG","11:00:29",18.6,-0.05,60000,2289600,"B"
"DXG","11:00:26",18.6,-0.05,200,2229600,"B"
"DXG","11:00:14",18.6,-0.05,2000,2229400,"B"
"DXG","11:00:11",18.6,-0.05,1400,2227400,"B"
"DXG","11:00:05",18.65,0,100,2226000,"S"
"DXG","10:59:38",18.6,-0.05,1400,2225900,"B"
"DXG","10:59:35",18.6,-0.05,1000,2224500,"B"
"DXG","10:59:32",18.6,-0.05,4000,2223500,"B"
"DXG","10:59:30",18.65,0,1000,2219500,"S"
"DXG","10:59:29",18.6,-0.05,100,2218500,"B"
"DXG","10:59:28",18.6,-0.05,200,2218400,"B"
"DXG","10:59:17",18.65,0,10000,2218200,"B"
"DXG","10:59:08",18.65,0,1400,2208200,"B"
"DXG","10:59:07",18.65,0,1000,2206800,"B"
"DXG","10:58:59",18.65,0,600,2205800,"B"
"DXG","10:58:58",18.65,0,400,2205200,"B"
"DXG","10:58:47",18.65,0,9600,2204800,"B"
"DXG","10:58:40",18.65,0,3600,2195200,"B"
"DXG","10:58:38",18.65,0,200,2191600,"B"
"DXG","10:58:35",18.7,0.05,200,2191400,"S"
"DXG","10:58:34",18.65,0,1400,2191200,"B"
"DXG","10:58:31",18.65,0,500,2189800,"B"
"DXG","10:58:19",18.65,0,100,2189300,"B"
"DXG","10:58:01",18.65,0,1000,2189200,"B"
"DXG","10:58:01",18.65,0,1400,2188200,"B"
"DXG","10:57:59",18.65,0,1300,2186800,"B"
"DXG","10:57:37",18.65,0,2800,2185500,"B"
"DXG","10:57:29",18.65,0,1400,2182700,"B"
"DXG","10:57:27",18.65,0,1400,2181300,"B"
"DXG","10:57:11",18.65,0,1000,2179900,"B"
"DXG","10:56:59",18.65,0,3000,2178900,"B"
"DXG","10:56:56",18.65,0,1400,2175900,"B"
"DXG","10:56:54",18.65,0,100,2174500,"B"
"DXG","10:56:52",18.65,0,2000,2174400,"B"
"DXG","10:56:51",18.7,0.05,400,2172400,"S"
"DXG","10:56:43",18.65,0,2000,2172000,"B"
"DXG","10:56:23",18.65,0,1400,2170000,"B"
"DXG","10:56:14",18.65,0,500,2168600,"B"
"DXG","10:56:11",18.65,0,1000,2168100,"B"
"DXG","10:56:07",18.65,0,2000,2167100,"B"
"DXG","10:56:01",18.65,0,200,2165100,"B"
"DXG","10:55:50",18.65,0,2100,2164900,"B"
"DXG","10:55:47",18.65,0,1700,2162800,"B"
"DXG","10:55:42",18.65,0,300,2161100,"S"
"DXG","10:55:36",18.65,0,700,2160800,"B"
"DXG","10:55:36",18.65,0,300,2160100,"B"
"DXG","10:55:27",18.7,0.05,200,2159800,"S"
"DXG","10:55:25",18.65,0,1000,2159600,"B"
"DXG","10:55:23",18.65,0,4900,2158600,"B"
"DXG","10:55:22",18.65,0,5100,2153700,"B"
"DXG","10:55:17",18.65,0,1400,2148600,"B"
"DXG","10:55:09",18.65,0,1000,2147200,"B"
"DXG","10:54:47",18.65,0,1000,2146200,"B"
"DXG","10:54:45",18.65,0,3400,2145200,"B"
"DXG","10:54:26",18.65,0,300,2141800,"B"
"DXG","10:54:12",18.65,0,1400,2141500,"B"
"DXG","10:53:51",18.65,0,7500,2140100,"B"
"DXG","10:53:45",18.7,0.05,1000,2132600,"S"
"DXG","10:53:39",18.65,0,1400,2131600,"B"
"DXG","10:53:38",18.65,0,400,2130200,"B"
"DXG","10:53:35",18.65,0,120000,2129800,"B"
"DXG","10:53:25",18.65,0,2000,2009800,"B"
"DXG","10:53:16",18.7,0.05,100,2007800,"S"
"DXG","10:53:07",18.65,0,1400,2007700,"B"
"DXG","10:52:54",18.65,0,100,2006300,"B"
"DXG","10:52:34",18.65,0,1400,2006200,"B"
"DXG","10:52:33",18.7,0.05,4000,2004800,"S"
"DXG","10:52:30",18.7,0.05,9800,2000800,"B"
"DXG","10:52:06",18.7,0.05,5900,1991000,"B"
"DXG","10:52:03",18.7,0.05,1400,1985100,"B"
"DXG","10:51:59",18.7,0.05,100,1983700,"B"
"DXG","10:51:58",18.7,0.05,1000,1983600,"B"
"DXG","10:51:51",18.75,0.1,600,1982600,"S"
"DXG","10:51:48",18.7,0.05,1500,1982000,"B"
"DXG","10:51:34",18.7,0.05,100,1980500,"B"
"DXG","10:51:30",18.7,0.05,1400,1980400,"B"
"DXG","10:51:12",18.7,0.05,300,1979000,"B"
"DXG","10:50:58",18.7,0.05,1700,1978700,"B"
"DXG","10:50:57",18.7,0.05,4000,1977000,"B"
"DXG","10:50:55",18.7,0.05,1000,1973000,"B"
"DXG","10:50:47",18.7,0.05,3000,1972000,"B"
"DXG","10:50:36",18.7,0.05,200,1969000,"B"
"DXG","10:50:26",18.7,0.05,1400,1968800,"B"
"DXG","10:50:22",18.7,0.05,500,1967400,"B"
"DXG","10:50:16",18.7,0.05,100,1966900,"B"
"DXG","10:50:09",18.7,0.05,500,1966800,"B"
"DXG","10:49:59",18.7,0.05,1000,1966300,"B"
"DXG","10:49:58",18.7,0.05,500,1965300,"B"
"DXG","10:49:54",18.7,0.05,1400,1964800,"B"
"DXG","10:49:53",18.7,0.05,2000,1963400,"B"
"DXG","10:49:49",18.7,0.05,10000,1961400,"B"
"DXG","10:49:25",18.7,0.05,1500,1951400,"B"
"DXG","10:49:24",18.7,0.05,100,1949900,"B"
"DXG","10:49:21",18.7,0.05,1400,1949800,"B"
"DXG","10:49:20",18.7,0.05,1000,1948400,"B"
"DXG","10:49:15",18.7,0.05,10200,1947400,"B"
"DXG","10:49:08",18.7,0.05,100,1937200,"B"
"DXG","10:49:02",18.7,0.05,6000,1937100,"B"
"DXG","10:49:00",18.7,0.05,1000,1931100,"B"
"DXG","10:48:53",18.7,0.05,37000,1930100,"B"
"DXG","10:48:49",18.7,0.05,1400,1893100,"B"
"DXG","10:48:46",18.75,0.1,100,1891700,"S"
"DXG","10:48:29",18.75,0.1,2000,1891600,"S"
"DXG","10:48:27",18.7,0.05,300,1889600,"B"
"DXG","10:48:16",18.7,0.05,1400,1889300,"B"
"DXG","10:47:59",18.75,0.1,600,1887900,"S"
"DXG","10:47:44",18.7,0.05,1400,1887300,"B"
"DXG","10:47:24",18.75,0.1,1800,1885900,"S"
"DXG","10:47:24",18.75,0.1,1000,1884100,"S"
"DXG","10:47:19",18.7,0.05,1000,1883100,"B"
"DXG","10:47:17",18.75,0.1,1000,1882100,"S"
"DXG","10:47:12",18.7,0.05,1400,1881100,"B"
"DXG","10:47:11",18.75,0.1,100,1879700,"S"
"DXG","10:46:59",18.7,0.05,4000,1879600,"B"
"DXG","10:46:38",18.7,0.05,1400,1875600,"B"
"DXG","10:46:33",18.7,0.05,500,1874200,"B"
"DXG","10:46:32",18.7,0.05,500,1873700,"B"
"DXG","10:46:22",18.7,0.05,100,1873200,"B"
"DXG","10:46:19",18.7,0.05,200,1873100,"B"
"DXG","10:46:06",18.7,0.05,1500,1872900,"B"
"DXG","10:45:49",18.7,0.05,12600,1871400,"B"
"DXG","10:45:49",18.7,0.05,7400,1858800,"B"
"DXG","10:45:27",18.7,0.05,1400,1851400,"B"
"DXG","10:45:26",18.7,0.05,100,1850000,"B"
"DXG","10:44:59",18.7,0.05,1000,1849900,"B"
"DXG","10:44:54",18.7,0.05,1400,1848900,"B"
"DXG","10:44:22",18.7,0.05,1400,1847500,"B"
"DXG","10:44:06",18.7,0.05,4000,1846100,"B"
"DXG","10:43:54",18.7,0.05,600,1842100,"B"
"DXG","10:43:51",18.7,0.05,1200,1841500,"B"
"DXG","10:43:50",18.7,0.05,200,1840300,"B"
"DXG","10:43:42",18.75,0.1,700,1840100,"S"
"DXG","10:43:33",18.7,0.05,200,1839400,"B"
"DXG","10:43:17",18.7,0.05,1400,1839200,"B"
"DXG","10:42:45",18.7,0.05,1300,1837800,"B"
"DXG","10:42:43",18.75,0.1,100,1836500,"S"
"DXG","10:42:31",18.75,0.1,200,1836400,"S"
"DXG","10:42:24",18.7,0.05,1000,1836200,"B"
"DXG","10:42:24",18.75,0.1,100,1835200,"S"
"DXG","10:42:12",18.7,0.05,1300,1835100,"B"
"DXG","10:42:11",18.75,0.1,2400,1833800,"S"
"DXG","10:42:06",18.75,0.1,6300,1831400,"S"
"DXG","10:42:05",18.75,0.1,600,1825100,"S"
"DXG","10:42:03",18.7,0.05,1000,1824500,"B"
"DXG","10:41:40",18.7,0.05,1300,1823500,"B"
"DXG","10:41:39",18.7,0.05,600,1822200,"B"
"DXG","10:41:08",18.7,0.05,1300,1821600,"B"
"DXG","10:40:35",18.7,0.05,1300,1820300,"B"
"DXG","10:40:19",18.75,0.1,500,1819000,"S"
"DXG","10:40:15",18.7,0.05,900,1818500,"B"
"DXG","10:40:03",18.7,0.05,1300,1817600,"B"
"DXG","10:39:51",18.75,0.1,3000,1816300,"S"
"DXG","10:39:49",18.7,0.05,4000,1813300,"B"
"DXG","10:39:47",18.7,0.05,100,1809300,"B"
"DXG","10:39:31",18.7,0.05,1300,1809200,"B"
"DXG","10:39:26",18.7,0.05,400,1807900,"B"
"DXG","10:38:58",18.7,0.05,1300,1807500,"B"
"DXG","10:38:26",18.7,0.05,1300,1806200,"B"
"DXG","10:38:23",18.7,0.05,1000,1804900,"B"
"DXG","10:38:15",18.75,0.1,100,1803900,"S"
"DXG","10:38:08",18.7,0.05,100,1803800,"B"
"DXG","10:38:06",18.75,0.1,9000,1803700,"S"
"DXG","10:37:59",18.7,0.05,1000,1794700,"B"
"DXG","10:37:54",18.7,0.05,1300,1793700,"B"
"DXG","10:37:51",18.7,0.05,1500,1792400,"B"
"DXG","10:37:47",18.7,0.05,2500,1790900,"B"
"DXG","10:37:31",18.7,0.05,100,1788400,"B"
"DXG","10:37:29",18.7,0.05,100,1788300,"B"
"DXG","10:37:23",18.7,0.05,100,1788200,"B"
"DXG","10:37:22",18.7,0.05,1300,1788100,"B"
"DXG","10:37:20",18.7,0.05,1000,1786800,"B"
"DXG","10:37:11",18.7,0.05,4000,1785800,"B"
"DXG","10:36:50",18.7,0.05,1300,1781800,"B"
"DXG","10:36:43",18.7,0.05,100,1780500,"B"
"DXG","10:36:41",18.7,0.05,100,1780400,"B"
"DXG","10:36:26",18.7,0.05,500,1780300,"B"
"DXG","10:36:17",18.7,0.05,1300,1779800,"B"
"DXG","10:36:16",18.7,0.05,10000,1778500,"B"
"DXG","10:35:52",18.7,0.05,300,1768500,"B"
"DXG","10:35:47",18.7,0.05,2000,1768200,"B"
"DXG","10:35:44",18.7,0.05,1300,1766200,"B"
"DXG","10:35:44",18.7,0.05,100,1764900,"B"
"DXG","10:35:28",18.7,0.05,1000,1764800,"B"
"DXG","10:35:12",18.7,0.05,1300,1763800,"B"
"DXG","10:35:11",18.75,0.1,500,1762500,"S"
"DXG","10:35:06",18.7,0.05,300,1762000,"B"
"DXG","10:35:01",18.7,0.05,200,1761700,"B"
"DXG","10:34:57",18.75,0.1,20000,1761500,"S"
"DXG","10:34:40",18.7,0.05,1300,1741500,"B"
"DXG","10:34:39",18.75,0.1,6000,1740200,"S"
"DXG","10:34:38",18.7,0.05,200,1734200,"B"
"DXG","10:34:38",18.7,0.05,100,1734000,"B"
"DXG","10:34:34",18.7,0.05,3000,1733900,"B"
"DXG","10:34:10",18.7,0.05,5000,1730900,"B"
"DXG","10:34:08",18.7,0.05,1300,1725900,"B"
"DXG","10:33:44",18.75,0.1,10000,1724600,"S"
"DXG","10:33:36",18.7,0.05,1300,1714600,"B"
"DXG","10:33:36",18.75,0.1,100,1713300,"S"
"DXG","10:33:23",18.7,0.05,100,1713200,"B"
"DXG","10:33:21",18.7,0.05,1000,1713100,"B"
"DXG","10:33:05",18.7,0.05,1300,1712100,"B"
"DXG","10:32:56",18.7,0.05,5000,1710800,"B"
"DXG","10:32:46",18.75,0.1,500,1705800,"S"
"DXG","10:32:32",18.7,0.05,1300,1705300,"B"
"DXG","10:32:08",18.75,0.1,200,1704000,"S"
"DXG","10:32:02",18.7,0.05,4000,1703800,"B"
"DXG","10:32:00",18.7,0.05,1300,1699800,"B"
"DXG","10:31:57",18.75,0.1,7000,1698500,"S"
"DXG","10:31:37",18.7,0.05,100,1691500,"B"
"DXG","10:31:28",18.7,0.05,1300,1691400,"B"
"DXG","10:31:11",18.75,0.1,200,1690100,"S"
"DXG","10:30:57",18.75,0.1,500,1689900,"S"
"DXG","10:30:55",18.7,0.05,1300,1689400,"B"
"DXG","10:30:37",18.75,0.1,2000,1688100,"S"
"DXG","10:30:25",18.75,0.1,800,1686100,"S"
"DXG","10:30:24",18.75,0.1,700,1685300,"S"
"DXG","10:30:23",18.7,0.05,1300,1684600,"B"
"DXG","10:30:22",18.75,0.1,100,1683300,"S"
"DXG","10:29:51",18.7,0.05,1300,1683200,"B"
"DXG","10:29:46",18.75,0.1,200,1681900,"S"
"DXG","10:29:19",18.7,0.05,1300,1681700,"B"
"DXG","10:29:11",18.7,0.05,10000,1680400,"B"
"DXG","10:29:04",18.7,0.05,2500,1670400,"B"
"DXG","10:28:46",18.7,0.05,1300,1667900,"B"
"DXG","10:28:44",18.7,0.05,14200,1666600,"B"
"DXG","10:28:29",18.7,0.05,1000,1652400,"B"
"DXG","10:28:17",18.7,0.05,200,1651400,"B"
"DXG","10:28:13",18.7,0.05,1500,1651200,"B"
"DXG","10:27:41",18.7,0.05,1300,1649700,"B"
"DXG","10:27:09",18.7,0.05,1300,1648400,"B"
"DXG","10:27:07",18.75,0.1,4000,1647100,"S"
"DXG","10:26:41",18.75,0.1,20000,1643100,"S"
"DXG","10:26:37",18.7,0.05,1300,1623100,"B"
"DXG","10:26:29",18.75,0.1,3000,1621800,"S"
"DXG","10:26:16",18.7,0.05,300,1618800,"B"
"DXG","10:26:10",18.7,0.05,1000,1618500,"B"
"DXG","10:26:05",18.7,0.05,1300,1617500,"B"
"DXG","10:25:49",18.7,0.05,3000,1616200,"B"
"DXG","10:25:32",18.7,0.05,1300,1613200,"B"
"DXG","10:25:25",18.7,0.05,1000,1611900,"B"
"DXG","10:25:17",18.7,0.05,1000,1610900,"B"
"DXG","10:24:59",18.7,0.05,1300,1609900,"B"
"DXG","10:24:52",18.75,0.1,300,1608600,"S"
"DXG","10:24:48",18.7,0.05,100,1608300,"B"
"DXG","10:24:28",18.7,0.05,500,1608200,"B"
"DXG","10:24:28",18.7,0.05,1300,1607700,"B"
"DXG","10:24:20",18.7,0.05,300,1606400,"B"
"DXG","10:23:56",18.7,0.05,1300,1606100,"B"
"DXG","10:23:39",18.75,0.1,6000,1604800,"S"
"DXG","10:23:28",18.7,0.05,10000,1598800,"B"
"DXG","10:23:23",18.7,0.05,1300,1588800,"B"
"DXG","10:22:51",18.7,0.05,1300,1587500,"B"
"DXG","10:22:43",18.7,0.05,500,1586200,"B"
"DXG","10:22:27",18.75,0.1,800,1585700,"S"
"DXG","10:22:19",18.7,0.05,1300,1584900,"B"
"DXG","10:22:10",18.75,0.1,100,1583600,"S"
"DXG","10:21:47",18.7,0.05,1300,1583500,"B"
"DXG","10:21:38",18.75,0.1,300,1582200,"S"
"DXG","10:21:23",18.75,0.1,300,1581900,"S"
"DXG","10:21:15",18.7,0.05,1300,1581600,"B"
"DXG","10:21:13",18.7,0.05,7400,1580300,"B"
"DXG","10:21:02",18.75,0.1,1000,1572900,"S"
"DXG","10:20:42",18.7,0.05,1300,1571900,"B"
"DXG","10:20:28",18.7,0.05,10000,1570600,"B"
"DXG","10:20:27",18.7,0.05,200,1560600,"B"
"DXG","10:20:13",18.7,0.05,100,1560400,"B"
"DXG","10:20:10",18.7,0.05,1300,1560300,"B"
"DXG","10:20:03",18.7,0.05,5700,1559000,"S"
"DXG","10:19:59",18.7,0.05,300,1553300,"B"
"DXG","10:19:57",18.7,0.05,2000,1553000,"B"
"DXG","10:19:57",18.75,0.1,1000,1551000,"S"
"DXG","10:19:55",18.7,0.05,800,1550000,"B"
"DXG","10:19:52",18.7,0.05,1000,1549200,"B"
"DXG","10:19:47",18.7,0.05,2000,1548200,"B"
"DXG","10:19:46",18.7,0.05,600,1546200,"B"
"DXG","10:19:37",18.7,0.05,1300,1545600,"B"
"DXG","10:19:26",18.7,0.05,500,1544300,"S"
"DXG","10:19:18",18.75,0.1,1000,1543800,"S"
"DXG","10:19:15",18.7,0.05,1000,1542800,"S"
"DXG","10:19:13",18.7,0.05,4000,1541800,"S"
"DXG","10:19:05",18.65,0,300,1537800,"B"
"DXG","10:19:03",18.7,0.05,1000,1536500,"B"
"DXG","10:18:52",18.7,0.05,500,1535500,"S"
"DXG","10:18:47",18.7,0.05,500,1535000,"S"
"DXG","10:18:35",18.7,0.05,1000,1534500,"S"
"DXG","10:18:32",18.65,0,1300,1533500,"B"
"DXG","10:18:27",18.7,0.05,1000,1532200,"S"
"DXG","10:18:20",18.7,0.05,100,1531200,"S"
"DXG","10:18:18",18.7,0.05,100,1531100,"B"
"DXG","10:18:16",18.7,0.05,100,1531000,"S"
"DXG","10:18:14",18.7,0.05,100,1530900,"S"
"DXG","10:18:13",18.7,0.05,200,1530800,"S"
"DXG","10:18:11",18.7,0.05,10000,1530600,"S"
"DXG","10:18:01",18.65,0,1300,1520600,"B"
"DXG","10:18:00",18.7,0.05,200,1519300,"S"
"DXG","10:17:36",18.7,0.05,500,1519100,"S"
"DXG","10:17:34",18.65,0,500,1518600,"B"
"DXG","10:17:29",18.65,0,1300,1518100,"B"
"DXG","10:17:21",18.7,0.05,200,1516800,"S"
"DXG","10:17:03",18.7,0.05,500,1516600,"S"
"DXG","10:16:58",18.7,0.05,500,1516100,"S"
"DXG","10:16:57",18.65,0,1300,1515600,"B"
"DXG","10:16:57",18.7,0.05,100,1514300,"S"
"DXG","10:16:53",18.7,0.05,500,1514200,"S"
"DXG","10:16:49",18.7,0.05,500,1513700,"S"
"DXG","10:16:48",18.7,0.05,4500,1513200,"S"
"DXG","10:16:47",18.65,0,300,1508700,"B"
"DXG","10:16:44",18.7,0.05,5000,1508400,"S"
"DXG","10:16:34",18.7,0.05,100,1503400,"S"
"DXG","10:16:26",18.7,0.05,4000,1503300,"S"
"DXG","10:16:25",18.65,0,1300,1499300,"B"
"DXG","10:16:14",18.7,0.05,3000,1498000,"S"
"DXG","10:15:56",18.7,0.05,100,1495000,"S"
"DXG","10:15:52",18.65,0,1300,1494900,"B"
"DXG","10:15:42",18.7,0.05,100,1493600,"B"
"DXG","10:15:25",18.65,0,1800,1493500,"B"
"DXG","10:15:25",18.7,0.05,200,1491700,"B"
"DXG","10:15:21",18.7,0.05,100,1491500,"B"
"DXG","10:15:20",18.7,0.05,1300,1491400,"B"
"DXG","10:15:19",18.7,0.05,200,1490100,"B"
"DXG","10:15:16",18.7,0.05,1200,1489900,"S"
"DXG","10:14:54",18.65,0,1000,1488700,"B"
"DXG","10:14:48",18.65,0,1300,1487700,"B"
"DXG","10:14:16",18.65,0,1300,1486400,"B"
"DXG","10:14:08",18.7,0.05,1000,1485100,"S"
"DXG","10:14:06",18.65,0,200,1484100,"B"
"DXG","10:13:49",18.65,0,3600,1483900,"B"
"DXG","10:13:44",18.65,0,1300,1480300,"B"
"DXG","10:13:12",18.65,0,1300,1479000,"B"
"DXG","10:12:38",18.65,0,1300,1477700,"B"
"DXG","10:12:35",18.7,0.05,100,1476400,"S"
"DXG","10:12:06",18.65,0,1000,1476300,"B"
"DXG","10:12:06",18.7,0.05,300,1475300,"B"
"DXG","10:12:00",18.7,0.05,1800,1475000,"S"
"DXG","10:11:59",18.7,0.05,10000,1473200,"S"
"DXG","10:11:44",18.7,0.05,3700,1463200,"B"
"DXG","10:11:41",18.7,0.05,600,1459500,"B"
"DXG","10:11:34",18.7,0.05,1300,1458900,"B"
"DXG","10:11:18",18.7,0.05,3000,1457600,"B"
"DXG","10:11:15",18.7,0.05,300,1454600,"B"
"DXG","10:11:12",18.7,0.05,100,1454300,"B"
"DXG","10:11:06",18.7,0.05,100,1454200,"B"
"DXG","10:11:05",18.7,0.05,1000,1454100,"B"
"DXG","10:11:01",18.7,0.05,1300,1453100,"B"
"DXG","10:11:00",18.7,0.05,200,1451800,"B"
"DXG","10:10:50",18.7,0.05,2700,1451600,"S"
"DXG","10:10:43",18.7,0.05,300,1448900,"S"
"DXG","10:10:29",18.65,0,1300,1448600,"B"
"DXG","10:09:57",18.65,0,1300,1447300,"B"
"DXG","10:09:47",18.7,0.05,6800,1446000,"B"
"DXG","10:09:46",18.7,0.05,3200,1439200,"S"
"DXG","10:09:41",18.7,0.05,8800,1436000,"B"
"DXG","10:09:31",18.7,0.05,1000,1427200,"B"
"DXG","10:09:30",18.7,0.05,3000,1426200,"B"
"DXG","10:09:25",18.7,0.05,600,1423200,"B"
"DXG","10:09:24",18.7,0.05,1300,1422600,"B"
"DXG","10:09:14",18.7,0.05,2000,1421300,"B"
"DXG","10:09:14",18.7,0.05,7600,1419300,"B"
"DXG","10:09:06",18.7,0.05,30000,1411700,"B"
"DXG","10:09:03",18.7,0.05,100,1381700,"B"
"DXG","10:09:02",18.7,0.05,100,1381600,"B"
"DXG","10:08:52",18.7,0.05,1300,1381500,"B"
"DXG","10:08:43",18.7,0.05,200,1380200,"B"
"DXG","10:08:20",18.7,0.05,1300,1380000,"B"
"DXG","10:07:48",18.7,0.05,1300,1378700,"B"
"DXG","10:07:44",18.75,0.1,400,1377400,"B"
"DXG","10:07:42",18.75,0.1,3000,1377000,"B"
"DXG","10:07:26",18.75,0.1,7500,1374000,"B"
"DXG","10:07:23",18.75,0.1,2000,1366500,"B"
"DXG","10:07:16",18.8,0.15,500,1364500,"S"
"DXG","10:07:16",18.75,0.1,1300,1364000,"B"
"DXG","10:07:15",18.75,0.1,5000,1362700,"B"
"DXG","10:07:09",18.75,0.1,400,1357700,"B"
"DXG","10:07:07",18.75,0.1,1000,1357300,"B"
"DXG","10:07:02",18.75,0.1,2500,1356300,"B"
"DXG","10:06:57",18.75,0.1,6000,1353800,"B"
"DXG","10:06:53",18.75,0.1,16000,1347800,"B"
"DXG","10:06:50",18.8,0.15,100,1331800,"S"
"DXG","10:06:44",18.75,0.1,1300,1331700,"B"
"DXG","10:06:43",18.75,0.1,100,1330400,"B"
"DXG","10:06:41",18.75,0.1,1000,1330300,"B"
"DXG","10:06:40",18.75,0.1,600,1329300,"B"
"DXG","10:06:25",18.75,0.1,200,1328700,"B"
"DXG","10:06:23",18.75,0.1,2000,1328500,"B"
"DXG","10:06:12",18.75,0.1,1300,1326500,"B"
"DXG","10:06:08",18.75,0.1,1000,1325200,"B"
"DXG","10:06:06",18.75,0.1,2000,1324200,"B"
"DXG","10:06:02",18.8,0.15,200,1322200,"S"
"DXG","10:05:59",18.75,0.1,7000,1322000,"B"
"DXG","10:05:40",18.75,0.1,3000,1315000,"B"
"DXG","10:05:40",18.75,0.1,3000,1312000,"B"
"DXG","10:05:39",18.75,0.1,1300,1309000,"B"
"DXG","10:05:38",18.75,0.1,1000,1307700,"B"
"DXG","10:05:21",18.75,0.1,500,1306700,"B"
"DXG","10:05:07",18.75,0.1,1300,1306200,"B"
"DXG","10:04:54",18.75,0.1,1000,1304900,"B"
"DXG","10:04:46",18.75,0.1,500,1303900,"B"
"DXG","10:04:36",18.75,0.1,1300,1303400,"B"
"DXG","10:04:27",18.8,0.15,2200,1302100,"S"
"DXG","10:04:03",18.75,0.1,1300,1299900,"B"
"DXG","10:03:31",18.75,0.1,1300,1298600,"B"
"DXG","10:03:26",18.75,0.1,500,1297300,"B"
"DXG","10:03:09",18.75,0.1,200,1296800,"B"
"DXG","10:03:00",18.75,0.1,1300,1296600,"B"
"DXG","10:02:46",18.8,0.15,200,1295300,"S"
"DXG","10:02:34",18.8,0.15,100,1295100,"S"
"DXG","10:02:27",18.75,0.1,1300,1295000,"B"
"DXG","10:02:15",18.8,0.15,100,1293700,"S"
"DXG","10:02:13",18.8,0.15,14700,1293600,"B"
"DXG","10:02:10",18.8,0.15,1000,1278900,"B"
"DXG","10:02:06",18.8,0.15,100,1277900,"B"
"DXG","10:02:02",18.8,0.15,1000,1277800,"B"
"DXG","10:01:59",18.8,0.15,600,1276800,"B"
"DXG","10:01:55",18.8,0.15,1300,1276200,"B"
"DXG","10:01:54",18.8,0.15,1000,1274900,"B"
"DXG","10:01:48",18.8,0.15,1000,1273900,"B"
"DXG","10:01:45",18.8,0.15,4200,1272900,"B"
"DXG","10:01:38",18.8,0.15,1000,1268700,"B"
"DXG","10:01:36",18.8,0.15,10000,1267700,"B"
"DXG","10:01:35",18.8,0.15,2100,1257700,"B"
"DXG","10:01:24",18.8,0.15,1000,1255600,"B"
"DXG","10:01:23",18.8,0.15,1300,1254600,"B"
"DXG","10:01:20",18.8,0.15,4900,1253300,"B"
"DXG","10:01:19",18.8,0.15,6100,1248400,"B"
"DXG","10:01:11",18.8,0.15,1300,1242300,"B"
"DXG","10:01:01",18.8,0.15,500,1241000,"B"
"DXG","10:00:51",18.8,0.15,1500,1240500,"B"
"DXG","10:00:48",18.8,0.15,2000,1239000,"B"
"DXG","10:00:41",18.8,0.15,100,1237000,"B"
"DXG","10:00:38",18.8,0.15,100,1236900,"B"
"DXG","10:00:31",18.8,0.15,1000,1236800,"B"
"DXG","10:00:20",18.8,0.15,1300,1235800,"B"
"DXG","10:00:14",18.8,0.15,700,1234500,"B"
"DXG","10:00:14",18.85,0.2,200,1233800,"S"
"DXG","10:00:00",18.8,0.15,300,1233600,"B"
"DXG","09:59:56",18.8,0.15,1000,1233300,"B"
"DXG","09:59:53",18.8,0.15,700,1232300,"B"
"DXG","09:59:51",18.8,0.15,100,1231600,"B"
"DXG","09:59:49",18.8,0.15,11000,1231500,"B"
"DXG","09:59:48",18.8,0.15,1300,1220500,"B"
"DXG","09:59:46",18.8,0.15,8000,1219200,"B"
"DXG","09:59:45",18.8,0.15,1000,1211200,"B"
"DXG","09:59:44",18.8,0.15,5000,1210200,"B"
"DXG","09:59:43",18.8,0.15,2500,1205200,"B"
"DXG","09:59:34",18.8,0.15,500,1202700,"B"
"DXG","09:59:31",18.8,0.15,5000,1202200,"B"
"DXG","09:59:27",18.8,0.15,13800,1197200,"B"
"DXG","09:59:26",18.85,0.2,100,1183400,"S"
"DXG","09:59:23",18.8,0.15,4000,1183300,"B"
"DXG","09:59:21",18.8,0.15,20000,1179300,"B"
"DXG","09:59:15",18.8,0.15,1400,1159300,"B"
"DXG","09:59:11",18.8,0.15,2000,1157900,"B"
"DXG","09:59:00",18.8,0.15,17700,1155900,"B"
"DXG","09:58:55",18.8,0.15,1000,1138200,"B"
"DXG","09:58:46",18.8,0.15,1000,1137200,"B"
"DXG","09:58:43",18.8,0.15,1300,1136200,"B"
"DXG","09:58:34",18.8,0.15,6000,1134900,"B"
"DXG","09:58:13",18.8,0.15,600,1128900,"B"
"DXG","09:58:11",18.8,0.15,1300,1128300,"B"
"DXG","09:58:00",18.85,0.2,100,1127000,"S"
"DXG","09:57:39",18.8,0.15,1300,1126900,"B"
"DXG","09:57:36",18.8,0.15,2000,1125600,"B"
"DXG","09:57:35",18.8,0.15,100,1123600,"B"
"DXG","09:57:30",18.85,0.2,4600,1123500,"S"
"DXG","09:57:29",18.8,0.15,3000,1118900,"B"
"DXG","09:57:22",18.85,0.2,10000,1115900,"S"
"DXG","09:57:07",18.8,0.15,1300,1105900,"B"
"DXG","09:56:56",18.8,0.15,1000,1104600,"B"
"DXG","09:56:46",18.85,0.2,10600,1103600,"S"
"DXG","09:56:42",18.8,0.15,100,1093000,"B"
"DXG","09:56:41",18.8,0.15,1000,1092900,"B"
"DXG","09:56:35",18.8,0.15,1300,1091900,"B"
"DXG","09:56:35",18.8,0.15,2000,1090600,"B"
"DXG","09:56:27",18.8,0.15,8000,1088600,"B"
"DXG","09:56:16",18.8,0.15,30000,1080600,"B"
"DXG","09:56:03",18.8,0.15,1300,1050600,"B"
"DXG","09:56:01",18.8,0.15,200,1049300,"B"
"DXG","09:55:56",18.8,0.15,4700,1049100,"B"
"DXG","09:55:47",18.8,0.15,1000,1044400,"B"
"DXG","09:55:31",18.8,0.15,1300,1043400,"B"
"DXG","09:55:03",18.85,0.2,200,1042100,"S"
"DXG","09:54:59",18.8,0.15,1300,1041900,"B"
"DXG","09:54:49",18.8,0.15,5000,1040600,"B"
"DXG","09:54:45",18.8,0.15,100,1035600,"B"
"DXG","09:54:45",18.8,0.15,4000,1035500,"B"
"DXG","09:54:43",18.85,0.2,500,1031500,"S"
"DXG","09:54:40",18.8,0.15,2000,1031000,"B"
"DXG","09:54:38",18.8,0.15,100,1029000,"B"
"DXG","09:54:34",18.8,0.15,4600,1028900,"B"
"DXG","09:54:26",18.8,0.15,1200,1024300,"B"
"DXG","09:54:23",18.8,0.15,200,1023100,"B"
"DXG","09:54:19",18.85,0.2,2500,1022900,"S"
"DXG","09:54:19",18.8,0.15,600,1020400,"B"
"DXG","09:54:18",18.85,0.2,2300,1019800,"S"
"DXG","09:54:17",18.8,0.15,500,1017500,"B"
"DXG","09:54:02",18.85,0.2,100,1017000,"S"
"DXG","09:54:02",18.85,0.2,2000,1016900,"S"
"DXG","09:53:56",18.85,0.2,400,1014900,"S"
"DXG","09:53:54",18.8,0.15,1200,1014500,"B"
"DXG","09:53:40",18.85,0.2,100,1013300,"S"
"DXG","09:53:38",18.8,0.15,500,1013200,"B"
"DXG","09:53:22",18.8,0.15,1200,1012700,"B"
"DXG","09:53:19",18.8,0.15,100,1011500,"B"
"DXG","09:53:17",18.8,0.15,2000,1011400,"B"
"DXG","09:53:04",18.8,0.15,200,1009400,"B"
"DXG","09:52:49",18.8,0.15,1200,1009200,"B"
"DXG","09:52:47",18.8,0.15,1100,1008000,"B"
"DXG","09:52:43",18.8,0.15,3400,1006900,"B"
"DXG","09:52:17",18.8,0.15,1200,1003500,"B"
"DXG","09:52:16",18.8,0.15,300,1002300,"B"
"DXG","09:51:50",18.8,0.15,100,1002000,"B"
"DXG","09:51:47",18.85,0.2,10000,1001900,"S"
"DXG","09:51:45",18.8,0.15,1200,991900,"B"
"DXG","09:51:37",18.8,0.15,300,990700,"B"
"DXG","09:51:32",18.85,0.2,800,990400,"S"
"DXG","09:51:32",18.8,0.15,400,989600,"S"
"DXG","09:51:30",18.8,0.15,200,989200,"S"
"DXG","09:51:29",18.8,0.15,300,989000,"S"
"DXG","09:51:28",18.8,0.15,100,988700,"S"
"DXG","09:51:25",18.8,0.15,2000,988600,"S"
"DXG","09:51:22",18.8,0.15,8000,986600,"B"
"DXG","09:51:18",18.8,0.15,1000,978600,"B"
"DXG","09:51:13",18.8,0.15,1200,977600,"B"
"DXG","09:51:12",18.8,0.15,100,976400,"B"
"DXG","09:51:08",18.8,0.15,5000,976300,"B"
"DXG","09:50:48",18.8,0.15,100,971300,"B"
"DXG","09:50:41",18.8,0.15,1200,971200,"B"
"DXG","09:50:37",18.8,0.15,46800,970000,"S"
"DXG","09:50:30",18.8,0.15,50000,923200,"S"
"DXG","09:50:29",18.8,0.15,100,873200,"S"
"DXG","09:50:22",18.8,0.15,800,873100,"S"
"DXG","09:50:17",18.8,0.15,300,872300,"S"
"DXG","09:50:11",18.8,0.15,100,872000,"S"
"DXG","09:50:08",18.75,0.1,1200,871900,"B"
"DXG","09:50:00",18.8,0.15,2000,870700,"S"
"DXG","09:49:51",18.8,0.15,100,868700,"S"
"DXG","09:49:42",18.75,0.1,9000,868600,"B"
"DXG","09:49:40",18.75,0.1,100,859600,"B"
"DXG","09:49:36",18.75,0.1,1200,859500,"B"
"DXG","09:49:04",18.75,0.1,1200,858300,"B"
"DXG","09:49:03",18.75,0.1,1400,857100,"B"
"DXG","09:48:32",18.75,0.1,1200,855700,"B"
"DXG","09:48:14",18.75,0.1,4500,854500,"S"
"DXG","09:48:09",18.75,0.1,500,850000,"B"
"DXG","09:48:03",18.75,0.1,9500,849500,"S"
"DXG","09:48:01",18.75,0.1,2100,840000,"S"
"DXG","09:48:00",18.75,0.1,100,837900,"S"
"DXG","09:48:00",18.7,0.05,1200,837800,"B"
"DXG","09:47:51",18.75,0.1,500,836600,"S"
"DXG","09:47:48",18.75,0.1,900,836100,"S"
"DXG","09:47:35",18.75,0.1,1200,835200,"S"
"DXG","09:47:32",18.75,0.1,20000,834000,"S"
"DXG","09:47:30",18.75,0.1,3500,814000,"S"
"DXG","09:47:28",18.7,0.05,1300,810500,"B"
"DXG","09:47:20",18.75,0.1,10000,809200,"S"
"DXG","09:47:03",18.75,0.1,10000,799200,"S"
"DXG","09:46:55",18.75,0.1,10000,789200,"S"
"DXG","09:46:50",18.7,0.05,1200,779200,"B"
"DXG","09:46:44",18.7,0.05,200,778000,"B"
"DXG","09:46:44",18.75,0.1,10000,777800,"S"
"DXG","09:46:43",18.75,0.1,600,767800,"S"
"DXG","09:46:37",18.75,0.1,10000,767200,"S"
"DXG","09:46:21",18.75,0.1,500,757200,"S"
"DXG","09:46:18",18.7,0.05,1200,756700,"B"
"DXG","09:45:50",18.7,0.05,1000,755500,"B"
"DXG","09:45:46",18.7,0.05,1200,754500,"B"
"DXG","09:45:39",18.7,0.05,300,753300,"S"
"DXG","09:45:34",18.7,0.05,400,753000,"B"
"DXG","09:45:34",18.75,0.1,5000,752600,"S"
"DXG","09:45:33",18.7,0.05,9600,747600,"S"
"DXG","09:45:32",18.7,0.05,100,738000,"S"
"DXG","09:45:30",18.7,0.05,800,737900,"S"
"DXG","09:45:29",18.7,0.05,11000,737100,"B"
"DXG","09:45:15",18.7,0.05,1200,726100,"B"
"DXG","09:44:58",18.7,0.05,1500,724900,"B"
"DXG","09:44:42",18.7,0.05,1200,723400,"B"
"DXG","09:44:40",18.7,0.05,100,722200,"B"
"DXG","09:44:32",18.75,0.1,10000,722100,"S"
"DXG","09:44:31",18.7,0.05,1000,712100,"B"
"DXG","09:44:11",18.7,0.05,1200,711100,"B"
"DXG","09:44:10",18.7,0.05,15600,709900,"S"
"DXG","09:43:52",18.7,0.05,10000,694300,"S"
"DXG","09:43:39",18.65,0,1200,684300,"B"
"DXG","09:43:36",18.7,0.05,200,683100,"S"
"DXG","09:43:28",18.65,0,1000,682900,"B"
"DXG","09:43:25",18.7,0.05,200,681900,"S"
"DXG","09:43:24",18.65,0,1000,681700,"B"
"DXG","09:43:07",18.65,0,1200,680700,"B"
"DXG","09:42:42",18.65,0,5000,679500,"B"
"DXG","09:42:35",18.65,0,1200,674500,"B"
"DXG","09:42:16",18.65,0,1000,673300,"B"
"DXG","09:42:14",18.7,0.05,2000,672300,"S"
"DXG","09:42:03",18.65,0,1200,670300,"B"
"DXG","09:41:53",18.7,0.05,100,669100,"S"
"DXG","09:41:31",18.65,0,1200,669000,"B"
"DXG","09:41:01",18.65,0,200,667800,"B"
"DXG","09:40:58",18.65,0,1200,667600,"B"
"DXG","09:40:56",18.65,0,3300,666400,"B"
"DXG","09:40:46",18.65,0,1000,663100,"B"
"DXG","09:40:29",18.65,0,400,662100,"B"
"DXG","09:40:27",18.65,0,100,661700,"B"
"DXG","09:40:26",18.65,0,1200,661600,"B"
"DXG","09:40:14",18.65,0,1100,660400,"S"
"DXG","09:40:09",18.65,0,5100,659300,"B"
"DXG","09:39:54",18.6,-0.05,1200,654200,"B"
"DXG","09:39:46",18.7,0.05,100,653000,"S"
"DXG","09:39:40",18.6,-0.05,2800,652900,"B"
"DXG","09:39:35",18.65,0,100,647900,"B"
"DXG","09:39:26",18.65,0,6000,647800,"B"
"DXG","09:39:22",18.65,0,1200,641800,"B"
"DXG","09:38:58",18.6,-0.05,6400,640600,"B"
"DXG","09:38:58",18.65,0,100,634200,"B"
"DXG","09:38:50",18.6,-0.05,1200,634100,"B"
"DXG","09:38:44",18.6,-0.05,3000,632900,"B"
"DXG","09:38:44",18.65,0,7000,629900,"B"
"DXG","09:38:23",18.65,0,100,622900,"B"
"DXG","09:38:21",18.65,0,10000,622800,"B"
"DXG","09:38:17",18.65,0,1200,612800,"B"
"DXG","09:38:01",18.65,0,3000,611600,"S"
"DXG","09:37:59",18.65,0,5000,608600,"S"
"DXG","09:37:57",18.65,0,1100,603600,"S"
"DXG","09:37:55",18.65,0,1000,602500,"S"
"DXG","09:37:50",18.65,0,200,601500,"S"
"DXG","09:37:49",18.65,0,100,601300,"S"
"DXG","09:37:47",18.65,0,3000,601200,"S"
"DXG","09:37:45",18.6,-0.05,1200,598200,"B"
"DXG","09:37:45",18.65,0,3000,597000,"S"
"DXG","09:37:43",18.65,0,2000,594000,"S"
"DXG","09:37:42",18.65,0,3000,592000,"S"
"DXG","09:37:41",18.65,0,22200,589000,"S"
"DXG","09:37:38",18.65,0,5000,566800,"S"
"DXG","09:37:37",18.65,0,5000,561800,"S"
"DXG","09:37:36",18.65,0,4200,556800,"S"
"DXG","09:37:33",18.65,0,10000,552600,"S"
"DXG","09:37:30",18.65,0,5000,542600,"S"
"DXG","09:37:28",18.65,0,200,537600,"S"
"DXG","09:37:27",18.6,-0.05,100,537400,"B"
"DXG","09:37:22",18.65,0,2000,537300,"S"
"DXG","09:37:13",18.6,-0.05,1200,535300,"B"
"DXG","09:37:10",18.65,0,1000,534100,"S"
"DXG","09:37:08",18.65,0,10000,533100,"S"
"DXG","09:37:02",18.65,0,600,523100,"S"
"DXG","09:37:00",18.65,0,300,522500,"S"
"DXG","09:36:41",18.6,-0.05,1200,522200,"B"
"DXG","09:36:14",18.65,0,2000,521000,"S"
"DXG","09:36:09",18.6,-0.05,3700,519000,"B"
"DXG","09:35:43",18.65,0,100,515300,"S"
"DXG","09:35:37",18.6,-0.05,1200,515200,"B"
"DXG","09:35:33",18.65,0,500,514000,"S"
"DXG","09:35:31",18.65,0,400,513500,"S"
"DXG","09:35:29",18.65,0,5000,513100,"S"
"DXG","09:35:28",18.65,0,500,508100,"S"
"DXG","09:35:22",18.65,0,1000,507600,"S"
"DXG","09:35:05",18.65,0,100,506600,"S"
"DXG","09:35:05",18.6,-0.05,1200,506500,"B"
"DXG","09:35:02",18.6,-0.05,200,505300,"B"
"DXG","09:34:36",18.6,-0.05,300,505100,"B"
"DXG","09:34:33",18.6,-0.05,1200,504800,"B"
"DXG","09:34:23",18.65,0,1600,503600,"S"
"DXG","09:34:15",18.65,0,2000,502000,"S"
"DXG","09:34:11",18.6,-0.05,1500,500000,"B"
"DXG","09:34:01",18.6,-0.05,1200,498500,"B"
"DXG","09:33:55",18.6,-0.05,2000,497300,"B"
"DXG","09:33:47",18.65,0,20000,495300,"S"
"DXG","09:33:42",18.6,-0.05,800,475300,"B"
"DXG","09:33:35",18.6,-0.05,30000,474500,"B"
"DXG","09:33:29",18.6,-0.05,1200,444500,"B"
"DXG","09:33:27",18.6,-0.05,1000,443300,"B"
"DXG","09:33:20",18.6,-0.05,13800,442300,"B"
"DXG","09:33:19",18.6,-0.05,300,428500,"B"
"DXG","09:33:03",18.6,-0.05,200,428200,"B"
"DXG","09:32:57",18.6,-0.05,1200,428000,"B"
"DXG","09:32:55",18.6,-0.05,1800,426800,"B"
"DXG","09:32:54",18.6,-0.05,100,425000,"B"
"DXG","09:32:49",18.6,-0.05,2500,424900,"B"
"DXG","09:32:48",18.6,-0.05,500,422400,"B"
"DXG","09:32:47",18.6,-0.05,500,421900,"B"
"DXG","09:32:33",18.6,-0.05,800,421400,"B"
"DXG","09:32:26",18.6,-0.05,1200,420600,"B"
"DXG","09:32:18",18.65,0,300,419400,"S"
"DXG","09:32:09",18.6,-0.05,100,419100,"B"
"DXG","09:32:04",18.65,0,100,419000,"S"
"DXG","09:31:59",18.6,-0.05,800,418900,"B"
"DXG","09:31:53",18.6,-0.05,1300,418100,"B"
"DXG","09:31:50",18.6,-0.05,500,416800,"B"
"DXG","09:31:38",18.65,0,500,416300,"S"
"DXG","09:31:25",18.6,-0.05,500,415800,"B"
"DXG","09:31:16",18.6,-0.05,1300,415300,"B"
"DXG","09:31:15",18.6,-0.05,10000,414000,"B"
"DXG","09:31:11",18.6,-0.05,100,404000,"B"
"DXG","09:31:09",18.6,-0.05,100,403900,"B"
"DXG","09:31:02",18.6,-0.05,1000,403800,"B"
"DXG","09:30:53",18.6,-0.05,1000,402800,"B"
"DXG","09:30:50",18.6,-0.05,1200,401800,"B"
"DXG","09:30:49",18.6,-0.05,2000,400600,"B"
"DXG","09:30:39",18.6,-0.05,1200,398600,"B"
"DXG","09:30:38",18.6,-0.05,2000,397400,"B"
"DXG","09:30:35",18.6,-0.05,1800,395400,"B"
"DXG","09:30:30",18.6,-0.05,2100,393600,"B"
"DXG","09:30:29",18.6,-0.05,1500,391500,"B"
"DXG","09:30:29",18.6,-0.05,500,390000,"B"
"DXG","09:30:22",18.6,-0.05,4000,389500,"B"
"DXG","09:30:17",18.6,-0.05,400,385500,"B"
"DXG","09:30:12",18.6,-0.05,900,385100,"B"
"DXG","09:30:05",18.6,-0.05,400,384200,"B"
"DXG","09:30:05",18.6,-0.05,1300,383800,"B"
"DXG","09:29:53",18.6,-0.05,1000,382500,"B"
"DXG","09:29:53",18.65,0,500,381500,"S"
"DXG","09:29:35",18.6,-0.05,1000,381000,"B"
"DXG","09:29:19",18.65,0,3000,380000,"S"
"DXG","09:29:17",18.6,-0.05,500,377000,"B"
"DXG","09:28:55",18.6,-0.05,1000,376500,"B"
"DXG","09:28:49",18.65,0,100,375500,"S"
"DXG","09:28:37",18.6,-0.05,2500,375400,"B"
"DXG","09:28:15",18.6,-0.05,100,372900,"B"
"DXG","09:28:10",18.6,-0.05,3900,372800,"B"
"DXG","09:28:03",18.6,-0.05,7500,368900,"B"
"DXG","09:27:50",18.6,-0.05,1000,361400,"B"
"DXG","09:27:40",18.6,-0.05,600,360400,"B"
"DXG","09:27:37",18.65,0,500,359800,"S"
"DXG","09:27:35",18.6,-0.05,2000,359300,"B"
"DXG","09:27:10",18.65,0,9500,357300,"S"
"DXG","09:27:06",18.65,0,1600,347800,"S"
"DXG","09:26:58",18.65,0,500,346200,"S"
"DXG","09:26:57",18.65,0,1000,345700,"S"
"DXG","09:26:22",18.65,0,10000,344700,"S"
"DXG","09:26:10",18.65,0,300,334700,"S"
"DXG","09:26:02",18.6,-0.05,1100,334400,"B"
"DXG","09:25:58",18.6,-0.05,1100,333300,"B"
"DXG","09:25:41",18.65,0,12900,332200,"B"
"DXG","09:25:31",18.65,0,1000,319300,"B"
"DXG","09:25:29",18.65,0,1000,318300,"B"
"DXG","09:25:24",18.65,0,10000,317300,"B"
"DXG","09:25:15",18.65,0,100,307300,"B"
"DXG","09:25:11",18.65,0,100,307200,"B"
"DXG","09:25:07",18.65,0,200,307100,"B"
"DXG","09:24:58",18.65,0,100,306900,"B"
"DXG","09:24:40",18.65,0,1000,306800,"B"
"DXG","09:24:37",18.65,0,300,305800,"B"
"DXG","09:24:30",18.65,0,500,305500,"B"
"DXG","09:24:17",18.65,0,100,305000,"B"
"DXG","09:23:55",18.7,0.05,100,304900,"S"
"DXG","09:23:33",18.65,0,100,304800,"B"
"DXG","09:23:25",18.65,0,500,304700,"B"
"DXG","09:23:20",18.65,0,20000,304200,"B"
"DXG","09:23:17",18.65,0,600,284200,"B"
"DXG","09:23:11",18.65,0,2000,283600,"B"
"DXG","09:22:56",18.65,0,3200,281600,"B"
"DXG","09:22:42",18.65,0,1000,278400,"B"
"DXG","09:22:40",18.65,0,8600,277400,"B"
"DXG","09:22:36",18.65,0,12200,268800,"B"
"DXG","09:22:27",18.65,0,1500,256600,"B"
"DXG","09:22:26",18.65,0,500,255100,"B"
"DXG","09:22:03",18.65,0,3000,254600,"B"
"DXG","09:22:00",18.65,0,200,251600,"B"
"DXG","09:22:00",18.65,0,400,251400,"B"
"DXG","09:21:41",18.65,0,500,251000,"B"
"DXG","09:20:34",18.65,0,2000,250500,"B"
"DXG","09:20:20",18.65,0,3900,248500,"S"
"DXG","09:20:15",18.6,-0.05,3500,244600,"B"
"DXG","09:20:10",18.65,0,100,241100,"S"
"DXG","09:20:08",18.65,0,100,241000,"S"
"DXG","09:19:56",18.65,0,100,240900,"S"
"DXG","09:19:54",18.65,0,100,240800,"S"
"DXG","09:19:46",18.65,0,100,240700,"S"
"DXG","09:19:42",18.65,0,1000,240600,"S"
"DXG","09:19:33",18.65,0,200,239600,"S"
"DXG","09:19:30",18.65,0,1600,239400,"B"
"DXG","09:19:27",18.65,0,20000,237800,"B"
"DXG","09:19:20",18.7,0.05,200,217800,"S"
"DXG","09:19:19",18.65,0,3000,217600,"B"
"DXG","09:19:14",18.65,0,12600,214600,"B"
"DXG","09:19:13",18.65,0,12200,202000,"B"
"DXG","09:19:12",18.65,0,2200,189800,"B"
"DXG","09:18:16",18.7,0.05,500,187600,"S"
"DXG","09:18:15",18.7,0.05,200,187100,"S"
"DXG","09:18:11",18.7,0.05,3200,186900,"S"
"DXG","09:18:01",18.7,0.05,300,183700,"S"
"DXG","09:17:53",18.7,0.05,100,183400,"S"
"DXG","09:17:50",18.7,0.05,1000,183300,"S"
"DXG","09:17:44",18.7,0.05,100,182300,"S"
"DXG","09:17:36",18.7,0.05,100,182200,"S"
"DXG","09:17:29",18.7,0.05,200,182100,"S"
"DXG","09:17:26",18.7,0.05,100,181900,"S"
"DXG","09:17:24",18.65,0,500,181800,"B"
"DXG","09:17:15",18.65,0,3000,181300,"B"
"DXG","09:17:15",18.7,0.05,27900,178300,"B"
"DXG","09:17:09",18.75,0.1,300,150400,"S"
"DXG","09:17:05",18.7,0.05,10000,150100,"B"
"DXG","09:17:01",18.75,0.1,1100,140100,"S"
"DXG","09:16:48",18.7,0.05,700,139000,"B"
"DXG","09:16:44",18.7,0.05,600,138300,"B"
"DXG","09:16:38",18.7,0.05,400,137700,"B"
"DXG","09:16:28",18.75,0.1,100,137300,"S"
"DXG","09:16:25",18.75,0.1,500,137200,"S"
"DXG","09:16:07",18.75,0.1,1000,136700,"S"
"DXG","09:16:06",18.7,0.05,5000,135700,"B"
"DXG","09:15:56",18.7,0.05,200,130700,"B"
"DXG","09:15:53",18.7,0.05,100,130500,"B"
"DXG","09:15:41",18.75,0.1,4500,130400,"S"
"DXG","09:15:25",18.75,0.1,200,125900,"S"
"DXG","09:15:20",18.7,0.05,1000,125700,"B"
"DXG","09:15:09",18.75,0.1,18900,124700,"B"
"DXG","09:15:03",18.8,0.15,5900,105800,"S"
"DXG","09:15:00",18.75,0.1,99900,99900,
