"symbol","time","price","change","vol","total","side"
"HCM","14:45:00",31,-0.5,609700,5240900,
"HCM","14:29:59",31.25,-0.25,100,4631200,"S"
"HCM","14:29:52",31.2,-0.3,11800,4631100,"B"
"HCM","14:29:51",31.2,-0.3,3500,4619300,"B"
"HCM","14:29:51",31.25,-0.25,3200,4615800,"S"
"HCM","14:29:41",31.2,-0.3,1000,4612600,"B"
"HCM","14:29:39",31.25,-0.25,3000,4611600,"S"
"HCM","14:29:38",31.25,-0.25,3900,4608600,"S"
"HCM","14:29:36",31.25,-0.25,1500,4604700,"S"
"HCM","14:29:32",31.25,-0.25,2000,4603200,"S"
"HCM","14:29:31",31.2,-0.3,800,4601200,"B"
"HCM","14:29:31",31.25,-0.25,2200,4600400,"B"
"HCM","14:29:27",31.25,-0.25,100,4598200,"B"
"HCM","14:29:26",31.3,-0.2,1000,4598100,"S"
"HCM","14:29:21",31.25,-0.25,100,4597100,"B"
"HCM","14:29:20",31.25,-0.25,19900,4597000,"S"
"HCM","14:29:17",31.2,-0.3,100,4577100,"B"
"HCM","14:29:16",31.2,-0.3,1800,4577000,"B"
"HCM","14:29:14",31.2,-0.3,400,4575200,"B"
"HCM","14:29:13",31.2,-0.3,4000,4574800,"B"
"HCM","14:29:00",31.2,-0.3,400,4570800,"B"
"HCM","14:28:59",31.25,-0.25,4000,4570400,"S"
"HCM","14:28:50",31.25,-0.25,100,4566400,"S"
"HCM","14:28:45",31.2,-0.3,100,4566300,"B"
"HCM","14:28:44",31.2,-0.3,1900,4566200,"B"
"HCM","14:28:43",31.2,-0.3,19000,4564300,"B"
"HCM","14:28:42",31.2,-0.3,500,4545300,"B"
"HCM","14:28:42",31.2,-0.3,100,4544800,"B"
"HCM","14:28:36",31.2,-0.3,700,4539700,"B"
"HCM","14:28:35",31.2,-0.3,7200,4539000,"B"
"HCM","14:28:32",31.2,-0.3,100,4531800,"B"
"HCM","14:28:31",31.2,-0.3,1000,4531700,"B"
"HCM","14:28:30",31.2,-0.3,3800,4530400,"B"
"HCM","14:28:26",31.2,-0.3,200,4526600,"B"
"HCM","14:28:26",31.25,-0.25,2000,4526400,"S"
"HCM","14:28:25",31.2,-0.3,100,4524400,"B"
"HCM","14:28:25",31.2,-0.3,1000,4524300,"B"
"HCM","14:28:22",31.2,-0.3,100,4523300,"B"
"HCM","14:28:21",31.2,-0.3,1500,4523200,"B"
"HCM","14:28:21",31.2,-0.3,200,4521700,"B"
"HCM","14:28:20",31.2,-0.3,5000,4521500,"B"
"HCM","14:28:20",31.2,-0.3,200,4516500,"B"
"HCM","14:28:18",31.25,-0.25,2000,4516300,"S"
"HCM","14:27:59",31.2,-0.3,200,4514300,"B"
"HCM","14:27:58",31.2,-0.3,2600,4514100,"B"
"HCM","14:27:58",31.2,-0.3,1100,4511500,"B"
"HCM","14:27:57",31.2,-0.3,100,4510400,"B"
"HCM","14:27:57",31.25,-0.25,1500,4510300,"S"
"HCM","14:27:53",31.2,-0.3,200,4508800,"B"
"HCM","14:27:52",31.25,-0.25,2000,4508600,"S"
"HCM","14:27:50",31.2,-0.3,100,4506600,"B"
"HCM","14:27:49",31.25,-0.25,1000,4506500,"S"
"HCM","14:27:46",31.2,-0.3,100,4505500,"B"
"HCM","14:27:46",31.25,-0.25,1900,4505400,"B"
"HCM","14:27:44",31.3,-0.2,200,4503500,"S"
"HCM","14:27:43",31.25,-0.25,100,4503300,"B"
"HCM","14:27:42",31.25,-0.25,1000,4503200,"B"
"HCM","14:27:41",31.25,-0.25,10000,4502200,"B"
"HCM","14:27:40",31.25,-0.25,200,4492200,"B"
"HCM","14:27:39",31.25,-0.25,5900,4492000,"B"
"HCM","14:27:38",31.25,-0.25,4000,4486100,"B"
"HCM","14:27:26",31.25,-0.25,500,4482100,"B"
"HCM","14:27:25",31.25,-0.25,500,4481600,"B"
"HCM","14:27:25",31.3,-0.2,5000,4481100,"S"
"HCM","14:27:04",31.3,-0.2,300,4476100,"S"
"HCM","14:27:01",31.25,-0.25,800,4475800,"B"
"HCM","14:27:00",31.3,-0.2,8200,4475000,"B"
"HCM","14:26:55",31.3,-0.2,600,4466800,"B"
"HCM","14:26:54",31.3,-0.2,6000,4466200,"B"
"HCM","14:26:54",31.35,-0.15,300,4460200,"S"
"HCM","14:26:42",31.3,-0.2,200,4459900,"B"
"HCM","14:26:41",31.35,-0.15,2900,4459700,"B"
"HCM","14:26:40",31.35,-0.15,100,4456800,"B"
"HCM","14:26:40",31.35,-0.15,1600,4456700,"B"
"HCM","14:26:36",31.35,-0.15,500,4455100,"B"
"HCM","14:26:35",31.35,-0.15,500,4454600,"B"
"HCM","14:26:28",31.3,-0.2,500,4454100,"B"
"HCM","14:26:28",31.35,-0.15,900,4453600,"B"
"HCM","14:26:27",31.35,-0.15,4100,4452700,"S"
"HCM","14:26:26",31.3,-0.2,1000,4448600,"B"
"HCM","14:26:23",31.3,-0.2,100,4447600,"B"
"HCM","14:26:22",31.3,-0.2,1500,4447500,"B"
"HCM","14:26:19",31.3,-0.2,100,4446000,"B"
"HCM","14:26:18",31.3,-0.2,1000,4445900,"B"
"HCM","14:26:18",31.3,-0.2,400,4444900,"B"
"HCM","14:26:14",31.3,-0.2,100,4444500,"B"
"HCM","14:26:13",31.3,-0.2,1000,4444400,"B"
"HCM","14:26:10",31.3,-0.2,100,4443400,"B"
"HCM","14:26:09",31.3,-0.2,1900,4443300,"B"
"HCM","14:26:08",31.3,-0.2,100,4441400,"B"
"HCM","14:26:07",31.3,-0.2,18300,4441300,"B"
"HCM","14:26:07",31.35,-0.15,1300,4423000,"B"
"HCM","14:26:06",31.35,-0.15,3000,4421700,"B"
"HCM","14:26:04",31.35,-0.15,1100,4418700,"B"
"HCM","14:26:02",31.35,-0.15,400,4417600,"B"
"HCM","14:26:01",31.35,-0.15,4200,4417200,"B"
"HCM","14:26:00",31.35,-0.15,42500,4413000,"B"
"HCM","14:25:59",31.35,-0.15,100,4370500,"B"
"HCM","14:25:58",31.4,-0.1,1000,4370400,"S"
"HCM","14:25:55",31.35,-0.15,100,4369400,"B"
"HCM","14:25:54",31.4,-0.1,1200,4369300,"S"
"HCM","14:25:49",31.35,-0.15,300,4368100,"B"
"HCM","14:25:48",31.4,-0.1,3800,4367800,"B"
"HCM","14:25:31",31.4,-0.1,100,4364000,"B"
"HCM","14:25:30",31.4,-0.1,1100,4363900,"S"
"HCM","14:25:24",31.35,-0.15,500,4362800,"B"
"HCM","14:25:23",31.4,-0.1,5000,4362300,"S"
"HCM","14:25:06",31.4,-0.1,500,4357300,"B"
"HCM","14:25:05",31.35,-0.15,1300,4356800,"B"
"HCM","14:25:05",31.45,-0.05,600,4355500,"S"
"HCM","14:25:05",31.4,-0.1,2900,4354900,"S"
"HCM","14:25:04",31.35,-0.15,10000,4352000,"B"
"HCM","14:24:58",31.35,-0.15,500,4342000,"B"
"HCM","14:24:51",31.35,-0.15,500,4341500,"B"
"HCM","14:24:50",31.4,-0.1,5000,4341000,"S"
"HCM","14:24:44",31.35,-0.15,100,4336000,"B"
"HCM","14:24:43",31.35,-0.15,1500,4335900,"B"
"HCM","14:24:42",31.4,-0.1,15100,4334400,"B"
"HCM","14:24:41",31.4,-0.1,1100,4319300,"B"
"HCM","14:24:39",31.4,-0.1,300,4318200,"B"
"HCM","14:24:33",31.4,-0.1,700,4317900,"B"
"HCM","14:24:32",31.4,-0.1,5000,4317200,"B"
"HCM","14:24:32",31.4,-0.1,2500,4312200,"B"
"HCM","14:24:30",31.4,-0.1,500,4309700,"B"
"HCM","14:24:27",31.4,-0.1,100,4309200,"B"
"HCM","14:24:26",31.4,-0.1,1100,4309100,"B"
"HCM","14:24:25",31.4,-0.1,11900,4308000,"B"
"HCM","14:24:24",31.4,-0.1,100,4296100,"B"
"HCM","14:24:22",31.4,-0.1,700,4296000,"B"
"HCM","14:24:21",31.4,-0.1,7500,4295300,"B"
"HCM","14:24:19",31.4,-0.1,100,4287800,"B"
"HCM","14:24:18",31.4,-0.1,1000,4287700,"B"
"HCM","14:24:07",31.4,-0.1,300,4286700,"B"
"HCM","14:24:06",31.5,0,3300,4286400,"S"
"HCM","14:24:06",31.45,-0.05,200,4283100,"S"
"HCM","14:23:59",31.4,-0.1,600,4282900,"B"
"HCM","14:23:58",31.4,-0.1,5500,4282300,"B"
"HCM","14:23:58",31.45,-0.05,500,4276800,"B"
"HCM","14:23:57",31.45,-0.05,60000,4276300,"B"
"HCM","14:23:48",31.45,-0.05,800,4216300,"B"
"HCM","14:23:48",31.5,0,8000,4215500,"S"
"HCM","14:23:42",31.45,-0.05,100,4207500,"B"
"HCM","14:23:41",31.45,-0.05,1000,4207400,"B"
"HCM","14:23:41",31.45,-0.05,10000,4206400,"B"
"HCM","14:23:35",31.5,0,200,4196400,"S"
"HCM","14:23:01",31.45,-0.05,300,4196200,"B"
"HCM","14:23:00",31.5,0,3500,4195900,"S"
"HCM","14:22:41",31.45,-0.05,200,4192400,"B"
"HCM","14:22:41",31.5,0,2700,4192200,"S"
"HCM","14:22:40",31.5,0,100,4189500,"S"
"HCM","14:22:36",31.4,-0.1,100,4189400,"B"
"HCM","14:22:35",31.4,-0.1,700,4189300,"B"
"HCM","14:22:35",31.45,-0.05,300,4188600,"B"
"HCM","14:22:34",31.5,0,10000,4188300,"S"
"HCM","14:22:22",31.45,-0.05,100,4178300,"B"
"HCM","14:22:22",31.5,0,1600,4178200,"S"
"HCM","14:22:18",31.4,-0.1,300,4176600,"B"
"HCM","14:22:17",31.4,-0.1,3000,4176300,"B"
"HCM","14:22:16",31.4,-0.1,5700,4173300,"B"
"HCM","14:22:16",31.45,-0.05,24300,4167600,"B"
"HCM","14:22:06",31.45,-0.05,400,4143300,"B"
"HCM","14:22:05",31.5,0,4500,4142900,"S"
"HCM","14:22:03",31.45,-0.05,2200,4138200,"B"
"HCM","14:22:03",31.45,-0.05,20000,4136000,"B"
"HCM","14:22:02",31.5,0,2000,4116000,"S"
"HCM","14:21:58",31.5,0,200,4114000,"S"
"HCM","14:21:53",31.5,0,300,4113800,"S"
"HCM","14:21:48",31.45,-0.05,200,4113500,"B"
"HCM","14:21:46",31.45,-0.05,2200,4113300,"B"
"HCM","14:21:46",31.5,0,22900,4111100,"B"
"HCM","14:21:34",31.5,0,100,4088200,"B"
"HCM","14:21:34",31.5,0,1000,4088100,"B"
"HCM","14:21:32",31.5,0,200,4087100,"B"
"HCM","14:21:31",31.5,0,2000,4086900,"B"
"HCM","14:21:28",31.5,0,100,4084900,"B"
"HCM","14:21:27",31.5,0,1700,4084800,"S"
"HCM","14:21:25",31.45,-0.05,100,4083100,"B"
"HCM","14:21:25",31.5,0,1000,4083000,"S"
"HCM","14:21:21",31.45,-0.05,100,4082000,"B"
"HCM","14:21:20",31.45,-0.05,1000,4081900,"B"
"HCM","14:21:19",31.5,0,10000,4080900,"S"
"HCM","14:21:16",31.5,0,100,4070900,"S"
"HCM","14:21:11",31.45,-0.05,200,4070800,"B"
"HCM","14:21:10",31.5,0,2000,4070600,"S"
"HCM","14:21:07",31.5,0,500,4068600,"S"
"HCM","14:21:05",31.45,-0.05,400,4068100,"B"
"HCM","14:21:04",31.5,0,4700,4067700,"B"
"HCM","14:20:56",31.5,0,800,4063000,"S"
"HCM","14:20:55",31.5,0,2000,4062200,"S"
"HCM","14:20:49",31.45,-0.05,100,4060200,"B"
"HCM","14:20:48",31.5,0,1100,4060100,"S"
"HCM","14:20:34",31.45,-0.05,300,4059000,"B"
"HCM","14:20:34",31.5,0,3000,4058700,"S"
"HCM","14:20:30",31.45,-0.05,100,4055700,"B"
"HCM","14:20:30",31.45,-0.05,700,4055600,"B"
"HCM","14:20:30",31.5,0,1000,4054900,"S"
"HCM","14:20:29",31.5,0,200,4053900,"S"
"HCM","14:20:28",31.5,0,6800,4053700,"S"
"HCM","14:20:26",31.45,-0.05,100,4046900,"B"
"HCM","14:20:26",31.5,0,500,4046800,"S"
"HCM","14:20:25",31.45,-0.05,500,4046300,"B"
"HCM","14:20:24",31.45,-0.05,100,4045800,"B"
"HCM","14:20:24",31.5,0,100,4045700,"S"
"HCM","14:20:23",31.45,-0.05,1000,4045600,"B"
"HCM","14:20:23",31.5,0,10000,4044600,"S"
"HCM","14:20:21",31.5,0,500,4034600,"S"
"HCM","14:20:20",31.45,-0.05,400,4034100,"B"
"HCM","14:20:19",31.5,0,4000,4033700,"S"
"HCM","14:20:18",31.45,-0.05,200,4029700,"B"
"HCM","14:20:17",31.45,-0.05,2000,4029500,"B"
"HCM","14:20:16",31.5,0,20000,4027500,"S"
"HCM","14:20:08",31.5,0,100,4007500,"S"
"HCM","14:20:06",31.45,-0.05,300,4007400,"B"
"HCM","14:20:05",31.5,0,3500,4007100,"S"
"HCM","14:19:54",31.45,-0.05,500,4003600,"B"
"HCM","14:19:53",31.5,0,5000,4003100,"S"
"HCM","14:19:39",31.45,-0.05,900,3998100,"B"
"HCM","14:19:13",31.45,-0.05,100,3997200,"B"
"HCM","14:19:13",31.45,-0.05,1200,3997100,"B"
"HCM","14:19:09",31.5,0,800,3995900,"S"
"HCM","14:19:07",31.45,-0.05,300,3995100,"B"
"HCM","14:19:06",31.5,0,3500,3994800,"S"
"HCM","14:18:56",31.45,-0.05,100,3991300,"B"
"HCM","14:18:55",31.45,-0.05,1000,3991200,"B"
"HCM","14:18:47",31.45,-0.05,100,3990200,"B"
"HCM","14:18:46",31.45,-0.05,1000,3990100,"B"
"HCM","14:18:30",31.45,-0.05,100,3989100,"B"
"HCM","14:18:30",31.45,-0.05,1000,3989000,"B"
"HCM","14:18:20",31.45,-0.05,100,3988000,"B"
"HCM","14:18:19",31.5,0,1000,3987900,"S"
"HCM","14:18:17",31.45,-0.05,300,3986900,"B"
"HCM","14:18:16",31.5,0,3000,3986600,"S"
"HCM","14:18:11",31.5,0,400,3983600,"S"
"HCM","14:18:07",31.45,-0.05,300,3983200,"B"
"HCM","14:18:06",31.5,0,3500,3982900,"S"
"HCM","14:17:40",31.45,-0.05,100,3979400,"B"
"HCM","14:17:39",31.45,-0.05,1000,3979300,"B"
"HCM","14:17:20",31.45,-0.05,600,3978300,"B"
"HCM","14:17:20",31.5,0,3500,3977700,"S"
"HCM","14:17:09",31.45,-0.05,1100,3974200,"B"
"HCM","14:16:16",31.45,-0.05,100,3973100,"B"
"HCM","14:16:14",31.5,0,1300,3973000,"B"
"HCM","14:16:13",31.55,0.05,4000,3971700,"S"
"HCM","14:16:12",31.5,0,200,3967700,"B"
"HCM","14:16:11",31.5,0,2000,3967500,"S"
"HCM","14:15:59",31.45,-0.05,500,3965500,"B"
"HCM","14:15:58",31.5,0,5000,3965000,"S"
"HCM","14:15:51",31.45,-0.05,400,3960000,"B"
"HCM","14:15:50",31.5,0,4000,3959600,"S"
"HCM","14:15:33",31.45,-0.05,600,3955600,"B"
"HCM","14:15:33",31.45,-0.05,6500,3955000,"B"
"HCM","14:15:31",31.45,-0.05,500,3948500,"B"
"HCM","14:15:25",31.45,-0.05,100,3948000,"B"
"HCM","14:15:06",31.45,-0.05,200,3947900,"B"
"HCM","14:15:05",31.5,0,2100,3947700,"S"
"HCM","14:15:05",31.45,-0.05,400,3945600,"B"
"HCM","14:14:11",31.45,-0.05,300,3945200,"B"
"HCM","14:14:10",31.5,0,3200,3944900,"S"
"HCM","14:13:47",31.45,-0.05,300,3941700,"B"
"HCM","14:13:47",31.5,0,3000,3941400,"S"
"HCM","14:13:46",31.45,-0.05,400,3938400,"B"
"HCM","14:13:44",31.45,-0.05,4000,3938000,"B"
"HCM","14:13:09",31.45,-0.05,300,3934000,"B"
"HCM","14:13:08",31.45,-0.05,800,3933700,"B"
"HCM","14:13:08",31.5,0,3000,3932900,"B"
"HCM","14:13:07",31.5,0,38200,3929900,"S"
"HCM","14:13:05",31.45,-0.05,300,3891700,"B"
"HCM","14:13:04",31.5,0,3200,3891400,"S"
"HCM","14:12:46",31.5,0,400,3888200,"S"
"HCM","14:12:41",31.5,0,400,3887800,"S"
"HCM","14:12:37",31.45,-0.05,200,3887400,"B"
"HCM","14:12:35",31.45,-0.05,2000,3887200,"B"
"HCM","14:12:35",31.45,-0.05,500,3885200,"B"
"HCM","14:12:34",31.5,0,20000,3884700,"S"
"HCM","14:12:32",31.5,0,5000,3864700,"S"
"HCM","14:12:21",31.45,-0.05,300,3859700,"B"
"HCM","14:12:16",31.45,-0.05,200,3859400,"B"
"HCM","14:12:09",31.4,-0.1,500,3859200,"B"
"HCM","14:12:08",31.5,0,3400,3858700,"S"
"HCM","14:12:08",31.45,-0.05,1600,3855300,"S"
"HCM","14:11:58",31.45,-0.05,500,3853700,"S"
"HCM","14:11:55",31.45,-0.05,100,3853200,"S"
"HCM","14:11:54",31.45,-0.05,100,3853100,"S"
"HCM","14:11:52",31.45,-0.05,100,3853000,"S"
"HCM","14:11:51",31.45,-0.05,100,3852900,"S"
"HCM","14:11:47",31.4,-0.1,100,3852800,"B"
"HCM","14:11:46",31.4,-0.1,1000,3852700,"B"
"HCM","14:11:43",31.45,-0.05,10000,3851700,"S"
"HCM","14:11:27",31.4,-0.1,100,3841700,"B"
"HCM","14:11:26",31.45,-0.05,1000,3841600,"S"
"HCM","14:11:13",31.4,-0.1,300,3840600,"B"
"HCM","14:11:13",31.45,-0.05,3200,3840300,"S"
"HCM","14:11:05",31.4,-0.1,100,3837100,"B"
"HCM","14:10:42",31.45,-0.05,300,3837000,"S"
"HCM","14:10:38",31.4,-0.1,200,3836700,"B"
"HCM","14:10:36",31.4,-0.1,100,3836500,"B"
"HCM","14:10:34",31.4,-0.1,1000,3836400,"B"
"HCM","14:10:15",31.4,-0.1,100,3835400,"B"
"HCM","14:10:15",31.45,-0.05,1000,3835300,"S"
"HCM","14:10:14",31.4,-0.1,100,3834300,"B"
"HCM","14:10:13",31.4,-0.1,1200,3834200,"B"
"HCM","14:10:12",31.4,-0.1,12700,3833000,"B"
"HCM","14:10:11",31.4,-0.1,300,3820300,"B"
"HCM","14:10:10",31.45,-0.05,3200,3820000,"S"
"HCM","14:09:59",31.4,-0.1,100,3816800,"B"
"HCM","14:09:57",31.45,-0.05,1000,3816700,"S"
"HCM","14:09:51",31.4,-0.1,100,3815700,"B"
"HCM","14:09:48",31.4,-0.1,600,3815600,"B"
"HCM","14:09:48",31.45,-0.05,6900,3815000,"B"
"HCM","14:09:39",31.45,-0.05,600,3808100,"B"
"HCM","14:09:38",31.45,-0.05,6200,3807500,"S"
"HCM","14:09:23",31.4,-0.1,700,3801300,"B"
"HCM","14:09:21",31.4,-0.1,300,3800600,"B"
"HCM","14:09:20",31.45,-0.05,3000,3800300,"S"
"HCM","14:09:19",31.4,-0.1,100,3797300,"B"
"HCM","14:09:18",31.4,-0.1,300,3797200,"B"
"HCM","14:09:16",31.4,-0.1,200,3796900,"B"
"HCM","14:09:16",31.45,-0.05,3200,3796700,"S"
"HCM","14:09:16",31.4,-0.1,2000,3793500,"B"
"HCM","14:09:09",31.4,-0.1,100,3791500,"B"
"HCM","14:09:09",31.45,-0.05,1000,3791400,"S"
"HCM","14:09:03",31.4,-0.1,200,3790400,"B"
"HCM","14:09:03",31.45,-0.05,2000,3790200,"S"
"HCM","14:08:40",31.45,-0.05,600,3788200,"S"
"HCM","14:08:38",31.4,-0.1,600,3787600,"B"
"HCM","14:08:36",31.45,-0.05,6400,3787000,"S"
"HCM","14:08:29",31.4,-0.1,300,3780600,"B"
"HCM","14:08:28",31.45,-0.05,3000,3780300,"S"
"HCM","14:08:09",31.4,-0.1,100,3777300,"B"
"HCM","14:08:08",31.4,-0.1,1000,3777200,"B"
"HCM","14:07:52",31.4,-0.1,100,3776200,"B"
"HCM","14:07:51",31.4,-0.1,1000,3776100,"B"
"HCM","14:07:09",31.4,-0.1,100,3775100,"B"
"HCM","14:07:08",31.45,-0.05,1000,3775000,"S"
"HCM","14:07:06",31.4,-0.1,100,3774000,"B"
"HCM","14:07:05",31.4,-0.1,1000,3773900,"B"
"HCM","14:07:01",31.4,-0.1,200,3772900,"B"
"HCM","14:07:01",31.45,-0.05,2000,3772700,"S"
"HCM","14:06:49",31.4,-0.1,100,3770700,"B"
"HCM","14:06:48",31.45,-0.05,1000,3770600,"S"
"HCM","14:06:13",31.4,-0.1,400,3769600,"B"
"HCM","14:06:11",31.45,-0.05,3200,3769200,"S"
"HCM","14:06:11",31.4,-0.1,1000,3766000,"B"
"HCM","14:06:10",31.4,-0.1,10000,3765000,"B"
"HCM","14:05:49",31.4,-0.1,400,3755000,"B"
"HCM","14:05:48",31.4,-0.1,4100,3754600,"B"
"HCM","14:05:47",31.45,-0.05,41700,3750500,"B"
"HCM","14:05:37",31.45,-0.05,300,3708800,"B"
"HCM","14:05:36",31.5,0,3200,3708500,"S"
"HCM","14:05:28",31.45,-0.05,200,3705300,"B"
"HCM","14:05:23",31.45,-0.05,200,3705100,"B"
"HCM","14:05:22",31.45,-0.05,2000,3704900,"B"
"HCM","14:04:40",31.45,-0.05,100,3702900,"B"
"HCM","14:04:39",31.5,0,1000,3702800,"S"
"HCM","14:04:30",31.5,0,100,3701800,"S"
"HCM","14:04:19",31.45,-0.05,200,3701700,"B"
"HCM","14:04:18",31.5,0,2700,3701500,"B"
"HCM","14:04:10",31.5,0,500,3698800,"S"
"HCM","14:04:07",31.5,0,100,3698300,"S"
"HCM","14:04:03",31.45,-0.05,100,3698200,"B"
"HCM","14:04:02",31.5,0,1400,3698100,"B"
"HCM","14:03:56",31.5,0,500,3696700,"B"
"HCM","14:03:55",31.5,0,5900,3696200,"B"
"HCM","14:03:53",31.5,0,100,3690300,"B"
"HCM","14:03:52",31.5,0,300,3690200,"B"
"HCM","14:03:47",31.5,0,200,3689900,"B"
"HCM","14:03:47",31.5,0,2800,3689700,"B"
"HCM","14:03:46",31.5,0,100,3686900,"B"
"HCM","14:03:45",31.5,0,300,3686800,"B"
"HCM","14:03:37",31.5,0,500,3686500,"B"
"HCM","14:03:36",31.5,0,5200,3686000,"B"
"HCM","14:03:35",31.5,0,2000,3680800,"B"
"HCM","14:03:27",31.5,0,800,3678800,"B"
"HCM","14:03:15",31.5,0,300,3678000,"B"
"HCM","14:03:14",31.5,0,3000,3677700,"B"
"HCM","14:03:06",31.5,0,200,3674700,"B"
"HCM","14:02:55",31.5,0,100,3674500,"B"
"HCM","14:02:52",31.5,0,1000,3674400,"B"
"HCM","14:02:51",31.5,0,300,3673400,"B"
"HCM","14:02:50",31.5,0,3500,3673100,"B"
"HCM","14:02:29",31.5,0,500,3669600,"B"
"HCM","14:02:28",31.55,0.05,5000,3669100,"S"
"HCM","14:02:23",31.5,0,200,3664100,"B"
"HCM","14:02:22",31.5,0,2000,3663900,"S"
"HCM","14:02:11",31.45,-0.05,500,3661900,"B"
"HCM","14:02:10",31.55,0.05,1300,3661400,"S"
"HCM","14:02:10",31.5,0,3700,3660100,"S"
"HCM","14:02:04",31.45,-0.05,200,3656400,"B"
"HCM","14:02:03",31.5,0,2000,3656200,"S"
"HCM","14:02:02",31.45,-0.05,100,3654200,"B"
"HCM","14:02:01",31.45,-0.05,15500,3654100,"S"
"HCM","14:02:00",31.4,-0.1,100,3638600,"B"
"HCM","14:01:58",31.4,-0.1,1500,3638500,"B"
"HCM","14:01:57",31.45,-0.05,15000,3637000,"S"
"HCM","14:01:54",31.4,-0.1,100,3622000,"B"
"HCM","14:01:53",31.45,-0.05,1000,3621900,"S"
"HCM","14:01:51",31.4,-0.1,200,3620900,"B"
"HCM","14:01:50",31.45,-0.05,2000,3620700,"S"
"HCM","14:01:43",31.45,-0.05,500,3618700,"S"
"HCM","14:01:39",31.45,-0.05,100,3618200,"S"
"HCM","14:01:33",31.45,-0.05,500,3618100,"S"
"HCM","14:01:30",31.4,-0.1,100,3617600,"B"
"HCM","14:01:29",31.4,-0.1,1800,3617500,"B"
"HCM","14:01:28",31.45,-0.05,18700,3615700,"B"
"HCM","14:01:27",31.5,0,200,3597000,"S"
"HCM","14:01:22",31.45,-0.05,500,3596800,"B"
"HCM","14:01:22",31.5,0,5000,3596300,"S"
"HCM","14:01:16",31.45,-0.05,500,3591300,"B"
"HCM","14:01:15",31.45,-0.05,5000,3590800,"B"
"HCM","14:01:13",31.45,-0.05,300,3585800,"B"
"HCM","14:01:12",31.5,0,3200,3585500,"S"
"HCM","14:00:46",31.45,-0.05,200,3582300,"B"
"HCM","14:00:45",31.45,-0.05,700,3582100,"B"
"HCM","14:00:44",31.45,-0.05,1300,3581400,"B"
"HCM","14:00:43",31.5,0,20000,3580100,"S"
"HCM","13:59:54",31.45,-0.05,100,3560100,"B"
"HCM","13:59:53",31.45,-0.05,1000,3560000,"B"
"HCM","13:59:53",31.45,-0.05,10000,3559000,"B"
"HCM","13:59:45",31.45,-0.05,600,3549000,"B"
"HCM","13:59:44",31.5,0,5000,3548400,"S"
"HCM","13:59:43",31.45,-0.05,9000,3542200,"B"
"HCM","13:59:43",31.5,0,3500,3533200,"S"
"HCM","13:58:43",31.45,-0.05,100,3529700,"B"
"HCM","13:58:42",31.45,-0.05,1000,3529600,"B"
"HCM","13:58:36",31.45,-0.05,500,3528600,"B"
"HCM","13:58:35",31.5,0,5000,3528100,"S"
"HCM","13:58:35",31.45,-0.05,500,3523100,"B"
"HCM","13:58:02",31.45,-0.05,500,3522600,"B"
"HCM","13:58:01",31.5,0,5000,3522100,"S"
"HCM","13:57:22",31.4,-0.1,800,3517100,"B"
"HCM","13:57:22",31.45,-0.05,100,3516300,"B"
"HCM","13:57:21",31.5,0,9900,3516200,"B"
"HCM","13:57:18",31.5,0,500,3506300,"B"
"HCM","13:57:17",31.55,0.05,5000,3505800,"S"
"HCM","13:57:07",31.5,0,600,3500800,"S"
"HCM","13:56:48",31.4,-0.1,300,3500200,"B"
"HCM","13:56:47",31.4,-0.1,200,3499900,"B"
"HCM","13:56:47",31.45,-0.05,2800,3499700,"B"
"HCM","13:56:46",31.45,-0.05,29000,3496900,"B"
"HCM","13:56:46",31.5,0,10000,3467900,"B"
"HCM","13:56:42",31.5,0,500,3457900,"B"
"HCM","13:56:42",31.55,0.05,5000,3457400,"S"
"HCM","13:56:32",31.5,0,100,3452400,"B"
"HCM","13:55:58",31.5,0,500,3452300,"B"
"HCM","13:55:41",31.5,0,100,3451800,"B"
"HCM","13:55:40",31.5,0,100,3451700,"B"
"HCM","13:55:40",31.5,0,1100,3451600,"S"
"HCM","13:55:37",31.5,0,900,3450500,"B"
"HCM","13:55:35",31.5,0,100,3449600,"B"
"HCM","13:55:26",31.45,-0.05,200,3449500,"B"
"HCM","13:55:26",31.45,-0.05,1900,3449300,"B"
"HCM","13:55:26",31.5,0,1000,3447400,"B"
"HCM","13:55:24",31.5,0,29000,3446400,"S"
"HCM","13:55:17",31.5,0,300,3417400,"S"
"HCM","13:55:13",31.45,-0.05,300,3417100,"B"
"HCM","13:55:12",31.5,0,3000,3416800,"S"
"HCM","13:55:11",31.45,-0.05,100,3413800,"B"
"HCM","13:54:30",31.45,-0.05,100,3413700,"B"
"HCM","13:54:29",31.45,-0.05,1000,3413600,"B"
"HCM","13:54:24",31.45,-0.05,200,3412600,"B"
"HCM","13:54:23",31.45,-0.05,2000,3412400,"B"
"HCM","13:54:21",31.45,-0.05,200,3410400,"B"
"HCM","13:54:20",31.45,-0.05,200,3410200,"B"
"HCM","13:54:17",31.45,-0.05,300,3385300,"B"
"HCM","13:54:15",31.5,0,3000,3385000,"S"
"HCM","13:54:04",31.45,-0.05,200,3382000,"B"
"HCM","13:53:58",31.45,-0.05,500,3381800,"B"
"HCM","13:53:39",31.45,-0.05,400,3381300,"B"
"HCM","13:53:38",31.45,-0.05,3900,3380900,"S"
"HCM","13:53:38",31.45,-0.05,500,3377000,"S"
"HCM","13:53:13",31.4,-0.1,100,3376500,"B"
"HCM","13:53:12",31.45,-0.05,1000,3376400,"S"
"HCM","13:53:06",31.4,-0.1,300,3375400,"B"
"HCM","13:53:05",31.45,-0.05,3000,3375100,"S"
"HCM","13:52:24",31.4,-0.1,500,3372100,"B"
"HCM","13:52:23",31.4,-0.1,5000,3371600,"B"
"HCM","13:52:18",31.4,-0.1,100,3366600,"B"
"HCM","13:52:17",31.45,-0.05,1000,3366500,"S"
"HCM","13:52:13",31.4,-0.1,100,3365500,"B"
"HCM","13:52:12",31.4,-0.1,500,3365400,"B"
"HCM","13:51:59",31.4,-0.1,300,3364900,"B"
"HCM","13:51:58",31.45,-0.05,3000,3364600,"S"
"HCM","13:51:54",31.4,-0.1,700,3361600,"B"
"HCM","13:51:54",31.45,-0.05,100,3360900,"S"
"HCM","13:51:53",31.45,-0.05,6900,3360800,"S"
"HCM","13:51:50",31.4,-0.1,100,3353900,"B"
"HCM","13:51:50",31.45,-0.05,1000,3353800,"S"
"HCM","13:51:44",31.45,-0.05,200,3352800,"S"
"HCM","13:51:32",31.45,-0.05,100,3352600,"S"
"HCM","13:51:31",31.45,-0.05,600,3352500,"S"
"HCM","13:51:30",31.4,-0.1,200,3351900,"B"
"HCM","13:51:29",31.4,-0.1,1000,3351700,"B"
"HCM","13:51:28",31.45,-0.05,10800,3350700,"B"
"HCM","13:51:21",31.45,-0.05,100,3339900,"B"
"HCM","13:51:20",31.45,-0.05,1000,3339800,"B"
"HCM","13:51:19",31.5,0,10000,3338800,"S"
"HCM","13:51:05",31.45,-0.05,200,3328800,"B"
"HCM","13:51:04",31.45,-0.05,2000,3328600,"B"
"HCM","13:50:44",31.45,-0.05,100,3326600,"B"
"HCM","13:50:22",31.45,-0.05,100,3326500,"B"
"HCM","13:50:21",31.45,-0.05,1000,3326400,"B"
"HCM","13:50:11",31.45,-0.05,200,3325400,"B"
"HCM","13:50:10",31.45,-0.05,2600,3325200,"B"
"HCM","13:49:50",31.45,-0.05,300,3322600,"B"
"HCM","13:49:49",31.45,-0.05,100,3322300,"B"
"HCM","13:49:49",31.5,0,2900,3322200,"B"
"HCM","13:49:48",31.5,0,1000,3319300,"B"
"HCM","13:49:47",31.5,0,100,3318300,"B"
"HCM","13:49:46",31.5,0,1800,3318200,"B"
"HCM","13:49:45",31.5,0,18600,3316400,"B"
"HCM","13:49:45",31.5,0,5000,3297800,"B"
"HCM","13:49:41",31.5,0,300,3292800,"B"
"HCM","13:49:39",31.5,0,300,3292500,"B"
"HCM","13:49:37",31.55,0.05,3000,3292200,"S"
"HCM","13:49:05",31.5,0,100,3289200,"B"
"HCM","13:49:04",31.5,0,1700,3289100,"B"
"HCM","13:49:03",31.55,0.05,200,3287400,"B"
"HCM","13:49:03",31.55,0.05,17700,3287200,"B"
"HCM","13:49:01",31.55,0.05,400,3269500,"B"
"HCM","13:48:59",31.55,0.05,1100,3269100,"B"
"HCM","13:48:57",31.55,0.05,200,3268000,"B"
"HCM","13:48:55",31.55,0.05,200,3267800,"B"
"HCM","13:48:54",31.55,0.05,2000,3267600,"B"
"HCM","13:48:37",31.55,0.05,100,3265600,"B"
"HCM","13:48:37",31.55,0.05,1000,3265500,"B"
"HCM","13:48:32",31.55,0.05,400,3264500,"B"
"HCM","13:48:31",31.55,0.05,3000,3264100,"B"
"HCM","13:48:30",31.55,0.05,100,3261100,"B"
"HCM","13:48:28",31.55,0.05,400,3261000,"B"
"HCM","13:48:25",31.55,0.05,100,3260600,"B"
"HCM","13:48:24",31.55,0.05,1000,3260500,"B"
"HCM","13:48:24",31.6,0.1,100,3259500,"S"
"HCM","13:48:21",31.55,0.05,500,3259400,"B"
"HCM","13:48:20",31.55,0.05,5000,3258900,"B"
"HCM","13:48:16",31.55,0.05,300,3253900,"B"
"HCM","13:48:16",31.6,0.1,3000,3253600,"S"
"HCM","13:48:11",31.55,0.05,100,3250600,"B"
"HCM","13:48:10",31.55,0.05,1000,3250500,"B"
"HCM","13:48:09",31.55,0.05,10000,3249500,"B"
"HCM","13:48:07",31.55,0.05,600,3239500,"B"
"HCM","13:48:06",31.55,0.05,6100,3238900,"S"
"HCM","13:48:05",31.5,0,300,3232800,"B"
"HCM","13:48:05",31.55,0.05,3000,3232500,"S"
"HCM","13:47:55",31.5,0,600,3229500,"B"
"HCM","13:47:54",31.55,0.05,6600,3228900,"B"
"HCM","13:47:51",31.55,0.05,600,3222300,"B"
"HCM","13:47:50",31.55,0.05,200,3221700,"B"
"HCM","13:47:49",31.55,0.05,6000,3221500,"B"
"HCM","13:47:47",31.55,0.05,100,3215500,"B"
"HCM","13:47:46",31.55,0.05,1100,3215400,"B"
"HCM","13:47:45",31.55,0.05,1300,3214300,"B"
"HCM","13:47:42",31.55,0.05,400,3213000,"B"
"HCM","13:47:41",31.55,0.05,4500,3212600,"B"
"HCM","13:47:26",31.55,0.05,100,3208100,"B"
"HCM","13:47:25",31.55,0.05,100,3208000,"B"
"HCM","13:47:24",31.55,0.05,1000,3207900,"B"
"HCM","13:47:22",31.55,0.05,500,3206900,"B"
"HCM","13:47:21",31.55,0.05,5000,3206400,"B"
"HCM","13:47:16",31.55,0.05,300,3201400,"B"
"HCM","13:47:16",31.6,0.1,3000,3201100,"S"
"HCM","13:47:14",31.55,0.05,1100,3198100,"B"
"HCM","13:46:52",31.55,0.05,500,3197000,"B"
"HCM","13:46:51",31.6,0.1,5000,3196500,"S"
"HCM","13:46:42",31.55,0.05,500,3191500,"B"
"HCM","13:46:42",31.6,0.1,3100,3191000,"S"
"HCM","13:46:40",31.6,0.1,20000,3185900,"S"
"HCM","13:46:36",31.55,0.05,200,3165900,"B"
"HCM","13:46:35",31.6,0.1,2000,3165700,"S"
"HCM","13:46:33",31.55,0.05,100,3163700,"B"
"HCM","13:46:33",31.6,0.1,600,3163600,"B"
"HCM","13:46:32",31.6,0.1,1000,3163000,"B"
"HCM","13:46:31",31.6,0.1,500,3162000,"B"
"HCM","13:46:30",31.6,0.1,600,3161500,"B"
"HCM","13:46:30",31.6,0.1,9000,3160900,"B"
"HCM","13:46:29",31.6,0.1,1000,3151900,"B"
"HCM","13:46:27",31.6,0.1,100,3150900,"B"
"HCM","13:46:26",31.6,0.1,1500,3150800,"B"
"HCM","13:46:25",31.6,0.1,15500,3149300,"B"
"HCM","13:46:24",31.6,0.1,5000,3133800,"B"
"HCM","13:46:18",31.6,0.1,300,3128800,"B"
"HCM","13:46:17",31.6,0.1,500,3128500,"B"
"HCM","13:46:17",31.65,0.15,3000,3128000,"S"
"HCM","13:46:16",31.6,0.1,5000,3125000,"B"
"HCM","13:46:16",31.6,0.1,500,3120000,"B"
"HCM","13:46:13",31.6,0.1,300,3119500,"B"
"HCM","13:46:12",31.6,0.1,3200,3119200,"B"
"HCM","13:46:12",31.65,0.15,200,3116000,"S"
"HCM","13:46:11",31.6,0.1,2000,3115800,"B"
"HCM","13:45:59",31.6,0.1,300,3113800,"B"
"HCM","13:45:58",31.65,0.15,3000,3113500,"S"
"HCM","13:45:57",31.6,0.1,100,3110500,"B"
"HCM","13:45:56",31.6,0.1,1300,3110400,"B"
"HCM","13:45:55",31.6,0.1,13800,3109100,"B"
"HCM","13:45:51",31.6,0.1,200,3095300,"B"
"HCM","13:45:43",31.6,0.1,100,3095100,"B"
"HCM","13:45:42",31.6,0.1,1000,3095000,"B"
"HCM","13:45:41",31.6,0.1,100,3094000,"B"
"HCM","13:45:40",31.6,0.1,1100,3093900,"S"
"HCM","13:45:39",31.6,0.1,5000,3092800,"S"
"HCM","13:45:35",31.55,0.05,500,3087800,"B"
"HCM","13:45:35",31.55,0.05,5000,3087300,"B"
"HCM","13:45:34",31.6,0.1,50000,3082300,"S"
"HCM","13:45:14",31.55,0.05,300,3032300,"B"
"HCM","13:45:13",31.6,0.1,2000,3032000,"S"
"HCM","13:45:12",31.6,0.1,1000,3030000,"S"
"HCM","13:45:10",31.6,0.1,100,3029000,"S"
"HCM","13:45:08",31.55,0.05,500,3028900,"B"
"HCM","13:45:07",31.6,0.1,5000,3028400,"S"
"HCM","13:44:55",31.55,0.05,500,3023400,"B"
"HCM","13:44:55",31.6,0.1,300,3022900,"S"
"HCM","13:44:54",31.55,0.05,5000,3022600,"B"
"HCM","13:44:42",31.5,0,200,3017600,"B"
"HCM","13:44:41",31.6,0.1,500,3017400,"S"
"HCM","13:44:40",31.5,0,100,3015400,"B"
"HCM","13:44:39",31.5,0,1400,3015300,"B"
"HCM","13:44:39",31.55,0.05,14500,3013900,"S"
"HCM","13:44:37",31.5,0,300,2999400,"B"
"HCM","13:44:36",31.55,0.05,3000,2999100,"S"
"HCM","13:44:31",31.5,0,100,2996100,"B"
"HCM","13:44:30",31.55,0.05,1000,2996000,"S"
"HCM","13:44:20",31.5,0,500,2995000,"B"
"HCM","13:44:20",31.5,0,5000,2994500,"B"
"HCM","13:44:18",31.5,0,400,2989500,"S"
"HCM","13:44:18",31.45,-0.05,200,2989100,"B"
"HCM","13:44:17",31.5,0,2000,2988900,"S"
"HCM","13:44:16",31.45,-0.05,200,2986900,"B"
"HCM","13:44:15",31.45,-0.05,2000,2986700,"B"
"HCM","13:44:14",31.45,-0.05,500,2984700,"B"
"HCM","13:44:14",31.5,0,20000,2984200,"S"
"HCM","13:44:13",31.5,0,5000,2964200,"S"
"HCM","13:44:02",31.45,-0.05,100,2959200,"B"
"HCM","13:44:01",31.45,-0.05,1000,2959100,"B"
"HCM","13:43:57",31.5,0,100,2958100,"S"
"HCM","13:43:51",31.45,-0.05,300,2958000,"B"
"HCM","13:43:50",31.5,0,3000,2957700,"S"
"HCM","13:43:44",31.45,-0.05,100,2954700,"B"
"HCM","13:43:43",31.45,-0.05,1100,2954600,"B"
"HCM","13:43:42",31.45,-0.05,11600,2953500,"S"
"HCM","13:43:41",31.4,-0.1,200,2941900,"B"
"HCM","13:43:39",31.45,-0.05,2000,2941700,"S"
"HCM","13:43:35",31.4,-0.1,400,2939700,"B"
"HCM","13:43:35",31.45,-0.05,4000,2939300,"S"
"HCM","13:43:33",31.45,-0.05,400,2935300,"S"
"HCM","13:43:27",31.4,-0.1,200,2934900,"B"
"HCM","13:43:27",31.45,-0.05,300,2934700,"S"
"HCM","13:43:26",31.45,-0.05,2000,2934400,"S"
"HCM","13:43:23",31.45,-0.05,500,2932400,"S"
"HCM","13:43:21",31.4,-0.1,100,2931900,"B"
"HCM","13:43:20",31.4,-0.1,300,2931800,"B"
"HCM","13:43:20",31.45,-0.05,1000,2931500,"S"
"HCM","13:43:19",31.45,-0.05,3000,2930500,"S"
"HCM","13:43:09",31.45,-0.05,500,2927500,"S"
"HCM","13:42:57",31.4,-0.1,700,2927000,"B"
"HCM","13:42:56",31.4,-0.1,7000,2926300,"S"
"HCM","13:42:55",31.35,-0.15,100,2919300,"B"
"HCM","13:42:55",31.4,-0.1,1000,2919200,"S"
"HCM","13:42:36",31.35,-0.15,300,2918200,"B"
"HCM","13:42:35",31.4,-0.1,3000,2917900,"S"
"HCM","13:42:32",31.35,-0.15,200,2914900,"B"
"HCM","13:42:28",31.35,-0.15,100,2914700,"B"
"HCM","13:42:23",31.35,-0.15,900,2914600,"B"
"HCM","13:42:22",31.35,-0.15,9800,2913700,"S"
"HCM","13:42:19",31.3,-0.2,400,2903900,"B"
"HCM","13:42:19",31.35,-0.15,5100,2903500,"S"
"HCM","13:42:16",31.3,-0.2,100,2898400,"B"
"HCM","13:42:15",31.35,-0.15,1000,2898300,"S"
"HCM","13:42:12",31.3,-0.2,300,2897300,"B"
"HCM","13:42:11",31.35,-0.15,3000,2897000,"S"
"HCM","13:42:09",31.3,-0.2,2300,2894000,"S"
"HCM","13:42:05",31.25,-0.25,200,2891700,"B"
"HCM","13:42:02",31.25,-0.25,100,2889500,"B"
"HCM","13:42:01",31.25,-0.25,1000,2889400,"B"
"HCM","13:41:54",31.25,-0.25,100,2888400,"B"
"HCM","13:41:53",31.3,-0.2,1000,2888300,"S"
"HCM","13:41:41",31.25,-0.25,200,2887300,"B"
"HCM","13:41:41",31.3,-0.2,2000,2887100,"S"
"HCM","13:41:38",31.25,-0.25,100,2885100,"B"
"HCM","13:41:37",31.3,-0.2,200,2885000,"B"
"HCM","13:41:36",31.35,-0.15,3000,2884800,"S"
"HCM","13:41:29",31.35,-0.15,200,2881800,"S"
"HCM","13:41:23",31.35,-0.15,100,2881600,"S"
"HCM","13:41:12",31.3,-0.2,300,2881500,"S"
"HCM","13:40:54",31.25,-0.25,100,2881200,"B"
"HCM","13:40:45",31.25,-0.25,1900,2881100,"S"
"HCM","13:40:22",31.2,-0.3,500,2879200,"B"
"HCM","13:40:21",31.25,-0.25,5000,2878700,"S"
"HCM","13:40:13",31.25,-0.25,800,2873700,"S"
"HCM","13:40:09",31.2,-0.3,300,2872900,"B"
"HCM","13:40:08",31.25,-0.25,3000,2872600,"S"
"HCM","13:39:46",31.25,-0.25,500,2869600,"S"
"HCM","13:39:38",31.2,-0.3,100,2869100,"B"
"HCM","13:39:37",31.2,-0.3,1500,2869000,"B"
"HCM","13:39:37",31.2,-0.3,2200,2867500,"B"
"HCM","13:39:37",31.25,-0.25,12800,2865300,"B"
"HCM","13:39:12",31.25,-0.25,100,2852500,"B"
"HCM","13:39:11",31.25,-0.25,1000,2852400,"B"
"HCM","13:39:11",31.35,-0.15,8000,2851400,"S"
"HCM","13:39:11",31.3,-0.2,2000,2843400,"S"
"HCM","13:39:10",31.25,-0.25,300,2841400,"B"
"HCM","13:39:09",31.3,-0.2,3000,2841100,"S"
"HCM","13:38:45",31.2,-0.3,100,2838100,"B"
"HCM","13:38:44",31.2,-0.3,1100,2838000,"B"
"HCM","13:38:44",31.3,-0.2,15000,2836900,"S"
"HCM","13:38:38",31.2,-0.3,100,2821900,"B"
"HCM","13:38:38",31.3,-0.2,1000,2821800,"S"
"HCM","13:38:11",31.2,-0.3,300,2820800,"B"
"HCM","13:38:10",31.3,-0.2,3000,2820500,"S"
"HCM","13:38:02",31.3,-0.2,400,2817500,"S"
"HCM","13:37:57",31.2,-0.3,500,2817100,"B"
"HCM","13:37:57",31.3,-0.2,5000,2816600,"S"
"HCM","13:37:28",31.3,-0.2,100,2811600,"S"
"HCM","13:37:21",31.2,-0.3,500,2811500,"B"
"HCM","13:37:20",31.3,-0.2,5200,2811000,"B"
"HCM","13:37:16",31.3,-0.2,300,2805800,"B"
"HCM","13:37:16",31.3,-0.2,3700,2805500,"B"
"HCM","13:37:14",31.3,-0.2,20400,2801800,"S"
"HCM","13:37:14",31.25,-0.25,400,2781400,"S"
"HCM","13:37:11",31.2,-0.3,200,2781000,"B"
"HCM","13:37:09",31.3,-0.2,2900,2780800,"S"
"HCM","13:36:51",31.25,-0.25,100,2777900,"B"
"HCM","13:36:25",31.2,-0.3,100,2777800,"B"
"HCM","13:36:25",31.25,-0.25,100,2777700,"B"
"HCM","13:36:25",31.25,-0.25,2700,2777600,"S"
"HCM","13:36:00",31.2,-0.3,100,2774900,"B"
"HCM","13:35:59",31.2,-0.3,1700,2774800,"B"
"HCM","13:35:58",31.25,-0.25,17300,2773100,"B"
"HCM","13:35:47",31.3,-0.2,600,2755800,"S"
"HCM","13:35:21",31.25,-0.25,200,2755200,"B"
"HCM","13:35:20",31.3,-0.2,2800,2755000,"S"
"HCM","13:34:41",31.25,-0.25,100,2752200,"S"
"HCM","13:34:33",31.25,-0.25,300,2752100,"S"
"HCM","13:34:31",31.2,-0.3,500,2751800,"B"
"HCM","13:34:30",31.2,-0.3,5000,2751300,"B"
"HCM","13:34:15",31.2,-0.3,100,2746300,"B"
"HCM","13:34:14",31.25,-0.25,1700,2746200,"S"
"HCM","13:34:05",31.2,-0.3,900,2744500,"B"
"HCM","13:34:05",31.25,-0.25,1000,2743600,"B"
"HCM","13:34:04",31.25,-0.25,8300,2742600,"B"
"HCM","13:34:03",31.3,-0.2,2800,2734300,"S"
"HCM","13:33:52",31.25,-0.25,200,2731500,"B"
"HCM","13:33:51",31.25,-0.25,2000,2731300,"B"
"HCM","13:33:10",31.25,-0.25,200,2729300,"B"
"HCM","13:33:09",31.25,-0.25,2200,2729100,"S"
"HCM","13:32:51",31.2,-0.3,100,2726900,"B"
"HCM","13:32:50",31.25,-0.25,1000,2726800,"S"
"HCM","13:32:44",31.2,-0.3,100,2725800,"B"
"HCM","13:32:44",31.2,-0.3,700,2725700,"B"
"HCM","13:32:43",31.2,-0.3,500,2725000,"B"
"HCM","13:32:42",31.25,-0.25,5000,2724500,"S"
"HCM","13:32:20",31.2,-0.3,200,2719500,"B"
"HCM","13:32:19",31.25,-0.25,2800,2719300,"S"
"HCM","13:31:55",31.2,-0.3,100,2716500,"B"
"HCM","13:31:54",31.25,-0.25,1000,2716400,"S"
"HCM","13:31:21",31.25,-0.25,300,2715400,"S"
"HCM","13:31:19",31.2,-0.3,100,2715100,"B"
"HCM","13:31:05",31.25,-0.25,300,2715000,"S"
"HCM","13:30:24",31.2,-0.3,200,2714700,"B"
"HCM","13:30:18",31.2,-0.3,200,2714500,"B"
"HCM","13:30:17",31.2,-0.3,2300,2714300,"S"
"HCM","13:30:13",31.15,-0.35,100,2712000,"B"
"HCM","13:30:13",31.2,-0.3,500,2711900,"S"
"HCM","13:30:12",31.2,-0.3,500,2711400,"S"
"HCM","13:29:58",31.2,-0.3,200,2710900,"B"
"HCM","13:29:23",31.15,-0.35,100,2710700,"B"
"HCM","13:29:22",31.15,-0.35,200,2710600,"B"
"HCM","13:29:22",31.2,-0.3,3500,2710400,"B"
"HCM","13:29:20",31.2,-0.3,20000,2706900,"B"
"HCM","13:29:12",31.2,-0.3,200,2686900,"B"
"HCM","13:29:11",31.25,-0.25,2400,2686700,"B"
"HCM","13:29:10",31.25,-0.25,400,2684300,"S"
"HCM","13:29:00",31.2,-0.3,500,2683900,"B"
"HCM","13:28:59",31.2,-0.3,5300,2683400,"B"
"HCM","13:28:49",31.2,-0.3,100,2678100,"B"
"HCM","13:28:49",31.2,-0.3,1300,2678000,"B"
"HCM","13:28:08",31.2,-0.3,200,2676700,"B"
"HCM","13:28:07",31.3,-0.2,2800,2676500,"S"
"HCM","13:27:49",31.2,-0.3,100,2673700,"B"
"HCM","13:27:48",31.2,-0.3,1000,2673600,"B"
"HCM","13:27:47",31.35,-0.15,7600,2672600,"S"
"HCM","13:27:47",31.3,-0.2,2400,2665000,"S"
"HCM","13:27:45",31.25,-0.25,100,2662600,"B"
"HCM","13:27:41",31.25,-0.25,2200,2662500,"B"
"HCM","13:27:15",31.25,-0.25,500,2660300,"B"
"HCM","13:27:14",31.3,-0.2,5000,2659800,"S"
"HCM","13:27:08",31.3,-0.2,400,2654800,"S"
"HCM","13:27:03",31.2,-0.3,1300,2654400,"B"
"HCM","13:27:02",31.2,-0.3,7500,2653100,"B"
"HCM","13:27:02",31.25,-0.25,3700,2645600,"B"
"HCM","13:25:59",31.25,-0.25,200,2640900,"B"
"HCM","13:25:59",31.3,-0.2,2800,2640700,"S"
"HCM","13:25:46",31.3,-0.2,800,2637900,"B"
"HCM","13:25:43",31.3,-0.2,200,2637100,"B"
"HCM","13:25:43",31.35,-0.15,2000,2636900,"S"
"HCM","13:25:36",31.3,-0.2,500,2634900,"B"
"HCM","13:25:36",31.35,-0.15,5100,2634400,"S"
"HCM","13:25:20",31.35,-0.15,400,2629300,"B"
"HCM","13:25:15",31.35,-0.15,500,2628900,"B"
"HCM","13:25:14",31.35,-0.15,6100,2628400,"S"
"HCM","13:25:13",31.3,-0.2,200,2622300,"B"
"HCM","13:25:12",31.35,-0.15,2000,2622100,"S"
"HCM","13:25:02",31.3,-0.2,200,2620100,"B"
"HCM","13:25:02",31.35,-0.15,2800,2619900,"S"
"HCM","13:24:59",31.3,-0.2,400,2617100,"B"
"HCM","13:24:58",31.3,-0.2,4100,2616700,"S"
"HCM","13:24:41",31.2,-0.3,500,2612600,"B"
"HCM","13:24:40",31.3,-0.2,5000,2612100,"S"
"HCM","13:24:39",31.3,-0.2,200,2607100,"S"
"HCM","13:24:33",31.3,-0.2,100,2606900,"S"
"HCM","13:24:30",31.2,-0.3,500,2606800,"B"
"HCM","13:24:30",31.3,-0.2,100,2606300,"S"
"HCM","13:24:29",31.3,-0.2,5000,2606200,"S"
"HCM","13:24:15",31.2,-0.3,100,2601200,"B"
"HCM","13:24:14",31.2,-0.3,1000,2601100,"B"
"HCM","13:24:14",31.25,-0.25,10000,2600100,"S"
"HCM","13:24:09",31.2,-0.3,100,2590100,"B"
"HCM","13:24:08",31.2,-0.3,1000,2590000,"B"
"HCM","13:23:47",31.2,-0.3,500,2589000,"B"
"HCM","13:23:47",31.2,-0.3,500,2588500,"S"
"HCM","13:23:46",31.2,-0.3,5000,2588000,"S"
"HCM","13:23:38",31.15,-0.35,200,2583000,"B"
"HCM","13:23:37",31.15,-0.35,2200,2582800,"B"
"HCM","13:23:36",31.2,-0.3,22000,2580600,"S"
"HCM","13:23:32",31.2,-0.3,100,2558600,"S"
"HCM","13:23:31",31.15,-0.35,100,2558500,"B"
"HCM","13:23:27",31.2,-0.3,300,2558400,"S"
"HCM","13:23:22",31.2,-0.3,200,2558100,"S"
"HCM","13:23:13",31.2,-0.3,100,2557900,"S"
"HCM","13:23:12",31.15,-0.35,200,2557800,"B"
"HCM","13:23:12",31.2,-0.3,2800,2557600,"S"
"HCM","13:22:19",31.2,-0.3,700,2554800,"S"
"HCM","13:22:17",31.2,-0.3,200,2554100,"S"
"HCM","13:22:15",31.15,-0.35,200,2553900,"B"
"HCM","13:22:14",31.2,-0.3,2800,2553700,"S"
"HCM","13:21:18",31.15,-0.35,200,2550900,"B"
"HCM","13:21:18",31.2,-0.3,2800,2550700,"S"
"HCM","13:21:06",31.15,-0.35,100,2547900,"B"
"HCM","13:20:29",31.15,-0.35,200,2547800,"B"
"HCM","13:20:29",31.15,-0.35,2000,2547600,"B"
"HCM","13:20:26",31.15,-0.35,4400,2545600,"B"
"HCM","13:20:15",31.15,-0.35,200,2541200,"B"
"HCM","13:20:14",31.15,-0.35,2200,2541000,"B"
"HCM","13:20:12",31.15,-0.35,200,2538800,"B"
"HCM","13:20:11",31.2,-0.3,2800,2538600,"S"
"HCM","13:20:02",31.15,-0.35,200,2535800,"B"
"HCM","13:20:01",31.15,-0.35,2400,2535600,"B"
"HCM","13:20:00",31.15,-0.35,24700,2533200,"B"
"HCM","13:19:40",31.2,-0.3,100,2508500,"S"
"HCM","13:19:32",31.15,-0.35,100,2508400,"B"
"HCM","13:19:31",31.2,-0.3,1000,2508300,"S"
"HCM","13:19:28",31.2,-0.3,100,2507300,"S"
"HCM","13:19:21",31.2,-0.3,500,2507200,"S"
"HCM","13:19:20",31.15,-0.35,100,2506700,"B"
"HCM","13:19:19",31.2,-0.3,1000,2506600,"S"
"HCM","13:19:14",31.15,-0.35,200,2505600,"B"
"HCM","13:19:13",31.2,-0.3,2800,2505400,"S"
"HCM","13:18:54",31.15,-0.35,500,2502600,"B"
"HCM","13:18:48",31.15,-0.35,2600,2502100,"B"
"HCM","13:18:42",31.15,-0.35,300,2499500,"B"
"HCM","13:18:41",31.2,-0.3,3700,2499200,"B"
"HCM","13:18:35",31.2,-0.3,200,2495500,"B"
"HCM","13:18:34",31.2,-0.3,2000,2495300,"B"
"HCM","13:18:33",31.2,-0.3,20000,2493300,"B"
"HCM","13:18:24",31.2,-0.3,300,2473300,"B"
"HCM","13:18:22",31.2,-0.3,2400,2473000,"B"
"HCM","13:18:22",31.2,-0.3,1000,2470600,"B"
"HCM","13:18:20",31.2,-0.3,100,2469600,"B"
"HCM","13:18:13",31.2,-0.3,300,2469500,"B"
"HCM","13:18:12",31.2,-0.3,3500,2469200,"B"
"HCM","13:18:12",31.2,-0.3,35000,2465700,"B"
"HCM","13:18:09",31.2,-0.3,200,2430700,"B"
"HCM","13:18:08",31.3,-0.2,2800,2430500,"S"
"HCM","13:17:56",31.2,-0.3,200,2427700,"B"
"HCM","13:17:50",31.2,-0.3,500,2427500,"B"
"HCM","13:17:49",31.2,-0.3,3300,2427000,"B"
"HCM","13:17:49",31.25,-0.25,7400,2423700,"B"
"HCM","13:17:48",31.25,-0.25,44300,2416300,"B"
"HCM","13:17:18",31.25,-0.25,800,2372000,"B"
"HCM","13:17:17",31.25,-0.25,8000,2371200,"B"
"HCM","13:17:14",31.25,-0.25,200,2363200,"B"
"HCM","13:17:14",31.3,-0.2,2800,2363000,"S"
"HCM","13:16:59",31.25,-0.25,100,2360200,"B"
"HCM","13:16:58",31.25,-0.25,1000,2360100,"B"
"HCM","13:16:58",31.3,-0.2,900,2359100,"B"
"HCM","13:16:57",31.3,-0.2,9300,2358200,"B"
"HCM","13:16:51",31.3,-0.2,200,2348900,"B"
"HCM","13:16:50",31.3,-0.2,100,2348700,"B"
"HCM","13:16:50",31.35,-0.15,2800,2348600,"S"
"HCM","13:16:49",31.3,-0.2,1000,2345800,"B"
"HCM","13:16:48",31.3,-0.2,10000,2344800,"B"
"HCM","13:16:45",31.3,-0.2,400,2334800,"B"
"HCM","13:16:45",31.3,-0.2,4300,2334400,"B"
"HCM","13:15:57",31.35,-0.15,800,2330100,"S"
"HCM","13:15:55",31.3,-0.2,200,2329300,"B"
"HCM","13:15:54",31.35,-0.15,2100,2329100,"B"
"HCM","13:15:19",31.35,-0.15,200,2327000,"B"
"HCM","13:15:18",31.35,-0.15,2500,2326800,"S"
"HCM","13:15:08",31.35,-0.15,500,2324300,"S"
"HCM","13:15:05",31.35,-0.15,100,2323800,"S"
"HCM","13:14:58",31.35,-0.15,200,2323700,"S"
"HCM","13:14:55",31.35,-0.15,100,2323500,"S"
"HCM","13:14:42",31.3,-0.2,100,2323400,"B"
"HCM","13:14:41",31.35,-0.15,1600,2323300,"B"
"HCM","13:14:16",31.35,-0.15,100,2321700,"B"
"HCM","13:14:16",31.35,-0.15,1000,2321600,"B"
"HCM","13:14:10",31.35,-0.15,100,2320600,"S"
"HCM","13:13:43",31.3,-0.2,100,2320500,"B"
"HCM","13:13:42",31.3,-0.2,1100,2320400,"B"
"HCM","13:13:41",31.35,-0.15,1900,2319300,"B"
"HCM","13:13:41",31.4,-0.1,10000,2317400,"S"
"HCM","13:13:32",31.35,-0.15,100,2307400,"B"
"HCM","13:13:31",31.35,-0.15,1000,2307300,"S"
"HCM","13:13:27",31.35,-0.15,600,2306300,"S"
"HCM","13:13:22",31.35,-0.15,100,2305700,"S"
"HCM","13:13:17",31.35,-0.15,500,2305600,"S"
"HCM","13:13:12",31.35,-0.15,100,2305100,"S"
"HCM","13:13:10",31.3,-0.2,100,2305000,"B"
"HCM","13:13:09",31.3,-0.2,1000,2304900,"B"
"HCM","13:13:08",31.35,-0.15,300,2303900,"B"
"HCM","13:12:56",31.35,-0.15,800,2303600,"S"
"HCM","13:12:38",31.3,-0.2,100,2302800,"B"
"HCM","13:12:36",31.3,-0.2,500,2302700,"B"
"HCM","13:12:35",31.35,-0.15,5800,2302200,"S"
"HCM","13:12:29",31.35,-0.15,600,2296400,"S"
"HCM","13:12:27",31.3,-0.2,500,2295800,"B"
"HCM","13:12:26",31.35,-0.15,5000,2295300,"S"
"HCM","13:12:23",31.35,-0.15,200,2290300,"S"
"HCM","13:12:19",31.3,-0.2,200,2290100,"B"
"HCM","13:12:18",31.35,-0.15,2800,2289900,"S"
"HCM","13:12:01",31.35,-0.15,300,2287100,"S"
"HCM","13:11:48",31.35,-0.15,200,2286800,"S"
"HCM","13:11:10",31.3,-0.2,300,2286600,"B"
"HCM","13:10:36",31.35,-0.15,100,2286300,"S"
"HCM","13:10:05",31.35,-0.15,500,2286200,"S"
"HCM","13:10:00",31.3,-0.2,100,2285700,"B"
"HCM","13:09:45",31.3,-0.2,200,2285600,"B"
"HCM","13:09:40",31.3,-0.2,300,2285400,"B"
"HCM","13:09:39",31.35,-0.15,3000,2285100,"S"
"HCM","13:09:32",31.3,-0.2,8200,2282100,"B"
"HCM","13:09:20",31.3,-0.2,200,2273900,"B"
"HCM","13:09:19",31.3,-0.2,2000,2273700,"B"
"HCM","13:09:15",31.35,-0.15,500,2271700,"S"
"HCM","13:09:08",31.35,-0.15,100,2271200,"S"
"HCM","13:09:01",31.3,-0.2,100,2271100,"B"
"HCM","13:09:00",31.35,-0.15,1100,2271000,"S"
"HCM","13:08:41",31.35,-0.15,600,2269900,"S"
"HCM","13:08:20",31.3,-0.2,300,2269300,"B"
"HCM","13:08:19",31.3,-0.2,3000,2269000,"B"
"HCM","13:07:50",31.3,-0.2,100,2266000,"B"
"HCM","13:07:49",31.3,-0.2,1000,2265900,"B"
"HCM","13:07:48",31.35,-0.15,10000,2264900,"S"
"HCM","13:07:42",31.3,-0.2,100,2254900,"B"
"HCM","13:07:41",31.35,-0.15,1000,2254800,"S"
"HCM","13:07:28",31.3,-0.2,600,2253800,"B"
"HCM","13:07:17",31.35,-0.15,100,2253200,"S"
"HCM","13:07:09",31.3,-0.2,300,2253100,"B"
"HCM","13:07:08",31.35,-0.15,3000,2252800,"S"
"HCM","13:06:57",31.35,-0.15,400,2249800,"S"
"HCM","13:06:40",31.35,-0.15,200,2249400,"S"
"HCM","13:06:36",31.3,-0.2,100,2249200,"B"
"HCM","13:06:35",31.35,-0.15,500,2249100,"S"
"HCM","13:06:16",31.3,-0.2,100,2248600,"B"
"HCM","13:06:15",31.3,-0.2,1000,2248500,"B"
"HCM","13:06:14",31.3,-0.2,10000,2247500,"B"
"HCM","13:06:08",31.3,-0.2,500,2237500,"B"
"HCM","13:06:07",31.3,-0.2,5200,2237000,"S"
"HCM","13:05:54",31.25,-0.25,500,2231800,"B"
"HCM","13:05:53",31.3,-0.2,5000,2231300,"S"
"HCM","13:05:43",31.3,-0.2,700,2226300,"S"
"HCM","13:05:40",31.25,-0.25,100,2225600,"B"
"HCM","13:05:39",31.3,-0.2,1000,2225500,"S"
"HCM","13:05:37",31.25,-0.25,200,2224500,"B"
"HCM","13:05:36",31.3,-0.2,2800,2224300,"S"
"HCM","13:05:34",31.3,-0.2,100,2221500,"S"
"HCM","13:05:34",31.25,-0.25,400,2221400,"B"
"HCM","13:05:32",31.3,-0.2,4000,2221000,"S"
"HCM","13:05:29",31.25,-0.25,900,2217000,"B"
"HCM","13:05:29",31.3,-0.2,2800,2216100,"S"
"HCM","13:04:56",31.3,-0.2,100,2213300,"S"
"HCM","13:04:53",31.25,-0.25,400,2213200,"B"
"HCM","13:04:49",31.3,-0.2,200,2212800,"S"
"HCM","13:04:27",31.25,-0.25,100,2212600,"B"
"HCM","13:04:26",31.3,-0.2,1000,2212500,"S"
"HCM","13:04:11",31.25,-0.25,200,2211500,"B"
"HCM","13:04:11",31.3,-0.2,2800,2211300,"S"
"HCM","13:04:07",31.3,-0.2,500,2208500,"S"
"HCM","13:03:37",31.25,-0.25,200,2208000,"B"
"HCM","13:03:37",31.3,-0.2,2100,2207800,"S"
"HCM","13:03:28",31.3,-0.2,200,2205700,"S"
"HCM","13:03:21",31.25,-0.25,200,2205500,"B"
"HCM","13:03:20",31.25,-0.25,2000,2205300,"B"
"HCM","13:03:20",31.25,-0.25,100,2203300,"B"
"HCM","13:03:19",31.3,-0.2,1000,2203200,"S"
"HCM","13:03:18",31.25,-0.25,100,2202200,"B"
"HCM","13:03:17",31.3,-0.2,1600,2202100,"B"
"HCM","13:03:06",31.3,-0.2,100,2200500,"B"
"HCM","13:02:42",31.3,-0.2,100,2200400,"B"
"HCM","13:02:41",31.3,-0.2,1000,2200300,"S"
"HCM","13:02:31",31.25,-0.25,100,2199300,"B"
"HCM","13:02:29",31.25,-0.25,200,2199200,"B"
"HCM","13:02:29",31.3,-0.2,2800,2199000,"S"
"HCM","13:02:17",31.25,-0.25,100,2196200,"B"
"HCM","13:02:16",31.3,-0.2,1000,2196100,"S"
"HCM","13:00:57",31.25,-0.25,200,2195100,"B"
"HCM","13:00:55",31.3,-0.2,2800,2194900,"S"
"HCM","13:00:18",31.25,-0.25,100,2192100,"B"
"HCM","13:00:16",31.3,-0.2,1000,2192000,"S"
"HCM","13:00:16",31.25,-0.25,100,2191000,"B"
"HCM","13:00:15",31.25,-0.25,1400,2190900,"B"
"HCM","13:00:14",31.3,-0.2,14600,2189500,"B"
"HCM","13:00:11",31.3,-0.2,600,2174900,"B"
"HCM","13:00:10",31.3,-0.2,6000,2174300,"B"
"HCM","13:00:10",31.3,-0.2,10000,2168300,"B"
"HCM","13:00:08",31.3,-0.2,200,2158300,"B"
"HCM","13:00:07",31.3,-0.2,100,2158100,"B"
"HCM","13:00:06",31.35,-0.15,1000,2158000,"S"
"HCM","13:00:05",31.3,-0.2,200,2157000,"B"
"HCM","13:00:01",31.3,-0.2,2200,2156800,"B"
"HCM","11:29:55",31.3,-0.2,100,2154600,"B"
"HCM","11:29:54",31.35,-0.15,1400,2154500,"B"
"HCM","11:29:45",31.35,-0.15,100,2153100,"B"
"HCM","11:29:42",31.35,-0.15,100,2153000,"B"
"HCM","11:29:24",31.35,-0.15,100,2152900,"B"
"HCM","11:29:24",31.35,-0.15,100,2152800,"B"
"HCM","11:29:22",31.35,-0.15,100,2152700,"B"
"HCM","11:29:21",31.35,-0.15,1000,2152600,"B"
"HCM","11:29:07",31.4,-0.1,100,2151600,"S"
"HCM","11:29:06",31.35,-0.15,200,2151500,"B"
"HCM","11:29:04",31.35,-0.15,2400,2151300,"B"
"HCM","11:29:03",31.4,-0.1,4000,2148900,"S"
"HCM","11:28:56",31.35,-0.15,200,2144900,"B"
"HCM","11:28:55",31.35,-0.15,2000,2144700,"B"
"HCM","11:28:48",31.35,-0.15,100,2142700,"B"
"HCM","11:28:47",31.35,-0.15,1000,2142600,"B"
"HCM","11:28:46",31.35,-0.15,200,2141600,"B"
"HCM","11:27:40",31.35,-0.15,900,2141400,"B"
"HCM","11:27:30",31.35,-0.15,900,2140500,"S"
"HCM","11:27:29",31.3,-0.2,100,2139600,"B"
"HCM","11:27:28",31.3,-0.2,100,2139500,"B"
"HCM","11:27:27",31.3,-0.2,1900,2139400,"B"
"HCM","11:27:25",31.3,-0.2,700,2137500,"B"
"HCM","11:27:25",31.35,-0.15,9300,2136800,"B"
"HCM","11:26:57",31.35,-0.15,300,2127500,"B"
"HCM","11:26:56",31.35,-0.15,3400,2127200,"B"
"HCM","11:26:39",31.35,-0.15,200,2123800,"B"
"HCM","11:26:38",31.35,-0.15,2000,2123600,"S"
"HCM","11:26:12",31.35,-0.15,200,2121600,"S"
"HCM","11:26:10",31.3,-0.2,200,2121400,"B"
"HCM","11:26:10",31.35,-0.15,2800,2121200,"S"
"HCM","11:25:57",31.3,-0.2,200,2118400,"B"
"HCM","11:25:56",31.35,-0.15,2800,2118200,"B"
"HCM","11:24:34",31.3,-0.2,300,2115400,"B"
"HCM","11:24:33",31.35,-0.15,3000,2115100,"B"
"HCM","11:23:50",31.35,-0.15,700,2112100,"S"
"HCM","11:23:02",31.3,-0.2,400,2111400,"B"
"HCM","11:23:01",31.35,-0.15,4000,2111000,"S"
"HCM","11:22:53",31.3,-0.2,100,2107000,"B"
"HCM","11:22:51",31.3,-0.2,1300,2106900,"B"
"HCM","11:22:40",31.3,-0.2,100,2105600,"B"
"HCM","11:22:39",31.3,-0.2,1000,2105500,"B"
"HCM","11:22:37",31.3,-0.2,10000,2104500,"B"
"HCM","11:22:16",31.35,-0.15,500,2094500,"S"
"HCM","11:21:27",31.3,-0.2,200,2094000,"B"
"HCM","11:21:26",31.3,-0.2,900,2093800,"B"
"HCM","11:21:26",31.35,-0.15,1900,2092900,"B"
"HCM","11:21:25",31.35,-0.15,28100,2091000,"S"
"HCM","11:21:16",31.3,-0.2,300,2062900,"B"
"HCM","11:21:15",31.3,-0.2,3800,2062600,"B"
"HCM","11:21:14",31.3,-0.2,38000,2058800,"B"
"HCM","11:21:03",31.35,-0.15,500,2020800,"S"
"HCM","11:20:31",31.3,-0.2,200,2020300,"B"
"HCM","11:20:29",31.3,-0.2,2000,2020100,"B"
"HCM","11:20:29",31.3,-0.2,100,2018100,"B"
"HCM","11:20:28",31.3,-0.2,1200,2018000,"B"
"HCM","11:20:26",31.35,-0.15,12000,2016800,"S"
"HCM","11:20:01",31.3,-0.2,800,2004800,"B"
"HCM","11:19:16",31.3,-0.2,200,2004000,"B"
"HCM","11:18:26",31.3,-0.2,200,2003800,"B"
"HCM","11:18:24",31.35,-0.15,2800,2003600,"S"
"HCM","11:18:16",31.3,-0.2,100,2000800,"B"
"HCM","11:18:15",31.35,-0.15,1000,2000700,"S"
"HCM","11:17:52",31.35,-0.15,100,1999700,"S"
"HCM","11:17:21",31.35,-0.15,100,1999600,"S"
"HCM","11:16:43",31.35,-0.15,800,1999500,"S"
"HCM","11:16:35",31.35,-0.15,500,1998700,"S"
"HCM","11:16:26",31.3,-0.2,600,1998200,"B"
"HCM","11:16:25",31.3,-0.2,400,1997600,"B"
"HCM","11:16:24",31.3,-0.2,6000,1997200,"B"
"HCM","11:16:23",31.35,-0.15,4000,1991200,"S"
"HCM","11:16:23",31.3,-0.2,500,1987200,"B"
"HCM","11:15:23",31.3,-0.2,100,1986700,"B"
"HCM","11:15:23",31.35,-0.15,1600,1986600,"B"
"HCM","11:15:16",31.35,-0.15,100,1985000,"B"
"HCM","11:15:14",31.35,-0.15,1100,1984900,"S"
"HCM","11:13:46",31.25,-0.25,300,1983800,"B"
"HCM","11:13:44",31.25,-0.25,1400,1983500,"B"
"HCM","11:13:44",31.3,-0.2,2000,1982100,"B"
"HCM","11:13:08",31.3,-0.2,100,1980100,"B"
"HCM","11:13:07",31.35,-0.15,1000,1980000,"S"
"HCM","11:12:56",31.3,-0.2,700,1979000,"B"
"HCM","11:12:55",31.3,-0.2,7000,1978300,"B"
"HCM","11:12:23",31.25,-0.25,200,1971300,"B"
"HCM","11:12:21",31.25,-0.25,2000,1971100,"B"
"HCM","11:12:21",31.35,-0.15,20000,1969100,"S"
"HCM","11:12:09",31.25,-0.25,200,1949100,"B"
"HCM","11:12:08",31.35,-0.15,2500,1948900,"S"
"HCM","11:12:00",31.35,-0.15,200,1946400,"S"
"HCM","11:11:25",31.35,-0.15,200,1946200,"S"
"HCM","11:10:54",31.25,-0.25,200,1946000,"B"
"HCM","11:10:54",31.3,-0.2,200,1945800,"B"
"HCM","11:10:52",31.35,-0.15,4000,1945600,"S"
"HCM","11:10:38",31.3,-0.2,3300,1941600,"B"
"HCM","11:09:53",31.25,-0.25,100,1938300,"B"
"HCM","11:09:53",31.3,-0.2,1000,1938200,"S"
"HCM","11:09:28",31.3,-0.2,300,1937200,"S"
"HCM","11:09:24",31.25,-0.25,100,1936900,"B"
"HCM","11:09:17",31.3,-0.2,100,1936800,"S"
"HCM","11:09:15",31.3,-0.2,400,1936700,"S"
"HCM","11:09:14",31.25,-0.25,300,1936300,"B"
"HCM","11:09:12",31.3,-0.2,3800,1936000,"S"
"HCM","11:09:06",31.3,-0.2,200,1932200,"S"
"HCM","11:08:56",31.3,-0.2,500,1932000,"S"
"HCM","11:08:55",31.3,-0.2,1000,1931400,"S"
"HCM","11:08:54",31.25,-0.25,100,1930400,"B"
"HCM","11:08:54",31.3,-0.2,1000,1930300,"S"
"HCM","11:08:38",31.3,-0.2,200,1929300,"S"
"HCM","11:08:26",31.25,-0.25,500,1929100,"B"
"HCM","11:08:20",31.25,-0.25,200,1928600,"B"
"HCM","11:08:19",31.3,-0.2,2800,1928400,"S"
"HCM","11:08:13",31.25,-0.25,200,1925600,"B"
"HCM","11:08:11",31.25,-0.25,2000,1925400,"B"
"HCM","11:08:02",31.25,-0.25,400,1923400,"B"
"HCM","11:08:01",31.25,-0.25,4100,1923000,"B"
"HCM","11:07:54",31.3,-0.2,200,1918900,"S"
"HCM","11:07:41",31.25,-0.25,200,1918700,"B"
"HCM","11:07:40",31.25,-0.25,2400,1918500,"B"
"HCM","11:07:33",31.3,-0.2,400,1916100,"S"
"HCM","11:06:57",31.25,-0.25,200,1915700,"B"
"HCM","11:06:57",31.25,-0.25,2000,1915500,"B"
"HCM","11:06:35",31.25,-0.25,200,1913500,"B"
"HCM","11:06:35",31.3,-0.2,2400,1913300,"B"
"HCM","11:06:21",31.3,-0.2,400,1910900,"B"
"HCM","11:06:21",31.3,-0.2,4000,1910500,"B"
"HCM","11:06:12",31.3,-0.2,200,1906500,"B"
"HCM","11:06:11",31.3,-0.2,2500,1906300,"B"
"HCM","11:06:09",31.3,-0.2,25500,1903800,"S"
"HCM","11:05:56",31.2,-0.3,500,1878300,"B"
"HCM","11:05:55",31.2,-0.3,5300,1877800,"B"
"HCM","11:05:53",31.2,-0.3,51200,1872500,"B"
"HCM","11:05:50",31.2,-0.3,100,1821300,"B"
"HCM","11:05:49",31.2,-0.3,1000,1821200,"B"
"HCM","11:05:22",31.2,-0.3,100,1820200,"B"
"HCM","11:05:21",31.2,-0.3,1900,1820100,"B"
"HCM","11:05:21",31.25,-0.25,19100,1818200,"B"
"HCM","11:05:20",31.25,-0.25,3100,1799100,"B"
"HCM","11:05:18",31.25,-0.25,30000,1796000,"B"
"HCM","11:05:10",31.25,-0.25,200,1766000,"B"
"HCM","11:04:38",31.25,-0.25,400,1765800,"B"
"HCM","11:04:38",31.3,-0.2,4000,1765400,"S"
"HCM","11:04:26",31.25,-0.25,200,1761400,"B"
"HCM","11:04:26",31.3,-0.2,200,1761200,"B"
"HCM","11:04:26",31.25,-0.25,2500,1761000,"B"
"HCM","11:04:25",31.25,-0.25,12900,1758500,"B"
"HCM","11:04:25",31.3,-0.2,13000,1745600,"B"
"HCM","11:04:23",31.3,-0.2,9700,1732600,"B"
"HCM","11:04:20",31.3,-0.2,500,1722900,"B"
"HCM","11:04:19",31.3,-0.2,5000,1722400,"B"
"HCM","11:04:17",31.3,-0.2,200,1717400,"B"
"HCM","11:04:16",31.3,-0.2,2000,1717200,"B"
"HCM","11:04:15",31.3,-0.2,20000,1715200,"B"
"HCM","11:04:10",31.3,-0.2,600,1695200,"B"
"HCM","11:04:09",31.3,-0.2,6900,1694600,"B"
"HCM","11:04:07",31.3,-0.2,400,1687700,"B"
"HCM","11:04:06",31.3,-0.2,4500,1687300,"B"
"HCM","11:03:44",31.3,-0.2,500,1682800,"B"
"HCM","11:02:46",31.3,-0.2,500,1682300,"B"
"HCM","11:02:38",31.3,-0.2,200,1681800,"B"
"HCM","11:02:37",31.35,-0.15,2800,1681600,"S"
"HCM","11:02:20",31.3,-0.2,300,1678800,"B"
"HCM","11:01:45",31.3,-0.2,300,1678500,"B"
"HCM","11:01:43",31.35,-0.15,3000,1678200,"B"
"HCM","11:01:23",31.35,-0.15,300,1675200,"S"
"HCM","11:01:22",31.35,-0.15,300,1674900,"S"
"HCM","11:01:20",31.3,-0.2,200,1674600,"B"
"HCM","11:01:19",31.3,-0.2,2000,1674400,"B"
"HCM","11:01:18",31.35,-0.15,20000,1672400,"S"
"HCM","11:01:17",31.3,-0.2,100,1652400,"B"
"HCM","11:01:15",31.3,-0.2,1000,1652300,"B"
"HCM","11:01:13",31.3,-0.2,500,1651300,"B"
"HCM","11:01:12",31.3,-0.2,5000,1650800,"B"
"HCM","11:01:03",31.3,-0.2,200,1645800,"B"
"HCM","11:01:02",31.35,-0.15,2000,1645600,"S"
"HCM","11:00:48",31.3,-0.2,100,1643600,"B"
"HCM","11:00:47",31.3,-0.2,1000,1643500,"B"
"HCM","11:00:41",31.3,-0.2,400,1642500,"B"
"HCM","11:00:39",31.35,-0.15,4800,1642100,"S"
"HCM","11:00:35",31.3,-0.2,200,1637300,"B"
"HCM","11:00:34",31.3,-0.2,2000,1637100,"B"
"HCM","11:00:33",31.35,-0.15,20000,1635100,"S"
"HCM","11:00:27",31.3,-0.2,200,1615100,"B"
"HCM","11:00:26",31.3,-0.2,2400,1614900,"B"
"HCM","11:00:25",31.35,-0.15,24800,1612500,"B"
"HCM","11:00:22",31.35,-0.15,100,1587700,"B"
"HCM","11:00:21",31.35,-0.15,1000,1587600,"B"
"HCM","11:00:21",31.35,-0.15,10000,1586600,"B"
"HCM","11:00:20",31.35,-0.15,200,1576600,"B"
"HCM","11:00:18",31.4,-0.1,2800,1576400,"S"
"HCM","10:59:11",31.35,-0.15,200,1573600,"B"
"HCM","10:59:09",31.4,-0.1,2800,1573400,"S"
"HCM","10:59:08",31.4,-0.1,100,1570600,"S"
"HCM","10:58:51",31.35,-0.15,200,1570500,"B"
"HCM","10:58:51",31.35,-0.15,2000,1570300,"B"
"HCM","10:58:50",31.35,-0.15,100,1568300,"B"
"HCM","10:58:48",31.4,-0.1,1000,1568200,"S"
"HCM","10:58:11",31.4,-0.1,100,1567200,"S"
"HCM","10:57:58",31.35,-0.15,500,1567100,"B"
"HCM","10:57:50",31.35,-0.15,100,1566600,"B"
"HCM","10:57:49",31.35,-0.15,1000,1566500,"B"
"HCM","10:57:35",31.35,-0.15,200,1565500,"B"
"HCM","10:57:34",31.4,-0.1,2000,1565300,"S"
"HCM","10:57:06",31.35,-0.15,200,1563300,"B"
"HCM","10:56:50",31.35,-0.15,200,1563100,"B"
"HCM","10:56:49",31.35,-0.15,1800,1562900,"S"
"HCM","10:56:48",31.35,-0.15,200,1561100,"S"
"HCM","10:56:13",31.3,-0.2,200,1560900,"B"
"HCM","10:56:12",31.35,-0.15,2800,1560700,"S"
"HCM","10:55:51",31.35,-0.15,200,1557900,"B"
"HCM","10:55:46",31.35,-0.15,500,1557700,"B"
"HCM","10:55:45",31.35,-0.15,5000,1557200,"B"
"HCM","10:55:40",31.35,-0.15,500,1552200,"B"
"HCM","10:55:39",31.35,-0.15,5000,1551700,"B"
"HCM","10:55:38",31.35,-0.15,500,1546700,"B"
"HCM","10:55:37",31.35,-0.15,5000,1546200,"B"
"HCM","10:55:34",31.35,-0.15,500,1541200,"B"
"HCM","10:55:33",31.35,-0.15,5500,1540700,"B"
"HCM","10:55:32",31.35,-0.15,5500,1535200,"B"
"HCM","10:55:31",31.35,-0.15,5000,1529700,"B"
"HCM","10:55:30",31.35,-0.15,800,1524700,"B"
"HCM","10:55:29",31.35,-0.15,8000,1523900,"B"
"HCM","10:55:27",31.35,-0.15,30000,1515900,"B"
"HCM","10:55:27",31.35,-0.15,700,1485900,"B"
"HCM","10:55:26",31.35,-0.15,7500,1485200,"B"
"HCM","10:55:17",31.4,-0.1,500,1477700,"S"
"HCM","10:55:15",31.35,-0.15,200,1477200,"B"
"HCM","10:55:14",31.4,-0.1,2800,1477000,"S"
"HCM","10:55:02",31.4,-0.1,300,1474200,"S"
"HCM","10:54:52",31.4,-0.1,100,1473900,"S"
"HCM","10:54:45",31.4,-0.1,100,1473800,"S"
"HCM","10:54:42",31.4,-0.1,100,1473700,"S"
"HCM","10:54:39",31.35,-0.15,200,1473600,"B"
"HCM","10:54:39",31.4,-0.1,2800,1473400,"S"
"HCM","10:53:26",31.35,-0.15,100,1470600,"B"
"HCM","10:53:26",31.35,-0.15,200,1470500,"B"
"HCM","10:53:26",31.4,-0.1,900,1470300,"B"
"HCM","10:53:24",31.4,-0.1,2000,1469400,"B"
"HCM","10:53:22",31.4,-0.1,500,1467400,"B"
"HCM","10:53:16",31.4,-0.1,800,1466900,"B"
"HCM","10:53:14",31.4,-0.1,8000,1466100,"B"
"HCM","10:53:12",31.4,-0.1,500,1458100,"B"
"HCM","10:53:11",31.4,-0.1,5000,1457600,"B"
"HCM","10:52:45",31.4,-0.1,100,1452600,"B"
"HCM","10:52:44",31.4,-0.1,1000,1452500,"B"
"HCM","10:51:49",31.4,-0.1,100,1451500,"B"
"HCM","10:51:48",31.45,-0.05,1000,1451400,"S"
"HCM","10:51:36",31.4,-0.1,800,1450400,"B"
"HCM","10:51:35",31.4,-0.1,8500,1449600,"B"
"HCM","10:51:12",31.4,-0.1,200,1441100,"B"
"HCM","10:51:11",31.45,-0.05,2000,1440900,"S"
"HCM","10:51:09",31.4,-0.1,200,1438900,"B"
"HCM","10:51:08",31.45,-0.05,2800,1438700,"S"
"HCM","10:50:57",31.45,-0.05,100,1435900,"S"
"HCM","10:50:32",31.4,-0.1,900,1435800,"B"
"HCM","10:50:31",31.45,-0.05,9800,1434900,"B"
"HCM","10:50:18",31.45,-0.05,100,1425100,"B"
"HCM","10:50:18",31.45,-0.05,1500,1425000,"B"
"HCM","10:50:16",31.45,-0.05,15000,1423500,"B"
"HCM","10:49:25",31.5,0,300,1408500,"S"
"HCM","10:48:45",31.45,-0.05,200,1408200,"B"
"HCM","10:48:44",31.5,0,2500,1408000,"S"
"HCM","10:48:19",31.5,0,100,1405500,"S"
"HCM","10:47:54",31.45,-0.05,300,1405400,"B"
"HCM","10:47:52",31.45,-0.05,3500,1405100,"B"
"HCM","10:47:23",31.45,-0.05,200,1401600,"B"
"HCM","10:47:21",31.5,0,2000,1401400,"S"
"HCM","10:46:25",31.45,-0.05,400,1399400,"B"
"HCM","10:46:23",31.45,-0.05,4400,1399000,"S"
"HCM","10:46:10",31.45,-0.05,100,1394600,"S"
"HCM","10:45:26",31.45,-0.05,100,1394500,"S"
"HCM","10:45:12",31.4,-0.1,100,1394400,"B"
"HCM","10:45:10",31.4,-0.1,1000,1394300,"B"
"HCM","10:45:06",31.4,-0.1,200,1393300,"B"
"HCM","10:45:05",31.45,-0.05,2800,1393100,"S"
"HCM","10:44:09",31.4,-0.1,200,1390300,"B"
"HCM","10:44:08",31.45,-0.05,2800,1390100,"S"
"HCM","10:43:23",31.4,-0.1,400,1387300,"B"
"HCM","10:43:22",31.4,-0.1,4000,1386900,"B"
"HCM","10:43:08",31.4,-0.1,200,1382900,"B"
"HCM","10:43:06",31.45,-0.05,2800,1382700,"S"
"HCM","10:42:28",31.45,-0.05,100,1379900,"S"
"HCM","10:42:25",31.4,-0.1,200,1379800,"B"
"HCM","10:42:24",31.45,-0.05,2000,1379600,"S"
"HCM","10:42:18",31.4,-0.1,500,1377600,"B"
"HCM","10:42:18",31.45,-0.05,5100,1377100,"B"
"HCM","10:42:03",31.45,-0.05,500,1372000,"B"
"HCM","10:41:16",31.4,-0.1,300,1371500,"B"
"HCM","10:41:15",31.4,-0.1,3500,1371200,"B"
"HCM","10:40:08",31.4,-0.1,200,1367700,"B"
"HCM","10:40:07",31.5,0,800,1367500,"S"
"HCM","10:40:07",31.45,-0.05,2000,1366700,"S"
"HCM","10:39:52",31.4,-0.1,100,1364700,"B"
"HCM","10:39:51",31.4,-0.1,1000,1364600,"B"
"HCM","10:39:50",31.45,-0.05,10000,1363600,"S"
"HCM","10:39:24",31.4,-0.1,100,1353600,"B"
"HCM","10:39:23",31.45,-0.05,1000,1353500,"S"
"HCM","10:39:13",31.4,-0.1,200,1352500,"B"
"HCM","10:39:12",31.45,-0.05,2800,1352300,"S"
"HCM","10:39:02",31.4,-0.1,200,1349500,"B"
"HCM","10:38:19",31.4,-0.1,200,1349300,"B"
"HCM","10:38:19",31.45,-0.05,2800,1349100,"S"
"HCM","10:37:31",31.4,-0.1,700,1346300,"B"
"HCM","10:37:31",31.45,-0.05,2800,1345600,"B"
"HCM","10:37:31",31.45,-0.05,4700,1342800,"B"
"HCM","10:37:29",31.45,-0.05,100,1338100,"B"
"HCM","10:37:27",31.45,-0.05,11000,1338000,"B"
"HCM","10:36:46",31.45,-0.05,600,1327000,"B"
"HCM","10:36:21",31.45,-0.05,100,1326400,"B"
"HCM","10:36:20",31.45,-0.05,1000,1326300,"B"
"HCM","10:36:19",31.45,-0.05,10700,1325300,"S"
"HCM","10:36:16",31.4,-0.1,200,1314600,"B"
"HCM","10:36:15",31.45,-0.05,2800,1314400,"S"
"HCM","10:34:53",31.4,-0.1,200,1311600,"B"
"HCM","10:34:51",31.45,-0.05,2800,1311400,"S"
"HCM","10:34:49",31.4,-0.1,200,1308600,"B"
"HCM","10:34:49",31.45,-0.05,2000,1308400,"S"
"HCM","10:34:45",31.4,-0.1,800,1306400,"B"
"HCM","10:34:36",31.4,-0.1,100,1305600,"B"
"HCM","10:34:35",31.4,-0.1,200,1305500,"B"
"HCM","10:34:22",31.4,-0.1,1100,1305300,"B"
"HCM","10:34:19",31.4,-0.1,300,1304200,"B"
"HCM","10:34:18",31.45,-0.05,3700,1303900,"B"
"HCM","10:34:17",31.45,-0.05,100,1300200,"B"
"HCM","10:34:16",31.45,-0.05,1000,1300100,"B"
"HCM","10:34:06",31.45,-0.05,300,1299100,"B"
"HCM","10:34:05",31.45,-0.05,3600,1298800,"B"
"HCM","10:33:59",31.45,-0.05,100,1295200,"B"
"HCM","10:33:52",31.45,-0.05,100,1295100,"B"
"HCM","10:33:48",31.45,-0.05,400,1295000,"B"
"HCM","10:33:46",31.45,-0.05,4400,1294600,"B"
"HCM","10:33:23",31.45,-0.05,200,1290200,"B"
"HCM","10:33:22",31.45,-0.05,2700,1290000,"S"
"HCM","10:33:10",31.4,-0.1,200,1287300,"B"
"HCM","10:33:09",31.4,-0.1,2000,1287100,"B"
"HCM","10:33:08",31.45,-0.05,20000,1285100,"S"
"HCM","10:32:51",31.45,-0.05,100,1265100,"S"
"HCM","10:31:21",31.4,-0.1,100,1265000,"B"
"HCM","10:31:20",31.4,-0.1,1000,1264900,"B"
"HCM","10:31:19",31.4,-0.1,100,1263900,"B"
"HCM","10:31:19",31.45,-0.05,10000,1263800,"S"
"HCM","10:31:18",31.4,-0.1,1000,1253800,"B"
"HCM","10:31:16",31.45,-0.05,10500,1252800,"B"
"HCM","10:31:08",31.45,-0.05,200,1242300,"B"
"HCM","10:31:07",31.45,-0.05,2100,1242100,"S"
"HCM","10:31:02",31.45,-0.05,800,1240000,"B"
"HCM","10:30:45",31.45,-0.05,100,1239200,"B"
"HCM","10:30:44",31.45,-0.05,1000,1239100,"B"
"HCM","10:30:43",31.45,-0.05,10000,1238100,"B"
"HCM","10:30:36",31.5,0,100,1228100,"S"
"HCM","10:30:18",31.45,-0.05,200,1228000,"B"
"HCM","10:30:17",31.5,0,2800,1227800,"S"
"HCM","10:30:01",31.45,-0.05,400,1225000,"B"
"HCM","10:28:28",31.45,-0.05,100,1224600,"B"
"HCM","10:28:27",31.45,-0.05,1500,1224500,"B"
"HCM","10:26:57",31.4,-0.1,200,1223000,"B"
"HCM","10:26:56",31.5,0,2000,1222800,"S"
"HCM","10:26:28",31.4,-0.1,400,1220800,"B"
"HCM","10:26:27",31.4,-0.1,3200,1220400,"B"
"HCM","10:26:27",31.45,-0.05,400,1217200,"B"
"HCM","10:26:27",31.5,0,1200,1216800,"B"
"HCM","10:26:25",31.5,0,48800,1215600,"S"
"HCM","10:26:21",31.45,-0.05,100,1166800,"B"
"HCM","10:26:20",31.45,-0.05,1000,1166700,"B"
"HCM","10:26:18",31.45,-0.05,10000,1165700,"B"
"HCM","10:26:08",31.45,-0.05,100,1155700,"B"
"HCM","10:26:07",31.45,-0.05,1900,1155600,"B"
"HCM","10:26:05",31.45,-0.05,19300,1153700,"S"
"HCM","10:25:50",31.4,-0.1,100,1134400,"B"
"HCM","10:25:49",31.4,-0.1,1200,1134300,"B"
"HCM","10:25:48",31.4,-0.1,200,1133100,"B"
"HCM","10:25:47",31.4,-0.1,12500,1132900,"S"
"HCM","10:25:46",31.4,-0.1,2000,1120400,"S"
"HCM","10:25:41",31.4,-0.1,600,1118400,"S"
"HCM","10:25:30",31.35,-0.15,200,1117800,"B"
"HCM","10:25:29",31.4,-0.1,2800,1117600,"S"
"HCM","10:25:11",31.4,-0.1,100,1114800,"S"
"HCM","10:25:09",31.35,-0.15,100,1114700,"B"
"HCM","10:25:08",31.4,-0.1,1000,1114600,"S"
"HCM","10:24:57",31.35,-0.15,200,1113600,"B"
"HCM","10:24:56",31.4,-0.1,2800,1113400,"S"
"HCM","10:23:53",31.35,-0.15,200,1110600,"B"
"HCM","10:23:45",31.35,-0.15,500,1110400,"B"
"HCM","10:23:43",31.35,-0.15,200,1109900,"B"
"HCM","10:23:41",31.4,-0.1,2800,1109700,"S"
"HCM","10:23:34",31.35,-0.15,100,1106900,"B"
"HCM","10:23:33",31.35,-0.15,1700,1106800,"B"
"HCM","10:22:57",31.35,-0.15,300,1105100,"B"
"HCM","10:22:56",31.35,-0.15,3000,1104800,"B"
"HCM","10:22:35",31.4,-0.1,400,1101800,"S"
"HCM","10:22:29",31.35,-0.15,200,1101400,"B"
"HCM","10:22:29",31.4,-0.1,2000,1101200,"S"
"HCM","10:22:03",31.35,-0.15,500,1099200,"B"
"HCM","10:22:02",31.35,-0.15,5000,1098700,"B"
"HCM","10:21:51",31.35,-0.15,400,1093700,"B"
"HCM","10:21:50",31.35,-0.15,4300,1093300,"S"
"HCM","10:21:47",31.3,-0.2,100,1089000,"B"
"HCM","10:21:45",31.35,-0.15,1000,1088900,"S"
"HCM","10:21:25",31.3,-0.2,200,1087900,"B"
"HCM","10:21:25",31.35,-0.15,2000,1087700,"B"
"HCM","10:21:18",31.4,-0.1,100,1085700,"S"
"HCM","10:21:16",31.35,-0.15,200,1085600,"B"
"HCM","10:21:15",31.35,-0.15,2000,1085400,"B"
"HCM","10:21:14",31.35,-0.15,20000,1083400,"B"
"HCM","10:20:45",31.35,-0.15,200,1063400,"B"
"HCM","10:20:44",31.4,-0.1,2800,1063200,"S"
"HCM","10:20:07",31.35,-0.15,100,1060400,"B"
"HCM","10:20:06",31.35,-0.15,1000,1060300,"B"
"HCM","10:20:03",31.35,-0.15,100,1059300,"B"
"HCM","10:20:02",31.35,-0.15,1000,1059200,"B"
"HCM","10:19:18",31.35,-0.15,200,1058200,"B"
"HCM","10:19:17",31.4,-0.1,2000,1058000,"S"
"HCM","10:18:51",31.35,-0.15,200,1056000,"B"
"HCM","10:18:51",31.35,-0.15,2500,1055800,"B"
"HCM","10:18:43",31.35,-0.15,200,1053300,"B"
"HCM","10:18:42",31.35,-0.15,2000,1053100,"B"
"HCM","10:18:40",31.35,-0.15,20000,1051100,"B"
"HCM","10:18:30",31.35,-0.15,200,1031100,"B"
"HCM","10:18:27",31.35,-0.15,500,1030900,"B"
"HCM","10:18:25",31.35,-0.15,5000,1030400,"B"
"HCM","10:18:10",31.35,-0.15,200,1025400,"B"
"HCM","10:18:08",31.4,-0.1,2800,1025200,"S"
"HCM","10:18:08",31.35,-0.15,100,1022400,"B"
"HCM","10:18:08",31.35,-0.15,1000,1022300,"B"
"HCM","10:18:07",31.35,-0.15,10000,1021300,"B"
"HCM","10:17:39",31.35,-0.15,200,1011300,"B"
"HCM","10:17:38",31.4,-0.1,2800,1011100,"S"
"HCM","10:17:31",31.4,-0.1,400,1008300,"S"
"HCM","10:17:30",31.35,-0.15,500,1007900,"B"
"HCM","10:17:29",31.35,-0.15,5700,1007400,"B"
"HCM","10:17:22",31.35,-0.15,100,1001700,"B"
"HCM","10:17:21",31.35,-0.15,1400,1001600,"B"
"HCM","10:17:20",31.35,-0.15,9900,1000200,"S"
"HCM","10:17:20",31.35,-0.15,4500,990300,"S"
"HCM","10:17:11",31.35,-0.15,700,985800,"S"
"HCM","10:16:46",31.3,-0.2,400,985100,"B"
"HCM","10:16:46",31.35,-0.15,4000,984700,"S"
"HCM","10:16:39",31.3,-0.2,500,980700,"B"
"HCM","10:16:38",31.3,-0.2,1400,980200,"B"
"HCM","10:16:37",31.3,-0.2,3700,978800,"B"
"HCM","10:16:36",31.3,-0.2,1000,975100,"B"
"HCM","10:16:35",31.3,-0.2,100,974100,"B"
"HCM","10:16:34",31.3,-0.2,1000,974000,"B"
"HCM","10:16:33",31.3,-0.2,10000,973000,"B"
"HCM","10:16:11",31.3,-0.2,200,963000,"B"
"HCM","10:16:09",31.35,-0.15,2800,962800,"S"
"HCM","10:16:06",31.35,-0.15,200,960000,"S"
"HCM","10:15:42",31.35,-0.15,100,959800,"S"
"HCM","10:15:33",31.3,-0.2,100,959700,"B"
"HCM","10:15:32",31.35,-0.15,1000,959600,"S"
"HCM","10:15:32",31.3,-0.2,100,958600,"B"
"HCM","10:15:31",31.35,-0.15,1700,958500,"B"
"HCM","10:15:19",31.35,-0.15,100,956800,"B"
"HCM","10:15:18",31.35,-0.15,1000,956700,"B"
"HCM","10:15:16",31.35,-0.15,10000,955700,"B"
"HCM","10:14:45",31.3,-0.2,400,945700,"B"
"HCM","10:14:44",31.3,-0.2,900,945300,"B"
"HCM","10:14:42",31.35,-0.15,41000,941200,"B"
"HCM","10:14:27",31.35,-0.15,200,900200,"B"
"HCM","10:14:26",31.35,-0.15,2000,900000,"B"
"HCM","10:14:17",31.35,-0.15,200,898000,"B"
"HCM","10:14:17",31.4,-0.1,200,897800,"B"
"HCM","10:14:16",31.4,-0.1,4800,897600,"S"
"HCM","10:14:11",31.4,-0.1,100,892800,"S"
"HCM","10:14:11",31.35,-0.15,200,892700,"B"
"HCM","10:14:10",31.4,-0.1,2800,892500,"S"
"HCM","10:13:41",31.4,-0.1,100,889700,"S"
"HCM","10:13:09",31.35,-0.15,200,889600,"B"
"HCM","10:13:09",31.4,-0.1,2800,889400,"S"
"HCM","10:12:45",31.4,-0.1,200,886600,"S"
"HCM","10:12:42",31.35,-0.15,100,886400,"B"
"HCM","10:12:41",31.4,-0.1,1800,886300,"B"
"HCM","10:12:29",31.4,-0.1,600,884500,"B"
"HCM","10:12:23",31.4,-0.1,100,883900,"B"
"HCM","10:12:16",31.4,-0.1,1600,883800,"B"
"HCM","10:11:52",31.4,-0.1,500,882200,"B"
"HCM","10:11:50",31.4,-0.1,5000,881700,"B"
"HCM","10:11:44",31.4,-0.1,400,876700,"B"
"HCM","10:11:43",31.4,-0.1,4800,876300,"B"
"HCM","10:11:35",31.4,-0.1,300,871500,"B"
"HCM","10:11:18",31.4,-0.1,100,871200,"B"
"HCM","10:11:18",31.4,-0.1,1000,871100,"B"
"HCM","10:11:15",31.4,-0.1,500,870100,"B"
"HCM","10:11:08",31.4,-0.1,300,869600,"S"
"HCM","10:10:52",31.4,-0.1,800,869300,"S"
"HCM","10:10:43",31.35,-0.15,200,868500,"B"
"HCM","10:10:42",31.35,-0.15,2900,868300,"B"
"HCM","10:10:41",31.4,-0.1,29400,865400,"B"
"HCM","10:10:31",31.4,-0.1,400,836000,"B"
"HCM","10:10:31",31.4,-0.1,300,835600,"B"
"HCM","10:10:30",31.4,-0.1,3000,835300,"B"
"HCM","10:10:29",31.4,-0.1,20600,832300,"B"
"HCM","10:10:29",31.4,-0.1,9400,811700,"B"
"HCM","10:10:09",31.4,-0.1,200,802300,"B"
"HCM","10:10:08",31.45,-0.05,2800,802100,"S"
"HCM","10:09:45",31.4,-0.1,500,799300,"B"
"HCM","10:09:45",31.45,-0.05,5000,798800,"S"
"HCM","10:09:43",31.4,-0.1,100,793800,"B"
"HCM","10:09:42",31.4,-0.1,1700,793700,"B"
"HCM","10:09:16",31.4,-0.1,200,792000,"B"
"HCM","10:09:14",31.45,-0.05,2000,791800,"S"
"HCM","10:09:10",31.4,-0.1,200,789800,"B"
"HCM","10:09:09",31.45,-0.05,2800,789600,"S"
"HCM","10:09:06",31.45,-0.05,500,786800,"S"
"HCM","10:08:21",31.4,-0.1,200,786300,"B"
"HCM","10:08:20",31.45,-0.05,2800,786100,"S"
"HCM","10:08:17",31.4,-0.1,900,783300,"B"
"HCM","10:07:25",31.4,-0.1,200,782400,"B"
"HCM","10:07:23",31.4,-0.1,2800,782200,"B"
"HCM","10:07:10",31.4,-0.1,200,779400,"B"
"HCM","10:07:10",31.45,-0.05,2800,779200,"S"
"HCM","10:07:00",31.45,-0.05,100,776400,"S"
"HCM","10:07:00",31.4,-0.1,200,776300,"B"
"HCM","10:06:59",31.4,-0.1,2000,776100,"B"
"HCM","10:06:08",31.4,-0.1,200,774100,"B"
"HCM","10:06:07",31.45,-0.05,2800,773900,"S"
"HCM","10:05:19",31.45,-0.05,100,771100,"S"
"HCM","10:05:11",31.4,-0.1,200,771000,"B"
"HCM","10:05:10",31.45,-0.05,2600,770800,"B"
"HCM","10:05:07",31.45,-0.05,200,768200,"S"
"HCM","10:04:55",31.45,-0.05,500,768000,"S"
"HCM","10:04:29",31.45,-0.05,300,767500,"S"
"HCM","10:04:16",31.4,-0.1,100,767200,"B"
"HCM","10:04:15",31.45,-0.05,1000,767100,"S"
"HCM","10:04:11",31.45,-0.05,100,766100,"S"
"HCM","10:04:08",31.4,-0.1,200,766000,"B"
"HCM","10:04:07",31.45,-0.05,2800,765800,"S"
"HCM","10:03:29",31.4,-0.1,500,763000,"B"
"HCM","10:03:27",31.45,-0.05,5100,762500,"B"
"HCM","10:03:22",31.45,-0.05,400,757400,"B"
"HCM","10:03:21",31.45,-0.05,4500,757000,"S"
"HCM","10:03:20",31.4,-0.1,100,752500,"B"
"HCM","10:03:18",31.45,-0.05,1000,752400,"S"
"HCM","10:03:13",31.4,-0.1,200,751400,"B"
"HCM","10:03:12",31.45,-0.05,2800,751200,"S"
"HCM","10:03:08",31.4,-0.1,100,748400,"B"
"HCM","10:03:06",31.45,-0.05,1900,748300,"B"
"HCM","10:02:37",31.45,-0.05,500,746400,"B"
"HCM","10:02:07",31.45,-0.05,500,745900,"S"
"HCM","10:02:06",31.4,-0.1,200,745400,"B"
"HCM","10:02:06",31.45,-0.05,2800,745200,"S"
"HCM","10:01:51",31.45,-0.05,200,742400,"S"
"HCM","10:01:49",31.4,-0.1,100,742200,"B"
"HCM","10:01:49",31.45,-0.05,1000,742100,"S"
"HCM","10:01:48",31.4,-0.1,100,741100,"B"
"HCM","10:01:47",31.45,-0.05,1100,741000,"S"
"HCM","10:01:32",31.4,-0.1,200,739900,"B"
"HCM","10:01:30",31.45,-0.05,2000,739700,"S"
"HCM","10:01:19",31.4,-0.1,200,737700,"B"
"HCM","10:01:17",31.45,-0.05,2400,737500,"B"
"HCM","10:01:11",31.45,-0.05,100,735100,"B"
"HCM","10:01:09",31.45,-0.05,1400,735000,"S"
"HCM","10:01:00",31.45,-0.05,100,733600,"S"
"HCM","10:00:54",31.45,-0.05,500,733500,"S"
"HCM","10:00:31",31.4,-0.1,200,733000,"B"
"HCM","10:00:31",31.4,-0.1,2900,732800,"B"
"HCM","10:00:29",31.45,-0.05,29000,729900,"B"
"HCM","10:00:12",31.45,-0.05,200,700900,"B"
"HCM","10:00:11",31.5,0,2800,700700,"S"
"HCM","10:00:01",31.5,0,200,697900,"S"
"HCM","09:59:19",31.5,0,200,697700,"S"
"HCM","09:59:09",31.45,-0.05,200,697500,"B"
"HCM","09:59:08",31.5,0,2800,697300,"S"
"HCM","09:58:42",31.5,0,100,694500,"S"
"HCM","09:58:41",31.45,-0.05,200,694400,"B"
"HCM","09:58:41",31.45,-0.05,2000,694200,"B"
"HCM","09:58:13",31.45,-0.05,200,692200,"B"
"HCM","09:58:11",31.5,0,2800,692000,"S"
"HCM","09:57:46",31.5,0,100,689200,"S"
"HCM","09:57:43",31.45,-0.05,200,689100,"B"
"HCM","09:57:42",31.5,0,2500,688900,"S"
"HCM","09:57:29",31.5,0,100,686400,"S"
"HCM","09:57:21",31.45,-0.05,200,686300,"B"
"HCM","09:57:20",31.5,0,2500,686100,"S"
"HCM","09:57:14",31.45,-0.05,300,683600,"B"
"HCM","09:57:12",31.5,0,3000,683300,"S"
"HCM","09:56:53",31.45,-0.05,200,680300,"B"
"HCM","09:56:53",31.5,0,2000,680100,"S"
"HCM","09:55:54",31.45,-0.05,100,678100,"B"
"HCM","09:55:53",31.45,-0.05,1500,678000,"B"
"HCM","09:55:51",31.5,0,15700,676500,"B"
"HCM","09:55:09",31.5,0,300,660800,"B"
"HCM","09:55:08",31.5,0,3700,660500,"B"
"HCM","09:55:06",31.5,0,200,656800,"B"
"HCM","09:54:21",31.5,0,300,656600,"S"
"HCM","09:54:17",31.5,0,100,656300,"S"
"HCM","09:53:56",31.5,0,300,656200,"S"
"HCM","09:53:04",31.45,-0.05,200,655900,"B"
"HCM","09:53:03",31.5,0,2200,655700,"S"
"HCM","09:52:43",31.45,-0.05,200,653500,"B"
"HCM","09:52:42",31.45,-0.05,300,653300,"B"
"HCM","09:52:40",31.5,0,27100,650600,"B"
"HCM","09:52:16",31.5,0,100,623500,"B"
"HCM","09:52:16",31.55,0.05,1000,623400,"S"
"HCM","09:51:49",31.5,0,400,622400,"B"
"HCM","09:51:48",31.55,0.05,4000,622000,"S"
"HCM","09:51:46",31.55,0.05,300,618000,"S"
"HCM","09:51:44",31.5,0,100,617700,"B"
"HCM","09:51:43",31.55,0.05,1800,617600,"S"
"HCM","09:51:37",31.5,0,400,615800,"B"
"HCM","09:51:35",31.55,0.05,4000,615400,"S"
"HCM","09:51:20",31.55,0.05,500,611400,"S"
"HCM","09:50:39",31.55,0.05,700,610900,"S"
"HCM","09:50:20",31.5,0,100,610200,"B"
"HCM","09:50:19",31.5,0,1500,610100,"B"
"HCM","09:50:10",31.5,0,400,608600,"B"
"HCM","09:50:09",31.55,0.05,4600,608200,"S"
"HCM","09:50:06",31.55,0.05,400,603600,"S"
"HCM","09:49:57",31.5,0,1100,603200,"B"
"HCM","09:49:56",31.55,0.05,10000,602100,"S"
"HCM","09:49:42",31.5,0,400,592100,"B"
"HCM","09:49:41",31.5,0,4000,591700,"S"
"HCM","09:49:30",31.45,-0.05,500,587700,"B"
"HCM","09:49:01",31.45,-0.05,100,587200,"B"
"HCM","09:48:51",31.5,0,500,587100,"S"
"HCM","09:48:42",31.5,0,200,586600,"S"
"HCM","09:48:30",31.5,0,400,586400,"B"
"HCM","09:48:12",31.5,0,600,586000,"S"
"HCM","09:47:45",31.45,-0.05,800,585400,"B"
"HCM","09:47:45",31.5,0,8800,584600,"S"
"HCM","09:47:30",31.45,-0.05,100,575800,"B"
"HCM","09:47:28",31.45,-0.05,1000,575700,"B"
"HCM","09:46:19",31.45,-0.05,100,574700,"B"
"HCM","09:46:09",31.45,-0.05,200,574600,"B"
"HCM","09:46:07",31.45,-0.05,22000,574400,"B"
"HCM","09:44:58",31.45,-0.05,100,552400,"B"
"HCM","09:44:58",31.5,0,1000,552300,"S"
"HCM","09:44:51",31.45,-0.05,200,551300,"B"
"HCM","09:44:50",31.5,0,2300,551100,"S"
"HCM","09:44:33",31.45,-0.05,100,548800,"B"
"HCM","09:44:32",31.5,0,1300,548700,"S"
"HCM","09:44:30",31.45,-0.05,700,547400,"B"
"HCM","09:44:29",31.5,0,7300,546700,"S"
"HCM","09:44:04",31.45,-0.05,300,539400,"S"
"HCM","09:44:02",31.45,-0.05,200,539100,"S"
"HCM","09:43:53",31.45,-0.05,100,538900,"S"
"HCM","09:43:49",31.45,-0.05,600,538800,"S"
"HCM","09:43:46",31.4,-0.1,200,538200,"B"
"HCM","09:43:45",31.45,-0.05,2000,538000,"S"
"HCM","09:42:46",31.4,-0.1,100,536000,"B"
"HCM","09:41:43",31.4,-0.1,700,535900,"B"
"HCM","09:41:40",31.4,-0.1,900,535200,"B"
"HCM","09:41:39",31.45,-0.05,9300,534300,"B"
"HCM","09:41:31",31.45,-0.05,100,525000,"B"
"HCM","09:41:30",31.5,0,1000,524900,"S"
"HCM","09:41:08",31.45,-0.05,200,523900,"B"
"HCM","09:41:07",31.45,-0.05,2000,523700,"B"
"HCM","09:41:06",31.5,0,20000,521700,"S"
"HCM","09:40:53",31.45,-0.05,200,501700,"B"
"HCM","09:40:42",31.45,-0.05,500,501500,"B"
"HCM","09:40:38",31.45,-0.05,500,501000,"B"
"HCM","09:39:55",31.45,-0.05,100,500500,"S"
"HCM","09:39:28",31.4,-0.1,500,500400,"B"
"HCM","09:39:28",31.45,-0.05,5000,499900,"B"
"HCM","09:39:27",31.45,-0.05,1000,494900,"B"
"HCM","09:39:24",31.45,-0.05,400,493900,"B"
"HCM","09:39:23",31.45,-0.05,500,493500,"B"
"HCM","09:39:23",31.45,-0.05,5000,493000,"B"
"HCM","09:39:13",31.45,-0.05,400,488000,"B"
"HCM","09:39:07",31.45,-0.05,600,487600,"B"
"HCM","09:39:06",31.45,-0.05,5000,487000,"B"
"HCM","09:39:01",31.45,-0.05,300,482000,"B"
"HCM","09:39:00",31.45,-0.05,1700,481700,"B"
"HCM","09:39:00",31.45,-0.05,1800,480000,"B"
"HCM","09:38:12",31.45,-0.05,400,478200,"B"
"HCM","09:38:12",31.5,0,4300,477800,"S"
"HCM","09:38:04",31.5,0,300,473500,"S"
"HCM","09:37:57",31.45,-0.05,100,473200,"B"
"HCM","09:37:56",31.45,-0.05,11000,473100,"B"
"HCM","09:37:54",31.45,-0.05,100,462100,"B"
"HCM","09:37:52",31.5,0,1000,462000,"S"
"HCM","09:37:40",31.5,0,100,461000,"S"
"HCM","09:37:24",31.45,-0.05,200,460900,"B"
"HCM","09:37:23",31.5,0,2000,460700,"S"
"HCM","09:37:08",31.5,0,200,458700,"S"
"HCM","09:37:08",31.45,-0.05,400,458500,"B"
"HCM","09:37:07",31.5,0,4100,458100,"S"
"HCM","09:37:06",31.45,-0.05,500,454000,"B"
"HCM","09:36:47",31.5,0,100,453500,"S"
"HCM","09:36:46",31.45,-0.05,200,453400,"B"
"HCM","09:36:45",31.45,-0.05,700,453200,"B"
"HCM","09:36:44",31.5,0,1600,452500,"S"
"HCM","09:36:44",31.5,0,7300,450900,"S"
"HCM","09:35:28",31.45,-0.05,100,443600,"B"
"HCM","09:35:26",31.5,0,1000,443500,"S"
"HCM","09:35:21",31.45,-0.05,200,442500,"B"
"HCM","09:34:45",31.45,-0.05,100,442300,"B"
"HCM","09:34:37",31.45,-0.05,100,442200,"B"
"HCM","09:34:35",31.45,-0.05,1000,442100,"B"
"HCM","09:34:35",31.5,0,10000,441100,"S"
"HCM","09:34:20",31.45,-0.05,300,431100,"B"
"HCM","09:34:18",31.45,-0.05,3900,430800,"B"
"HCM","09:34:17",31.5,0,3000,426900,"S"
"HCM","09:34:12",31.5,0,500,423900,"S"
"HCM","09:34:00",31.5,0,300,423400,"S"
"HCM","09:34:00",31.45,-0.05,300,423100,"B"
"HCM","09:33:59",31.5,0,3300,422800,"B"
"HCM","09:33:56",31.5,0,100,419500,"B"
"HCM","09:33:56",31.5,0,1500,419400,"B"
"HCM","09:33:55",31.5,0,15100,417900,"S"
"HCM","09:33:55",31.45,-0.05,100,402800,"B"
"HCM","09:33:53",31.5,0,1000,402700,"S"
"HCM","09:33:49",31.5,0,400,401700,"S"
"HCM","09:33:40",31.45,-0.05,200,401300,"B"
"HCM","09:33:38",31.45,-0.05,300,401100,"B"
"HCM","09:33:38",31.5,0,3000,400800,"S"
"HCM","09:33:37",31.45,-0.05,400,397800,"B"
"HCM","09:33:35",31.45,-0.05,4100,397400,"S"
"HCM","09:33:29",31.4,-0.1,400,393300,"B"
"HCM","09:33:28",31.4,-0.1,4000,392900,"B"
"HCM","09:33:22",31.45,-0.05,100,388900,"S"
"HCM","09:33:14",31.45,-0.05,400,388800,"S"
"HCM","09:32:58",31.45,-0.05,900,388400,"B"
"HCM","09:32:55",31.45,-0.05,100,387500,"B"
"HCM","09:32:54",31.45,-0.05,500,387400,"S"
"HCM","09:32:53",31.45,-0.05,1000,386900,"S"
"HCM","09:32:28",31.4,-0.1,400,385900,"S"
"HCM","09:32:24",31.4,-0.1,100,385500,"S"
"HCM","09:32:14",31.35,-0.15,600,385400,"B"
"HCM","09:32:13",31.4,-0.1,5000,384800,"S"
"HCM","09:32:11",31.4,-0.1,10000,378800,"S"
"HCM","09:31:38",31.35,-0.15,100,368800,"B"
"HCM","09:31:37",31.4,-0.1,1000,368700,"S"
"HCM","09:31:30",31.4,-0.1,100,367700,"S"
"HCM","09:30:52",31.35,-0.15,100,367600,"B"
"HCM","09:30:52",31.35,-0.15,1000,367500,"B"
"HCM","09:30:51",31.35,-0.15,10000,366500,"B"
"HCM","09:30:06",31.35,-0.15,100,356500,"B"
"HCM","09:29:40",31.35,-0.15,200,356400,"B"
"HCM","09:29:40",31.4,-0.1,2300,356200,"B"
"HCM","09:29:35",31.4,-0.1,400,353900,"B"
"HCM","09:29:29",31.4,-0.1,4000,353500,"S"
"HCM","09:29:20",31.35,-0.15,100,349500,"B"
"HCM","09:29:20",31.4,-0.1,1300,349400,"B"
"HCM","09:29:16",31.4,-0.1,500,348100,"B"
"HCM","09:29:14",31.4,-0.1,100,347600,"B"
"HCM","09:29:13",31.4,-0.1,1000,347500,"B"
"HCM","09:29:05",31.4,-0.1,200,346500,"B"
"HCM","09:29:04",31.4,-0.1,2000,346300,"B"
"HCM","09:29:02",31.4,-0.1,400,344300,"B"
"HCM","09:29:01",31.45,-0.05,2000,343900,"S"
"HCM","09:29:00",31.4,-0.1,2000,341900,"B"
"HCM","09:28:19",31.4,-0.1,600,339900,"B"
"HCM","09:28:18",31.45,-0.05,6000,339300,"S"
"HCM","09:28:16",31.45,-0.05,200,333300,"S"
"HCM","09:27:58",31.45,-0.05,200,333100,"S"
"HCM","09:27:44",31.4,-0.1,100,332900,"B"
"HCM","09:27:25",31.4,-0.1,100,332800,"B"
"HCM","09:27:24",31.45,-0.05,1500,332700,"B"
"HCM","09:27:22",31.45,-0.05,100,331200,"B"
"HCM","09:27:17",31.45,-0.05,400,331100,"S"
"HCM","09:27:11",31.4,-0.1,300,330700,"B"
"HCM","09:27:10",31.4,-0.1,3000,330400,"B"
"HCM","09:26:32",31.4,-0.1,100,327400,"B"
"HCM","09:26:30",31.45,-0.05,1000,327300,"S"
"HCM","09:26:24",31.4,-0.1,300,326300,"B"
"HCM","09:26:18",31.4,-0.1,100,326000,"B"
"HCM","09:26:17",31.4,-0.1,1500,325900,"B"
"HCM","09:26:08",31.4,-0.1,100,324400,"B"
"HCM","09:26:07",31.4,-0.1,1800,324300,"B"
"HCM","09:26:06",31.4,-0.1,900,322500,"S"
"HCM","09:26:03",31.4,-0.1,100,321600,"S"
"HCM","09:26:01",31.35,-0.15,500,321500,"B"
"HCM","09:26:01",31.4,-0.1,400,321000,"S"
"HCM","09:25:59",31.35,-0.15,500,320600,"B"
"HCM","09:25:58",31.35,-0.15,100,320100,"B"
"HCM","09:25:57",31.4,-0.1,1000,320000,"S"
"HCM","09:25:49",31.4,-0.1,100,319000,"S"
"HCM","09:25:34",31.4,-0.1,200,318900,"S"
"HCM","09:25:14",31.3,-0.2,200,318700,"B"
"HCM","09:25:13",31.3,-0.2,1800,318500,"B"
"HCM","09:25:13",31.35,-0.15,200,316700,"B"
"HCM","09:24:53",31.3,-0.2,800,316500,"B"
"HCM","09:24:52",31.4,-0.1,8300,315700,"B"
"HCM","09:24:39",31.45,-0.05,100,307400,"B"
"HCM","09:24:38",31.45,-0.05,1000,307300,"B"
"HCM","09:24:25",31.45,-0.05,500,306300,"B"
"HCM","09:24:24",31.45,-0.05,400,305800,"B"
"HCM","09:24:17",31.45,-0.05,100,305400,"B"
"HCM","09:24:11",31.45,-0.05,1100,305300,"B"
"HCM","09:24:08",31.45,-0.05,100,304200,"B"
"HCM","09:24:08",31.45,-0.05,100,304100,"B"
"HCM","09:24:07",31.45,-0.05,1000,304000,"B"
"HCM","09:24:04",31.45,-0.05,500,303000,"B"
"HCM","09:24:02",31.45,-0.05,5000,302500,"B"
"HCM","09:23:46",31.45,-0.05,500,297500,"B"
"HCM","09:23:45",31.5,0,5000,297000,"S"
"HCM","09:23:44",31.45,-0.05,300,292000,"B"
"HCM","09:23:42",31.5,0,3400,291700,"B"
"HCM","09:23:41",31.5,0,500,288300,"B"
"HCM","09:23:40",31.5,0,5000,287800,"B"
"HCM","09:23:39",31.5,0,100,282800,"B"
"HCM","09:23:38",31.5,0,1500,282700,"B"
"HCM","09:23:34",31.5,0,500,281200,"B"
"HCM","09:23:31",31.5,0,800,280700,"B"
"HCM","09:23:29",31.5,0,8000,279900,"B"
"HCM","09:23:26",31.5,0,100,271900,"B"
"HCM","09:23:25",31.5,0,1000,271800,"B"
"HCM","09:23:24",31.5,0,10000,270800,"B"
"HCM","09:23:20",31.5,0,200,260800,"B"
"HCM","09:23:19",31.5,0,2800,260600,"B"
"HCM","09:23:11",31.5,0,500,257800,"B"
"HCM","09:23:10",31.5,0,5000,257300,"B"
"HCM","09:22:33",31.5,0,100,252300,"B"
"HCM","09:22:26",31.5,0,500,252200,"B"
"HCM","09:22:24",31.5,0,5000,251700,"B"
"HCM","09:22:22",31.5,0,500,246700,"B"
"HCM","09:22:16",31.55,0.05,200,246200,"S"
"HCM","09:22:14",31.55,0.05,500,246000,"S"
"HCM","09:22:10",31.5,0,500,245500,"B"
"HCM","09:22:08",31.55,0.05,5000,245000,"S"
"HCM","09:22:08",31.5,0,200,240000,"B"
"HCM","09:22:07",31.55,0.05,300,239800,"S"
"HCM","09:22:07",31.55,0.05,2000,239500,"S"
"HCM","09:20:33",31.55,0.05,100,237500,"S"
"HCM","09:20:19",31.55,0.05,500,237400,"B"
"HCM","09:20:16",31.55,0.05,400,236900,"B"
"HCM","09:20:15",31.55,0.05,4000,236500,"B"
"HCM","09:20:00",31.6,0.1,2600,232500,"S"
"HCM","09:19:58",31.55,0.05,5100,229900,"B"
"HCM","09:19:57",31.6,0.1,100,224800,"S"
"HCM","09:19:50",31.55,0.05,2000,224700,"B"
"HCM","09:19:49",31.55,0.05,100,222700,"B"
"HCM","09:19:45",31.55,0.05,500,222600,"B"
"HCM","09:19:35",31.6,0.1,200,222100,"S"
"HCM","09:19:33",31.6,0.1,9500,221900,"B"
"HCM","09:19:31",31.6,0.1,500,212400,"B"
"HCM","09:19:30",31.6,0.1,1500,211900,"B"
"HCM","09:19:17",31.6,0.1,100,209500,"B"
"HCM","09:19:13",31.6,0.1,100,209400,"B"
"HCM","09:19:09",31.65,0.15,1000,209300,"S"
"HCM","09:19:07",31.6,0.1,500,208300,"B"
"HCM","09:19:00",31.6,0.1,500,207800,"B"
"HCM","09:18:50",31.6,0.1,900,207300,"B"
"HCM","09:18:47",31.65,0.15,200,206400,"S"
"HCM","09:18:47",31.6,0.1,10000,206200,"B"
"HCM","09:18:28",31.6,0.1,5000,196200,"B"
"HCM","09:18:10",31.65,0.15,2000,191200,"S"
"HCM","09:18:09",31.65,0.15,1000,189200,"S"
"HCM","09:18:00",31.65,0.15,100,188200,"S"
"HCM","09:17:54",31.65,0.15,1500,188100,"S"
"HCM","09:17:52",31.65,0.15,200,186600,"S"
"HCM","09:17:44",31.6,0.1,100,186400,"B"
"HCM","09:17:44",31.65,0.15,5000,186300,"S"
"HCM","09:17:43",31.65,0.15,16800,181300,"S"
"HCM","09:17:26",31.65,0.15,100,164500,"S"
"HCM","09:17:26",31.6,0.1,900,164400,"S"
"HCM","09:17:25",31.6,0.1,2000,163500,"S"
"HCM","09:17:23",31.6,0.1,100,161500,"S"
"HCM","09:17:23",31.6,0.1,500,161400,"B"
"HCM","09:17:17",31.7,0.2,3400,160900,"S"
"HCM","09:17:17",31.65,0.15,1300,157500,"S"
"HCM","09:17:11",31.6,0.1,600,150900,"B"
"HCM","09:17:10",31.6,0.1,400,150300,"S"
"HCM","09:17:03",31.6,0.1,200,149900,"S"
"HCM","09:17:02",31.6,0.1,100,149700,"S"
"HCM","09:16:57",31.6,0.1,1900,149600,"S"
"HCM","09:16:56",31.7,0.2,7700,147700,"S"
"HCM","09:16:56",31.65,0.15,7500,140000,"S"
"HCM","09:16:56",31.6,0.1,1700,132500,"S"
"HCM","09:16:50",31.6,0.1,300,130800,"B"
"HCM","09:16:47",31.6,0.1,1700,130500,"S"
"HCM","09:16:42",31.6,0.1,3300,128800,"B"
"HCM","09:16:33",31.6,0.1,2000,125500,"B"
"HCM","09:16:31",31.65,0.15,2000,123500,"S"
"HCM","09:16:21",31.6,0.1,300,121500,"B"
"HCM","09:16:14",31.6,0.1,15800,121200,"S"
"HCM","09:16:02",31.6,0.1,10000,105400,"S"
"HCM","09:15:33",31.5,0,2500,95400,"B"
"HCM","09:15:00",31.6,0.1,92900,92900,
