"price","change","match_qtty","side","time","total_vol"
38.4,0,31000,"","14:45:00",321900
38.4,0,100,"bu","14:29:12",290900
38.4,0,500,"sd","14:28:56",290800
38.45,0.05,200,"bu","14:28:15",290300
38.4,0,300,"bu","14:28:15",290100
38.4,0,200,"sd","14:28:14",289800
38.4,0,100,"bu","14:27:59",289600
38.4,0,3400,"bu","14:27:59",289500
38.35,-0.05,500,"sd","14:27:43",286100
38.35,-0.05,4600,"sd","14:26:23",285600
38.4,0,300,"bu","14:26:21",281000
38.35,-0.05,200,"sd","14:25:07",280700
38.35,-0.05,100,"sd","14:24:47",280500
38.35,-0.05,4200,"bu","14:24:08",280400
38.3,-0.1,1000,"sd","14:23:53",276200
38.3,-0.1,1600,"bu","14:22:57",275200
38.3,-0.1,2400,"sd","14:22:29",273600
38.3,-0.1,1600,"bu","14:22:05",271200
38.25,-0.15,3000,"bu","14:22:05",269600
38.25,-0.15,1000,"bu","14:22:03",266600
38.25,-0.15,600,"bu","11:03:46",95900
38.2,-0.2,200,"sd","11:02:03",95300
38.25,-0.15,3000,"sd","10:50:41",95100
38.25,-0.15,3900,"sd","10:50:17",92100
38.25,-0.15,3900,"sd","10:50:13",88200
38.25,-0.15,500,"bu","10:46:56",84300
38.25,-0.15,2000,"bu","10:46:47",83800
38.2,-0.2,200,"sd","10:46:27",81800
38.2,-0.2,500,"sd","10:46:06",81600
38.2,-0.2,600,"bu","10:43:36",81100
38.2,-0.2,300,"bu","10:43:00",80500
38.2,-0.2,4100,"sd","10:41:35",80200
38.2,-0.2,10000,"sd","10:39:32",76100
38.25,-0.15,2000,"bu","10:36:05",66100
38.25,-0.15,300,"bu","10:35:49",64100
38.25,-0.15,1000,"bu","10:32:12",63800
38.25,-0.15,300,"bu","10:32:07",62800
38.25,-0.15,500,"bu","10:31:54",62500
38.25,-0.15,300,"bu","10:30:42",62000
38.25,-0.15,200,"bu","10:30:36",61700
38.25,-0.15,1800,"sd","10:30:23",61500
38.3,-0.1,100,"bu","10:25:34",59700
38.25,-0.15,1000,"sd","10:25:27",59600
38.25,-0.15,100,"bu","10:25:11",58600
38.25,-0.15,400,"sd","10:25:10",58500
38.25,-0.15,4900,"sd","10:23:46",58100
38.3,-0.1,300,"bu","10:14:47",53200
38.3,-0.1,100,"bu","10:13:45",52900
38.25,-0.15,1500,"sd","10:13:44",52800
38.25,-0.15,1000,"sd","10:08:36",51300
38.25,-0.15,4000,"sd","10:05:55",50300
38.3,-0.1,1000,"bu","10:02:08",46300
38.3,-0.1,900,"sd","10:00:05",45300
38.3,-0.1,1100,"sd","09:59:20",44400
38.25,-0.15,200,"bu","09:54:06",43300
38.25,-0.15,1200,"sd","09:50:39",43100
38.3,-0.1,300,"sd","09:48:04",41500
38.3,-0.1,300,"sd","09:47:05",41200
38.35,-0.05,100,"bu","09:44:50",40900
38.35,-0.05,100,"bu","09:44:22",40800
38.3,-0.1,1000,"bu","13:52:39",193100
38.25,-0.15,2000,"bu","13:52:06",192100
38.25,-0.15,200,"bu","13:51:48",190100
38.25,-0.15,1000,"bu","13:51:16",189900
38.25,-0.15,500,"bu","13:50:36",188900
38.25,-0.15,2000,"bu","13:50:16",188400
38.25,-0.15,900,"bu","13:49:26",186400
38.25,-0.15,1000,"bu","13:49:21",185500
38.25,-0.15,2500,"sd","13:48:43",184500
38.25,-0.15,500,"sd","13:48:40",182000
38.25,-0.15,2000,"bu","13:48:04",181500
38.2,-0.2,200,"sd","13:45:24",179500
38.2,-0.2,1900,"bu","13:41:47",179300
38.2,-0.2,2000,"sd","13:41:24",177400
38.15,-0.25,1900,"sd","13:39:41",175400
38.2,-0.2,200,"sd","13:39:41",173500
38.2,-0.2,1400,"bu","13:38:28",173300
38.2,-0.2,6800,"sd","13:34:48",171900
38.25,-0.15,300,"bu","13:33:20",165100
38.25,-0.15,1000,"bu","13:33:14",164800
38.25,-0.15,200,"bu","13:31:18",163800
38.25,-0.15,600,"bu","13:31:17",163600
38.25,-0.15,1000,"bu","13:31:09",163000
38.2,-0.2,200,"bu","13:30:15",162000
38.2,-0.2,400,"bu","13:29:39",161800
38.2,-0.2,100,"bu","13:28:36",161400
38.2,-0.2,600,"bu","13:26:42",161300
38.2,-0.2,1000,"bu","13:26:06",160700
38.2,-0.2,1000,"bu","13:25:56",159700
38.2,-0.2,100,"bu","13:24:48",158700
38.05,-0.35,4500,"sd","13:22:18",158600
38.1,-0.3,500,"sd","13:22:18",154100
38.2,-0.2,2000,"bu","13:20:42",153600
38.1,-0.3,500,"sd","13:17:45",151600
38.2,-0.2,100,"bu","13:17:26",151100
38.2,-0.2,100,"bu","13:07:28",151000
38.05,-0.35,7000,"sd","13:03:40",150900
38.05,-0.35,700,"sd","13:03:37",143900
38.05,-0.35,3600,"sd","13:02:46",143200
38.1,-0.3,900,"sd","13:02:46",139600
38.25,0.25,1200,"bu","13:41:17",126700
38.25,0.25,2500,"bu","13:41:14",125500
38.25,0.25,200,"bu","13:39:05",123000
38.25,0.25,2200,"bu","13:33:55",122800
38.25,0.25,1000,"bu","13:33:38",120600
38.25,0.25,3200,"bu","13:27:09",119600
38.25,0.25,300,"bu","13:26:01",116400
38.2,0.2,700,"bu","13:26:01",116100
38.2,0.2,2000,"bu","13:21:43",115400
38.2,0.2,4700,"bu","13:21:35",113400
38.15,0.15,5100,"sd","13:19:38",108700
38.15,0.15,100,"sd","13:16:49",103600
38.15,0.15,2000,"sd","13:09:56",103500
38.15,0.15,900,"bu","13:06:04",101500
38.15,0.15,500,"bu","13:05:51",100600
38.15,0.15,500,"bu","13:00:08",100100
38.15,0.15,100,"bu","13:00:00",99600
38.15,0.15,200,"bu","11:29:02",99500
38.1,0.1,100,"sd","11:26:47",99300
38.1,0.1,2000,"sd","11:23:02",99200
38.25,-0.15,1500,"sd","11:04:01",100900
38.25,-0.15,3500,"bu","11:03:58",99400
38.25,-0.15,600,"bu","11:03:46",95900
38.2,-0.2,200,"sd","11:02:03",95300
38.25,-0.15,3000,"sd","10:50:41",95100
38.25,-0.15,3900,"sd","10:50:17",92100
38.25,-0.15,3900,"sd","10:50:13",88200
38.25,-0.15,500,"bu","10:46:56",84300
38.25,-0.15,2000,"bu","10:46:47",83800
38.2,-0.2,200,"sd","10:46:27",81800
38.2,-0.2,500,"sd","10:46:06",81600
38.2,-0.2,600,"bu","10:43:36",81100
38.2,-0.2,300,"bu","10:43:00",80500
38.2,-0.2,4100,"sd","10:41:35",80200
38.2,-0.2,10000,"sd","10:39:32",76100
38.25,-0.15,2000,"bu","10:36:05",66100
38.25,-0.15,300,"bu","10:35:49",64100
38.25,-0.15,1000,"bu","10:32:12",63800
38.25,-0.15,300,"bu","10:32:07",62800
38.25,-0.15,500,"bu","10:31:54",62500
38.3,0.3,1000,"sd","10:45:33",59900
38.35,0.35,100,"bu","10:40:39",58900
38.3,0.3,200,"sd","10:40:07",58800
38.3,0.3,500,"sd","10:39:17",58600
38.3,0.3,400,"sd","10:38:10",58100
38.3,0.3,100,"sd","10:35:56",57700
38.3,0.3,1000,"bu","10:33:33",57600
38.25,0.25,3000,"bu","10:32:24",56600
38.25,0.25,300,"bu","10:31:04",53600
38.2,0.2,300,"sd","10:28:51",53300
38.2,0.2,700,"sd","10:25:04",53000
38.25,0.25,500,"bu","10:24:38",52300
38.2,0.2,2200,"bu","10:23:58",51800
38.2,0.2,5000,"bu","10:22:46",49600
38.2,0.2,500,"bu","10:22:22",44600
38.2,0.2,100,"bu","10:21:27",44100
38.2,0.2,400,"bu","10:19:36",44000
38.2,0.2,100,"bu","10:15:22",43600
38.15,0.15,100,"sd","10:14:35",43500
38.15,0.15,500,"sd","10:06:37",43400
38.15,0.15,400,"sd","10:03:53",42900
38.15,0.15,500,"sd","10:03:42",42500
38.15,0.15,500,"sd","10:03:02",42000
38.15,0.15,100,"sd","09:58:56",41500
38.15,0.15,1000,"sd","09:58:29",41400
38.15,0.15,1000,"sd","09:58:20",40400
38.15,0.15,1000,"sd","09:57:42",39400
38.2,0.2,200,"bu","09:56:43",38400
38.2,0.2,200,"bu","09:55:48",38200
38.2,0.2,500,"bu","09:54:14",38000
38.2,0.2,100,"bu","09:54:00",37500
38.15,0.15,1000,"sd","09:53:27",37400
38.15,0.15,400,"sd","09:52:56",36400
38.2,0.2,100,"bu","09:52:10",36000
38.2,0.2,100,"bu","09:51:13",35900
38.2,0.2,100,"bu","09:50:53",35800
38.2,0.2,500,"bu","09:50:28",35700
38.2,0.2,300,"bu","09:50:11",35200
38.2,0.2,500,"bu","09:50:03",34900
38.2,0.2,300,"bu","09:49:11",34400
37.95,-0.45,400,"bu","09:24:08",25300
37.95,-0.45,500,"bu","09:23:58",24900
37.95,-0.45,100,"bu","09:23:55",24400
37.95,-0.45,4000,"bu","09:23:46",24300
37.95,-0.45,2000,"bu","09:22:55",20300
37.95,-0.45,900,"sd","09:22:18",18300
37.95,-0.45,100,"sd","09:21:35",17400
38,-0.4,11300,"sd","09:20:47",17300
38.05,-0.35,4800,"sd","09:20:47",6000
38.1,-0.3,400,"bu","09:20:36",1200
38.1,-0.3,100,"sd","09:19:48",800
38.1,-0.3,100,"sd","09:19:20",700
38.3,-0.1,600,"","09:15:00",600
38.2,0.2,300,"bu","09:30:42",14400
38.1,0.1,6000,"sd","09:30:28",14100
38.2,0.2,300,"bu","09:30:24",8100
38.2,0.2,200,"sd","09:30:06",7800
38.2,0.2,500,"sd","09:29:46",7600
38.2,0.2,500,"sd","09:29:14",7100
38.2,0.2,100,"sd","09:29:02",6600
38.2,0.2,100,"sd","09:28:47",6500
38.25,0.25,200,"sd","09:28:20",6400
38.25,0.25,100,"bu","09:26:38",6200
38.2,0.2,100,"bu","09:26:16",6100
38.2,0.2,200,"bu","09:25:50",6000
38.2,0.2,100,"bu","09:25:02",5800
38.2,0.2,100,"sd","09:24:29",5700
38.2,0.2,300,"bu","09:23:16",5600
38.1,0.1,900,"sd","09:22:54",5300
38.15,0.15,100,"sd","09:22:54",4400
38.1,0.1,100,"sd","09:19:41",4300
38.1,0.1,100,"bu","09:19:26",4200
38.1,0.1,100,"bu","09:19:00",4100
