"price","change","match_qtty","side","time","total_vol"
16.1,0.05,280700,"","14:45:00",5149600
16,-0.05,5000,"sd","14:29:58",4868900
16,-0.05,100,"bu","14:28:58",4863900
16,-0.05,5000,"bu","14:28:47",4863800
15.95,-0.1,8000,"sd","14:28:40",4858800
16,-0.05,5000,"bu","14:28:32",4850800
15.95,-0.1,1500,"sd","14:26:56",4845800
15.95,-0.1,200000,"sd","14:26:47",4844300
15.95,-0.1,5000,"sd","14:26:00",4644300
16,-0.05,200,"bu","14:25:53",4639300
16,-0.05,200,"sd","14:25:31",4639100
16,-0.05,600,"bu","14:25:17",4638900
16,-0.05,800,"sd","14:25:00",4638300
16,-0.05,200,"bu","14:24:41",4637500
16,-0.05,49800,"sd","14:24:31",4637300
16,-0.05,100,"sd","14:24:23",4587500
16,-0.05,2900,"bu","14:24:22",4587400
16,-0.05,1000,"bu","14:23:52",4584500
16,-0.05,46400,"sd","14:23:38",4583500
16,-0.05,100,"sd","14:23:33",4537100
16,-0.05,5500,"bu","14:23:15",4537000
16,-0.05,1000,"bu","14:23:06",4531500
16,-0.05,10000,"bu","14:23:04",4530500
16,-0.05,8600,"sd","14:22:38",4520500
16,-0.05,1800,"bu","14:20:02",4511900
16,-0.05,13800,"bu","14:20:00",4510100
16,-0.05,5000,"bu","14:19:59",4496300
16,-0.05,1000,"bu","14:19:49",4491300
16,-0.05,100,"bu","14:18:35",4490300
16,-0.05,49300,"sd","14:18:27",4490200
16,-0.05,4000,"sd","14:18:21",4440900
16,-0.05,200000,"sd","14:17:19",4436900
16.05,0,1000,"bu","14:13:21",4236900
16.05,0,2900,"bu","14:12:11",4235900
16.05,0,900,"bu","14:10:43",4233000
16.05,0,100,"bu","14:10:08",4232100
16.05,0,1700,"bu","14:10:03",4232000
16.05,0,165300,"sd","14:09:30",4230300
16.1,0.05,8800,"sd","14:09:16",4065000
16.1,0.05,50000,"sd","14:09:11",4056200
16.1,0.05,10000,"sd","14:09:03",4006200
16.1,0.05,1800,"sd","14:08:50",3996200
16.1,0.05,6000,"sd","14:08:44",3994400
16.1,0.05,1500,"sd","14:08:40",3988400
16.1,0.05,500,"sd","14:08:37",3986900
16.1,0.05,10400,"sd","14:08:35",3986400
16.1,0.05,5000,"sd","14:08:29",3976000
16.1,0.05,3000,"sd","14:08:16",3971000
16.1,0.05,5000,"sd","14:08:13",3968000
16.1,0.05,200000,"sd","14:08:04",3963000
16.1,0.05,1700,"sd","14:08:03",3763000
16.1,0.05,100000,"sd","14:08:02",3761300
16.1,0.05,400,"sd","14:07:31",3661300
16.1,0.05,6300,"sd","14:07:27",3660900
16.1,0.05,200,"sd","14:07:09",3654600
16.15,0.1,5500,"bu","14:06:59",3654400
16.15,0.1,100,"bu","14:06:00",3648900
16.15,0.1,200,"bu","14:05:37",3648800
16.1,0.05,10000,"sd","14:05:25",3648600
16.15,0.1,200,"bu","14:04:04",3638600
16.1,0.05,11600,"sd","09:36:56",446900
16.15,0.1,500,"sd","09:36:56",435300
16.15,0.1,15000,"sd","09:36:53",434800
16.15,0.1,18000,"sd","09:36:49",419800
16.15,0.1,20000,"sd","09:36:45",401800
16.15,0.1,51000,"sd","09:36:41",381800
16.2,0.15,600,"bu","09:35:54",330800
16.2,0.15,300,"bu","09:35:31",330200
16.2,0.15,700,"bu","09:35:13",329900
16.2,0.15,200,"bu","09:35:01",329200
16.15,0.1,1300,"sd","09:34:54",329000
16.2,0.15,100,"bu","09:34:31",327700
16.2,0.15,1500,"bu","09:34:17",327600
16.2,0.15,3500,"bu","09:34:16",326100
16.15,0.1,100,"sd","09:33:55",322600
16.15,0.1,15700,"sd","09:33:35",322500
16.2,0.15,20000,"bu","09:33:30",306800
16.2,0.15,100,"bu","09:33:23",286800
16.2,0.15,600,"bu","09:33:16",286700
16.2,0.15,800,"bu","09:32:36",286100
16.1,0.05,28800,"bu","13:55:29",3337500
16.1,0.05,10000,"bu","13:55:05",3308700
16.1,0.05,10000,"bu","13:55:04",3298700
16.1,0.05,19000,"bu","13:55:00",3288700
16.1,0.05,12000,"bu","13:54:34",3269700
16.1,0.05,20000,"bu","13:54:32",3257700
16.1,0.05,18000,"bu","13:54:29",3237700
16.1,0.05,30000,"bu","13:54:23",3219700
16.05,0,84800,"bu","13:53:30",3189700
16.05,0,100,"bu","13:53:25",3104900
16.05,0,50000,"bu","13:53:06",3104800
16.05,0,30000,"bu","13:52:24",3054800
16.05,0,10000,"bu","13:52:17",3024800
16.05,0,15000,"bu","13:52:16",3014800
16,-0.05,2000,"sd","13:51:36",2999800
16,-0.05,11700,"bu","13:51:34",2997800
16,-0.05,5300,"bu","13:51:29",2986100
15.95,-0.1,4000,"sd","13:46:12",2980800
16,-0.05,100,"bu","13:46:00",2976800
15.95,-0.1,40000,"sd","13:44:54",2976700
15.95,-0.1,50000,"sd","13:44:28",2936700
15.95,-0.1,100000,"sd","13:44:14",2886700
15.95,-0.1,2800,"sd","13:43:57",2786700
16,-0.05,2500,"bu","13:42:47",2783900
16,-0.05,15000,"bu","13:42:21",2781400
16,-0.05,700,"bu","13:42:20",2766400
16,-0.05,10000,"bu","13:42:15",2765700
16,-0.05,8000,"bu","13:42:10",2755700
16,-0.05,5000,"bu","13:42:02",2747700
16,-0.05,9400,"sd","13:40:47",2742700
16,-0.05,600,"sd","13:40:39",2733300
16,-0.05,4300,"sd","13:40:35",2732700
16,-0.05,200,"bu","13:39:28",2728400
16,-0.05,100,"bu","13:39:21",2728200
16,-0.05,100,"bu","13:38:59",2728100
16,-0.05,100,"bu","13:38:42",2728000
16,-0.05,100,"bu","13:38:28",2727900
16,-0.05,3400,"sd","13:37:10",2727800
16,-0.05,100,"sd","13:35:39",2724400
16,-0.05,5000,"sd","13:35:04",2724300
16,0,3100,"sd","11:19:16",2591200
16.05,0.05,2600,"sd","11:18:34",2588100
16.05,0.05,1100,"sd","11:15:41",2585500
16.05,0.05,26300,"bu","11:15:20",2584400
16,0,1400,"sd","11:14:36",2558100
16.05,0.05,1000,"bu","11:13:47",2556700
16.05,0.05,10000,"bu","11:13:14",2555700
16.05,0.05,60000,"bu","11:13:06",2545700
16,0,1400,"sd","11:12:20",2485700
16.05,0.05,2000,"bu","11:10:57",2484300
16.05,0.05,7000,"bu","11:08:21",2482300
16.05,0.05,5000,"bu","11:06:42",2475300
16.05,0.05,10100,"sd","10:58:52",2470300
16.05,0.05,200,"sd","10:58:02",2460200
16.05,0.05,1900,"bu","10:56:50",2460000
16.05,0.05,10100,"sd","10:55:37",2458100
16.05,0.05,50200,"sd","10:55:25",2448000
16.05,0.05,100000,"sd","10:55:10",2397800
16.1,0.1,23200,"sd","10:51:21",2297800
16.1,0.1,26800,"bu","10:50:27",2274600
16.05,0,100,"bu","13:27:50",2452700
16.05,0,3000,"bu","13:26:47",2452600
16.05,0,300,"bu","13:26:29",2449600
16.05,0,100,"bu","13:25:58",2449300
16.05,0,10000,"bu","13:24:17",2449200
16.05,0,10000,"bu","13:23:16",2439200
16,-0.05,2000,"sd","13:22:58",2429200
16.05,0,200,"bu","13:21:34",2427200
16.05,0,15000,"bu","13:21:21",2427000
16.05,0,500,"bu","13:17:02",2412000
16.05,0,24900,"sd","13:16:51",2411500
16.05,0,100,"bu","13:16:33",2386600
16.05,0,500,"bu","13:16:17",2386500
16.05,0,99400,"sd","13:15:49",2386000
16.05,0,31600,"bu","13:11:59",2286600
16.05,0,100,"bu","13:11:43",2255000
16.05,0,100,"bu","13:11:28",2254900
16.05,0,400,"bu","13:09:55",2254800
16,-0.05,6000,"sd","13:08:40",2254400
16,-0.05,1000,"sd","13:08:33",2248400
16.05,0,100,"bu","13:08:11",2247400
16.05,0,500,"bu","13:07:51",2247300
16,-0.05,1200,"sd","13:07:38",2246800
16.05,0,4800,"bu","13:07:19",2245600
16.05,0,1000,"bu","13:07:18",2240800
16.05,0,2000,"bu","13:06:29",2239800
16.05,0,500,"bu","13:06:22",2237800
16.05,0,3000,"bu","13:05:48",2237300
16.05,0,5000,"bu","13:05:20",2234300
16.05,0,700,"sd","13:05:04",2229300
16.05,0,5000,"sd","13:04:43",2228600
16.05,0,5500,"sd","13:04:38",2223600
16.05,0,12000,"sd","13:04:32",2218100
16.05,0,5000,"sd","13:04:29",2206100
16.05,0,300,"sd","13:04:27",2201100
16.05,0,2100,"sd","13:04:24",2200800
16.05,0,15000,"sd","13:04:21",2198700
16.05,0,9200,"sd","13:04:18",2183700
16.05,0,5700,"sd","13:04:15",2174500
16.05,0,3600,"sd","13:04:12",2168800
16.2,0.2,20000,"bu","10:27:14",1931300
16.15,0.15,700,"sd","10:26:37",1911300
16.15,0.15,100,"sd","10:26:05",1910600
16.15,0.15,3100,"sd","10:25:39",1910500
16.15,0.15,18500,"bu","10:25:34",1907400
16.15,0.15,500,"bu","10:22:34",1888900
16.15,0.15,1000,"sd","10:21:01",1888400
16.15,0.15,200,"sd","10:20:51",1887400
16.15,0.15,8800,"bu","10:19:21",1887200
16.1,0.1,100,"sd","10:17:58",1878400
16.15,0.15,600,"bu","10:17:10",1878300
16.15,0.15,2300,"sd","10:14:08",1877700
16.15,0.15,30000,"sd","10:14:02",1875400
16.15,0.15,100000,"sd","10:13:56",1845400
16.15,0.15,100,"sd","10:12:35",1745400
16.2,0.2,1500,"bu","10:12:34",1745300
16.15,0.15,100,"sd","10:11:04",1743800
16.15,0.15,300,"sd","10:10:22",1743700
16.15,0.15,100,"sd","10:09:57",1743400
16.2,0.2,2800,"sd","10:09:35",1743300
16.1,0.05,15200,"sd","11:19:16",1983200
16.1,0.05,10000,"sd","11:19:13",1968000
16.1,0.05,5200,"sd","11:19:10",1958000
16.1,0.05,400,"sd","11:19:03",1952800
16.1,0.05,3000,"sd","11:18:48",1952400
16.15,0.1,100,"bu","11:18:06",1949400
16.15,0.1,200,"bu","11:16:35",1949300
16.15,0.1,5000,"bu","11:16:31",1949100
16.15,0.1,10000,"bu","11:16:27",1944100
16.1,0.05,37100,"bu","11:14:56",1934100
16.1,0.05,10000,"bu","11:11:43",1897000
16.05,0,1500,"sd","11:11:13",1887000
16.1,0.05,30000,"bu","11:10:24",1885500
16.1,0.05,20000,"bu","11:10:19",1855500
16.1,0.05,5000,"bu","11:08:04",1835500
16.1,0.05,15000,"bu","11:07:57",1830500
16.05,0,1000,"sd","11:05:29",1815500
16.05,0,1300,"sd","11:04:18",1814500
16.05,0,200,"sd","11:02:22",1813200
16.05,0,10000,"sd","11:01:47",1813000
16.2,0.2,10000,"sd","10:05:41",1642300
16.2,0.2,20000,"sd","10:05:31",1632300
16.2,0.2,30000,"sd","10:05:22",1612300
16.25,0.25,100,"bu","10:05:17",1582300
16.2,0.2,10000,"sd","10:05:00",1582200
16.2,0.2,30000,"sd","10:04:52",1572200
16.25,0.25,300,"bu","10:04:10",1542200
16.25,0.25,100,"bu","10:03:38",1541900
16.2,0.2,24000,"bu","10:03:30",1541800
16.2,0.2,500,"bu","10:03:12",1517800
16.2,0.2,200,"bu","10:03:11",1517300
16.2,0.2,2000,"bu","10:02:31",1517100
16.2,0.2,3000,"bu","10:02:19",1515100
16.2,0.2,100,"bu","10:02:01",1512100
16.2,0.2,10000,"bu","10:01:55",1512000
16.2,0.2,6900,"sd","10:01:34",1502000
16.2,0.2,30000,"sd","10:01:22",1495100
16.25,0.25,3000,"bu","10:01:01",1465100
16.25,0.25,100,"bu","10:00:45",1462100
16.2,0.2,800,"sd","10:00:41",1462000
16.1,0.05,94400,"sd","10:52:50",1594100
16.1,0.05,5600,"bu","10:52:19",1499700
16.1,0.05,200,"bu","10:51:48",1494100
16.1,0.05,5000,"bu","10:51:40",1493900
16.1,0.05,600,"bu","10:51:33",1488900
16.1,0.05,200,"bu","10:51:27",1488300
16.1,0.05,38400,"sd","10:51:24",1488100
16.1,0.05,14700,"sd","10:51:03",1449700
16.15,0.1,10300,"sd","10:51:03",1435000
16.15,0.1,1000,"sd","10:49:51",1424700
16.15,0.1,38700,"bu","10:48:58",1423700
16.15,0.1,30000,"bu","10:48:51",1385000
16.1,0.05,6000,"sd","10:48:22",1355000
16.1,0.05,1500,"sd","10:47:35",1349000
16.1,0.05,1300,"sd","10:47:28",1347500
16.15,0.1,20000,"bu","10:45:52",1346200
16.15,0.1,20000,"bu","10:45:47",1326200
16.1,0.05,48200,"bu","10:45:33",1306200
16.1,0.05,1000,"bu","10:45:30",1258000
16.1,0.05,5000,"bu","10:40:41",1257000
16.1,0.05,20000,"bu","10:40:34",1252000
16.05,0,1500,"sd","10:39:44",1232000
16.1,0.05,200,"bu","10:36:44",1230500
16.1,0.05,300,"bu","10:35:52",1230300
16.1,0.05,300,"bu","10:33:47",1230000
16.1,0.05,200,"bu","10:32:13",1229700
16.1,0.05,500,"bu","10:31:58",1229500
16.1,0.05,100,"bu","10:31:02",1229000
16.1,0.05,200,"bu","10:30:48",1228900
16.1,0.05,5000,"bu","10:28:54",1228700
16.1,0.05,5000,"bu","10:27:47",1223700
16.1,0.05,1200,"bu","10:27:38",1218700
16.1,0.05,1100,"sd","10:25:37",1217500
16.1,0.05,5000,"sd","10:24:07",1216400
16.1,0.05,1900,"sd","10:24:04",1211400
16.1,0.05,10000,"sd","10:23:57",1209500
16.1,0.05,30000,"sd","10:22:09",1199500
16.1,0.05,50000,"sd","10:22:02",1169500
16.15,0.1,29600,"sd","10:21:54",1119500
16.2,0.15,5000,"bu","10:21:05",1089900
16.1,0.1,20000,"bu","09:48:42",1073800
16.1,0.1,900,"bu","09:43:10",1053800
16.05,0.05,2900,"sd","09:42:08",1052900
16.1,0.1,800,"bu","09:41:43",1050000
16.1,0.1,2000,"bu","09:41:26",1049200
16.1,0.1,15000,"bu","09:41:17",1047200
16.1,0.1,2500,"bu","09:41:15",1032200
16.1,0.1,10000,"bu","09:41:10",1029700
16.1,0.1,5000,"bu","09:41:05",1019700
16.1,0.1,20000,"bu","09:39:25",1014700
16.1,0.1,30000,"bu","09:39:20",994700
16.05,0.05,1700,"sd","09:37:39",964700
16.1,0.1,500,"bu","09:33:32",963000
16.1,0.1,300,"sd","09:33:02",962500
16.1,0.1,30000,"sd","09:33:00",962200
16.1,0.1,1000,"sd","09:32:46",932200
16.1,0.1,400,"sd","09:32:42",931200
16.15,0.15,1200,"sd","09:32:11",930800
16.15,0.15,80000,"sd","09:31:58",929600
16.15,0.15,1500,"sd","09:31:40",849600
16.05,0,100,"bu","10:12:15",862900
16.05,0,14800,"sd","10:11:32",862800
16.05,0,19000,"sd","10:11:29",848000
16.05,0,5200,"sd","10:11:26",829000
16.05,0,1100,"sd","10:11:24",823800
16.05,0,15000,"sd","10:11:21",822700
16.05,0,9700,"sd","10:11:18",807700
16.05,0,5800,"sd","10:11:15",798000
16.05,0,2700,"sd","10:11:11",792200
16.05,0,10000,"sd","10:11:07",789500
16.05,0,12000,"sd","10:11:04",779500
16.05,0,20000,"sd","10:11:01",767500
16.05,0,200,"sd","10:10:23",747500
16.05,0,1600,"sd","10:10:03",747300
16.05,0,2000,"sd","10:08:34",745700
16.05,0,5000,"sd","10:08:20",743700
16.05,0,1000,"sd","10:05:53",738700
16.05,0,1300,"sd","10:04:06",737700
16.1,0.05,500,"bu","10:03:00",736400
16.1,0.05,1000,"bu","10:02:04",735900
16.1,0.05,1400,"bu","10:01:17",734900
16.1,0.05,10000,"bu","10:00:59",733500
16.1,0.05,1000,"bu","10:00:53",723500
16.1,0.05,2100,"sd","10:00:33",722500
16.1,0.05,200,"sd","10:00:16",720400
16.1,0.05,9900,"bu","09:58:46",720200
16.1,0.05,30000,"bu","09:58:39",710300
16.1,0.05,300,"bu","09:57:48",680300
16.1,0.05,5000,"bu","09:57:42",680000
16.1,0.05,10000,"bu","09:57:00",675000
16.1,0.05,300,"bu","09:56:58",665000
16.1,0.05,800,"sd","09:55:04",664700
16.1,0.05,10000,"sd","09:54:58",663900
16.15,0.1,20000,"bu","09:54:50",653900
16.1,0.05,200,"bu","09:54:20",633900
16.1,0.05,300,"sd","09:53:09",633700
16.1,0.05,500,"bu","09:52:34",633400
16.1,0.05,500,"bu","09:52:20",632900
16.15,0.1,5400,"bu","09:50:56",632400
16.1,0.05,4600,"bu","09:50:56",627000
16.1,0.05,20000,"bu","09:50:49",622400
16.1,0.05,18000,"bu","09:49:56",602400
16.1,0.05,5000,"bu","09:49:48",584400
16.1,0.05,500,"bu","09:49:45",579400
16.1,0.05,10000,"bu","09:49:42",578900
16.05,0,2000,"sd","09:48:20",568900
16.05,0,20000,"sd","09:46:02",566900
16.1,0.05,10000,"bu","09:45:59",546900
16.1,0.05,600,"bu","09:45:12",536900
16.1,0.05,600,"bu","09:42:38",536300
16.1,0.05,1000,"bu","09:41:58",535700
16.1,0.05,100,"bu","09:40:59",534700
16.1,0.05,100,"bu","09:40:51",534600
16.1,0.05,400,"bu","09:38:55",534500
16.1,0.05,200,"bu","09:37:46",534100
16.1,0.05,100,"bu","09:37:40",533900
16.1,0.05,50000,"sd","09:37:04",533800
16.1,0.05,29000,"sd","09:37:01",483800
16.1,0.05,7900,"sd","09:36:57",454800
16.1,0.05,11600,"sd","09:36:56",446900
16.15,0.1,500,"sd","09:36:56",435300
16.15,0.1,15000,"sd","09:36:53",434800
16.15,0.1,18000,"sd","09:36:49",419800
16.15,0.1,20000,"sd","09:36:45",401800
16.15,0.1,51000,"sd","09:36:41",381800
16.2,0.15,600,"bu","09:35:54",330800
16.2,0.15,300,"bu","09:35:31",330200
16.2,0.15,700,"bu","09:35:13",329900
16.2,0.15,200,"bu","09:35:01",329200
16.15,0.1,1300,"sd","09:34:54",329000
16.2,0.15,100,"bu","09:34:31",327700
16.2,0.15,1500,"bu","09:34:17",327600
16.2,0.15,3500,"bu","09:34:16",326100
16.15,0.1,100,"sd","09:33:55",322600
16.15,0.1,15700,"sd","09:33:35",322500
16.2,0.15,20000,"bu","09:33:30",306800
16.2,0.15,100,"bu","09:33:23",286800
16.2,0.15,600,"bu","09:33:16",286700
16.2,0.15,800,"bu","09:32:36",286100
16.2,0.15,5400,"bu","09:32:33",285300
16.15,0.1,300,"sd","09:31:48",279900
16.15,0.1,100,"sd","09:31:26",279600
16.2,0.15,500,"bu","09:31:11",279500
16.2,0.15,1000,"bu","09:29:58",279000
16.2,0.15,5000,"bu","09:29:32",278000
16.1,0.05,38400,"bu","09:29:21",273000
16.1,0.05,19000,"bu","09:28:48",234600
16.1,0.05,5000,"bu","09:28:43",215600
16.1,0.05,10000,"bu","09:28:35",210600
16.05,0,3200,"bu","09:25:51",200600
16.05,0,700,"bu","09:25:25",197400
16.05,0,400,"bu","09:23:33",196700
16.05,0,15700,"sd","09:23:32",196300
16.05,0,10000,"sd","09:23:17",180600
16.05,0,2000,"sd","09:22:54",170600
16.1,0.05,100,"bu","09:19:10",168600
16.1,0.05,2700,"sd","09:17:48",168500
16.2,0.15,100,"sd","09:17:44",165800
16.25,0.2,300,"bu","09:17:21",165700
16.25,0.2,500,"bu","09:16:28",165400
16.2,0.15,500,"sd","09:16:27",164900
16.3,0.25,164400,"","09:15:01",164400
