"price","change","match_qtty","side","time","total_vol"
19.9,0.15,43900,"","14:45:00",958000
19.85,0.1,600,"sd","14:29:59",914100
19.85,0.1,300,"sd","14:29:58",913500
19.9,0.15,600,"bu","14:29:40",913200
19.9,0.15,600,"bu","14:29:38",912600
19.9,0.15,100,"bu","14:29:29",912000
19.9,0.15,600,"bu","14:29:27",911900
19.9,0.15,100,"bu","14:29:10",911300
19.9,0.15,500,"bu","14:29:06",911200
19.85,0.1,600,"sd","14:29:06",910700
19.85,0.1,1000,"sd","14:29:02",910100
19.9,0.15,100,"bu","14:29:00",909100
19.9,0.15,600,"bu","14:28:55",909000
19.9,0.15,100,"bu","14:28:49",908400
19.9,0.15,100,"bu","14:28:38",908300
19.9,0.15,100,"bu","14:28:28",908200
19.9,0.15,1700,"bu","14:28:27",908100
19.9,0.15,100,"bu","14:28:18",906400
19.9,0.15,600,"bu","14:28:10",906300
19.9,0.15,600,"bu","14:27:39",905700
19.9,0.15,5400,"sd","14:26:58",905100
19.9,0.15,3500,"sd","14:26:49",899700
19.9,0.15,300,"sd","14:26:32",896200
19.9,0.15,900,"sd","14:26:31",895900
19.95,0.2,600,"bu","14:26:27",895000
19.9,0.15,1500,"bu","14:26:07",894400
19.9,0.15,600,"bu","14:25:49",892900
19.9,0.15,1100,"bu","14:25:40",892300
19.85,0.1,3300,"sd","14:24:38",891200
19.9,0.15,10700,"sd","14:24:38",887900
19.95,0.2,600,"bu","14:24:35",877200
19.95,0.2,1000,"bu","14:24:31",876600
19.95,0.2,1500,"bu","14:23:54",875600
19.95,0.2,600,"bu","14:23:52",874100
19.95,0.2,100,"bu","14:23:49",873500
19.9,0.15,1000,"sd","14:23:44",873400
19.95,0.2,100,"bu","14:23:39",872400
19.95,0.2,600,"bu","14:23:16",872300
19.9,0.15,1000,"bu","14:22:29",871700
19.9,0.15,1200,"sd","14:22:23",870700
19.85,0.1,600,"bu","14:13:08",767700
19.85,0.1,300,"bu","14:13:00",767100
19.85,0.1,300,"bu","14:12:48",766800
19.8,0.05,400,"sd","14:12:47",766500
19.8,0.05,200,"bu","14:12:29",766100
19.8,0.05,100,"bu","14:12:27",765900
19.8,0.05,100,"bu","14:12:26",765800
19.8,0.05,100,"bu","14:12:18",765700
19.8,0.05,100,"bu","14:12:06",765600
19.8,0.05,100,"bu","14:11:56",765500
19.8,0.05,4000,"bu","14:11:43",765400
19.8,0.05,500,"bu","14:11:14",761400
19.8,0.05,4500,"sd","14:11:07",760900
19.8,0.05,5000,"sd","14:10:59",756400
19.8,0.05,8000,"sd","14:10:10",751400
19.8,0.05,800,"sd","14:08:07",743400
19.85,0.1,2000,"bu","14:07:23",742600
19.85,0.1,1400,"sd","14:07:13",740600
19.9,0.15,100,"bu","14:07:03",739200
19.85,0.1,5000,"sd","14:07:01",739100
19.85,0.1,8600,"bu","14:06:49",734100
19.85,0.1,1400,"sd","14:06:08",725500
19.9,0.15,100,"bu","14:06:07",724100
19.85,0.1,1500,"sd","14:05:58",724000
19.85,0.1,900,"sd","14:05:11",722500
19.85,0.1,8200,"bu","14:05:04",721600
19.85,0.1,100,"bu","14:04:53",713400
19.85,0.1,6000,"bu","14:04:36",713300
19.85,0.1,600,"sd","14:04:04",707300
19.85,0.1,11000,"sd","14:03:08",706700
19.9,0.15,100,"bu","14:02:57",695700
19.9,0.15,700,"sd","14:00:21",695600
19.9,0.15,300,"sd","14:00:21",694900
19.9,0.15,35000,"sd","14:00:09",694600
19.9,0.15,300,"sd","13:59:56",659600
19.9,0.15,1300,"sd","13:59:31",659300
19.95,0.2,700,"bu","13:59:22",658000
19.95,0.2,3500,"bu","13:57:40",657300
19.95,0.2,1000,"bu","13:57:27",653800
19.9,0.15,100,"sd","13:57:22",652800
19.6,0,600,"bu","14:04:24",485800
19.6,0,300,"bu","14:04:23",485200
19.6,0,3000,"bu","14:04:23",484900
19.6,0,300,"bu","14:03:49",481900
19.6,0,1000,"bu","14:03:28",481600
19.6,0,4300,"bu","14:02:37",480600
19.6,0,200,"bu","14:00:00",476300
19.55,-0.05,1000,"sd","13:59:13",476100
19.55,-0.05,20000,"sd","13:58:05",475100
19.65,0.05,500,"bu","13:58:01",455100
19.65,0.05,2000,"bu","13:55:59",454600
19.55,-0.05,100,"sd","13:55:32",452600
19.55,-0.05,16200,"sd","13:55:08",452500
19.6,0,3800,"sd","13:55:08",436300
19.6,0,600,"sd","13:53:02",432500
19.6,0,300,"sd","13:52:46",431900
19.6,0,100,"sd","13:51:50",431600
19.6,0,1200,"sd","13:50:07",431500
19.6,0,1000,"sd","13:49:43",430300
19.6,0,1200,"sd","13:48:39",429300
19.85,0.1,1500,"sd","14:05:58",724000
19.85,0.1,900,"sd","14:05:11",722500
19.85,0.1,8200,"bu","14:05:04",721600
19.85,0.1,100,"bu","14:04:53",713400
19.85,0.1,6000,"bu","14:04:36",713300
19.85,0.1,600,"sd","14:04:04",707300
19.85,0.1,11000,"sd","14:03:08",706700
19.9,0.15,100,"bu","14:02:57",695700
19.9,0.15,700,"sd","14:00:21",695600
19.9,0.15,300,"sd","14:00:21",694900
19.9,0.15,35000,"sd","14:00:09",694600
19.9,0.15,300,"sd","13:59:56",659600
19.9,0.15,1300,"sd","13:59:31",659300
19.95,0.2,700,"bu","13:59:22",658000
19.95,0.2,3500,"bu","13:57:40",657300
19.95,0.2,1000,"bu","13:57:27",653800
19.9,0.15,100,"sd","13:57:22",652800
19.95,0.2,800,"bu","13:57:19",652700
19.95,0.2,1000,"bu","13:57:00",651900
19.95,0.2,3000,"bu","13:56:51",650900
19.95,0.2,5000,"bu","13:56:47",647900
19.95,0.2,2000,"bu","13:56:45",642900
19.9,0.15,100,"sd","13:56:42",640900
19.95,0.2,500,"bu","13:56:35",640800
19.95,0.2,1000,"bu","13:56:27",640300
19.95,0.2,600,"sd","13:56:05",639300
19.95,0.2,1000,"sd","13:56:02",638700
19.95,0.2,900,"sd","13:56:00",637700
19.95,0.2,1000,"sd","13:55:57",636800
19.95,0.2,100,"sd","13:55:46",635800
19.95,0.2,4400,"bu","13:55:35",635700
19.95,0.2,600,"sd","13:55:05",631300
19.95,0.2,100,"sd","13:54:59",630700
19.95,0.2,100,"sd","13:54:53",630600
19.95,0.2,100,"sd","13:54:47",630500
19.95,0.2,100,"sd","13:54:41",630400
19.95,0.2,500,"sd","13:54:26",630300
19.95,0.2,4700,"bu","13:54:18",629800
19.95,0.2,200,"bu","13:54:16",625100
19.95,0.2,300,"bu","13:54:13",624900
19.6,0,100,"bu","13:22:45",358600
19.6,0,100,"bu","13:21:50",358500
19.6,0,100,"bu","13:21:27",358400
19.6,0,500,"bu","13:19:53",358300
19.6,0,5000,"bu","13:19:14",357800
19.6,0,300,"bu","13:18:38",352800
19.55,-0.05,500,"sd","13:18:32",352500
19.55,-0.05,2300,"bu","13:13:21",352000
19.55,-0.05,8300,"sd","13:12:55",349700
19.55,-0.05,2000,"sd","13:12:53",341400
19.55,-0.05,600,"sd","13:12:34",339400
19.55,-0.05,600,"sd","13:11:31",338800
19.55,-0.05,600,"sd","13:10:58",338200
19.55,-0.05,2000,"sd","13:10:56",337600
19.55,-0.05,600,"sd","13:10:29",335600
19.55,-0.05,600,"sd","13:08:45",335000
19.55,-0.05,2300,"sd","13:07:18",334400
19.5,-0.1,600,"sd","13:01:16",332100
19.6,0,100,"bu","11:29:30",331500
19.5,-0.1,5000,"sd","11:28:13",331400
19.9,0.15,200,"bu","13:46:29",573100
19.9,0.15,800,"sd","13:46:26",572900
19.9,0.15,200,"bu","13:46:25",572100
19.9,0.15,1400,"sd","13:46:17",571900
19.9,0.15,200,"sd","13:45:52",570500
19.9,0.15,200,"sd","13:45:41",570300
19.9,0.15,7400,"bu","13:45:34",570100
19.9,0.15,3000,"bu","13:45:09",562700
19.9,0.15,2000,"bu","13:45:02",559700
19.9,0.15,4000,"bu","13:44:56",557700
19.9,0.15,30000,"bu","13:44:49",553700
19.9,0.15,8500,"bu","13:44:38",523700
19.9,0.15,100,"bu","13:44:31",515200
19.9,0.15,1000,"bu","13:44:11",515100
19.9,0.15,600,"bu","13:44:06",514100
19.9,0.15,600,"bu","13:43:56",513500
19.9,0.15,300,"bu","13:43:56",512900
19.9,0.15,1000,"bu","13:43:06",512600
19.85,0.1,3000,"sd","13:42:08",511600
19.85,0.1,500,"sd","13:42:02",508600
19.6,0,7700,"sd","11:02:17",291200
19.6,0,27000,"sd","11:02:16",283500
19.6,0,2000,"sd","10:58:29",256500
19.6,0,2000,"sd","10:58:14",254500
19.6,0,6000,"sd","10:57:29",252500
19.6,0,2000,"sd","10:57:12",246500
19.65,0.05,100,"bu","10:52:14",244500
19.65,0.05,500,"sd","10:50:57",244400
19.6,0,600,"sd","10:45:13",243900
19.6,0,300,"sd","10:44:58",243300
19.6,0,600,"sd","10:43:51",243000
19.6,0,600,"sd","10:43:50",242400
19.6,0,600,"sd","10:43:49",241800
19.6,0,600,"sd","10:42:53",241200
19.7,0.1,300,"bu","10:41:21",240600
19.65,0.05,500,"sd","10:40:41",240300
19.65,0.05,2000,"sd","10:38:38",239800
19.65,0.05,500,"sd","10:38:13",237800
19.65,0.05,300,"sd","10:35:37",237300
19.65,0.05,2800,"bu","10:34:32",237000
19.65,0.05,1100,"bu","10:34:28",234200
19.65,0.05,200,"bu","10:34:02",233100
19.6,0,1000,"sd","10:33:59",232900
19.6,0,2100,"bu","10:29:31",231900
19.6,0,400,"bu","10:29:11",229800
19.6,0,1200,"bu","10:29:08",229400
19.6,0,8300,"sd","10:28:19",228200
19.6,0,600,"sd","10:28:11",219900
19.6,0,100,"sd","10:27:42",219300
19.6,0,1000,"sd","10:26:36",219200
19.6,0,1500,"sd","10:26:01",218200
19.65,0.05,100,"bu","10:23:13",216700
19.6,0,5000,"sd","10:21:21",216600
19.6,0,7900,"bu","10:19:23",211600
19.55,-0.05,600,"sd","10:19:01",203700
19.6,0,100,"bu","10:18:58",203100
19.6,0,400,"bu","10:17:38",203000
19.6,0,400,"bu","10:16:19",202600
19.6,0,1800,"bu","10:15:40",202200
19.6,0,500,"bu","10:14:38",200400
19.6,0,200,"bu","10:14:17",199900
19.6,0,2000,"bu","10:13:18",199700
19.55,-0.05,600,"sd","10:12:12",197700
19.55,-0.05,600,"sd","10:09:33",197100
19.55,-0.05,100,"sd","10:06:55",196500
19.55,-0.05,1000,"sd","10:05:43",196400
19.6,0,400,"bu","10:05:07",195400
19.6,0,200,"bu","10:04:51",195000
19.6,0,1100,"sd","10:04:10",194800
19.6,0,400,"sd","10:03:06",193700
19.6,0,200,"bu","10:03:05",193300
19.55,-0.05,900,"sd","10:02:32",193100
19.6,0,100,"sd","10:01:58",192200
19.6,0,200,"bu","10:00:30",192100
19.6,0,1000,"bu","10:00:27",191900
19.6,0,1000,"sd","10:00:25",190900
19.6,0,1000,"bu","09:58:32",189900
19.55,-0.05,1000,"sd","09:58:29",188900
19.55,-0.05,1500,"sd","09:58:15",187900
19.6,0,1000,"sd","09:57:23",186400
19.6,0,1000,"sd","09:57:18",185400
19.6,0,1000,"sd","09:57:08",184400
19.6,0,1300,"sd","09:57:00",183400
19.6,0,1000,"sd","09:56:57",182100
19.6,0,5000,"sd","09:56:19",181100
19.65,0.05,500,"bu","09:56:10",176100
19.6,0,60000,"sd","09:56:09",175600
19.6,0,5100,"sd","09:55:53",115600
19.6,0,3000,"sd","09:55:52",110500
19.6,0,600,"sd","09:55:41",107500
19.65,0.05,700,"bu","09:55:25",106900
19.6,0,1500,"sd","09:53:52",106200
19.6,0,600,"sd","09:53:34",104700
19.65,0.05,300,"bu","09:51:59",104100
19.65,0.05,1000,"bu","09:51:34",103800
19.65,0.05,100,"bu","09:51:22",102800
19.65,0.05,500,"bu","09:51:06",102700
19.65,0.05,1000,"bu","09:51:01",102200
19.6,0,600,"sd","09:50:53",101200
19.6,0,600,"sd","09:50:52",100600
19.7,-0.05,900,"sd","13:29:08",379300
19.7,-0.05,100,"sd","13:28:10",378400
19.7,-0.05,1000,"sd","13:27:57",378300
19.7,-0.05,4100,"bu","13:27:36",377300
19.7,-0.05,5000,"bu","13:27:28",373200
19.7,-0.05,500,"bu","13:27:05",368200
19.7,-0.05,15100,"sd","13:27:04",367700
19.7,-0.05,1000,"sd","13:26:01",352600
19.7,-0.05,2000,"sd","13:25:43",351600
19.7,-0.05,3500,"sd","13:25:27",349600
19.7,-0.05,1600,"sd","13:25:03",346100
19.7,-0.05,100,"bu","13:24:33",344500
19.7,-0.05,300,"bu","13:24:18",344400
19.7,-0.05,300,"bu","13:24:12",344100
19.7,-0.05,1000,"bu","13:24:11",343800
19.7,-0.05,700,"bu","13:23:57",342800
19.7,-0.05,1000,"bu","13:23:55",342100
19.7,-0.05,4900,"bu","13:23:21",341100
19.7,-0.05,100,"bu","13:23:19",336200
19.7,-0.05,300,"bu","13:23:12",336100
19.6,0,200,"sd","09:38:47",53500
19.65,0.05,2000,"bu","09:38:06",53300
19.6,0,100,"sd","09:37:47",51300
19.6,0,100,"sd","09:37:41",51200
19.6,0,100,"sd","09:37:31",51100
19.6,0,100,"sd","09:37:25",51000
19.65,0.05,2000,"bu","09:37:11",50900
19.6,0,100,"sd","09:36:43",48900
19.6,0,100,"sd","09:36:32",48800
19.6,0,100,"sd","09:35:25",48700
19.6,0,100,"sd","09:35:13",48600
19.65,0.05,600,"bu","09:34:38",48500
19.6,0,100,"sd","09:34:31",47900
19.6,0,100,"sd","09:33:18",47800
19.6,0,100,"sd","09:33:14",47700
19.65,0.05,4200,"sd","09:32:14",47600
19.65,0.05,1000,"sd","09:32:05",43400
19.65,0.05,1000,"sd","09:31:53",42400
19.7,0.1,2000,"bu","09:30:01",41400
19.65,0.05,100,"sd","09:29:46",39400
19.65,0.05,5000,"sd","09:29:00",39300
19.65,0.05,100,"sd","09:27:30",34300
19.65,0.05,600,"sd","09:27:30",34200
19.65,0.05,600,"sd","09:27:28",33600
19.65,0.05,100,"sd","09:27:22",33000
19.65,0.05,100,"sd","09:27:16",32900
19.7,0.1,300,"bu","09:27:11",32800
19.65,0.05,100,"sd","09:27:07",32500
19.65,0.05,100,"sd","09:27:03",32400
19.65,0.05,100,"sd","09:26:58",32300
19.65,0.05,100,"sd","09:26:19",32200
19.7,0.1,5000,"bu","09:26:09",32100
19.7,0.1,300,"bu","09:26:08",27100
19.65,0.05,100,"sd","09:26:01",26800
19.65,0.05,100,"sd","09:25:57",26700
19.7,0.1,900,"bu","09:25:54",26600
19.65,0.05,100,"sd","09:25:52",25700
19.65,0.05,100,"sd","09:25:41",25600
19.65,0.05,100,"sd","09:25:36",25500
19.7,0.1,5000,"bu","09:25:33",25400
19.7,-0.05,100,"sd","13:16:55",315700
19.75,0,100,"bu","13:16:53",315600
19.75,0,100,"bu","13:16:43",315500
19.75,0,100,"bu","13:16:33",315400
19.75,0,100,"bu","13:16:23",315300
19.7,-0.05,4000,"sd","13:15:00",315200
19.7,-0.05,1000,"sd","13:13:40",311200
19.7,-0.05,200,"sd","13:13:15",310200
19.7,-0.05,300,"sd","13:12:36",310000
19.75,0,100,"bu","13:12:27",309700
19.7,-0.05,100,"sd","13:12:27",309600
19.75,0,100,"bu","13:12:19",309500
19.7,-0.05,100,"sd","13:12:05",309400
19.75,0,100,"bu","13:11:59",309300
19.75,0,100,"bu","13:09:55",309200
19.75,0,100,"bu","13:09:13",309100
19.75,0,100,"bu","13:09:12",309000
19.75,0,100,"bu","13:07:56",308900
19.75,0,100,"bu","13:07:37",308800
19.75,0,100,"bu","13:07:30",308700
19.65,0.05,100,"sd","09:18:27",9200
19.7,0.1,1500,"bu","09:18:20",9100
19.65,0.05,100,"sd","09:18:00",7600
19.65,0.05,100,"sd","09:17:55",7500
19.65,0.05,100,"sd","09:17:40",7400
19.65,0.05,100,"sd","09:17:33",7300
19.65,0.05,100,"sd","09:17:25",7200
19.65,0.05,100,"sd","09:17:18",7100
19.65,0.05,100,"sd","09:17:12",7000
19.65,0.05,800,"bu","09:17:08",6900
19.65,0.05,300,"bu","09:17:03",6100
19.6,0,100,"sd","09:16:28",5800
19.6,0,100,"sd","09:16:01",5700
19.6,0,100,"sd","09:15:52",5600
19.6,0,100,"sd","09:15:43",5500
19.65,0.05,100,"sd","09:15:36",5400
19.65,0.05,100,"sd","09:15:35",5300
19.65,0.05,100,"sd","09:15:29",5200
19.65,0.05,100,"sd","09:15:24",5100
19.65,0.05,5000,"","09:15:02",5000
19.55,0.1,1300,"bu","11:04:56",425000
19.55,0.1,300,"bu","11:04:41",423700
19.55,0.1,300,"bu","11:04:17",423400
19.55,0.1,200,"bu","11:03:49",423100
19.55,0.1,300,"bu","11:03:45",422900
19.55,0.1,800,"bu","11:03:39",422600
19.55,0.1,4000,"bu","11:03:37",421800
19.55,0.1,300,"bu","11:03:19",417800
19.55,0.1,300,"bu","11:03:11",417500
19.55,0.1,300,"bu","11:02:47",417200
19.55,0.1,300,"bu","11:02:37",416900
19.55,0.1,300,"bu","11:02:28",416600
19.55,0.1,300,"bu","11:02:16",416300
19.55,0.1,300,"bu","11:02:05",416000
19.55,0.1,300,"bu","11:01:51",415700
19.5,0.05,200,"bu","11:01:39",415400
19.5,0.05,500,"bu","11:01:38",415200
19.5,0.05,3000,"bu","11:01:33",414700
19.5,0.05,300,"bu","11:01:06",411700
19.5,0.05,100,"bu","11:00:59",411400
19.7,-0.05,2000,"sd","11:15:20",239200
19.7,-0.05,1000,"sd","11:15:18",237200
19.7,-0.05,300,"sd","11:14:54",236200
19.75,0,500,"bu","11:14:20",235900
19.75,0,100,"bu","11:11:14",235400
19.7,-0.05,5300,"bu","11:10:41",235300
19.7,-0.05,2500,"sd","11:09:43",230000
19.7,-0.05,7500,"bu","11:09:40",227500
19.7,-0.05,2500,"sd","11:08:00",220000
19.7,-0.05,400,"sd","11:07:49",217500
19.7,-0.05,600,"sd","11:07:49",217100
19.7,-0.05,2000,"sd","11:07:46",216500
19.7,-0.05,1000,"sd","11:07:36",214500
19.7,-0.05,200,"sd","11:07:17",213500
19.7,-0.05,1000,"sd","11:06:02",213300
19.7,-0.05,100,"sd","11:05:18",212300
19.7,-0.05,2000,"sd","11:00:40",212200
19.7,-0.05,5000,"sd","11:00:33",210200
19.7,-0.05,1000,"sd","11:00:25",205200
19.75,0,100,"bu","10:59:04",204200
19.5,0.05,100,"bu","10:51:19",398200
19.5,0.05,500,"bu","10:51:13",398100
19.45,0,300,"sd","10:51:13",397600
19.45,0,3000,"sd","10:50:38",397300
19.45,0,2000,"sd","10:50:25",394300
19.45,0,7100,"sd","10:48:02",392300
19.45,0,100,"bu","10:44:49",385200
19.45,0,500,"bu","10:44:42",385100
19.45,0,400,"sd","10:43:19",384600
19.45,0,2000,"sd","10:41:27",384200
19.45,0,9900,"bu","10:41:13",382200
19.4,-0.05,1000,"sd","10:40:45",372300
19.4,-0.05,200,"sd","10:38:36",371300
19.4,-0.05,100,"sd","10:38:13",371100
19.4,-0.05,200,"bu","10:37:49",371000
19.4,-0.05,900,"bu","10:37:48",370800
19.4,-0.05,100,"bu","10:37:42",369900
19.4,-0.05,300,"bu","10:37:39",369800
19.4,-0.05,800,"bu","10:37:34",369500
19.4,-0.05,300,"bu","10:37:30",368700
19.4,-0.05,100,"bu","10:37:29",368400
19.4,-0.05,500,"bu","10:37:28",368300
19.4,-0.05,100,"bu","10:37:20",367800
19.4,-0.05,100,"bu","10:37:19",367700
19.4,-0.05,800,"bu","10:37:17",367600
19.4,-0.05,100,"bu","10:37:09",366800
19.4,-0.05,500,"bu","10:37:07",366700
19.4,-0.05,100,"bu","10:37:00",366200
19.4,-0.05,500,"bu","10:36:51",366100
19.4,-0.05,100,"bu","10:36:29",365600
19.4,-0.05,700,"bu","10:36:19",365500
19.4,-0.05,3800,"sd","10:36:13",364800
19.4,-0.05,2100,"bu","10:35:59",361000
19.4,-0.05,27900,"sd","10:35:54",358900
19.45,0,200,"bu","10:35:20",331000
19.4,-0.05,800,"sd","10:35:17",330800
19.4,-0.05,2000,"sd","10:33:51",330000
19.4,-0.05,300,"sd","10:31:37",328000
19.4,-0.05,1700,"sd","10:31:36",327700
19.45,0,300,"bu","10:30:56",326000
19.7,-0.05,5000,"bu","10:05:43",113100
19.7,-0.05,300,"bu","10:05:11",108100
19.7,-0.05,5000,"sd","10:04:47",107800
19.7,-0.05,1000,"bu","10:03:07",102800
19.7,-0.05,1000,"bu","10:03:03",101800
19.7,-0.05,1000,"sd","10:02:40",100800
19.7,-0.05,400,"bu","10:02:29",99800
19.7,-0.05,9600,"sd","10:02:04",99400
19.75,0,1100,"bu","10:01:30",89800
19.75,0,800,"bu","10:01:25",88700
19.75,0,600,"bu","10:00:57",87900
19.75,0,300,"bu","10:00:02",87300
19.75,0,200,"bu","09:59:01",87000
19.75,0,200,"bu","09:56:29",86800
19.75,0,100,"bu","09:54:34",86600
19.7,-0.05,1000,"sd","09:52:44",86500
19.7,-0.05,1700,"bu","09:51:57",85500
19.7,-0.05,300,"bu","09:50:37",83800
19.7,-0.05,200,"bu","09:50:12",83500
19.7,-0.05,1000,"bu","09:49:41",83300
19.45,0,3000,"bu","10:23:35",313600
19.45,0,500,"bu","10:23:34",310600
19.45,0,400,"bu","10:22:29",310100
19.45,0,2000,"bu","10:22:19",309700
19.45,0,5000,"bu","10:22:18",307700
19.4,-0.05,5000,"sd","10:22:11",302700
19.45,0,200,"bu","10:22:09",297700
19.45,0,100,"bu","10:22:07",297500
19.4,-0.05,1000,"sd","10:22:03",297400
19.4,-0.05,500,"sd","10:21:53",296400
19.4,-0.05,500,"sd","10:21:51",295900
19.4,-0.05,2000,"sd","10:21:48",295400
19.4,-0.05,1000,"sd","10:21:46",293400
19.4,-0.05,1500,"sd","10:21:45",292400
19.4,-0.05,3500,"sd","10:21:43",290900
19.4,-0.05,1000,"sd","10:21:33",287400
19.4,-0.05,500,"sd","10:21:25",286400
19.4,-0.05,300,"sd","10:21:24",285900
19.45,0,300,"bu","10:20:19",285600
19.45,0,1500,"bu","10:20:09",285300
19.7,-0.05,100,"bu","09:25:11",33900
19.7,-0.05,1300,"bu","09:24:34",33800
19.7,-0.05,100,"bu","09:23:49",32500
19.7,-0.05,100,"bu","09:22:36",32400
19.7,-0.05,300,"sd","09:19:19",32300
19.7,-0.05,100,"sd","09:19:00",32000
19.7,-0.05,25000,"sd","09:18:52",31900
19.7,-0.05,700,"sd","09:17:36",6900
19.7,-0.05,1000,"sd","09:16:36",6200
19.7,-0.05,5200,"","09:15:00",5200
