"price","change","match_qtty","side","time","total_vol"
12.6,0.05,197600,"","14:45:01",2304900
12.65,0.1,16200,"bu","14:29:54",2107300
12.6,0.05,100,"sd","14:29:53",2091100
12.6,0.05,10000,"sd","14:29:44",2091000
12.65,0.1,16200,"bu","14:29:44",2081000
12.65,0.1,16200,"bu","14:29:37",2064800
12.65,0.1,18200,"bu","14:29:20",2048600
12.6,0.05,1000,"sd","14:29:17",2030400
12.6,0.05,11500,"bu","14:29:07",2029400
12.6,0.05,100,"bu","14:29:06",2017900
12.55,0,1400,"sd","14:29:00",2017800
12.6,0.05,16200,"bu","14:28:51",2016400
12.55,0,1400,"sd","14:28:50",2000200
12.55,0,700,"sd","14:28:46",1998800
12.6,0.05,16200,"bu","14:28:41",1998100
12.55,0,800,"sd","14:28:40",1981900
12.6,0.05,10800,"bu","14:28:34",1981100
12.55,0,800,"sd","14:28:20",1970300
12.6,0.05,10800,"bu","14:28:18",1969500
12.55,0,100,"sd","14:28:10",1958700
12.5,-0.05,1000,"sd","14:04:39",1726700
12.5,-0.05,100,"sd","14:04:10",1725700
12.5,-0.05,1600,"sd","14:04:00",1725600
12.5,-0.05,21000,"sd","14:03:56",1724000
12.5,-0.05,200,"sd","14:02:44",1703000
12.5,-0.05,400,"sd","14:00:20",1702800
12.55,0,5000,"bu","14:00:15",1702400
12.55,0,400,"bu","13:59:48",1697400
12.55,0,100,"bu","13:59:26",1697000
12.55,0,100,"bu","13:59:25",1696900
12.55,0,100,"bu","13:59:24",1696800
12.5,-0.05,900,"sd","13:59:10",1696700
12.55,0,1000,"bu","13:59:09",1695800
12.55,0,10000,"bu","13:59:06",1694800
12.5,-0.05,500,"sd","13:59:00",1684800
12.55,0,6400,"bu","13:58:58",1684300
12.55,0,300,"bu","13:58:44",1677900
12.55,0,200,"bu","13:58:25",1677600
12.55,0,100,"bu","13:58:23",1677400
12.55,0,500,"bu","13:57:22",1677300
12.55,0,5000,"bu","14:27:02",1806400
12.5,-0.05,500,"sd","14:27:02",1801400
12.55,0,100,"bu","14:26:59",1800900
12.55,0,500,"bu","14:26:58",1800800
12.55,0,5400,"bu","14:26:57",1800300
12.5,-0.05,400,"sd","14:26:50",1794900
12.55,0,5400,"bu","14:26:45",1794500
12.5,-0.05,400,"sd","14:26:40",1789100
12.55,0,200,"bu","14:26:36",1788700
12.55,0,5400,"bu","14:26:34",1788500
12.55,0,200,"bu","14:26:17",1783100
12.5,-0.05,100,"sd","14:26:10",1782900
12.55,0,1500,"bu","14:26:09",1782800
12.5,-0.05,100,"sd","14:26:00",1781300
12.55,0,2000,"bu","14:25:55",1781200
12.55,0,200,"bu","14:25:07",1779200
12.5,-0.05,800,"sd","14:24:50",1779000
12.55,0,10000,"bu","14:24:44",1778200
12.5,-0.05,400,"sd","14:24:40",1768200
12.55,0,6000,"bu","14:24:34",1767800
12.5,-0.05,100,"sd","14:24:20",1761800
12.55,0,500,"bu","14:24:20",1761700
12.5,-0.05,1300,"sd","14:24:15",1761200
12.55,0,500,"bu","14:24:02",1759900
12.55,0,1000,"bu","14:23:48",1759400
12.55,0,500,"bu","14:23:36",1758400
12.55,0,200,"bu","14:23:24",1757900
12.55,0,500,"bu","14:23:10",1757700
12.55,0,100,"bu","14:22:55",1757200
12.5,-0.05,300,"sd","14:22:49",1757100
12.5,-0.05,100,"sd","14:22:40",1756800
12.55,0,2000,"bu","14:22:40",1756700
12.55,0,100,"bu","14:20:04",1754700
12.55,0,100,"bu","14:19:51",1754600
12.55,0,200,"bu","14:19:26",1754500
12.55,0,1000,"bu","14:19:01",1754300
12.55,0,100,"bu","14:18:14",1753300
12.5,-0.05,500,"sd","14:16:49",1753200
12.55,0,1000,"bu","14:16:03",1752700
12.55,0,100,"bu","14:15:13",1751700
12.5,-0.05,1000,"sd","14:14:03",1751600
12.5,-0.05,200,"sd","14:13:48",1750600
12.55,0,100,"bu","14:13:19",1750400
12.5,-0.05,800,"sd","14:12:51",1750300
12.5,-0.05,100,"sd","14:11:20",1749500
12.5,-0.05,1100,"sd","14:11:19",1749400
12.55,0,1000,"bu","14:11:12",1748300
12.5,-0.05,100,"sd","14:10:30",1747300
12.5,-0.05,1500,"sd","14:10:20",1747200
12.55,0,100,"bu","14:08:36",1745700
12.5,-0.05,900,"sd","14:07:55",1745600
12.5,-0.05,400,"sd","14:07:10",1744700
12.5,-0.05,5000,"sd","14:07:02",1744300
12.5,-0.05,500,"sd","14:06:10",1739300
12.5,-0.05,6700,"sd","14:06:08",1738800
12.5,-0.05,400,"sd","14:06:00",1732100
12.5,-0.05,5000,"sd","14:05:52",1731700
12.5,-0.05,1000,"sd","14:04:39",1726700
12.5,-0.05,100,"sd","14:04:10",1725700
12.5,-0.05,1600,"sd","14:04:00",1725600
12.6,-0.05,100,"bu","13:58:05",2155200
12.6,-0.05,1600,"bu","13:58:00",2155100
12.55,-0.1,400,"sd","13:57:39",2153500
12.55,-0.1,5400,"sd","13:57:31",2153100
12.55,-0.1,400,"sd","13:57:29",2147700
12.55,-0.1,5400,"sd","13:57:23",2147300
12.55,-0.1,400,"sd","13:57:19",2141900
12.55,-0.1,5400,"sd","13:57:16",2141500
12.55,-0.1,100,"sd","13:55:49",2136100
12.55,-0.1,1000,"sd","13:55:45",2136000
12.55,-0.1,500,"sd","13:55:42",2135000
12.55,-0.1,400,"sd","13:52:49",2134500
12.6,-0.05,200,"bu","13:52:49",2134100
12.6,-0.05,5000,"bu","13:52:42",2133900
12.55,-0.1,200,"sd","13:52:09",2128900
12.6,-0.05,3000,"bu","13:52:04",2128700
12.6,-0.05,100,"bu","13:51:25",2125700
12.6,-0.05,100,"bu","13:50:57",2125600
12.6,-0.05,1000,"bu","13:50:02",2125500
12.55,-0.1,400,"sd","13:49:39",2124500
12.55,0,100,"bu","13:56:29",1671300
12.5,-0.05,100,"sd","13:56:00",1671200
12.55,0,1000,"bu","13:55:59",1671100
12.5,-0.05,900,"sd","13:55:50",1670100
12.55,0,10000,"bu","13:55:47",1669200
12.55,0,2000,"bu","13:55:43",1659200
12.55,0,400,"sd","13:55:30",1657200
12.55,0,100,"sd","13:55:20",1656800
12.55,0,500,"bu","13:55:18",1656700
12.55,0,1500,"bu","13:55:13",1656200
12.55,0,200,"bu","13:55:04",1654700
12.55,0,1000,"bu","13:55:01",1654500
12.55,0,100,"bu","13:54:52",1653500
12.5,-0.05,400,"sd","13:54:40",1653400
12.55,0,5000,"bu","13:54:38",1653000
12.55,0,500,"bu","13:54:33",1648000
12.55,0,600,"bu","13:54:14",1647500
12.5,-0.05,100,"sd","13:54:00",1646900
12.5,-0.05,2000,"sd","13:53:58",1646800
12.5,-0.05,200,"sd","13:53:40",1644800
12.6,-0.05,1000,"sd","13:46:45",2063300
12.6,-0.05,900,"sd","13:46:39",2062300
12.6,-0.05,5400,"sd","13:46:38",2061400
12.6,-0.05,6500,"sd","13:46:34",2056000
12.6,-0.05,500,"sd","13:46:19",2049500
12.6,-0.05,1000,"sd","13:46:16",2049000
12.6,-0.05,5400,"sd","13:46:14",2048000
12.6,-0.05,400,"sd","13:46:09",2042600
12.6,-0.05,5400,"sd","13:46:07",2042200
12.6,-0.05,400,"sd","13:44:59",2036800
12.6,-0.05,5400,"sd","13:44:56",2036400
12.6,-0.05,400,"sd","13:44:19",2031000
12.6,-0.05,5400,"sd","13:44:10",2030600
12.6,-0.05,5400,"sd","13:43:56",2025200
12.6,-0.05,5400,"sd","13:43:44",2019800
12.6,-0.05,500,"sd","13:43:16",2014400
12.6,-0.05,11700,"sd","13:42:10",2013900
12.6,-0.05,5400,"sd","13:42:00",2002200
12.6,-0.05,1000,"sd","13:41:34",1996800
12.6,-0.05,8800,"bu","13:41:25",1995800
12.55,0,800,"sd","13:51:50",1597400
12.55,0,10000,"sd","13:51:46",1596600
12.55,0,100,"sd","13:51:00",1586600
12.55,0,2400,"sd","13:50:50",1586500
12.55,0,30000,"sd","13:50:41",1584100
12.55,0,400,"sd","13:48:07",1554100
12.55,0,1000,"sd","13:47:56",1553700
12.55,0,100,"sd","13:47:50",1552700
12.55,0,2000,"sd","13:47:50",1552600
12.55,0,100,"sd","13:46:50",1550600
12.55,0,1000,"sd","13:46:44",1550500
12.55,0,300,"sd","13:46:40",1549500
12.55,0,4700,"bu","13:46:36",1549200
12.5,-0.05,200,"sd","13:46:10",1544500
12.55,0,2800,"bu","13:46:06",1544300
12.55,0,100,"bu","13:45:50",1541500
12.55,0,500,"bu","13:45:49",1541400
12.5,-0.05,100,"sd","13:45:30",1540900
12.5,-0.05,1500,"sd","13:45:20",1540800
12.55,0,18800,"sd","13:45:17",1539300
12.55,0,1000,"sd","13:43:48",1520500
12.55,0,100,"sd","13:42:50",1519500
12.55,0,1400,"sd","13:42:40",1519400
12.55,0,500,"sd","13:42:39",1518000
12.55,0,17900,"sd","13:42:30",1517500
12.55,0,212000,"bu","13:42:28",1499600
12.55,0,100,"bu","13:41:42",1287600
12.5,-0.05,200,"sd","13:41:40",1287500
12.5,-0.05,3200,"sd","13:41:30",1287300
12.5,-0.05,40000,"sd","13:41:24",1284100
12.5,-0.05,500,"sd","13:41:09",1244100
12.55,0,100,"bu","13:40:05",1243600
12.5,-0.05,100,"sd","13:39:40",1243500
12.5,-0.05,1700,"sd","13:39:36",1243400
12.55,0,200,"bu","13:39:21",1241700
12.55,0,100,"bu","13:38:48",1241500
12.5,-0.05,400,"sd","13:38:30",1241400
12.5,-0.05,5000,"sd","13:38:21",1241000
12.5,-0.05,800,"sd","13:37:40",1236000
12.55,0,10000,"bu","13:37:33",1235200
12.55,-0.1,10000,"sd","13:22:27",1727000
12.55,-0.1,2700,"sd","13:20:51",1717000
12.55,-0.1,10000,"sd","13:17:35",1714300
12.55,-0.1,17200,"sd","13:16:12",1704300
12.55,-0.1,100,"sd","13:15:57",1687100
12.55,-0.1,10000,"sd","13:13:26",1687000
12.55,-0.1,10900,"sd","13:11:13",1677000
12.55,-0.1,8300,"sd","13:11:13",1666100
12.55,-0.1,100,"sd","13:10:30",1657800
12.55,-0.1,7300,"bu","13:10:01",1657700
12.55,-0.1,4000,"bu","13:09:53",1650400
12.55,-0.1,3500,"bu","13:09:52",1646400
12.55,-0.1,3000,"bu","13:09:51",1642900
12.55,-0.1,500,"bu","13:09:47",1639900
12.55,-0.1,100,"bu","13:09:23",1639400
12.55,-0.1,100,"bu","13:09:13",1639300
12.55,-0.1,100,"bu","13:09:12",1639200
12.55,-0.1,500,"bu","13:09:06",1639100
12.55,-0.1,100,"bu","13:09:00",1638600
12.55,-0.1,100,"bu","13:08:52",1638500
12.55,0,10000,"bu","13:25:38",1145400
12.55,0,500,"bu","13:25:19",1135400
12.55,0,2000,"bu","13:25:16",1134900
12.55,0,10000,"bu","13:25:11",1132900
12.55,0,400,"bu","13:25:10",1122900
12.55,0,500,"bu","13:24:51",1122500
12.55,0,10000,"bu","13:24:50",1122000
12.55,0,2000,"bu","13:24:42",1112000
12.55,0,300,"bu","13:24:36",1110000
12.55,0,39000,"bu","13:24:21",1109700
12.5,-0.05,200,"sd","13:24:04",1070700
12.55,0,200,"bu","13:23:40",1070500
12.5,-0.05,1800,"sd","13:21:47",1070300
12.55,0,800,"bu","13:19:39",1068500
12.5,-0.05,400,"sd","13:17:18",1067700
12.5,-0.05,10000,"bu","13:17:17",1067300
12.5,-0.05,200,"bu","13:17:13",1057300
12.5,-0.05,32000,"bu","13:17:01",1057100
12.5,-0.05,1000,"bu","13:16:54",1025100
12.5,-0.05,200,"bu","13:16:43",1024100
12.55,-0.1,500,"bu","13:04:51",1624300
12.55,-0.1,16500,"sd","13:04:32",1623800
12.55,-0.1,4400,"sd","13:04:13",1607300
12.6,-0.05,1000,"bu","13:04:00",1602900
12.55,-0.1,24300,"bu","13:02:21",1601900
12.55,-0.1,35700,"bu","13:02:21",1577600
12.55,-0.1,800,"bu","13:02:14",1541900
12.55,-0.1,200,"bu","13:01:56",1541100
12.55,-0.1,800,"bu","13:01:38",1540900
12.55,-0.1,100,"bu","13:00:37",1540100
12.55,-0.1,500,"bu","13:00:20",1540000
12.5,-0.15,100,"sd","13:00:14",1539500
12.55,-0.1,4200,"bu","13:00:14",1539400
12.55,-0.1,10000,"bu","13:00:10",1535200
12.55,-0.1,200,"bu","13:00:09",1525200
12.55,-0.1,500,"bu","13:00:04",1525000
12.55,-0.1,5300,"bu","13:00:02",1524500
12.55,-0.1,200,"bu","13:00:01",1519200
12.55,-0.1,4100,"bu","13:00:00",1519000
12.5,-0.15,1000,"sd","13:00:00",1514900
12.55,0,500,"bu","13:08:29",581500
12.55,0,200,"bu","13:08:23",581000
12.55,0,1100,"bu","13:07:55",580800
12.55,0,1000,"bu","13:07:48",579700
12.55,0,300,"bu","13:07:07",578700
12.55,0,500,"bu","13:05:04",578400
12.55,0,5000,"bu","13:03:40",577900
12.5,-0.05,9000,"sd","13:01:57",572900
12.5,-0.05,300,"sd","13:00:06",563900
12.55,0,5200,"bu","13:00:06",563600
12.55,0,1200,"bu","13:00:03",558400
12.55,0,2000,"bu","13:00:00",557200
12.55,0,100,"bu","13:00:00",555200
12.55,0,900,"bu","11:28:33",555100
12.55,0,200,"bu","11:28:26",554200
12.55,0,200,"bu","11:25:35",554000
12.55,0,1500,"bu","11:24:20",553800
12.5,-0.05,500,"sd","11:24:02",552300
12.55,0,1000,"bu","11:23:24",551800
12.55,0,200,"bu","11:22:04",550800
12.5,-0.05,500,"sd","11:22:00",550600
12.55,0,500,"bu","11:19:55",550100
12.55,0,1100,"bu","11:19:30",549600
12.55,0,3000,"bu","11:19:19",548500
12.55,0,200,"bu","11:14:55",545500
12.55,0,100,"bu","11:14:38",545300
12.55,0,100,"bu","11:14:01",545200
12.55,0,1000,"bu","11:13:53",545100
12.55,0,1000,"bu","11:13:14",544100
12.5,-0.05,800,"sd","11:11:17",543100
12.55,0,100,"bu","11:11:01",542300
12.55,0,500,"bu","11:09:15",542200
12.55,0,1000,"bu","11:08:53",541700
12.55,0,500,"bu","11:08:04",540700
12.55,0,300,"bu","11:04:05",540200
12.55,0,1200,"bu","11:03:04",539900
12.55,0,200,"bu","11:02:38",538700
12.55,0,100,"bu","10:59:50",538500
12.55,0,2000,"bu","10:58:16",538400
12.5,-0.05,1300,"sd","10:56:49",536400
12.55,0,900,"bu","10:56:28",535100
12.55,0,400,"bu","10:56:13",534200
12.55,0,100,"bu","10:56:12",533800
12.55,0,1200,"bu","10:55:57",533700
12.55,0,100,"bu","10:55:00",532500
12.55,0,600,"bu","10:53:18",532400
12.5,-0.05,200,"sd","10:51:46",531800
12.55,0,100,"bu","10:51:38",521600
12.55,0,2000,"bu","10:51:21",521500
12.55,0,100,"bu","10:49:47",519500
12.55,0,100,"bu","10:49:19",519400
12.55,0,1500,"bu","10:49:08",519300
12.55,0,2000,"bu","10:49:05",517800
12.55,0,300,"bu","10:48:58",515800
12.55,0,300,"bu","10:47:26",515500
12.5,-0.05,200,"sd","10:47:01",515200
12.55,0,500,"bu","10:46:55",515000
12.55,0,100,"bu","10:46:46",514500
12.55,0,500,"bu","10:46:13",514400
12.55,0,100,"bu","10:45:23",513900
12.6,-0.05,500,"bu","10:56:20",888100
12.6,-0.05,100,"bu","10:56:07",887600
12.55,-0.1,500,"sd","10:55:57",887500
12.6,-0.05,100,"bu","10:55:06",887000
12.6,-0.05,100,"bu","10:54:52",886900
12.6,-0.05,100,"bu","10:54:41",886800
12.6,-0.05,100,"bu","10:54:31",886700
12.6,-0.05,500,"bu","10:54:16",886600
12.6,-0.05,100,"bu","10:54:13",886100
12.6,-0.05,100,"bu","10:53:58",886000
12.6,-0.05,100,"bu","10:53:39",885900
12.6,-0.05,500,"bu","10:53:20",885800
12.6,-0.05,100,"bu","10:53:18",885300
12.6,-0.05,300,"bu","10:53:17",885200
12.6,-0.05,100,"bu","10:52:47",884900
12.6,-0.05,100,"bu","10:52:37",884800
12.55,-0.1,500,"sd","10:52:31",884700
12.6,-0.05,300,"bu","10:51:32",884200
12.6,-0.05,1000,"bu","10:51:16",883900
12.6,-0.05,200,"bu","10:48:17",882900
12.6,-0.05,200,"bu","10:46:58",882700
12.6,-0.05,500,"bu","10:46:52",882500
12.55,-0.1,200,"sd","10:46:48",882000
12.6,-0.05,2800,"bu","10:46:37",881800
12.6,-0.05,200,"bu","10:45:35",879000
12.6,-0.05,1000,"bu","10:45:21",878800
12.6,-0.05,1000,"bu","10:42:58",877800
12.6,-0.05,100,"bu","10:42:56",876800
12.6,-0.05,1000,"bu","10:42:50",876700
12.6,-0.05,200,"bu","10:42:39",875700
12.55,-0.1,1000,"sd","10:42:38",875500
12.6,-0.05,13600,"sd","10:42:28",874500
12.6,-0.05,500,"sd","10:41:54",860900
12.6,-0.05,200,"sd","10:40:28",860400
12.6,-0.05,3000,"sd","10:40:25",860200
12.6,-0.05,100,"sd","10:38:57",857200
12.6,-0.05,400,"sd","10:38:48",857100
12.6,-0.05,5000,"sd","10:38:45",856700
12.6,-0.05,300,"sd","10:37:53",851700
12.6,-0.05,300,"sd","10:36:21",851400
12.6,-0.05,100,"sd","10:35:48",851100
12.6,-0.05,2000,"sd","10:35:41",851000
12.6,-0.05,100,"bu","10:34:18",849000
12.6,-0.05,1200,"sd","10:34:09",848900
12.6,-0.05,400,"sd","10:32:14",847700
12.55,-0.1,500,"sd","10:30:58",847300
12.55,-0.1,6700,"sd","10:30:49",846800
12.6,-0.05,100,"sd","10:30:49",840100
12.55,-0.1,600,"sd","10:29:58",840000
12.55,-0.1,3500,"sd","10:29:48",839400
12.6,-0.05,4500,"sd","10:29:48",835900
12.6,-0.05,100000,"sd","10:29:42",831400
12.6,-0.05,900,"sd","10:28:58",731400
12.6,-0.05,11300,"sd","10:28:50",730500
12.6,-0.05,500,"sd","10:28:38",719200
12.6,-0.05,6300,"sd","10:28:28",718700
12.6,-0.05,78800,"bu","10:28:25",712400
12.55,-0.1,800,"sd","10:27:18",633600
12.6,-0.05,10500,"bu","10:27:17",632800
12.6,-0.05,1000,"bu","10:27:06",622300
12.55,0,600,"sd","09:48:05",359200
12.55,0,2000,"sd","09:47:14",358600
12.55,0,100,"sd","09:47:02",356600
12.55,0,600,"sd","09:45:01",356500
12.55,0,5000,"sd","09:44:51",355900
12.55,0,5000,"sd","09:44:47",350900
12.55,0,2300,"bu","09:44:34",345900
12.55,0,2700,"sd","09:44:12",343600
12.55,0,5000,"sd","09:44:07",340900
12.55,0,1500,"sd","09:44:00",335900
12.55,0,500,"sd","09:43:37",334400
12.55,0,10000,"sd","09:41:50",333900
12.55,0,5000,"sd","09:41:28",323900
12.55,0,50000,"sd","09:40:45",318900
12.6,0.05,100,"bu","09:39:00",268900
12.6,0.05,100,"bu","09:38:27",268800
12.6,0.05,100,"bu","09:37:31",268700
12.6,0.05,100,"bu","09:36:53",268600
12.6,0.05,300,"bu","09:35:57",268500
12.55,0,3400,"sd","09:34:26",268200
12.55,0,55000,"sd","09:33:36",264800
12.55,0,300,"sd","09:33:26",209800
12.55,0,1000,"sd","09:32:40",209500
12.55,0,1000,"sd","09:31:04",208500
12.55,0,3400,"bu","09:30:49",207500
12.55,0,1700,"bu","09:30:45",204100
12.55,0,200,"bu","09:30:44",202400
12.55,0,800,"bu","09:30:40",202200
12.55,0,500,"bu","09:30:35",201400
12.55,0,100,"bu","09:30:19",200900
12.55,0,300,"bu","09:30:05",200800
12.55,0,3000,"sd","09:30:02",200500
12.55,0,5000,"sd","09:29:57",197500
12.55,0,17900,"sd","09:29:10",192500
12.55,0,30000,"sd","09:28:46",174600
12.55,0,20000,"sd","09:28:20",144600
12.55,0,1000,"sd","09:27:15",124600
12.55,0,30000,"sd","09:25:41",123600
12.6,0.05,2000,"bu","09:25:20",93600
12.55,0,5100,"bu","09:25:10",91600
12.55,0,300,"sd","09:24:59",86500
12.55,0,300,"sd","09:24:54",86200
12.55,0,200,"sd","09:24:51",85900
12.55,0,200,"bu","09:24:41",85700
12.55,0,5100,"sd","09:24:35",85500
12.55,0,100,"sd","09:24:22",80400
12.55,0,500,"sd","09:24:12",80300
12.55,0,1500,"bu","09:23:51",79800
12.55,0,20000,"bu","09:23:46",78300
12.55,0,3000,"bu","09:23:29",58300
12.55,0,100,"bu","09:23:21",55300
12.55,0,100,"bu","09:23:15",55200
12.55,0,500,"bu","09:23:03",55100
12.55,0,400,"bu","09:22:59",54600
12.55,0,5000,"bu","09:22:09",54200
12.55,0,5000,"bu","09:22:05",49200
12.55,0,100,"bu","09:21:58",44200
12.5,-0.05,100,"sd","09:21:53",44100
12.55,0,400,"bu","09:21:27",44000
12.55,0,200,"bu","09:20:19",43600
12.6,-0.05,100,"bu","09:57:10",442900
12.6,-0.05,100,"bu","09:57:00",442800
12.6,-0.05,2000,"bu","09:56:58",442700
12.6,-0.05,1000,"bu","09:56:57",440700
12.6,-0.05,26300,"sd","09:55:48",439700
12.6,-0.05,50000,"sd","09:55:36",413400
12.6,-0.05,400,"sd","09:55:01",363400
12.6,-0.05,50000,"sd","09:54:09",363000
12.6,-0.05,600,"sd","09:54:07",313000
12.6,-0.05,300,"sd","09:53:10",312400
12.6,-0.05,2500,"sd","09:52:39",312100
12.6,-0.05,3300,"bu","09:52:37",309600
12.6,-0.05,300,"bu","09:52:15",306300
12.6,-0.05,500,"bu","09:52:07",306000
12.6,-0.05,2400,"sd","09:51:47",305500
12.6,-0.05,2900,"bu","09:51:18",303100
12.6,-0.05,200,"sd","09:51:08",300200
12.6,-0.05,100,"bu","09:50:51",300000
12.6,-0.05,100,"bu","09:50:40",299900
12.6,-0.05,100,"bu","09:50:23",299800
