"price","change","match_qtty","side","time","total_vol"
27.6,0.05,29700,"","14:45:02",464200
27.55,0,100,"sd","14:29:37",434500
27.55,0,5000,"sd","14:29:20",434400
27.6,0.05,3000,"sd","14:28:22",429400
27.65,0.1,700,"sd","14:28:01",426400
27.7,0.15,300,"sd","14:26:48",425700
27.7,0.15,10000,"sd","14:26:38",425400
27.7,0.15,5000,"sd","14:25:29",415400
27.7,0.15,100,"sd","14:24:10",410400
27.7,0.15,10000,"bu","14:22:57",410300
27.65,0.1,100,"bu","14:22:57",400300
27.7,0.15,100,"bu","14:21:59",400200
27.7,0.15,100,"bu","14:21:44",400100
27.7,0.15,100,"bu","14:20:43",400000
27.7,0.15,100,"sd","14:19:12",399900
27.7,0.15,5400,"sd","14:16:56",399800
27.7,0.15,200,"sd","14:16:05",394400
27.7,0.15,2400,"sd","14:14:41",394200
27.7,0.15,1000,"sd","14:14:36",391800
27.7,0.15,1000,"sd","14:14:21",390800
27.55,0.55,500,"bu","14:15:22",369100
27.55,0.55,500,"sd","14:14:50",368600
27.55,0.55,4600,"bu","14:14:18",368100
27.55,0.55,10000,"bu","14:12:26",363500
27.5,0.5,500,"bu","14:12:04",353500
27.45,0.45,200,"bu","14:10:51",353000
27.45,0.45,800,"sd","14:10:44",352800
27.45,0.45,100,"sd","14:10:31",352000
27.45,0.45,1800,"sd","14:09:42",351900
27.5,0.5,300,"bu","14:09:02",350100
27.5,0.5,100,"bu","14:08:28",349800
27.5,0.5,500,"bu","14:07:50",349700
27.45,0.45,700,"sd","14:07:50",349200
27.45,0.45,200,"sd","14:06:43",348500
27.45,0.45,1000,"sd","14:05:51",348300
27.5,0.5,2000,"bu","14:05:50",347300
27.45,0.45,6500,"bu","14:05:41",345300
27.45,0.45,500,"bu","14:05:32",338800
27.45,0.45,3000,"sd","14:05:21",338300
27.45,0.45,100,"sd","14:05:19",335300
27.85,0.3,1000,"bu","13:55:47",356500
27.8,0.25,100,"sd","13:51:57",355500
27.85,0.3,600,"sd","13:49:57",355400
27.85,0.3,100,"sd","13:49:39",354800
27.85,0.3,200,"sd","13:48:28",354700
27.85,0.3,100,"bu","13:46:47",354500
27.85,0.3,1100,"bu","13:44:18",354400
27.85,0.3,900,"bu","13:44:18",353300
27.85,0.3,400,"bu","13:41:58",352400
27.85,0.3,8000,"bu","13:41:04",352000
27.85,0.3,200,"bu","13:41:04",344000
27.85,0.3,500,"sd","13:39:04",343800
27.85,0.3,700,"bu","13:38:46",343300
27.8,0.25,800,"bu","13:38:46",342600
27.8,0.25,100,"bu","13:37:51",341800
27.8,0.25,1200,"sd","13:36:36",341700
27.8,0.25,100,"bu","13:34:00",340500
27.8,0.25,300,"sd","13:32:01",340400
27.85,0.3,300,"sd","13:31:29",340100
27.85,0.3,300,"sd","13:31:04",339800
27.55,0.55,400,"bu","13:39:26",305600
27.55,0.55,1400,"bu","13:39:00",305200
27.55,0.55,1000,"bu","13:38:23",303800
27.55,0.55,1700,"sd","13:36:03",302800
27.55,0.55,500,"sd","13:35:13",301100
27.55,0.55,3200,"sd","13:34:38",300600
27.55,0.55,1000,"sd","13:30:39",297400
27.55,0.55,1000,"sd","13:30:33",296400
27.55,0.55,500,"sd","13:30:07",295400
27.55,0.55,300,"bu","13:29:28",294900
27.55,0.55,400,"bu","13:29:20",294600
27.55,0.55,100,"bu","13:29:13",294200
27.55,0.55,100,"bu","13:29:03",294100
27.55,0.55,800,"bu","13:28:07",294000
27.55,0.55,800,"bu","13:25:57",293200
27.55,0.55,100,"bu","13:25:51",292400
27.55,0.55,500,"bu","13:25:14",292300
27.55,0.55,700,"bu","13:25:11",291800
27.55,0.55,2500,"bu","13:25:06",291100
27.55,0.55,3700,"sd","13:23:29",288600
27.8,0.25,1000,"sd","13:12:08",322500
27.8,0.25,4100,"bu","13:11:47",321500
27.7,0.15,10000,"bu","13:11:03",317400
27.65,0.1,100,"sd","13:10:08",307400
27.65,0.1,200,"bu","13:09:45",307300
27.65,0.1,200,"bu","13:08:25",307100
27.65,0.1,1600,"sd","13:08:00",306900
27.65,0.1,500,"sd","13:07:51",305300
27.65,0.1,11000,"sd","13:07:38",304800
27.65,0.1,100,"sd","13:07:14",293800
27.65,0.1,10100,"bu","13:06:39",293700
27.6,0.05,1200,"bu","13:06:39",283600
27.6,0.05,500,"bu","13:05:42",282400
27.6,0.05,100,"sd","13:05:34",281900
27.6,0.05,1600,"sd","13:05:29",281800
27.65,0.1,3100,"sd","13:04:52",280200
27.7,0.15,800,"sd","13:04:52",277100
27.7,0.15,500,"sd","13:04:52",276300
27.75,0.2,1000,"sd","13:04:37",275800
27.75,0.2,3900,"sd","13:04:30",274800
27.55,0.55,900,"bu","11:25:41",267700
27.5,0.5,2000,"sd","11:22:07",266800
27.5,0.5,10000,"sd","11:21:01",264800
27.55,0.55,500,"bu","11:20:25",254800
27.55,0.55,400,"sd","11:19:58",254300
27.55,0.55,100,"bu","11:19:16",253900
27.55,0.55,400,"sd","11:18:39",253800
27.55,0.55,1000,"sd","11:18:25",253400
27.55,0.55,1000,"sd","11:16:34",252400
27.55,0.55,200,"sd","11:16:12",251400
27.6,0.6,200,"bu","11:15:50",251200
27.6,0.6,300,"bu","11:14:42",251000
27.6,0.6,300,"bu","11:14:13",250700
27.6,0.6,300,"bu","11:13:33",250400
27.6,0.6,1000,"bu","11:13:09",250100
27.55,0.55,300,"sd","11:05:23",249100
27.55,0.55,100,"sd","11:04:47",248800
27.55,0.55,1500,"sd","11:04:02",248700
27.55,0.55,500,"sd","11:03:43",247200
27.55,0.55,1000,"sd","11:03:04",246700
27.8,0.25,700,"bu","11:03:23",243400
27.8,0.25,500,"bu","10:54:39",242700
27.8,0.25,200,"bu","10:53:25",242200
27.8,0.25,200,"bu","10:53:08",242000
27.8,0.25,400,"bu","10:52:20",241800
27.8,0.25,300,"bu","10:51:48",241400
27.8,0.25,300,"bu","10:51:31",241100
27.8,0.25,1000,"bu","10:49:19",240800
27.8,0.25,1000,"bu","10:46:24",239800
27.8,0.25,400,"bu","10:45:41",238800
27.8,0.25,1200,"sd","10:44:12",238400
27.8,0.25,200,"sd","10:44:08",237200
27.8,0.25,100,"sd","10:43:51",237000
27.8,0.25,200,"sd","10:43:26",236900
27.85,0.3,400,"bu","10:40:05",236700
27.85,0.3,400,"sd","10:35:54",236300
27.85,0.3,200,"sd","10:35:18",235900
27.85,0.3,1000,"sd","10:34:49",235700
27.85,0.3,100,"sd","10:30:36",234700
27.85,0.3,300,"sd","10:26:56",234600
27.9,0.35,2500,"sd","10:25:36",234300
27.9,0.35,2500,"bu","10:24:51",231800
27.9,0.35,1000,"bu","10:23:45",229300
27.85,0.3,100,"sd","10:22:53",228300
27.85,0.3,100,"bu","10:22:34",228200
27.8,0.25,100,"bu","10:22:05",228100
27.8,0.25,4000,"bu","10:21:50",228000
27.75,0.2,500,"sd","10:20:53",224000
27.75,0.2,100,"sd","10:19:24",223500
27.8,0.25,5000,"bu","10:19:07",223400
27.75,0.2,900,"bu","10:17:33",218400
27.8,0.25,100,"bu","10:16:42",217500
27.8,0.25,1000,"bu","10:16:11",217400
27.8,0.25,500,"bu","10:15:42",216400
27.8,0.25,2300,"sd","10:15:29",215900
27.8,0.25,2900,"sd","10:15:27",213600
27.85,0.3,3800,"sd","10:15:13",210700
27.9,0.35,700,"bu","10:14:41",206900
27.9,0.35,300,"bu","10:14:39",206200
27.9,0.35,400,"bu","10:13:56",205900
27.6,0.6,500,"bu","10:11:33",208900
27.6,0.6,9200,"sd","10:11:21",208400
27.6,0.6,1000,"sd","10:10:36",199200
27.65,0.65,200,"bu","10:10:17",198200
27.65,0.65,2200,"bu","10:09:54",198000
27.65,0.65,600,"bu","10:09:28",195800
27.6,0.6,800,"bu","10:09:27",195200
27.6,0.6,200,"sd","10:09:24",194400
27.6,0.6,200,"sd","10:09:22",194200
27.6,0.6,100,"sd","10:09:11",194000
27.6,0.6,4500,"bu","10:08:52",193900
27.6,0.6,1000,"bu","10:08:05",189400
27.55,0.55,2100,"bu","10:06:37",188400
27.55,0.55,2000,"bu","10:06:35",186300
27.55,0.55,500,"bu","10:06:06",184300
27.55,0.55,700,"bu","10:06:02",183800
27.5,0.5,1000,"sd","10:04:41",183100
27.5,0.5,200,"sd","10:03:38",182100
27.5,0.5,1700,"bu","10:03:17",181900
27.5,0.5,1300,"bu","10:03:12",180200
27.5,0.5,5000,"bu","10:02:37",178900
27.4,0.4,1000,"sd","10:02:36",173900
27.5,0.5,400,"bu","10:00:23",172900
27.5,0.5,1100,"bu","10:00:11",172500
27.5,0.5,1900,"bu","10:00:02",171400
27.4,0.4,500,"sd","09:59:29",169500
27.4,0.4,800,"sd","09:59:05",169000
27.4,0.4,4300,"bu","09:54:25",168200
27.4,0.4,100,"bu","09:53:45",163900
27.4,0.4,15700,"sd","09:53:19",163800
27.5,0.5,1300,"sd","09:53:09",148100
27.5,0.5,3700,"bu","09:52:57",146800
27.5,0.5,2500,"bu","09:52:54",143100
27.45,0.45,500,"bu","09:52:54",140600
27.45,0.45,500,"sd","09:52:44",140100
27.5,0.5,1700,"bu","09:52:34",139600
27.5,0.5,1000,"bu","09:52:29",137900
27.5,0.5,1100,"sd","09:52:17",136900
27.5,0.5,100,"bu","09:51:47",135800
27.5,0.5,500,"sd","09:51:36",135700
27.4,0.4,5000,"sd","09:50:55",135200
27.4,0.4,3800,"sd","09:50:50",130200
27.6,0.6,1200,"bu","09:47:57",126400
27.65,0.65,4700,"bu","09:44:55",125200
27.6,0.6,5100,"bu","09:44:31",120500
27.5,0.5,1900,"bu","09:44:25",115400
27.5,0.5,700,"bu","09:43:48",113500
27.5,0.5,1900,"bu","09:43:27",111800
27.45,0.45,100,"bu","09:43:27",109900
27.35,0.35,4300,"sd","09:41:07",109800
27.4,0.4,200,"bu","09:40:29",105500
27.4,0.4,400,"sd","09:40:19",105300
27.4,0.4,5000,"sd","09:40:16",104900
27.45,0.45,100,"sd","09:39:29",99900
27.45,0.45,100,"sd","09:38:44",99800
27.5,0.5,100,"bu","09:38:05",99700
27.5,0.5,500,"bu","09:36:50",99600
27.45,0.45,1300,"bu","09:36:44",99100
27.45,0.45,300,"bu","09:36:40",97800
27.45,0.45,8400,"sd","09:36:29",97500
27.5,0.5,1200,"bu","09:36:12",89100
27.5,0.5,500,"bu","09:36:02",87900
27.5,0.5,9800,"sd","09:35:27",87400
27.55,0.55,400,"bu","09:34:45",77600
27.55,0.55,200,"bu","09:34:42",77200
27.55,0.55,200,"bu","09:34:29",77000
27.55,0.55,3800,"sd","09:34:25",76800
27.6,0.6,500,"bu","09:34:22",73000
27.6,0.6,1000,"bu","09:34:02",72500
27.7,0.7,3000,"bu","09:33:38",71500
27.7,0.7,1800,"bu","09:33:26",68500
27.7,0.7,500,"sd","09:33:19",66700
27.8,0.8,200,"bu","09:33:15",66200
27.7,0.7,2400,"bu","09:33:15",66000
27.7,0.7,1900,"bu","09:33:11",63600
27.7,0.7,1000,"bu","09:33:09",61700
27.7,0.7,500,"bu","09:33:04",60700
27.7,0.7,2000,"bu","09:33:03",60200
27.7,0.7,500,"bu","09:32:54",58200
27.7,0.7,1800,"sd","09:32:43",57700
27.45,-0.1,200,"bu","09:31:16",29000
27.45,-0.1,500,"bu","09:30:53",28800
27.45,-0.1,600,"bu","09:30:42",28300
27.45,-0.1,400,"bu","09:30:34",27700
27.45,-0.1,1000,"bu","09:30:26",27300
27.45,-0.1,100,"bu","09:29:16",26300
27.45,-0.1,200,"bu","09:29:08",26200
27.45,-0.1,500,"bu","09:29:05",26000
27.45,-0.1,500,"bu","09:28:28",25500
27.4,-0.15,300,"bu","09:28:15",25000
27.4,-0.15,1600,"sd","09:27:18",24700
27.45,-0.1,800,"sd","09:26:56",23100
27.45,-0.1,3200,"sd","09:26:54",22300
27.5,-0.05,100,"bu","09:26:29",19100
27.5,-0.05,5000,"bu","09:26:06",19000
27.45,-0.1,200,"sd","09:25:48",14000
27.5,-0.05,2000,"bu","09:23:49",13800
27.45,-0.1,100,"sd","09:22:43",11800
27.4,-0.15,100,"sd","09:21:10",11700
27.4,-0.15,900,"sd","09:21:00",11600
27.3,0.3,200,"sd","09:25:55",21400
27.25,0.25,2000,"sd","09:24:31",21200
27.25,0.25,400,"sd","09:24:23",19200
27.25,0.25,500,"sd","09:22:20",18800
27.25,0.25,200,"bu","09:21:38",18300
27.25,0.25,5000,"bu","09:21:30",18100
27.25,0.25,2200,"bu","09:21:09",13100
27.25,0.25,100,"bu","09:21:05",10900
27.25,0.25,100,"bu","09:20:45",10800
27.1,0.1,800,"sd","09:17:55",10700
27.25,0.25,9900,"","09:15:02",9900
26.6,-0.2,1000,"","09:15:01",1000
