"price","change","match_qtty","side","time","total_vol"
29.5,0.3,11300,"","14:45:04",338400
29.5,0.3,11300,"bu","14:29:27",327100
29.45,0.25,6400,"bu","14:29:27",315800
29.4,0.2,2300,"bu","14:29:27",309400
29.3,0.1,100,"sd","14:28:52",307100
29.3,0.1,100,"bu","14:25:15",307000
29.3,0.1,100,"bu","14:24:40",306900
29.3,0.1,100,"bu","14:24:06",306800
29.25,0.05,100,"sd","14:21:28",306700
29.2,0,1700,"sd","14:18:07",306600
29.25,0.05,1900,"sd","14:18:07",304900
29.25,0.05,4000,"sd","14:16:14",303000
29.25,0.05,100,"sd","14:14:45",299000
29.2,0,900,"sd","14:11:37",298900
29.25,0.05,1600,"sd","14:11:37",298000
29.25,0.05,2000,"sd","14:10:10",296400
29.25,0.05,3400,"sd","14:07:02",294400
29.3,0.1,2600,"sd","14:07:02",291000
29.45,0.25,500,"bu","14:06:11",288400
29.3,0.1,1900,"sd","14:06:02",287900
29.35,0.15,100,"sd","14:06:02",286000
29.45,0.25,600,"bu","13:59:15",285900
29.5,0.3,2300,"bu","13:50:49",285300
29.45,0.25,2100,"bu","13:50:19",283000
29.45,0.25,6700,"bu","13:49:57",280900
29.4,0.2,3900,"bu","13:49:41",274200
29.25,0.05,3800,"sd","13:49:13",270300
29.3,0.1,4300,"sd","13:49:13",266500
29.35,0.15,1900,"sd","13:49:13",262200
29.35,0.15,500,"sd","13:47:05",260300
29.35,0.15,100,"sd","13:46:33",259800
29.35,0.15,100,"sd","13:45:58",259700
29.35,0.15,2000,"sd","13:41:13",259600
29.35,0.15,7400,"bu","13:38:44",257600
29.3,0.1,700,"bu","13:38:30",250200
29.3,0.1,500,"bu","13:38:28",249500
29.3,0.1,200,"bu","13:38:02",249000
29.25,0.05,2000,"sd","13:32:36",248800
29.3,0.1,600,"sd","13:31:17",246800
29.3,0.1,1100,"sd","13:30:14",246200
29.3,0.1,1700,"sd","13:28:18",245100
29.3,0.1,200,"sd","13:27:48",243400
29.3,0.1,500,"sd","13:27:14",243200
29.3,0.1,1000,"sd","13:24:58",242700
29.35,0.15,2600,"sd","13:24:24",241700
29.35,0.15,1500,"bu","13:23:34",239100
29.35,0.15,300,"bu","13:23:08",237600
29.35,0.15,100,"bu","13:17:35",237300
29.35,0.15,100,"bu","13:16:46",237200
29.3,0.1,5000,"sd","13:16:20",237100
29.3,0.1,100,"sd","13:15:49",232100
29.35,0.15,4600,"bu","13:13:55",232000
29.35,0.15,4900,"sd","13:12:52",227400
29.35,0.15,1000,"sd","13:12:14",222500
29.4,0.2,400,"bu","13:08:21",221500
29.4,0.2,1000,"sd","13:06:27",221100
29.4,0.2,4100,"sd","13:05:52",220100
29.4,0.2,500,"sd","13:05:17",216000
29.45,0.25,200,"bu","13:04:15",215500
29.45,0.25,400,"bu","13:02:48",215300
29.45,0.25,1000,"bu","13:02:22",214900
29.45,0.25,100,"sd","13:00:06",213900
29.45,0.25,700,"sd","13:00:04",213800
29.45,0.25,100,"sd","13:00:01",213100
29.45,0.25,1500,"sd","13:00:00",213000
29.45,0.25,1600,"bu","11:24:45",211500
29.45,0.25,300,"bu","11:22:32",209900
29.4,0.2,1000,"sd","11:14:43",209600
29.4,0.2,300,"sd","11:12:45",208600
29.45,0.25,1000,"bu","11:10:34",208300
29.4,0.2,1900,"sd","11:08:10",207300
29.4,0.2,2000,"sd","11:07:00",205400
29.4,0.2,1000,"sd","11:02:40",203400
29.45,0.25,500,"sd","10:58:06",202400
29.45,0.25,100,"sd","10:54:31",201900
29.45,0.25,3000,"sd","10:54:15",201800
29.45,0.25,1000,"sd","10:53:46",198800
29.45,0.25,2400,"bu","10:46:46",197800
29.45,0.25,300,"bu","10:46:19",195400
29.45,0.25,500,"bu","10:45:34",195100
29.4,0.2,1000,"sd","10:41:51",194600
29.4,0.2,500,"sd","10:41:20",193600
29.4,0.2,2000,"sd","10:40:43",193100
29.4,0.2,1200,"sd","10:39:20",191100
29.4,0.2,2000,"sd","10:37:07",189900
29.4,0.2,700,"sd","10:35:45",187900
29.45,0.25,2300,"sd","10:35:45",187200
29.45,0.25,200,"sd","10:34:00",184900
29.45,0.25,200,"sd","10:33:33",184700
29.45,0.25,1000,"sd","10:33:02",184500
29.45,0.25,2000,"sd","10:32:47",183500
29.5,0.3,400,"bu","10:31:48",181500
29.5,0.3,400,"sd","10:31:21",181100
29.5,0.3,100,"sd","10:31:16",180700
29.5,0.3,200,"sd","10:31:14",180600
29.5,0.3,2000,"sd","10:31:10",180400
29.5,0.3,2000,"sd","10:31:04",178400
29.5,0.3,500,"sd","10:30:57",176400
29.5,0.3,1600,"sd","10:30:56",175900
29.5,0.3,200,"sd","10:30:48",174300
29.5,0.3,2000,"sd","10:30:37",174100
29.5,0.3,4000,"sd","10:30:26",172100
29.5,0.3,1000,"sd","10:29:36",168100
29.5,0.3,1000,"sd","10:28:27",167100
29.55,0.35,100,"bu","10:28:25",166100
29.55,0.35,500,"bu","10:28:10",166000
29.55,0.35,100,"sd","10:24:41",165500
29.55,0.35,1000,"sd","10:24:31",165400
29.55,0.35,1000,"sd","10:24:22",164400
29.55,0.35,2000,"sd","10:24:08",163400
29.55,0.35,100,"sd","10:23:54",161400
29.55,0.35,100,"sd","10:22:51",161300
29.55,0.35,1800,"bu","10:21:47",161200
29.55,0.35,800,"bu","10:21:45",159400
29.55,0.35,10000,"bu","10:21:44",158600
29.55,0.35,3000,"bu","10:21:41",148600
29.55,0.35,200,"bu","10:20:29",145600
29.55,0.35,2000,"bu","10:20:17",145400
29.5,0.3,100,"sd","10:19:01",143400
29.5,0.3,3800,"bu","10:18:50",143300
29.5,0.3,100,"bu","10:18:46",139500
29.5,0.3,200,"bu","10:18:43",139400
29.5,0.3,1000,"bu","10:18:33",139200
29.5,0.3,3000,"bu","10:18:11",138200
29.5,0.3,100,"bu","10:17:44",135200
29.45,0.25,900,"sd","10:17:31",135100
29.45,0.25,500,"bu","10:17:14",134200
29.45,0.25,100,"bu","10:17:02",133700
29.45,0.25,200,"bu","10:16:41",133600
29.45,0.25,4300,"sd","10:16:35",133400
29.5,0.3,10000,"bu","10:16:11",129100
29.5,0.3,9000,"bu","10:15:51",119100
29.5,0.3,100,"bu","10:15:35",110100
29.5,0.3,2000,"bu","10:15:11",110000
29.45,0.25,1000,"sd","10:14:43",108000
29.45,0.25,3100,"bu","10:14:04",107000
29.45,0.25,100,"bu","10:13:58",103900
29.45,0.25,1000,"bu","10:13:16",103800
29.4,0.2,100,"sd","10:12:48",102800
29.4,0.2,100,"sd","10:11:51",102700
29.3,0.2,500,"bu","10:32:35",74700
29.3,0.2,2500,"bu","10:32:28",74200
29.25,0.15,5000,"sd","10:32:06",71700
29.25,0.15,2600,"bu","10:31:50",66700
29.25,0.15,3000,"bu","10:31:49",64100
29.25,0.15,100,"bu","10:31:35",61100
29.2,0.1,6000,"bu","10:31:08",61000
29.2,0.1,1000,"bu","10:30:23",55000
29.15,0.05,1500,"sd","10:26:31",54000
29.15,0.05,1000,"sd","10:19:29",52500
29.15,0.05,2000,"sd","10:17:18",51500
29.2,0.1,100,"bu","10:16:58",49500
29.2,0.1,100,"bu","10:16:37",49400
29.2,0.1,200,"bu","10:16:24",49300
29.2,0.1,100,"bu","10:16:20",49100
29.2,0.1,200,"bu","10:15:56",49000
29.2,0.1,1300,"sd","10:15:45",48800
29.25,0.15,200,"bu","10:15:26",47500
29.25,0.15,200,"bu","10:15:05",47300
29.25,0.15,1000,"bu","10:14:35",47100
29.4,0.2,3000,"bu","10:07:45",60100
29.35,0.15,2300,"bu","10:07:30",57100
29.35,0.15,10000,"bu","10:07:21",54800
29.3,0.1,1100,"bu","10:07:05",44800
29.3,0.1,5000,"bu","10:06:55",43700
29.25,0.05,500,"bu","10:06:10",38700
29.25,0.05,5000,"bu","10:06:06",38200
29.2,0,100,"bu","10:05:40",33200
29.2,0,500,"bu","10:05:10",33100
29.15,-0.05,100,"sd","10:04:31",32600
29.25,0.05,100,"bu","10:00:05",32500
29.2,0,1700,"bu","09:59:24",32400
29.2,0,500,"bu","09:59:20",30700
29.15,-0.05,500,"bu","09:58:28",30200
29.2,0,4600,"bu","09:58:07",29700
29.15,-0.05,200,"sd","09:57:20",25100
29.15,-0.05,3400,"bu","09:56:50",24900
29.15,-0.05,2300,"bu","09:55:43",21500
29.05,-0.15,1000,"sd","09:47:01",18900
29,-0.2,200,"sd","09:44:50",17900
29.15,0.05,200,"bu","10:06:49",36200
29.15,0.05,200,"bu","10:06:47",36000
29.15,0.05,200,"bu","10:06:31",35800
29.15,0.05,200,"bu","10:06:10",35600
29.15,0.05,500,"bu","10:05:59",35400
29,-0.1,700,"sd","10:05:43",34900
29.05,-0.05,400,"sd","10:05:43",34200
29.1,0,100,"sd","10:05:43",33800
29.15,0.05,100,"bu","10:05:10",33700
29.15,0.05,100,"bu","10:05:01",33600
29.15,0.05,100,"bu","10:03:53",33500
29.2,0.1,700,"bu","10:00:47",33400
29.2,0.1,1700,"bu","10:00:31",32700
29.2,0.1,100,"sd","09:58:48",31000
29.2,0.1,200,"sd","09:58:25",30900
29.2,0.1,1000,"sd","09:57:36",30700
29.3,0.2,3000,"bu","09:57:20",29700
29.25,0.15,2000,"bu","09:57:09",26700
29.25,0.15,100,"bu","09:56:55",24700
29.2,0.1,5300,"bu","09:56:29",24600
