"price","change","match_qtty","side","time","total_vol"
49.8,-1.7,282500,"","14:45:02",1884700
50.2,-1.3,300,"bu","14:29:59",1602200
50.2,-1.3,1000,"bu","14:29:56",1601900
50.2,-1.3,1000,"sd","14:29:46",1600900
50,-1.5,300,"sd","14:29:40",1599900
50.2,-1.3,200,"sd","14:29:40",1599600
50.2,-1.3,100,"sd","14:29:36",1599400
50.2,-1.3,100,"bu","14:29:34",1599300
50,-1.5,2100,"sd","14:29:34",1599200
50.1,-1.4,100,"sd","14:29:29",1597100
50,-1.5,15900,"bu","14:29:18",1597000
50,-1.5,600,"bu","14:29:15",1581100
50,-1.5,100,"bu","14:29:13",1580500
50,-1.5,2000,"bu","14:29:12",1580400
50,-1.5,500,"bu","14:29:12",1578400
50,-1.5,400,"bu","14:29:10",1577900
50,-1.5,100,"bu","14:29:07",1577500
50,-1.5,2100,"bu","14:29:07",1577400
50,-1.5,1500,"bu","14:29:06",1575300
50,-1.5,1700,"bu","14:29:05",1573800
50,-1.5,500,"bu","14:29:04",1572100
50,-1.5,500,"bu","14:29:02",1571600
50,-1.5,10600,"sd","14:29:00",1571100
50.1,-1.4,5000,"sd","14:29:00",1560500
50.3,-1.2,100,"bu","14:28:52",1555500
50.2,-1.3,100,"bu","14:28:52",1555400
50,-1.5,2000,"sd","14:28:45",1555300
50,-1.5,1500,"bu","14:28:39",1553300
50,-1.5,1000,"bu","14:28:39",1551800
50,-1.5,500,"bu","14:28:38",1550800
50,-1.5,200,"bu","14:28:34",1550300
50,-1.5,100,"bu","14:28:34",1550100
50,-1.5,100,"bu","14:28:32",1550000
50,-1.5,1000,"bu","14:28:32",1549900
50,-1.5,700,"bu","14:28:31",1548900
50,-1.5,500,"bu","14:28:29",1548200
50,-1.5,5000,"bu","14:28:28",1547700
50,-1.5,2100,"bu","14:28:26",1542700
50,-1.5,500,"bu","14:28:25",1540600
50,-1.5,2000,"bu","14:28:24",1540100
50,-1.5,200,"bu","14:28:22",1538100
50,-1.5,100,"bu","14:28:18",1537900
50,-1.5,200,"bu","14:28:16",1537800
50,-1.5,200,"bu","14:28:16",1537600
50,-1.5,200,"bu","14:28:13",1537400
50,-1.5,5000,"bu","14:28:11",1537200
50,-1.5,1600,"bu","14:28:11",1532200
50,-1.5,4000,"bu","14:28:10",1530600
50,-1.5,100,"bu","14:28:06",1526600
50,-1.5,48600,"sd","14:28:00",1526500
50.1,-1.4,2100,"sd","14:28:00",1477900
50.2,-1.3,500,"sd","14:28:00",1475800
50.3,-1.2,3000,"sd","14:28:00",1475300
50.3,-1.2,200,"sd","14:27:58",1472300
50.3,-1.2,1100,"bu","14:27:51",1472100
50.3,-1.2,2000,"bu","14:27:49",1471000
50.3,-1.2,100,"bu","14:27:48",1469000
50.3,-1.2,1000,"bu","14:27:47",1468900
50.3,-1.2,500,"bu","14:27:45",1467900
50.3,-1.2,100,"bu","14:27:42",1467400
50.3,-1.2,200,"bu","14:27:38",1467300
50.3,-1.2,400,"bu","14:27:36",1467100
50.3,-1.2,100,"bu","14:27:34",1466700
50.3,-1.2,100,"bu","14:27:32",1466600
50.3,-1.2,400,"bu","14:27:30",1466500
50.3,-1.2,2000,"bu","14:27:25",1466100
50.3,-1.2,200,"bu","14:27:24",1464100
50.3,-1.2,300,"bu","14:27:12",1463900
50,-1.5,1000,"sd","14:27:10",1463600
50,-1.5,5600,"sd","14:27:07",1462600
50,-1.5,1200,"sd","14:27:06",1457000
50.3,-1.2,100,"bu","14:27:05",1455800
50,-1.5,200,"sd","14:27:04",1455700
50.2,-1.3,100,"bu","14:26:58",1455500
50,-1.5,2500,"bu","14:26:56",1455400
50,-1.5,300,"bu","14:26:55",1452900
50,-1.5,500,"bu","14:26:54",1452600
50,-1.5,100,"bu","14:26:54",1452100
50,-1.5,600,"bu","14:26:52",1452000
50,-1.5,2000,"bu","14:26:51",1451400
49.95,-1.55,2500,"sd","14:26:50",1449400
50,-1.5,300,"bu","14:26:50",1446900
50,-1.5,200,"bu","14:26:47",1446600
50,-1.5,1200,"bu","14:26:42",1446400
49.95,-1.55,200,"sd","14:26:41",1445200
50,-1.5,200,"bu","14:26:41",1445000
50,-1.5,10100,"bu","14:26:40",1444800
50,-1.5,3000,"bu","14:26:37",1434700
50,-1.5,600,"bu","14:26:33",1431700
50,-1.5,1600,"bu","14:26:29",1431100
50,-1.5,1000,"bu","14:26:28",1429500
50,-1.5,100,"bu","14:26:25",1428500
50,-1.5,7700,"bu","14:26:23",1428400
50,-1.5,100,"bu","14:26:21",1420700
49.95,-1.55,500,"sd","14:26:21",1420600
49.95,-1.55,1000,"sd","14:26:19",1420100
50,-1.5,8100,"bu","14:26:18",1419100
50,-1.5,1200,"bu","14:26:14",1411000
49.95,-1.55,400,"sd","14:26:14",1409800
50,-1.5,200,"bu","14:26:12",1409400
50,-1.5,500,"bu","14:26:11",1409200
50,-1.5,1300,"bu","14:26:09",1408700
50,-1.5,1000,"bu","14:26:07",1407400
50,-1.5,200,"bu","14:26:04",1406400
50,-1.5,1500,"sd","14:26:03",1406200
50,-1.5,3000,"bu","14:25:59",1404700
50,-1.5,1000,"bu","14:25:58",1401700
50,-1.5,1000,"sd","14:25:57",1400700
50,-1.5,200,"bu","14:25:57",1399700
50,-1.5,200,"bu","14:25:56",1399500
50,-1.5,2800,"sd","14:25:52",1399300
50,-1.5,6800,"sd","14:25:51",1396500
50,-1.5,4000,"sd","14:25:48",1389700
50,-1.5,1000,"sd","14:25:46",1385700
50,-1.5,7100,"bu","14:25:35",1384700
50,-1.5,500,"bu","14:25:34",1377600
50,-1.5,2000,"bu","14:25:32",1377100
50,-1.5,2600,"bu","14:25:28",1375100
50,-1.5,1000,"bu","14:25:27",1372500
50,-1.5,500,"bu","14:25:25",1371500
50,-1.5,100,"bu","14:25:22",1371000
50,-1.5,100,"bu","14:25:20",1370900
50,-1.5,200,"bu","14:25:19",1370800
50,-1.5,1600,"bu","14:25:15",1370600
49.95,-1.55,100,"sd","14:25:14",1369000
49.95,-1.55,700,"bu","14:24:53",1368900
49.95,-1.55,600,"bu","14:24:48",1368200
49.95,-1.55,1000,"bu","14:24:47",1367600
49.95,-1.55,1500,"bu","14:24:46",1366600
49.9,-1.6,5000,"sd","14:24:42",1365100
49.95,-1.55,600,"bu","14:24:42",1360100
49.95,-1.55,500,"bu","14:24:41",1359500
49.95,-1.55,5600,"bu","14:24:38",1359000
49.95,-1.55,3000,"bu","14:24:36",1353400
49.9,-1.6,1500,"sd","14:24:35",1350400
49.9,-1.6,200,"sd","14:24:33",1348900
49.95,-1.55,2000,"bu","14:24:30",1348700
49.9,-1.6,2000,"sd","14:24:25",1346700
49.95,-1.55,500,"bu","14:24:23",1344700
49.9,-1.6,1000,"sd","14:24:16",1344200
49.95,-1.55,1000,"bu","14:24:10",1343200
49.9,-1.6,6000,"sd","14:24:08",1342200
49.9,-1.6,4000,"sd","14:24:05",1336200
49.95,-1.55,1000,"bu","14:24:02",1332200
49.9,-1.6,1200,"sd","14:24:01",1331200
49.95,-1.55,200,"bu","14:24:00",1330000
49.9,-1.6,4000,"sd","14:23:56",1329800
49.95,-1.55,100,"bu","14:23:55",1325800
49.9,-1.6,900,"sd","14:23:53",1325700
49.9,-1.6,1000,"sd","14:23:51",1324800
49.95,-1.55,700,"sd","14:23:51",1323800
50,-1.5,600,"bu","14:23:45",1323100
49.9,-1.6,400,"sd","14:23:33",1322500
49.95,-1.55,100,"sd","14:23:33",1322100
49.9,-1.6,100,"sd","14:23:25",1322000
49.95,-1.55,600,"sd","14:23:25",1321900
50,-1.5,700,"bu","14:23:21",1321200
50,-1.5,1000,"bu","14:23:20",1320500
50,-1.5,100,"bu","14:23:17",1319500
50,-1.5,500,"bu","14:23:10",1319400
50,-1.5,100,"bu","14:23:07",1318900
50,-1.5,100,"bu","14:23:07",1318800
50,-1.5,500,"bu","14:23:03",1318700
50,-1.5,500,"bu","14:23:00",1318200
50,-1.5,100,"bu","14:22:59",1317700
50,-1.5,500,"bu","14:22:59",1317600
50,-1.5,100,"bu","14:22:56",1317100
50,-1.5,100,"bu","14:22:52",1317000
49.9,-1.6,500,"sd","14:22:51",1316900
50,-1.5,300,"bu","14:22:49",1316400
50,-1.5,4000,"bu","14:22:47",1316100
50,-1.5,100,"bu","14:22:46",1312100
49.95,-1.55,1000,"bu","14:22:46",1312000
50,-1.5,500,"bu","14:22:43",1311000
50,-1.5,500,"bu","14:22:42",1310500
50,-1.5,3400,"bu","14:22:38",1310000
49.9,-1.6,400,"sd","14:22:37",1306600
50,-1.5,100,"bu","14:22:35",1306200
50,-1.5,2500,"bu","14:22:30",1306100
49.9,-1.6,300,"sd","14:22:30",1303600
50,-1.5,5000,"bu","14:22:28",1303300
50,-1.5,2700,"bu","14:22:22",1298300
49.9,-1.6,500,"sd","14:22:21",1295600
50,-1.5,800,"bu","14:22:15",1295100
50,-1.5,100,"bu","14:22:11",1294300
50,-1.5,500,"bu","14:22:05",1294200
49.9,-1.6,400,"sd","14:22:02",1293700
49.9,-1.6,700,"sd","14:22:00",1293300
49.8,-1.7,200,"sd","14:21:52",1292600
50,-1.5,2000,"bu","14:21:40",1292400
49.8,-1.7,2600,"sd","14:21:35",1290400
49.9,-1.6,1100,"sd","14:21:35",1287800
50,-1.5,7700,"bu","14:21:30",1284400
49.8,-1.7,700,"sd","14:21:30",1276700
49.9,-1.6,200,"sd","14:21:30",1276000
49.75,-1.75,800,"sd","14:21:26",1275800
49.8,-1.7,3800,"sd","14:21:26",1275000
49.8,-1.7,1200,"sd","14:21:21",1271200
49.9,-1.6,300,"sd","14:21:21",1270000
50,-1.5,200,"bu","14:21:19",1269700
50,-1.5,1500,"bu","14:21:18",1269500
49.9,-1.6,700,"sd","14:21:17",1268000
49.8,-1.7,100,"sd","14:21:16",1267300
49.85,-1.65,500,"sd","14:21:16",1267200
49.9,-1.6,1300,"sd","14:21:16",1266700
50,-1.5,500,"bu","14:21:13",1265400
50,-1.5,100,"bu","14:21:11",1264900
49.9,-1.6,1000,"sd","14:21:10",1264800
49.9,-1.6,2000,"sd","14:21:09",1263800
50,-1.5,500,"bu","14:21:05",1261800
49.9,-1.6,300,"sd","14:21:03",1261300
50,-1.5,1600,"sd","14:21:00",1261000
50,-1.5,500,"bu","14:20:57",1259400
50,-1.5,500,"sd","14:20:56",1258900
50,-1.5,700,"bu","14:20:54",1258400
50,-1.5,5000,"bu","14:20:53",1257700
49.9,-1.6,100,"sd","14:20:52",1252700
49.9,-1.6,500,"sd","14:20:52",1252600
50,-1.5,5500,"sd","14:20:49",1252100
50,-1.5,2000,"sd","14:20:48",1246600
50,-1.5,10000,"sd","14:20:47",1244600
50,-1.5,41000,"sd","14:20:46",1234600
50,-1.5,300,"sd","14:20:45",1193600
50,-1.5,10000,"sd","14:20:44",1193300
50,-1.5,800,"sd","14:20:42",1183300
50,-1.5,500,"sd","14:20:40",1182500
50,-1.5,1200,"sd","14:20:38",1182000
50,-1.5,1900,"sd","14:20:34",1180800
50.1,-1.4,100,"bu","14:20:32",1178800
50,-1.5,4000,"sd","14:20:30",1178700
50.1,-1.4,9900,"sd","14:20:28",1174700
50.1,-1.4,10000,"sd","14:20:27",1164800
50.2,-1.3,200,"bu","14:20:26",1154800
50.2,-1.3,300,"bu","14:20:24",1154600
50.2,-1.3,100,"bu","14:20:23",1154300
50.2,-1.3,8800,"sd","14:20:20",1154200
50.3,-1.2,200,"bu","14:20:16",1145400
50.3,-1.2,2700,"sd","14:20:15",1145200
50.4,-1.1,100,"bu","14:20:13",1142500
50.3,-1.2,10000,"sd","14:20:11",1142400
50.3,-1.2,600,"sd","14:20:06",1132400
50.4,-1.1,100,"bu","14:20:05",1131800
50.4,-1.1,2000,"bu","14:20:04",1131700
50.3,-1.2,200,"sd","14:19:57",1129700
50.4,-1.1,2100,"bu","14:19:56",1129500
50.4,-1.1,1000,"bu","14:19:55",1127400
50.3,-1.2,200,"sd","14:19:55",1126400
50.3,-1.2,2000,"sd","14:19:54",1126200
50.4,-1.1,5100,"bu","14:19:53",1124200
50.4,-1.1,1000,"bu","14:19:52",1119100
50.4,-1.1,700,"sd","14:19:43",1118100
50.4,-1.1,1200,"sd","14:19:39",1117400
50.4,-1.1,1000,"sd","14:19:38",1116200
50.4,-1.1,2700,"bu","14:19:38",1115200
50.3,-1.2,600,"sd","14:19:35",1112500
50.4,-1.1,100,"bu","14:19:27",1111900
50.3,-1.2,200,"sd","14:19:18",1111800
50.4,-1.1,300,"bu","14:19:14",1111600
50.3,-1.2,1400,"bu","14:19:14",1111300
50.1,-1.4,8700,"sd","14:19:10",1109900
50.3,-1.2,100,"sd","14:19:10",1100000
50.4,-1.1,1000,"bu","14:19:09",1099900
50.1,-1.4,1100,"sd","14:19:05",1098900
50.3,-1.2,400,"sd","14:19:05",1097800
50.3,-1.2,3900,"sd","14:18:59",1097400
50.3,-1.2,1000,"sd","14:18:54",1093500
50.3,-1.2,1400,"bu","14:18:50",1092500
50.1,-1.4,400,"sd","14:18:49",1091100
50.2,-1.3,1600,"sd","14:18:49",1090700
50.3,-1.2,100,"bu","14:18:49",1089100
50.2,-1.3,500,"sd","14:18:48",1089000
50.3,-1.2,1000,"bu","14:18:46",1088500
50.3,-1.2,500,"bu","14:18:45",1087500
50.3,-1.2,100,"bu","14:18:42",1087000
50.3,-1.2,7700,"sd","14:18:37",1086900
50.4,-1.1,100,"bu","14:18:36",1079200
50.4,-1.1,100,"bu","14:18:34",1079100
50.4,-1.1,300,"bu","14:18:25",1079000
50.4,-1.1,1100,"sd","14:18:21",1071200
50.4,-1.1,2700,"sd","14:18:20",1070100
50.5,-1,1000,"bu","14:18:19",1067400
50.5,-1,400,"bu","14:18:14",1066400
50.5,-1,47300,"sd","14:18:13",1066000
50.6,-0.9,100,"bu","14:18:11",1018700
50.6,-0.9,600,"bu","14:18:10",1018600
50.6,-0.9,100,"bu","14:18:09",1018000
50.6,-0.9,100,"bu","14:17:53",1017900
50.6,-0.9,5000,"bu","14:17:47",1017800
50.5,-1,1700,"sd","14:17:46",1012800
50.6,-0.9,500,"bu","14:17:45",1011100
50.6,-0.9,100,"bu","14:17:43",1010600
50.5,-1,700,"sd","14:17:42",1010500
50.6,-0.9,1000,"bu","14:17:35",1009800
50.5,-1,200,"sd","14:17:32",1008800
50.6,-0.9,500,"bu","14:17:28",1008600
50.6,-0.9,100,"bu","14:17:11",1008100
50.6,-0.9,100,"bu","14:17:10",1008000
50.6,-0.9,1000,"sd","14:17:06",1007900
50.7,-0.8,300,"bu","14:17:02",1006900
50.5,-1,1700,"sd","14:17:00",1006600
50.6,-0.9,300,"sd","14:17:00",1004900
50.5,-1,1500,"sd","14:16:54",1004600
50.6,-0.9,2000,"sd","14:16:54",1003100
50.6,-0.9,3000,"sd","14:16:53",1001100
50.7,-0.8,100,"bu","14:16:52",998100
50.6,-0.9,600,"sd","14:16:51",998000
50.7,-0.8,100,"bu","14:16:44",997400
50.6,-0.9,1600,"sd","14:16:44",997300
50.7,-0.8,100,"bu","14:16:38",995700
50.7,-0.8,600,"sd","14:16:37",995600
50.7,-0.8,900,"bu","14:16:31",995000
50.7,-0.8,1100,"sd","14:16:30",994100
50.7,-0.8,2000,"sd","14:16:27",993000
50.8,-0.7,500,"bu","14:16:24",991000
50.7,-0.8,5000,"sd","14:16:20",990500
50.8,-0.7,100,"bu","14:16:18",985500
50.8,-0.7,800,"bu","14:16:13",985400
50.7,-0.8,500,"sd","14:16:11",984600
50.8,-0.7,2700,"sd","14:16:06",984100
50.8,-0.7,3100,"sd","14:16:03",981400
50.8,-0.7,10000,"sd","14:15:56",978300
50.9,-0.6,100,"bu","14:15:54",968300
50.9,-0.6,100,"bu","14:15:40",968200
50.9,-0.6,300,"bu","14:15:29",968100
50.8,-0.7,10000,"sd","14:15:29",967800
50.9,-0.6,100,"bu","14:15:28",957800
50.9,-0.6,100,"bu","14:15:26",957700
50.9,-0.6,500,"bu","14:15:16",957600
50.9,-0.6,200,"bu","14:15:02",957100
50.9,-0.6,100,"bu","14:14:27",956900
50.9,-0.6,1000,"bu","14:14:19",956800
50.8,-0.7,4400,"sd","14:14:19",955800
50.9,-0.6,1000,"bu","14:14:17",951400
50.9,-0.6,1000,"bu","14:14:11",950400
50.9,-0.6,100,"bu","14:14:00",949400
50.9,-0.6,100,"bu","14:13:53",949300
50.9,-0.6,100,"bu","14:13:43",949200
50.9,-0.6,500,"bu","14:13:39",949100
50.9,-0.6,100,"bu","14:13:37",948600
50.9,-0.6,3000,"bu","14:13:14",948500
50.9,-0.6,100,"bu","14:13:13",945500
50.9,-0.6,100,"bu","14:13:07",945400
50.9,-0.6,100,"bu","14:13:01",945300
50.9,-0.6,100,"bu","14:12:49",945200
50.9,-0.6,100,"bu","14:12:45",945100
50.8,-0.7,10000,"sd","14:12:44",945000
50.9,-0.6,100,"bu","14:12:41",935000
50.9,-0.6,500,"bu","14:12:22",934900
50.9,-0.6,100,"bu","14:12:22",934400
50.9,-0.6,100,"bu","14:12:20",934300
50.9,-0.6,200,"bu","14:12:13",934200
50.9,-0.6,100,"bu","14:12:04",934000
50.9,-0.6,400,"bu","14:12:03",933900
50.9,-0.6,1000,"bu","14:12:00",933500
50.9,-0.6,100,"bu","14:11:57",932500
50.9,-0.6,500,"bu","14:11:48",932400
50.9,-0.6,600,"bu","14:11:45",931900
50.9,-0.6,100,"bu","14:11:42",931300
50.9,-0.6,1000,"bu","14:11:41",931200
50.9,-0.6,300,"bu","14:11:40",930200
50.9,-0.6,800,"sd","14:11:38",929900
50.9,-0.6,1300,"bu","14:11:34",929100
50.9,-0.6,2000,"bu","14:11:33",927800
50.9,-0.6,500,"bu","14:11:28",925800
50.9,-0.6,400,"bu","14:11:27",925300
50.9,-0.6,200,"bu","14:11:25",924900
50.9,-0.6,100,"bu","14:11:21",924700
50.9,-0.6,2200,"sd","14:11:19",924600
50.9,-0.6,5300,"sd","14:11:18",922400
50.9,-0.6,100,"sd","14:11:16",917100
51,-0.5,100,"bu","14:11:15",917000
51,-0.5,200,"bu","14:11:08",916900
51,-0.5,2000,"bu","14:10:58",916700
51,-0.5,200,"bu","14:10:58",914700
51,-0.5,1000,"bu","14:10:57",914500
51,-0.5,10000,"bu","14:10:55",913500
51,-0.5,100,"bu","14:10:54",903500
51,-0.5,100,"bu","14:10:52",903400
50.9,-0.6,2000,"sd","14:10:51",903300
51,-0.5,1000,"bu","14:10:41",901300
51,-0.5,200,"bu","14:10:32",900300
51,-0.5,2000,"bu","14:10:31",900100
50.9,-0.6,200,"sd","14:10:05",898100
50.9,-0.6,200,"sd","14:09:58",897900
50.9,-0.6,700,"bu","14:09:51",897700
50.9,-0.6,400,"bu","14:09:50",897000
50.9,-0.6,200,"bu","14:09:45",896600
50.9,-0.6,500,"bu","14:09:41",896400
50.8,-0.7,500,"sd","14:09:37",895900
50.9,-0.6,500,"bu","14:09:34",895400
50.8,-0.7,100,"sd","14:09:29",894900
50.9,-0.6,6700,"bu","14:09:27",894800
50.9,-0.6,200,"bu","14:09:25",888100
50.9,-0.6,1000,"bu","14:09:18",887900
50.9,-0.6,300,"bu","14:09:16",886900
50.9,-0.6,100,"bu","14:09:15",886600
50.9,-0.6,1000,"bu","14:09:14",886500
50.9,-0.6,100,"bu","14:09:10",885500
50.9,-0.6,100,"bu","14:09:07",885400
50.9,-0.6,500,"bu","14:09:06",885300
50.9,-0.6,5200,"bu","14:09:04",884800
50.9,-0.6,5000,"bu","14:09:03",879600
50.9,-0.6,400,"bu","14:09:01",874600
50.9,-0.6,200,"bu","14:08:58",874200
50.9,-0.6,2000,"bu","14:08:57",874000
50.9,-0.6,400,"bu","14:08:43",872000
50.9,-0.6,500,"bu","14:08:41",871600
50.9,-0.6,100,"bu","14:08:36",871100
50.9,-0.6,2000,"bu","14:08:28",871000
50.9,-0.6,100,"bu","14:08:27",869000
50.9,-0.6,1900,"sd","14:08:26",868900
51,-0.5,100,"bu","14:08:22",867000
51,-0.5,200,"bu","14:08:16",866900
50.9,-0.6,200,"bu","14:08:16",866700
50.9,-0.6,100,"bu","14:08:15",866500
50.9,-0.6,300,"bu","14:08:12",866400
50.9,-0.6,300,"bu","14:08:09",866100
50.9,-0.6,1100,"sd","14:08:06",865800
50.9,-0.6,1600,"sd","14:08:04",864500
50.9,-0.6,500,"sd","14:08:03",862900
50.9,-0.6,200,"bu","14:07:55",862400
50.9,-0.6,2000,"bu","14:07:50",862200
50.9,-0.6,100,"bu","14:07:49",860200
50.9,-0.6,100,"bu","14:07:46",859100
50.9,-0.6,500,"bu","14:07:45",859000
50.9,-0.6,400,"bu","14:07:43",858500
50.9,-0.6,500,"bu","14:07:42",858100
50.9,-0.6,100,"bu","14:07:40",857600
50.9,-0.6,300,"bu","14:07:36",857500
50.9,-0.6,5000,"bu","14:07:32",857200
50.9,-0.6,600,"bu","14:07:28",852200
50.9,-0.6,1100,"bu","14:07:23",851600
50.9,-0.6,100,"bu","14:07:17",850500
50.9,-0.6,100,"bu","14:07:15",850400
50.9,-0.6,2200,"bu","14:07:14",850300
50.9,-0.6,100,"bu","14:07:11",848100
50.9,-0.6,500,"bu","14:07:09",848000
50.9,-0.6,100,"bu","14:07:07",847500
50.9,-0.6,500,"bu","14:07:04",847400
50.9,-0.6,400,"bu","14:07:02",846900
50.9,-0.6,300,"bu","14:06:58",846500
50.9,-0.6,100,"bu","14:06:56",846200
50.9,-0.6,200,"bu","14:06:40",846100
50.9,-0.6,400,"bu","14:06:32",845900
50.8,-0.7,900,"bu","14:06:29",845500
50.8,-0.7,200,"bu","14:06:27",844600
50.8,-0.7,500,"bu","14:06:23",844400
50.8,-0.7,1000,"bu","14:06:21",843900
50.8,-0.7,100,"bu","14:06:18",842900
50.8,-0.7,400,"bu","14:06:18",842800
50.8,-0.7,200,"bu","14:06:16",842400
50.8,-0.7,100,"bu","14:06:11",842200
50.8,-0.7,500,"bu","14:06:09",842100
50.8,-0.7,1500,"sd","14:06:07",841600
50.8,-0.7,700,"bu","14:05:50",840100
50.8,-0.7,500,"bu","14:05:49",839400
50.8,-0.7,800,"sd","14:05:47",838900
50.8,-0.7,800,"sd","14:05:43",838100
50.8,-0.7,700,"bu","14:05:40",837300
50.8,-0.7,7800,"sd","14:05:36",836100
50.8,-0.7,1000,"sd","14:05:32",828300
50.9,-0.6,1000,"bu","14:05:28",827300
50.9,-0.6,400,"bu","14:05:25",826300
50.8,-0.7,5000,"sd","14:05:24",825900
50.9,-0.6,200,"bu","14:05:22",820900
50.9,-0.6,400,"bu","14:05:20",820700
50.9,-0.6,100,"bu","14:05:18",820300
50.8,-0.7,10000,"sd","14:05:18",820200
50.8,-0.7,5500,"sd","14:05:15",810200
50.9,-0.6,500,"bu","14:05:04",804700
50.9,-0.6,200,"bu","14:04:55",804200
50.8,-0.7,2000,"sd","14:04:44",804000
50.8,-0.7,2000,"sd","14:04:36",802000
50.8,-0.7,2000,"sd","14:04:31",800000
50.9,-0.6,700,"bu","14:04:26",798000
50.8,-0.7,1000,"sd","14:04:19",797300
50.8,-0.7,100,"sd","14:04:10",796300
50.9,-0.6,100,"bu","14:04:09",796200
50.9,-0.6,200,"bu","14:04:00",796100
50.9,-0.6,100,"bu","14:03:56",795900
50.9,-0.6,500,"bu","14:03:54",795800
50.9,-0.6,500,"bu","14:03:49",795300
50.9,-0.6,100,"bu","14:03:44",794800
50.9,-0.6,400,"bu","14:03:40",794700
50.9,-0.6,100,"bu","14:03:34",794300
51,-0.5,400,"bu","14:03:14",794200
51,-0.5,100,"bu","14:03:13",793800
51,-0.5,300,"bu","14:03:05",793700
50.8,-0.7,1400,"sd","14:02:56",793400
51,-0.5,400,"bu","14:02:55",792000
51,-0.5,2300,"bu","14:02:47",791600
50.9,-0.6,700,"bu","14:02:47",789300
50.8,-0.7,500,"sd","14:02:38",788600
50.9,-0.6,400,"bu","14:02:36",788100
50.8,-0.7,200,"bu","14:02:31",787700
50.8,-0.7,800,"sd","14:02:30",787500
50.9,-0.6,500,"bu","14:02:25",786700
50.9,-0.6,500,"bu","14:02:24",786200
50.8,-0.7,2200,"sd","14:02:24",785700
50.9,-0.6,400,"bu","14:02:12",783500
50.8,-0.7,5100,"sd","14:02:08",783100
50.8,-0.7,500,"sd","14:02:06",778000
50.8,-0.7,100,"sd","14:02:01",777500
50.9,-0.6,100,"bu","14:01:59",777400
50.8,-0.7,8000,"sd","14:01:51",777300
50.8,-0.7,6000,"sd","14:01:44",769300
50.9,-0.6,100,"sd","14:01:44",763300
50.8,-0.7,5300,"sd","14:01:43",763200
50.9,-0.6,4700,"sd","14:01:43",757900
51,-0.5,29700,"sd","14:01:37",753200
51,-0.5,600,"sd","14:01:21",723500
51,-0.5,6200,"sd","14:01:21",722900
51,-0.5,15400,"sd","14:01:20",712900
51,-0.5,9600,"sd","14:01:19",697500
51.1,-0.4,6000,"sd","14:01:07",687900
51.2,-0.3,1000,"bu","14:00:55",681900
51.2,-0.3,300,"bu","14:00:43",680900
51.2,-0.3,3800,"bu","14:00:29",680600
51.2,-0.3,400,"bu","14:00:16",676800
51.2,-0.3,500,"bu","14:00:13",676400
51.2,-0.3,100,"bu","14:00:00",675900
51.2,-0.3,200,"bu","13:59:47",675800
51.2,-0.3,200,"bu","13:59:46",675600
51.2,-0.3,200,"bu","13:59:31",675400
51.1,-0.4,1000,"sd","13:59:20",675200
51.1,-0.4,500,"sd","13:59:11",674200
51.1,-0.4,2000,"sd","13:58:59",673700
51.2,-0.3,200,"bu","13:58:59",671700
51.1,-0.4,100,"sd","13:58:26",671500
51.1,-0.4,100,"bu","13:58:13",671400
51.1,-0.4,6900,"sd","13:58:10",671300
51.1,-0.4,200,"sd","13:58:05",664400
51.2,-0.3,200,"bu","13:57:58",664200
51.2,-0.3,200,"bu","13:57:52",664000
51.2,-0.3,1000,"bu","13:57:47",663800
51.2,-0.3,1000,"bu","13:57:39",662800
51.2,-0.3,1200,"sd","13:57:31",661800
51.2,-0.3,500,"sd","13:57:27",660600
51.2,-0.3,9000,"sd","13:57:05",660100
51.3,-0.2,10100,"sd","13:56:49",651100
51.4,-0.1,200,"bu","13:56:11",641000
51.4,-0.1,300,"bu","13:56:00",640800
51.4,-0.1,200,"bu","13:55:49",640500
51.4,-0.1,200,"bu","13:55:17",640300
51.4,-0.1,200,"bu","13:55:12",640100
51.4,-0.1,100,"bu","13:54:08",639900
51.4,-0.1,100,"bu","13:53:42",639800
51.4,-0.1,100,"bu","13:53:20",639700
51.4,-0.1,100,"bu","13:53:01",639600
51.4,-0.1,100,"bu","13:52:50",639500
51.4,-0.1,300,"bu","13:52:48",639400
51.4,-0.1,400,"bu","13:52:42",639100
51.4,-0.1,5000,"bu","13:52:23",638700
51.4,-0.1,100,"bu","13:52:17",633700
51.4,-0.1,500,"bu","13:52:14",633600
51.4,-0.1,100,"bu","13:51:55",633100
51.4,-0.1,100,"bu","13:51:48",633000
51.4,-0.1,100,"bu","13:51:35",632900
51.4,-0.1,100,"bu","13:51:31",632800
51.4,-0.1,10400,"sd","13:51:24",632700
51.5,0,900,"sd","13:49:57",622300
51.5,0,1600,"sd","13:49:57",621400
51.6,0.1,200,"bu","13:49:24",619800
51.6,0.1,1600,"sd","13:48:18",619600
51.7,0.2,4400,"bu","13:48:04",618000
51.7,0.2,100,"bu","13:45:35",613600
51.7,0.2,14200,"sd","13:45:21",613500
51.7,0.2,1300,"bu","13:44:09",599300
51.7,0.2,100,"bu","13:44:00",598000
51.7,0.2,100,"bu","13:43:53",597900
51.6,0.1,400,"bu","13:42:36",597800
51.6,0.1,100,"bu","13:42:07",597400
51.5,0,200,"sd","13:41:13",597300
51.5,0,700,"bu","13:41:03",597100
51.5,0,1000,"bu","13:41:02",596400
51.5,0,100,"bu","13:41:00",595400
51.5,0,500,"bu","13:40:56",595300
51.5,0,1000,"bu","13:40:48",594800
51.5,0,1000,"bu","13:40:43",593800
51.5,0,6000,"bu","13:40:39",592800
51.5,0,2000,"bu","13:40:36",586800
51.5,0,9000,"bu","13:40:33",584800
51.5,0,2000,"bu","13:40:28",575800
51.5,0,2000,"bu","13:40:25",573800
51.5,0,1000,"bu","13:40:21",571800
51.4,-0.1,500,"sd","13:40:17",570800
51.5,0,1000,"bu","13:40:08",570300
51.5,0,100,"bu","13:39:36",569300
51.5,0,100,"bu","13:39:20",569200
51.5,0,200,"bu","13:39:18",569100
51.5,0,1000,"bu","13:39:09",568900
51.5,0,3000,"bu","13:38:26",567900
51.5,0,100,"bu","13:37:53",564900
51.5,0,500,"bu","13:37:37",564800
51.5,0,400,"bu","13:37:18",564300
51.5,0,100,"bu","13:37:04",563900
51.5,0,500,"bu","13:36:29",563800
51.5,0,200,"bu","13:36:05",563300
51.5,0,100,"bu","13:35:18",563100
51.4,-0.1,23000,"bu","13:33:32",563000
51.3,-0.2,200,"bu","13:32:01",540000
51.3,-0.2,100,"bu","13:31:56",539800
51.3,-0.2,1000,"bu","13:31:55",539700
51.3,-0.2,100,"bu","13:31:48",538700
51.3,-0.2,200,"bu","13:31:47",538600
51.3,-0.2,400,"bu","13:31:45",538400
51.3,-0.2,1100,"bu","13:31:41",538000
51.3,-0.2,100,"bu","13:31:31",536900
51.2,-0.3,1700,"sd","13:31:24",536800
51.2,-0.3,500,"sd","13:31:08",535100
51.3,-0.2,2000,"bu","13:31:04",534600
51.3,-0.2,500,"bu","13:30:53",532600
51.3,-0.2,200,"bu","13:30:49",532100
51.3,-0.2,700,"sd","13:30:46",531900
51.3,-0.2,16600,"sd","13:30:45",531200
51.3,-0.2,200,"sd","13:30:02",514600
51.3,-0.2,500,"sd","13:29:49",514400
51.4,-0.1,500,"bu","13:29:48",513900
51.3,-0.2,10000,"sd","13:29:00",513400
51.4,-0.1,100,"bu","13:28:31",503400
51.4,-0.1,400,"sd","13:28:18",503300
51.4,-0.1,18700,"sd","13:28:18",502900
51.4,-0.1,500,"sd","13:28:05",484200
51.4,-0.1,500,"sd","13:27:42",483700
51.5,0,1300,"bu","13:27:38",483200
51.5,0,100,"bu","13:27:01",481900
51.5,0,100,"bu","13:26:56",481800
51.5,0,300,"bu","13:25:08",481700
51.5,0,200,"bu","13:24:18",481400
51.5,0,1600,"bu","13:24:17",481200
51.5,0,7500,"sd","13:23:31",479600
51.5,0,100,"sd","13:23:16",472100
51.5,0,100,"bu","13:22:07",472000
51.5,0,100,"bu","13:22:02",471900
51.5,0,1000,"bu","13:22:01",471800
51.5,0,100,"bu","13:21:50",470800
51.5,0,1000,"bu","13:21:43",470700
51.5,0,500,"bu","13:21:42",469700
51.5,0,100,"bu","13:21:39",469200
51.5,0,500,"bu","13:21:31",469100
51.5,0,1200,"bu","13:21:23",468600
51.5,0,100,"bu","13:21:22",467400
51.5,0,1000,"bu","13:21:17",467300
51.5,0,100,"bu","13:21:12",466300
51.5,0,100,"bu","13:21:10",466200
51.5,0,100,"bu","13:21:00",466100
51.5,0,300,"bu","13:20:58",466000
51.5,0,700,"bu","13:20:42",465700
51.5,0,300,"bu","13:20:33",465000
51.5,0,1000,"bu","13:20:24",464700
51.5,0,100,"bu","13:20:17",463700
51.5,0,500,"bu","13:20:05",463600
51.5,0,11700,"sd","13:19:55",463100
51.6,0.1,1500,"sd","13:19:55",451400
51.7,0.2,500,"sd","13:19:55",449900
51.7,0.2,1100,"bu","13:19:14",449400
51.7,0.2,200,"bu","13:18:48",448300
51.6,0.1,1000,"sd","13:18:42",448100
51.5,0,7900,"sd","13:18:27",447100
51.6,0.1,2100,"sd","13:18:27",439200
51.6,0.1,100,"sd","13:17:53",437100
51.7,0.2,200,"bu","13:17:19",437000
51.7,0.2,500,"sd","13:17:14",436800
51.7,0.2,100,"sd","13:16:16",436300
51.7,0.2,1000,"sd","13:16:09",436200
51.7,0.2,1000,"bu","13:15:52",435200
51.7,0.2,300,"sd","13:14:48",434200
51.7,0.2,4000,"sd","13:14:19",433900
51.7,0.2,200,"sd","13:13:26",429900
51.8,0.3,500,"bu","13:12:50",429700
51.8,0.3,100,"bu","13:12:32",429200
51.8,0.3,100,"bu","13:11:57",429100
51.7,0.2,800,"sd","13:11:37",429000
51.7,0.2,300,"sd","13:11:21",428200
51.8,0.3,2900,"bu","13:11:12",427900
51.8,0.3,100,"bu","13:10:58",425000
51.8,0.3,500,"bu","13:09:16",424900
51.8,0.3,100,"bu","13:07:37",424400
51.7,0.2,2400,"bu","13:07:02",424300
51.7,0.2,100,"bu","13:06:15",421900
51.7,0.2,500,"sd","13:06:07",421800
51.7,0.2,300,"bu","13:06:03",421300
51.7,0.2,100,"bu","13:05:52",421000
51.7,0.2,300,"bu","13:05:47",420900
51.7,0.2,500,"bu","13:05:20",420600
51.7,0.2,100,"bu","13:05:18",420100
51.7,0.2,300,"bu","13:03:36",420000
51.8,0.3,100,"bu","13:00:17",419700
51.8,0.3,200,"bu","13:00:12",419600
51.8,0.3,200,"bu","13:00:06",419400
51.8,0.3,900,"bu","13:00:05",419200
51.8,0.3,300,"bu","13:00:04",418300
51.8,0.3,500,"bu","13:00:03",418000
51.8,0.3,10000,"bu","11:29:38",417500
51.7,0.2,2000,"sd","11:29:29",407500
51.8,0.3,100,"bu","11:29:20",405500
51.8,0.3,100,"bu","11:27:43",405400
51.7,0.2,300,"bu","11:27:24",405300
51.7,0.2,4900,"sd","11:25:28",405000
51.7,0.2,300,"sd","11:24:26",400100
51.7,0.2,100,"sd","11:24:11",399800
51.7,0.2,500,"sd","11:23:52",399700
51.8,0.3,100,"bu","11:23:34",399200
51.8,0.3,5000,"bu","11:23:32",399100
51.8,0.3,200,"bu","11:23:13",394100
51.8,0.3,100,"bu","11:21:37",393900
51.7,0.2,1000,"bu","11:19:35",393800
51.7,0.2,100,"bu","11:18:56",392800
51.7,0.2,300,"bu","11:18:19",392700
51.7,0.2,3000,"bu","11:18:06",392400
51.6,0.1,1200,"sd","11:17:59",389400
51.6,0.1,800,"sd","11:17:59",388200
51.7,0.2,500,"bu","11:17:49",387400
51.7,0.2,2700,"bu","11:17:16",386900
51.6,0.1,1200,"bu","11:17:02",384200
51.6,0.1,400,"bu","11:16:39",383000
51.6,0.1,1400,"sd","11:16:30",382600
51.6,0.1,200,"sd","11:16:29",381200
51.6,0.1,5000,"sd","11:15:37",381000
51.7,0.2,5000,"bu","11:15:35",376000
51.7,0.2,100,"bu","11:15:23",371000
51.6,0.1,3000,"bu","11:13:46",370900
51.6,0.1,1900,"bu","11:13:45",367900
51.6,0.1,200,"bu","11:12:44",366000
51.5,0,200,"bu","11:12:23",365800
51.5,0,1000,"bu","11:12:21",365600
51.5,0,500,"bu","11:12:19",364600
51.5,0,800,"bu","11:12:17",364100
51.5,0,500,"bu","11:12:14",363300
51.5,0,200,"bu","11:12:11",362800
51.5,0,1000,"bu","11:11:37",362600
51.5,0,2000,"bu","11:11:30",361600
51.5,0,300,"bu","11:10:29",359600
51.5,0,2000,"bu","11:10:19",359300
51.5,0,100,"bu","11:10:13",357300
51.5,0,300,"bu","11:09:53",357200
51.5,0,200,"bu","11:09:19",356900
51.5,0,200,"bu","11:09:09",356700
51.5,0,500,"bu","11:09:08",356500
51.5,0,200,"bu","11:08:55",356000
51.5,0,10000,"sd","11:07:55",355800
51.5,0,400,"sd","11:05:18",345800
51.6,0.1,300,"bu","11:05:11",345400
51.6,0.1,1000,"bu","11:05:09",345100
51.6,0.1,11200,"sd","11:04:57",344100
51.6,0.1,200,"bu","11:03:56",332900
51.6,0.1,100,"bu","11:03:41",332700
51.6,0.1,5000,"bu","11:03:38",332600
51.6,0.1,300,"bu","11:03:21",327600
51.6,0.1,100,"bu","11:02:11",327300
51.6,0.1,100,"bu","11:02:05",327200
51.6,0.1,200,"bu","11:01:36",327100
51.6,0.1,300,"bu","11:01:16",326900
51.5,0,100,"sd","10:59:45",326600
51.5,0,500,"sd","10:59:11",326500
51.5,0,400,"sd","10:53:57",326000
51.5,0,100,"sd","10:53:27",325600
51.5,0,15000,"sd","10:52:53",325500
51.5,0,2000,"sd","10:51:39",310500
51.5,0,700,"sd","10:47:28",308500
51.6,0.1,500,"bu","10:47:27",307800
51.5,0,600,"sd","10:46:59",307300
51.6,0.1,500,"sd","10:46:59",306700
51.6,0.1,500,"sd","10:46:51",306200
51.6,0.1,500,"sd","10:46:45",305700
51.6,0.1,2500,"bu","10:45:17",305200
51.6,0.1,100,"bu","10:42:48",302700
51.6,0.1,1000,"bu","10:42:23",302600
51.6,0.1,100,"bu","10:41:58",301600
51.6,0.1,5600,"sd","10:41:43",301500
51.6,0.1,5000,"sd","10:41:37",295900
51.6,0.1,3000,"sd","10:41:07",290900
51.6,0.1,600,"sd","10:40:27",287900
51.6,0.1,800,"sd","10:40:26",287300
51.7,0.2,100,"bu","10:40:22",286500
51.7,0.2,100,"bu","10:40:07",286400
51.6,0.1,600,"sd","10:39:59",286300
51.7,0.2,100,"bu","10:39:47",285700
51.6,0.1,9400,"bu","10:38:58",285600
51.6,0.1,100,"bu","10:38:21",276200
51.6,0.1,1000,"bu","10:38:14",276100
51.6,0.1,100,"bu","10:37:22",275100
51.6,0.1,100,"bu","10:36:42",275000
51.6,0.1,500,"bu","10:36:30",274900
51.6,0.1,1500,"sd","10:35:29",274400
51.6,0.1,1000,"sd","10:33:32",272900
51.6,0.1,300,"sd","10:33:25",271900
51.6,0.1,200,"sd","10:33:18",271600
51.6,0.1,200,"sd","10:32:47",271400
51.6,0.1,4500,"bu","10:32:13",271200
51.6,0.1,100,"bu","10:32:05",266700
51.6,0.1,800,"bu","10:29:57",266600
51.6,0.1,1900,"sd","10:29:40",265800
51.6,0.1,100,"bu","10:27:46",263900
51.6,0.1,2000,"bu","10:27:35",263800
51.5,0,3700,"bu","10:27:30",261800
51.5,0,5000,"bu","10:27:28",258100
51.5,0,100,"bu","10:27:05",253100
51.5,0,5000,"bu","10:27:02",253000
51.4,-0.1,100,"bu","10:26:38",248000
51.4,-0.1,100,"bu","10:26:37",247900
51.4,-0.1,1300,"bu","10:26:36",247800
51.4,-0.1,100,"bu","10:26:32",246500
51.4,-0.1,5000,"bu","10:26:30",246400
51.4,-0.1,600,"bu","10:26:21",241400
51.4,-0.1,500,"bu","10:26:06",240800
51.4,-0.1,100,"bu","10:26:00",240300
51.4,-0.1,100,"bu","10:25:48",240200
51.4,-0.1,500,"bu","10:25:46",240100
51.4,-0.1,10000,"bu","10:25:45",239600
51.4,-0.1,1000,"bu","10:25:40",229600
51.4,-0.1,1000,"bu","10:25:21",228600
51.4,-0.1,100,"bu","10:25:14",227600
51.3,-0.2,400,"bu","10:24:49",227500
51.3,-0.2,900,"bu","10:24:48",227100
51.3,-0.2,400,"bu","10:24:43",226200
51.3,-0.2,100,"bu","10:24:40",225800
51.3,-0.2,800,"bu","10:24:38",225700
51.3,-0.2,1000,"bu","10:24:35",224900
51.3,-0.2,200,"bu","10:24:29",223900
51.3,-0.2,100,"bu","10:24:25",223700
51.3,-0.2,200,"bu","10:24:10",223600
51.3,-0.2,100,"bu","10:24:05",223400
51.3,-0.2,4000,"bu","10:23:52",223300
51.3,-0.2,100,"bu","10:23:46",219300
51.3,-0.2,100,"bu","10:23:21",219200
51.3,-0.2,100,"bu","10:23:11",219100
51.3,-0.2,200,"bu","10:22:56",219000
51.3,-0.2,2100,"sd","10:22:53",218800
51.3,-0.2,1200,"sd","10:22:44",216700
51.4,-0.1,400,"bu","10:22:43",215500
51.3,-0.2,3300,"sd","10:22:41",215100
51.3,-0.2,1000,"sd","10:22:40",211800
51.3,-0.2,100,"sd","10:22:35",210800
51.3,-0.2,400,"sd","10:22:34",210700
51.3,-0.2,2500,"sd","10:22:21",210300
51.4,-0.1,100,"bu","10:20:55",207800
51.4,-0.1,500,"bu","10:20:52",207700
51.4,-0.1,400,"bu","10:20:42",207200
51.4,-0.1,100,"bu","10:20:38",206800
51.4,-0.1,500,"bu","10:20:18",206700
51.4,-0.1,2700,"bu","10:20:06",206200
51.4,-0.1,100,"bu","10:19:21",203500
51.3,-0.2,100,"sd","10:19:15",203400
51.4,-0.1,1100,"sd","10:18:43",203300
51.4,-0.1,4000,"sd","10:18:32",202200
51.4,-0.1,900,"sd","10:18:28",198200
51.4,-0.1,100,"sd","10:18:27",197300
51.5,0,500,"bu","10:18:25",197200
51.5,0,100,"bu","10:17:40",196700
51.5,0,200,"bu","10:16:54",196600
51.5,0,100,"bu","10:16:13",196400
51.5,0,3400,"sd","10:16:10",196300
51.5,0,2000,"sd","10:16:08",192900
51.5,0,2000,"sd","10:16:04",190900
51.5,0,100,"sd","10:16:03",188900
51.5,0,3000,"sd","10:15:39",188800
51.5,0,5000,"sd","10:15:27",185800
51.5,0,1000,"sd","10:15:12",180800
51.5,0,500,"sd","10:15:09",179800
51.5,0,1000,"sd","10:11:52",179300
51.5,0,1200,"sd","10:11:22",178300
51.5,0,9000,"sd","10:10:53",177100
51.5,0,100,"sd","10:10:18",168100
51.6,0.1,2600,"bu","10:09:42",168000
51.5,0,3700,"sd","10:09:23",165400
51.6,0.1,1000,"bu","10:09:22",161700
51.6,0.1,300,"sd","10:09:17",160700
51.6,0.1,700,"bu","10:09:00",160400
51.6,0.1,2000,"bu","10:08:52",159700
51.6,0.1,100,"bu","10:08:01",157700
51.6,0.1,300,"bu","10:07:30",157600
51.5,0,2000,"sd","10:07:11",157300
51.5,0,100,"sd","10:06:46",155300
51.6,0.1,1000,"bu","10:05:55",155200
51.6,0.1,100,"bu","10:05:45",154200
51.5,0,1000,"sd","10:05:41",154100
51.6,0.1,1600,"sd","10:04:33",153100
51.7,0.2,200,"bu","10:04:31",151500
51.6,0.1,1800,"sd","10:04:18",151300
51.6,0.1,2500,"sd","10:03:13",149500
51.6,0.1,700,"sd","10:02:07",147000
51.6,0.1,200,"sd","10:02:01",146300
51.6,0.1,1500,"sd","10:01:25",146100
51.7,0.2,500,"bu","09:59:49",144600
51.7,0.2,100,"bu","09:59:32",144100
51.7,0.2,200,"bu","09:57:19",144000
51.7,0.2,300,"bu","09:56:52",143800
51.7,0.2,100,"bu","09:56:24",143500
51.7,0.2,500,"bu","09:55:35",143400
51.6,0.1,700,"sd","09:54:31",142900
51.6,0.1,700,"sd","09:54:06",142200
51.6,0.1,1500,"sd","09:53:53",141500
51.6,0.1,2500,"sd","09:53:52",140000
51.6,0.1,1000,"sd","09:53:07",137500
51.7,0.2,100,"bu","09:52:31",136500
51.7,0.2,1000,"bu","09:51:57",136400
51.7,0.2,900,"bu","09:51:31",135400
51.7,0.2,3300,"bu","09:51:00",134500
51.7,0.2,14200,"sd","09:50:36",131200
51.8,0.3,100,"bu","09:48:35",117000
51.8,0.3,100,"bu","09:48:20",116900
51.8,0.3,500,"bu","09:47:47",116800
51.8,0.3,100,"bu","09:47:33",116300
51.8,0.3,100,"bu","09:47:08",116200
51.8,0.3,100,"bu","09:47:06",116100
51.8,0.3,300,"bu","09:46:11",116000
51.7,0.2,1100,"sd","09:45:56",115700
51.7,0.2,100,"sd","09:44:01",114600
51.8,0.3,100,"bu","09:43:45",114500
51.8,0.3,500,"bu","09:41:55",114400
51.8,0.3,400,"bu","09:41:53",113900
51.8,0.3,100,"bu","09:41:46",113500
51.7,0.2,600,"bu","09:41:02",113400
51.7,0.2,100,"bu","09:40:47",112800
51.7,0.2,1000,"bu","09:40:41",112700
51.6,0.1,1500,"sd","09:40:33",111700
51.7,0.2,200,"bu","09:40:11",110200
51.7,0.2,1000,"bu","09:39:53",110000
51.6,0.1,200,"sd","09:39:46",109000
51.6,0.1,500,"sd","09:39:23",108800
51.7,0.2,800,"bu","09:39:17",108300
51.7,0.2,1000,"bu","09:39:13",107500
51.7,0.2,1000,"bu","09:38:37",106500
51.7,0.2,100,"bu","09:37:42",105500
51.7,0.2,1000,"bu","09:37:35",105400
51.7,0.2,100,"bu","09:37:34",104400
51.6,0.1,500,"sd","09:37:32",104300
51.7,0.2,200,"bu","09:37:32",103800
51.7,0.2,1000,"bu","09:37:18",103600
51.7,0.2,100,"bu","09:37:04",102600
51.7,0.2,500,"bu","09:36:55",102500
51.7,0.2,300,"bu","09:36:48",102000
51.7,0.2,1000,"bu","09:36:37",101700
51.7,0.2,1000,"bu","09:34:59",100700
51.6,0.1,300,"sd","09:34:21",99700
51.7,0.2,3000,"bu","09:34:21",99400
51.7,0.2,100,"bu","09:34:14",96400
51.7,0.2,500,"bu","09:34:08",96300
51.7,0.2,1000,"bu","09:34:07",95800
51.7,0.2,200,"bu","09:33:47",94800
51.7,0.2,1000,"bu","09:33:16",94600
51.7,0.2,500,"bu","09:32:48",93600
51.7,0.2,500,"sd","09:32:32",93100
51.7,0.2,500,"bu","09:31:30",92600
51.7,0.2,300,"bu","09:31:26",92100
51.7,0.2,1200,"sd","09:31:21",91800
51.7,0.2,1000,"sd","09:31:20",90600
51.7,0.2,400,"bu","09:30:07",89600
51.7,0.2,600,"bu","09:30:05",89200
51.7,0.2,1500,"bu","09:29:42",88600
51.6,0.1,3000,"sd","09:29:36",87100
51.6,0.1,300,"sd","09:29:05",84100
51.6,0.1,200,"sd","09:29:01",83800
51.7,0.2,1200,"bu","09:28:30",83600
51.6,0.1,800,"bu","09:28:30",82400
51.6,0.1,100,"bu","09:28:29",81600
51.6,0.1,100,"bu","09:28:27",81500
51.6,0.1,1000,"sd","09:28:26",81400
51.6,0.1,200,"sd","09:28:19",80400
51.6,0.1,1800,"sd","09:27:43",80200
51.7,0.2,200,"sd","09:27:43",78400
51.7,0.2,100,"bu","09:27:40",78200
51.7,0.2,400,"sd","09:27:21",78100
51.7,0.2,100,"bu","09:27:20",77700
51.7,0.2,700,"bu","09:27:15",77600
51.7,0.2,100,"bu","09:27:06",76900
51.7,0.2,100,"bu","09:27:05",76800
51.7,0.2,200,"bu","09:26:55",76700
51.7,0.2,2100,"sd","09:26:50",76500
51.8,0.3,4900,"sd","09:26:10",74400
51.8,0.3,500,"sd","09:26:09",69500
51.8,0.3,1000,"sd","09:25:54",69000
51.8,0.3,1000,"sd","09:25:44",68000
51.8,0.3,400,"sd","09:25:44",67000
51.8,0.3,1000,"sd","09:25:34",66600
51.8,0.3,200,"sd","09:24:49",65600
51.9,0.4,900,"bu","09:24:48",65400
51.8,0.3,1000,"sd","09:24:22",64500
51.8,0.3,500,"sd","09:23:58",63500
51.9,0.4,500,"bu","09:23:44",63000
51.9,0.4,100,"bu","09:23:00",62500
51.9,0.4,1600,"sd","09:22:35",62400
51.9,0.4,400,"sd","09:22:27",60800
52,0.5,100,"bu","09:22:13",60400
52,0.5,1000,"bu","09:21:37",60300
52,0.5,400,"bu","09:21:07",59300
52,0.5,500,"bu","09:20:51",58900
52,0.5,400,"bu","09:20:20",58400
52,0.5,100,"bu","09:19:52",58000
52,0.5,3300,"sd","09:19:31",57900
52,0.5,100,"sd","09:19:27",54600
52,0.5,1500,"sd","09:19:19",54500
52,0.5,2000,"sd","09:19:07",53000
52,0.5,3000,"sd","09:18:57",51000
52,0.5,7000,"sd","09:18:55",48000
52.1,0.6,10000,"sd","09:18:42",41000
52,0.5,400,"sd","09:18:24",31000
52.2,0.7,100,"bu","09:18:20",30600
52,0.5,500,"sd","09:18:02",30500
52,0.5,500,"sd","09:17:35",30000
52,0.5,2000,"sd","09:17:26",29500
52,0.5,2000,"sd","09:16:39",27500
52.3,0.8,1400,"bu","09:16:38",25500
52.3,0.8,4300,"sd","09:16:22",24100
52.3,0.8,3700,"bu","09:16:07",19800
52.3,0.8,600,"bu","09:15:50",16100
52.3,0.8,500,"bu","09:15:38",15500
52,0.5,500,"bu","09:15:38",15000
52,0.5,2000,"bu","09:15:29",14500
52,0.5,300,"bu","09:15:06",12500
52,0.5,12200,"","09:15:00",12200
