"price","change","match_qtty","side","time","total_vol"
7.41,-0.15,212100,"","14:45:02",1649300
7.5,-0.06,700,"sd","14:29:55",1437200
7.5,-0.06,2600,"bu","14:29:54",1436500
7.5,-0.06,3000,"bu","14:29:45",1433900
7.5,-0.06,300,"bu","14:29:39",1430900
7.5,-0.06,4100,"sd","14:29:39",1430600
7.5,-0.06,700,"sd","14:29:38",1426500
7.5,-0.06,300,"sd","14:29:23",1425800
7.5,-0.06,700,"bu","14:29:21",1425500
7.5,-0.06,100,"bu","14:29:19",1424800
7.5,-0.06,1000,"bu","14:29:07",1424700
7.5,-0.06,11200,"sd","14:29:00",1423700
7.5,-0.06,100,"bu","14:28:13",1412500
7.5,-0.06,2000,"bu","14:28:06",1412400
7.5,-0.06,1900,"sd","14:28:05",1410400
7.49,-0.07,2700,"sd","14:27:57",1408500
7.5,-0.06,2400,"sd","14:27:57",1405800
7.5,-0.06,2200,"bu","14:27:55",1403400
7.5,-0.06,100,"bu","14:27:51",1401200
7.5,-0.06,1000,"bu","14:27:49",1401100
7.5,-0.06,200,"bu","14:27:47",1400100
7.5,-0.06,200,"bu","14:27:46",1399900
7.5,-0.06,300,"bu","14:27:41",1399700
7.5,-0.06,500,"bu","14:27:33",1399400
7.5,-0.06,5500,"bu","14:27:28",1398900
7.49,-0.07,5500,"bu","14:27:28",1393400
7.49,-0.07,1500,"sd","14:27:27",1387900
7.49,-0.07,1000,"bu","14:27:10",1386400
7.49,-0.07,100,"bu","14:27:07",1385400
7.49,-0.07,1000,"bu","14:27:06",1385300
7.49,-0.07,100,"bu","14:27:01",1384300
7.49,-0.07,1300,"bu","14:27:00",1384200
7.48,-0.08,3200,"bu","14:26:58",1382900
7.48,-0.08,1500,"sd","14:26:57",1379700
7.49,-0.07,500,"bu","14:26:54",1378200
7.49,-0.07,1000,"bu","14:26:52",1377700
7.48,-0.08,200,"bu","14:26:30",1376700
7.48,-0.08,200,"bu","14:26:24",1376500
7.48,-0.08,200,"bu","14:26:16",1376300
7.45,-0.11,2100,"sd","14:26:13",1376100
7.45,-0.11,1100,"sd","14:26:09",1374000
7.45,-0.11,300,"sd","14:26:00",1372900
7.45,-0.11,10200,"sd","14:25:47",1372600
7.46,-0.1,7500,"sd","14:25:47",1362400
7.48,-0.08,2300,"sd","14:25:47",1354900
7.48,-0.08,600,"sd","14:25:35",1352600
7.48,-0.08,200,"sd","14:25:34",1352000
7.48,-0.08,7000,"sd","14:25:22",1351800
7.49,-0.07,1000,"bu","14:24:44",1344800
7.49,-0.07,1500,"bu","14:24:43",1343800
7.49,-0.07,6100,"bu","14:24:30",1342300
7.49,-0.07,500,"bu","14:24:23",1336200
7.48,-0.08,100,"sd","14:24:22",1335700
7.48,-0.08,1900,"sd","14:24:19",1335600
7.48,-0.08,2200,"sd","14:24:16",1333700
7.48,-0.08,800,"sd","14:24:16",1331500
7.49,-0.07,500,"bu","14:24:13",1330700
7.49,-0.07,100,"bu","14:24:11",1330200
7.49,-0.07,1000,"bu","14:23:52",1330100
7.48,-0.08,1000,"sd","14:23:49",1329100
7.49,-0.07,1000,"bu","14:23:37",1328100
7.49,-0.07,200,"bu","14:23:27",1327100
7.49,-0.07,100,"bu","14:22:50",1326900
7.49,-0.07,6900,"sd","14:22:42",1326800
7.49,-0.07,100,"sd","14:22:34",1319900
7.49,-0.07,1500,"sd","14:22:30",1319800
7.49,-0.07,100,"sd","14:22:29",1318300
7.49,-0.07,300,"sd","14:22:27",1318200
7.49,-0.07,1500,"sd","14:22:11",1317900
7.5,-0.06,100,"bu","14:22:00",1316400
7.48,-0.08,1000,"sd","14:21:37",1316300
7.48,-0.08,2600,"sd","14:21:06",1315300
7.5,-0.06,100,"bu","14:20:45",1312700
7.5,-0.06,200,"bu","14:20:43",1312600
7.5,-0.06,10000,"bu","14:20:40",1312400
7.5,-0.06,700,"bu","14:20:30",1302400
7.5,-0.06,100,"bu","14:20:04",1301700
7.5,-0.06,3600,"sd","14:19:37",1301600
7.5,-0.06,3000,"sd","14:19:32",1298000
7.5,-0.06,100,"sd","14:19:12",1295000
7.51,-0.05,400,"sd","14:19:12",1294900
7.48,-0.08,400,"bu","14:18:17",1294500
7.48,-0.08,100,"bu","14:18:06",1294100
7.45,-0.11,900,"sd","14:18:03",1294000
7.46,-0.1,500,"sd","14:18:03",1293100
7.47,-0.09,800,"sd","14:18:03",1292600
7.48,-0.08,100,"sd","14:18:03",1291800
7.49,-0.07,1100,"sd","14:18:03",1291700
7.5,-0.06,66800,"sd","14:18:02",1290600
7.51,-0.05,1100,"sd","14:18:02",1223800
7.52,-0.04,1400,"sd","14:18:02",1222700
7.54,-0.02,2100,"sd","14:18:02",1221300
7.55,-0.01,1800,"sd","14:18:02",1219200
7.56,0,200,"bu","14:17:43",1217400
7.55,-0.01,2100,"sd","14:17:34",1217200
7.56,0,2100,"sd","14:16:23",1215100
7.56,0,100,"sd","14:16:04",1213000
7.56,0,3000,"sd","14:15:52",1212900
7.56,0,2000,"sd","14:15:43",1209900
7.56,0,13000,"sd","14:15:41",1207900
7.56,0,17000,"sd","14:15:31",1194900
7.57,0.01,3000,"sd","14:15:31",1177900
7.57,0.01,100,"sd","14:13:14",1174900
7.56,0,5100,"sd","14:12:55",1174800
7.56,0,200,"sd","14:12:37",1169700
7.56,0,600,"sd","14:11:45",1169500
7.56,0,700,"sd","14:11:16",1168900
7.57,0.01,400,"sd","14:11:16",1168200
7.56,0,500,"sd","14:08:34",1167800
7.55,-0.01,100,"sd","14:08:01",1167300
7.55,-0.01,100,"sd","14:07:42",1167200
7.55,-0.01,300,"bu","14:06:19",1167100
7.54,-0.02,1800,"bu","14:06:14",1166800
7.54,-0.02,500,"bu","14:05:59",1165000
7.52,-0.04,100,"bu","14:05:08",1164500
7.52,-0.04,100,"bu","14:05:07",1164400
7.52,-0.04,200,"bu","14:04:57",1164300
7.52,-0.04,200,"bu","14:04:47",1164100
7.52,-0.04,500,"bu","14:04:44",1163900
7.52,-0.04,300,"bu","14:04:36",1163400
7.51,-0.05,500,"sd","14:04:20",1163100
7.51,-0.05,5000,"sd","14:04:14",1162600
7.52,-0.04,100,"bu","14:04:09",1157600
7.53,-0.03,500,"sd","14:04:07",1157500
7.54,-0.02,100,"bu","14:03:52",1157000
7.54,-0.02,7900,"sd","14:03:41",1156900
7.55,-0.01,200,"bu","14:03:41",1149000
7.54,-0.02,6400,"sd","14:03:35",1148800
7.55,-0.01,69500,"sd","14:03:34",1142400
7.55,-0.01,100,"sd","14:03:30",1072900
7.55,-0.01,50000,"sd","14:03:24",1072800
7.55,-0.01,2000,"sd","14:02:40",1022800
7.55,-0.01,6100,"sd","14:02:37",1020800
7.55,-0.01,8000,"sd","14:02:25",1014700
7.56,0,900,"bu","14:02:16",1006700
7.56,0,2500,"sd","14:01:38",1005800
7.56,0,100,"sd","14:01:03",1003300
7.56,0,4800,"sd","14:00:45",1003200
7.56,0,6700,"sd","14:00:14",998400
7.56,0,2000,"bu","13:59:28",991700
7.56,0,7700,"sd","13:59:16",989700
7.58,0.02,300,"sd","13:59:16",982000
7.58,0.02,700,"sd","13:58:46",981700
7.56,0,18800,"sd","13:57:32",981000
7.58,0.02,200,"sd","13:57:30",961000
7.58,0.02,200,"sd","13:57:14",960800
7.58,0.02,800,"sd","13:56:50",960600
7.6,0.04,100,"bu","13:55:29",959800
7.58,0.02,5300,"sd","13:55:28",959700
7.59,0.03,3200,"sd","13:55:28",954400
7.6,0.04,200,"bu","13:55:04",951200
7.59,0.03,100,"bu","13:54:03",951000
7.59,0.03,100,"bu","13:53:41",950900
7.58,0.02,400,"sd","13:52:41",950800
7.59,0.03,100,"sd","13:52:41",950400
7.6,0.04,100,"bu","13:50:43",950300
7.6,0.04,3300,"bu","13:50:01",950200
7.6,0.04,4400,"sd","13:49:46",946900
7.61,0.05,200,"bu","13:49:17",942500
7.6,0.04,10000,"sd","13:49:16",942300
7.61,0.05,500,"sd","13:49:11",932300
7.62,0.06,2000,"bu","13:48:37",931800
7.62,0.06,200,"bu","13:47:00",929800
7.62,0.06,1000,"bu","13:46:50",929600
7.62,0.06,800,"bu","13:46:29",928600
7.62,0.06,200,"bu","13:44:43",927800
7.62,0.06,5000,"bu","13:44:09",927600
7.62,0.06,100,"bu","13:44:04",922600
7.62,0.06,3000,"bu","13:43:53",922500
7.62,0.06,4600,"bu","13:43:21",919500
7.62,0.06,1000,"bu","13:42:12",914900
7.61,0.05,600,"sd","13:41:54",913900
7.61,0.05,100,"sd","13:40:35",913300
7.61,0.05,2600,"bu","13:39:43",913200
7.61,0.05,500,"bu","13:39:16",910600
7.61,0.05,1000,"sd","13:38:19",910100
7.62,0.06,500,"bu","13:37:24",909100
7.62,0.06,1000,"bu","13:36:45",908600
7.61,0.05,100,"bu","13:35:59",907600
7.6,0.04,6000,"bu","13:35:18",907500
7.59,0.03,300,"sd","13:35:15",901500
7.59,0.03,100,"sd","13:35:01",901200
7.59,0.03,1000,"sd","13:32:25",901100
7.6,0.04,1800,"bu","13:32:20",900100
7.58,0.02,200,"sd","13:29:33",898300
7.58,0.02,700,"sd","13:29:15",898100
7.58,0.02,500,"sd","13:29:09",897400
7.58,0.02,200,"sd","13:28:49",896900
7.58,0.02,1200,"sd","13:28:04",896700
7.58,0.02,4300,"sd","13:27:42",895500
7.59,0.03,700,"sd","13:27:42",891200
7.59,0.03,1000,"sd","13:27:36",890500
7.6,0.04,15200,"sd","13:24:44",889500
7.61,0.05,2000,"sd","13:23:36",874300
7.61,0.05,3100,"sd","13:23:36",872300
7.61,0.05,200,"sd","13:23:34",869200
7.62,0.06,100,"bu","13:22:18",869000
7.62,0.06,1900,"bu","13:21:52",868900
7.62,0.06,18800,"sd","13:21:39",867000
7.62,0.06,1400,"bu","13:21:10",848200
7.62,0.06,4700,"sd","13:20:34",846800
7.62,0.06,400,"sd","13:19:56",842100
7.62,0.06,400,"bu","13:19:28",841700
7.62,0.06,400,"bu","13:19:10",841300
7.62,0.06,13200,"sd","13:18:11",840900
7.62,0.06,5200,"sd","13:18:00",827700
7.62,0.06,3400,"sd","13:17:42",822500
7.62,0.06,500,"sd","13:17:37",819100
7.63,0.07,100,"bu","13:17:08",818600
7.62,0.06,200,"sd","13:16:09",818500
7.63,0.07,14200,"sd","13:15:31",818300
7.64,0.08,200,"sd","13:15:31",804100
7.63,0.07,400,"sd","13:13:32",803900
7.64,0.08,1000,"sd","13:13:09",803500
7.64,0.08,10000,"sd","13:12:42",802500
7.64,0.08,100,"sd","13:11:36",792500
7.65,0.09,100,"sd","13:10:27",792400
7.65,0.09,200,"sd","13:09:51",792300
7.65,0.09,15000,"sd","13:08:58",792100
7.65,0.09,4000,"sd","13:07:50",777100
7.65,0.09,200,"sd","13:07:29",773100
7.65,0.09,2100,"sd","13:06:47",772900
7.65,0.09,100,"sd","13:06:01",770800
7.65,0.09,2700,"bu","13:05:31",770700
7.63,0.07,600,"sd","13:04:34",766400
7.64,0.08,4800,"sd","13:04:29",765800
7.64,0.08,200,"sd","13:03:03",761000
7.65,0.09,300,"bu","13:02:45",760800
7.65,0.09,500,"bu","13:01:41",760500
7.65,0.09,100,"sd","13:00:10",760000
7.66,0.1,1000,"bu","13:00:05",759900
7.66,0.1,300,"bu","13:00:04",758900
7.65,0.09,1000,"bu","13:00:04",758600
7.62,0.06,1700,"sd","13:00:02",757600
7.63,0.07,4000,"sd","13:00:02",755900
7.64,0.08,14400,"sd","13:00:02",751900
7.66,0.1,100,"bu","13:00:02",737500
7.66,0.1,1000,"sd","11:29:25",737400
7.66,0.1,9000,"sd","11:29:24",736400
7.67,0.11,10000,"bu","11:28:57",727400
7.67,0.11,1400,"bu","11:27:35",717400
7.67,0.11,300,"bu","11:22:52",716000
7.67,0.11,1000,"bu","11:21:19",715700
7.67,0.11,100,"sd","11:20:09",714700
7.68,0.12,100,"bu","11:19:23",714600
7.68,0.12,3900,"bu","11:18:11",714500
7.67,0.11,1000,"bu","11:18:08",709500
7.67,0.11,3000,"bu","11:17:50",708500
7.66,0.1,700,"bu","11:16:40",705500
7.66,0.1,10000,"bu","11:16:22",704800
7.65,0.09,800,"sd","11:16:15",694800
7.65,0.09,100,"sd","11:15:17",694000
7.65,0.09,1200,"bu","11:15:01",693900
7.65,0.09,4500,"sd","11:13:21",692700
7.65,0.09,100,"sd","11:12:10",688200
7.65,0.09,5400,"bu","11:12:09",688100
7.65,0.09,12800,"bu","11:11:53",682700
7.65,0.09,5000,"bu","11:11:38",669900
7.64,0.08,100,"bu","11:11:38",664900
7.63,0.07,300,"bu","11:11:38",664800
7.63,0.07,200,"bu","11:11:37",664500
7.63,0.07,100,"bu","11:11:10",664300
7.62,0.06,1000,"bu","11:10:24",664200
7.61,0.05,7200,"bu","11:10:22",663200
7.61,0.05,1000,"bu","11:10:08",656000
7.6,0.04,200,"sd","11:09:58",655000
7.6,0.04,34300,"bu","11:09:38",654800
7.59,0.03,1000,"sd","11:09:37",620500
7.6,0.04,200,"bu","11:09:06",619500
7.59,0.03,200,"sd","11:08:28",619300
7.59,0.03,400,"sd","11:07:15",619100
7.6,0.04,1000,"bu","11:06:37",618700
7.59,0.03,500,"sd","11:03:52",617700
7.59,0.03,100,"sd","11:03:25",617200
7.59,0.03,500,"sd","11:03:20",617100
7.59,0.03,100,"bu","10:54:47",616600
7.59,0.03,200,"bu","10:54:17",616500
7.59,0.03,200,"sd","10:53:54",616300
7.59,0.03,100,"sd","10:53:11",616100
7.59,0.03,100,"sd","10:53:08",616000
7.59,0.03,100,"sd","10:52:00",615900
7.58,0.02,4200,"sd","10:49:55",615800
7.58,0.02,100,"sd","10:48:45",611600
7.58,0.02,900,"sd","10:46:54",611500
7.58,0.02,4800,"sd","10:43:34",610600
7.58,0.02,3000,"sd","10:42:57",605800
7.58,0.02,500,"sd","10:42:33",602800
7.59,0.03,200,"sd","10:42:02",602300
7.59,0.03,1000,"sd","10:41:46",602100
7.59,0.03,100,"sd","10:41:45",601100
7.59,0.03,500,"sd","10:41:09",601000
7.6,0.04,1500,"sd","10:39:41",600500
7.6,0.04,200,"sd","10:39:23",599000
7.6,0.04,100,"sd","10:38:19",598800
7.6,0.04,2100,"bu","10:37:41",598700
7.58,0.02,100,"sd","10:37:03",596600
7.58,0.02,100,"sd","10:36:47",596500
7.6,0.04,4000,"bu","10:36:42",596400
7.58,0.02,100,"sd","10:34:13",592400
7.6,0.04,500,"bu","10:32:38",592300
7.6,0.04,3700,"bu","10:31:42",591800
7.6,0.04,9700,"bu","10:31:13",588100
7.59,0.03,300,"bu","10:31:13",578400
7.6,0.04,2500,"bu","10:30:48",578100
7.59,0.03,500,"bu","10:30:48",575600
7.59,0.03,1900,"sd","10:30:07",575100
7.59,0.03,800,"bu","10:29:48",573200
7.54,-0.02,800,"sd","10:29:29",572400
7.55,-0.01,6100,"sd","10:29:29",571600
7.56,0,2800,"sd","10:29:29",565500
7.58,0.02,300,"sd","10:29:29",562700
7.58,0.02,1000,"bu","10:28:47",562400
7.56,0,200,"sd","10:27:52",561400
7.56,0,4000,"sd","10:27:27",561200
7.56,0,3000,"sd","10:27:00",557200
7.56,0,100,"sd","10:25:47",554200
7.56,0,300,"bu","10:25:30",554100
7.56,0,2000,"bu","10:25:19",553800
7.56,0,300,"bu","10:25:03",551800
7.55,-0.01,5500,"sd","10:24:21",551500
7.55,-0.01,1500,"bu","10:24:07",546000
7.54,-0.02,20000,"sd","10:24:06",544500
7.55,-0.01,500,"bu","10:23:55",524500
7.55,-0.01,400,"bu","10:23:32",524000
7.54,-0.02,9000,"sd","10:22:42",523600
7.54,-0.02,100,"sd","10:22:18",514600
7.55,-0.01,1000,"bu","10:22:15",514500
7.55,-0.01,2600,"bu","10:22:04",513500
7.55,-0.01,500,"bu","10:22:01",510900
7.55,-0.01,5000,"bu","10:22:01",510400
7.55,-0.01,1700,"bu","10:21:55",505400
7.55,-0.01,1000,"bu","10:19:55",503700
7.54,-0.02,400,"sd","10:19:41",502700
7.54,-0.02,500,"sd","10:19:34",502300
7.54,-0.02,2000,"sd","10:19:24",501800
7.55,-0.01,700,"sd","10:19:11",499800
7.55,-0.01,5900,"sd","10:18:34",499100
7.55,-0.01,400,"sd","10:18:31",493200
7.55,-0.01,2000,"sd","10:18:30",492800
7.55,-0.01,300,"sd","10:18:26",490800
7.55,-0.01,10000,"sd","10:18:17",490500
7.55,-0.01,800,"bu","10:17:55",480500
7.55,-0.01,800,"bu","10:17:45",479700
7.55,-0.01,2000,"bu","10:16:15",478900
7.55,-0.01,1500,"sd","10:15:53",476900
7.55,-0.01,5000,"sd","10:14:31",475400
7.55,-0.01,3000,"bu","10:14:22",470400
7.55,-0.01,200,"bu","10:13:40",467400
7.55,-0.01,12200,"sd","10:13:38",467200
7.55,-0.01,600,"sd","10:13:08",455000
7.56,0,6800,"sd","10:13:00",454400
7.56,0,20000,"sd","10:12:55",447600
7.56,0,5000,"sd","10:12:37",427600
7.57,0.01,5000,"sd","10:12:36",422600
7.57,0.01,100,"sd","10:12:26",417600
7.57,0.01,500,"sd","10:11:44",417500
7.58,0.02,3300,"sd","10:11:31",417000
7.58,0.02,5100,"sd","10:10:37",413700
7.58,0.02,8000,"sd","10:10:33",408600
7.59,0.03,1200,"sd","10:09:36",400600
7.59,0.03,1000,"sd","10:09:19",399400
7.6,0.04,200,"bu","10:08:41",398400
7.59,0.03,2000,"sd","10:08:30",398200
7.59,0.03,300,"sd","10:08:21",396200
7.59,0.03,1000,"sd","10:07:51",395900
7.59,0.03,200,"sd","10:06:50",394900
7.59,0.03,200,"sd","10:05:45",394700
7.59,0.03,100,"sd","10:05:32",394500
7.59,0.03,100,"sd","10:03:46",394400
7.6,0.04,1900,"sd","10:03:44",394300
7.6,0.04,3300,"sd","10:03:26",392400
7.6,0.04,300,"sd","10:02:11",389100
7.61,0.05,100,"sd","10:01:21",388800
7.61,0.05,3000,"sd","09:59:47",388700
7.62,0.06,3000,"bu","09:59:44",385700
7.61,0.05,5000,"sd","09:59:21",382700
7.61,0.05,1000,"sd","09:58:17",377700
7.62,0.06,400,"bu","09:54:05",376700
7.61,0.05,100,"sd","09:54:04",376300
7.62,0.06,5000,"bu","09:53:49",376200
7.62,0.06,10000,"bu","09:53:35",371200
7.61,0.05,200,"sd","09:52:30",361200
7.61,0.05,6900,"sd","09:51:49",361000
7.61,0.05,900,"bu","09:51:09",354100
7.61,0.05,100,"bu","09:50:42",353200
7.62,0.06,100,"bu","09:50:22",353100
7.62,0.06,100,"bu","09:49:56",353000
7.62,0.06,2000,"bu","09:49:48",352900
7.62,0.06,100,"bu","09:49:35",350900
7.62,0.06,1000,"bu","09:49:00",350800
7.62,0.06,100,"bu","09:47:04",349800
7.62,0.06,100,"bu","09:46:33",349700
7.62,0.06,2000,"bu","09:45:28",349600
7.6,0.04,500,"sd","09:44:52",347600
7.62,0.06,4500,"bu","09:44:50",347100
7.6,0.04,3900,"bu","09:43:49",342600
7.59,0.03,1100,"bu","09:43:49",338700
7.58,0.02,100,"sd","09:43:20",337600
7.58,0.02,600,"bu","09:42:54",337500
7.58,0.02,400,"sd","09:42:09",336900
7.58,0.02,200,"sd","09:42:03",336500
7.58,0.02,200,"sd","09:41:54",336300
7.59,0.03,100,"bu","09:40:28",336100
7.59,0.03,700,"sd","09:39:25",336000
7.59,0.03,1800,"sd","09:38:58",335300
7.6,0.04,100,"bu","09:38:46",333500
7.59,0.03,600,"sd","09:38:44",333400
7.6,0.04,100,"bu","09:38:19",332800
7.59,0.03,1000,"sd","09:37:53",332700
7.59,0.03,10000,"sd","09:37:49",331700
7.59,0.03,300,"sd","09:37:48",321700
7.6,0.04,200,"bu","09:37:47",321400
7.6,0.04,1800,"bu","09:37:34",321200
7.59,0.03,4000,"sd","09:36:53",319400
7.59,0.03,3400,"sd","09:36:38",315400
7.59,0.03,29000,"sd","09:36:09",312000
7.6,0.04,19500,"sd","09:36:08",281500
7.6,0.04,4300,"sd","09:35:54",262000
7.61,0.05,700,"sd","09:35:54",257700
7.61,0.05,200,"sd","09:35:43",257000
7.61,0.05,1200,"bu","09:35:32",256800
7.6,0.04,1200,"sd","09:35:22",255600
7.6,0.04,600,"sd","09:35:06",254400
7.6,0.04,100,"sd","09:35:06",253800
7.61,0.05,100,"bu","09:34:49",253700
7.61,0.05,2700,"sd","09:34:48",253600
7.61,0.05,5000,"sd","09:34:44",250900
7.62,0.06,2000,"bu","09:34:31",245900
7.61,0.05,30000,"sd","09:34:17",243900
7.61,0.05,5000,"sd","09:34:05",213900
7.62,0.06,2000,"bu","09:34:03",208900
7.62,0.06,2000,"bu","09:33:09",206900
7.62,0.06,3300,"sd","09:33:02",204900
7.62,0.06,6000,"sd","09:32:58",201600
7.62,0.06,100,"sd","09:32:51",195600
7.62,0.06,5000,"sd","09:32:48",195500
7.62,0.06,1000,"sd","09:32:33",190500
7.62,0.06,5000,"sd","09:32:28",189500
7.62,0.06,300,"sd","09:31:40",184500
7.61,0.05,900,"sd","09:31:13",184200
7.62,0.06,1100,"sd","09:31:13",183300
7.61,0.05,200,"sd","09:30:35",182200
7.61,0.05,100,"sd","09:30:21",182000
7.62,0.06,500,"sd","09:30:21",181900
7.61,0.05,1000,"sd","09:30:01",181400
7.65,0.09,200,"bu","09:28:06",180400
7.64,0.08,400,"sd","09:28:00",180200
7.64,0.08,3000,"sd","09:27:59",179800
7.64,0.08,300,"sd","09:27:48",176800
7.65,0.09,300,"bu","09:27:22",176500
7.65,0.09,200,"bu","09:26:24",176200
7.65,0.09,800,"sd","09:26:08",176000
7.67,0.11,10000,"bu","09:26:07",175200
7.65,0.09,2500,"sd","09:26:01",165200
7.65,0.09,6000,"sd","09:25:53",162700
7.65,0.09,7200,"sd","09:25:38",156700
7.65,0.09,900,"sd","09:25:37",149500
7.66,0.1,1900,"sd","09:25:37",148600
7.67,0.11,1200,"sd","09:25:15",146700
7.68,0.12,200,"bu","09:25:02",145500
7.68,0.12,3000,"bu","09:24:37",145300
7.67,0.11,500,"sd","09:24:36",142300
7.67,0.11,200,"sd","09:24:30",141800
7.68,0.12,600,"bu","09:23:05",141600
7.67,0.11,100,"sd","09:22:47",141000
7.68,0.12,1000,"bu","09:22:20",140900
7.68,0.12,13000,"sd","09:22:06",139900
7.69,0.13,4400,"sd","09:20:59",126900
7.69,0.13,900,"sd","09:20:54",122500
7.69,0.13,4000,"sd","09:20:50",121600
7.69,0.13,1300,"bu","09:20:40",117600
7.69,0.13,600,"bu","09:20:36",116300
7.69,0.13,5000,"bu","09:20:27",115700
7.69,0.13,3000,"bu","09:20:21",110700
7.69,0.13,2100,"sd","09:20:11",107700
7.69,0.13,4000,"sd","09:19:57",105600
7.69,0.13,200,"bu","09:19:53",101600
7.69,0.13,300,"sd","09:19:48",101400
7.69,0.13,2900,"bu","09:19:47",101100
7.69,0.13,2100,"sd","09:19:44",98200
7.69,0.13,17600,"bu","09:19:39",96100
7.69,0.13,2400,"sd","09:19:15",78500
7.69,0.13,500,"sd","09:19:03",76100
7.69,0.13,7100,"bu","09:18:50",75600
7.65,0.09,400,"bu","09:18:25",68500
7.64,0.08,100,"sd","09:18:21",68100
7.65,0.09,500,"bu","09:18:21",68000
7.65,0.09,100,"bu","09:18:19",67500
7.65,0.09,5000,"bu","09:18:19",67400
7.65,0.09,600,"bu","09:18:13",62400
7.65,0.09,3400,"sd","09:18:10",61800
7.69,0.13,900,"bu","09:18:07",58400
7.65,0.09,5000,"sd","09:18:01",57500
7.69,0.13,2200,"bu","09:17:49",52500
7.68,0.12,2200,"bu","09:17:49",50300
7.67,0.11,100,"bu","09:17:49",48100
7.65,0.09,500,"bu","09:17:49",48000
7.65,0.09,6100,"bu","09:17:40",47500
7.64,0.08,500,"bu","09:17:40",41400
7.65,0.09,2400,"bu","09:17:29",40900
7.65,0.09,2000,"bu","09:17:24",38500
7.65,0.09,200,"bu","09:17:04",36500
7.65,0.09,8600,"sd","09:17:03",36300
7.66,0.1,100,"sd","09:17:03",27700
7.66,0.1,600,"sd","09:16:55",27600
7.66,0.1,200,"sd","09:16:51",27000
7.65,0.09,100,"sd","09:15:45",26800
7.65,0.09,500,"bu","09:15:25",26700
7.65,0.09,100,"bu","09:15:20",26200
7.65,0.09,26100,"","09:15:01",26100
