"price","change","match_qtty","side","time","total_vol"
19.85,-0.1,170200,"","14:45:05",1055000
19.95,0,3000,"sd","14:29:54",884800
19.95,0,200,"sd","14:29:14",881800
19.95,0,200,"sd","14:28:14",881600
19.95,0,1500,"bu","14:28:13",881400
19.95,0,5000,"bu","14:28:12",879900
19.95,0,100,"bu","14:27:55",874900
19.95,0,300,"bu","14:27:53",874800
19.95,0,100,"bu","14:27:42",874500
19.95,0,300,"bu","14:27:41",874400
19.95,0,300,"bu","14:27:30",874100
19.95,0,300,"bu","14:27:21",873800
19.9,-0.05,200,"sd","14:27:18",873500
19.95,0,100,"bu","14:27:17",873300
19.95,0,300,"bu","14:27:03",873200
19.85,-0.1,4600,"sd","14:26:57",872900
19.9,-0.05,400,"sd","14:26:57",868300
19.95,0,800,"bu","14:26:53",867900
19.95,0,300,"bu","14:26:43",867100
19.95,0,100,"bu","14:26:37",866800
19.9,-0.05,200,"bu","14:26:37",866700
19.9,-0.05,300,"bu","14:26:30",866500
19.9,-0.05,500,"sd","14:26:26",866200
19.95,0,300,"bu","14:26:20",865700
19.9,-0.05,100,"sd","14:26:15",865400
19.9,-0.05,100,"sd","14:26:13",865300
19.95,0,300,"bu","14:26:02",865200
19.95,0,300,"bu","14:26:00",864900
19.9,-0.05,4800,"bu","14:25:39",864600
19.9,-0.05,500,"bu","14:25:25",859800
19.9,-0.05,2000,"bu","14:25:10",859300
19.9,-0.05,2200,"bu","14:25:06",857300
19.85,-0.1,1200,"sd","14:25:01",855100
19.9,-0.05,500,"bu","14:24:53",853900
19.85,-0.1,3000,"sd","14:24:46",853400
19.85,-0.1,3000,"sd","14:24:29",850400
19.85,-0.1,5000,"sd","14:24:27",847400
19.9,-0.05,500,"bu","14:24:14",842400
19.85,-0.1,100,"sd","14:24:14",841900
19.9,-0.05,200,"bu","14:24:08",841800
19.85,-0.1,1500,"sd","14:24:05",841600
19.85,-0.1,1000,"sd","14:24:03",840100
19.85,-0.1,300,"sd","14:23:29",839100
19.85,-0.1,100,"sd","14:23:27",838800
19.85,-0.1,3000,"sd","14:23:24",838700
19.85,-0.1,100,"sd","14:23:23",835700
19.85,-0.1,100,"sd","14:23:22",835600
19.85,-0.1,2000,"sd","14:23:16",835500
19.85,-0.1,100,"sd","14:23:10",833500
19.9,-0.05,200,"bu","14:23:07",833400
19.85,-0.1,300,"sd","14:22:55",833200
19.85,-0.1,11000,"bu","14:22:55",832900
19.8,-0.15,5000,"sd","14:22:54",821900
19.8,-0.15,2000,"sd","14:22:48",816900
19.8,-0.15,100,"sd","14:22:42",814900
19.85,-0.1,1000,"bu","14:22:41",814800
19.85,-0.1,500,"bu","14:22:38",813800
19.85,-0.1,200,"bu","14:22:24",813300
19.85,-0.1,500,"bu","14:22:23",813100
19.85,-0.1,1000,"bu","14:22:22",812600
19.8,-0.15,800,"sd","14:22:20",811600
19.8,-0.15,2600,"sd","14:22:20",810800
19.8,-0.15,400,"sd","14:22:19",808200
19.85,-0.1,800,"sd","14:22:05",807800
19.85,-0.1,2000,"sd","14:21:58",807000
19.85,-0.1,2900,"bu","14:21:57",805000
19.85,-0.1,8200,"sd","14:21:52",802100
19.85,-0.1,1500,"sd","14:21:37",793900
19.9,-0.05,200,"bu","14:21:29",792400
19.85,-0.1,200,"bu","14:21:03",792200
19.85,-0.1,1800,"sd","14:21:02",792000
19.85,-0.1,1000,"sd","14:20:38",790200
19.85,-0.1,7200,"sd","14:20:37",789200
19.85,-0.1,300,"sd","14:20:26",782000
19.85,-0.1,800,"sd","14:20:24",781700
19.85,-0.1,5000,"sd","14:20:21",780900
19.85,-0.1,300,"sd","14:20:19",775900
19.9,-0.05,1300,"sd","14:19:53",775600
19.9,-0.05,200,"sd","14:19:50",774300
19.9,-0.05,1000,"sd","14:19:44",774100
19.9,-0.05,10000,"sd","14:19:40",773100
19.9,-0.05,1000,"sd","14:19:29",763100
19.9,-0.05,300,"sd","14:19:14",762100
19.9,-0.05,48000,"sd","14:19:06",761800
19.95,0,500,"bu","14:18:52",713800
19.95,0,200,"bu","14:18:46",713300
19.95,0,2000,"bu","14:18:41",713100
19.95,0,100,"bu","14:18:37",711100
19.95,0,400,"bu","14:17:54",711000
19.95,0,500,"bu","14:17:46",710600
19.95,0,500,"bu","14:17:45",710100
19.95,0,200,"bu","14:17:44",709600
19.95,0,500,"bu","14:17:29",709400
19.95,0,200,"bu","14:16:59",708900
19.95,0,400,"sd","14:16:46",708700
19.95,0,1600,"bu","14:16:45",708300
19.95,0,900,"sd","14:16:44",706700
19.95,0,1600,"sd","14:16:42",705800
19.95,0,5000,"sd","14:16:37",704200
19.95,0,4000,"sd","14:16:31",699200
19.95,0,3000,"sd","14:16:08",695200
19.95,0,1000,"sd","14:16:07",692200
19.95,0,300,"sd","14:16:05",691200
19.95,0,2000,"sd","14:15:57",690900
19.95,0,300,"sd","14:15:54",688900
20,0.05,500,"bu","14:15:35",688600
20,0.05,500,"bu","14:15:20",688100
20,0.05,2000,"bu","14:15:00",687600
20,0.05,100,"bu","14:14:54",685600
20,0.05,800,"sd","14:14:37",685500
20,0.05,400,"bu","14:12:59",684700
20,0.05,100,"sd","14:12:42",684300
20,0.05,400,"bu","14:12:38",684200
20,0.05,1000,"bu","14:12:36",683800
20,0.05,300,"bu","14:12:32",682800
20,0.05,100,"bu","14:12:29",682500
20,0.05,200,"bu","14:12:28",682400
20,0.05,1000,"bu","14:12:25",682200
20.05,0.1,4600,"bu","14:11:47",681200
20,0.05,400,"bu","14:11:47",676600
20,0.05,1700,"sd","14:11:40",676200
20.05,0.1,300,"bu","14:11:17",674500
20.05,0.1,300,"bu","14:09:45",674200
20.05,0.1,300,"bu","14:09:37",673900
20.05,0.1,300,"bu","14:09:26",673600
20.05,0.1,300,"bu","14:09:18",673300
20.05,0.1,800,"bu","14:09:10",673000
20,0.05,100,"sd","14:09:06",672200
20.05,0.1,600,"bu","14:09:05",672100
20.05,0.1,300,"bu","14:08:59",671500
20,0.05,2000,"bu","14:08:49",671200
19.95,0,10000,"sd","14:08:45",669200
19.95,0,500,"bu","14:07:58",659200
19.95,0,600,"bu","14:07:57",658700
19.95,0,5000,"bu","14:07:52",658100
19.95,0,5000,"bu","14:07:47",653100
19.95,0,1000,"bu","14:07:43",648100
19.95,0,5000,"bu","14:07:26",647100
19.95,0,900,"bu","14:07:18",642100
19.95,0,1000,"bu","14:07:02",641200
19.9,-0.05,300,"sd","14:06:59",640200
19.9,-0.05,600,"sd","14:06:37",639900
19.95,0,300,"bu","14:06:34",639300
19.9,-0.05,1000,"sd","14:05:02",639000
19.95,0,300,"bu","14:04:55",638000
19.9,-0.05,7500,"sd","14:04:52",637700
19.95,0,900,"bu","14:04:52",630200
19.95,0,300,"bu","14:04:42",629300
19.95,0,300,"bu","14:04:41",629000
19.9,-0.05,2000,"sd","14:04:15",628700
19.9,-0.05,3300,"sd","14:04:07",626700
19.9,-0.05,6400,"sd","14:04:06",623400
19.95,0,200,"bu","14:03:44",617000
19.95,0,200,"bu","14:03:27",616800
19.9,-0.05,20000,"sd","14:03:26",616600
19.95,0,1000,"sd","14:02:06",596600
19.95,0,1000,"sd","14:02:04",595600
19.9,-0.05,1000,"sd","14:01:37",594600
19.9,-0.05,300,"sd","14:01:36",593600
19.9,-0.05,1000,"sd","14:00:22",593300
19.95,0,40300,"sd","14:00:04",592300
20,0.05,300,"bu","13:59:47",552000
20,0.05,100,"bu","13:59:01",551700
20,0.05,300,"bu","13:58:56",551600
20,0.05,100,"sd","13:58:31",551300
20,0.05,5000,"sd","13:58:24",551200
20,0.05,2000,"sd","13:58:13",546200
20,0.05,2000,"sd","13:58:12",544200
20,0.05,1000,"sd","13:58:09",542200
20,0.05,200,"sd","13:56:45",541200
20,0.05,500,"sd","13:56:01",541000
20,0.05,2000,"sd","13:55:34",540500
20,0.05,500,"sd","13:55:29",538500
20,0.05,15000,"sd","13:55:13",538000
20.05,0.1,200,"bu","13:54:37",523000
20.05,0.1,200,"bu","13:54:26",522800
20.05,0.1,100,"sd","13:54:07",522600
20.05,0.1,3000,"sd","13:52:59",522500
20.05,0.1,1000,"sd","13:52:51",519500
20.1,0.15,100,"bu","13:52:07",518500
20.05,0.1,1000,"sd","13:50:55",518400
20.05,0.1,7000,"sd","13:50:20",517400
20.1,0.15,300,"bu","13:49:55",510400
20.05,0.1,4000,"sd","13:48:59",510100
20.05,0.1,500,"sd","13:48:51",506100
20.05,0.1,500,"sd","13:48:50",505600
20.05,0.1,4000,"sd","13:48:07",505100
20.05,0.1,300,"sd","13:47:52",501100
20.05,0.1,200,"sd","13:46:19",500800
20.1,0.15,100,"bu","13:46:06",500600
20.1,0.15,200,"bu","13:45:24",500500
20.05,0.1,1000,"sd","13:44:36",500300
20.05,0.1,100,"sd","13:44:01",499300
20.05,0.1,2000,"sd","13:42:58",499200
20.05,0.1,5000,"sd","13:42:42",497200
20.05,0.1,1000,"sd","13:42:30",492200
20.05,0.1,100,"sd","13:41:15",491200
20.1,0.15,300,"bu","13:40:54",491100
20.05,0.1,100,"bu","13:39:43",490800
20.05,0.1,1100,"bu","13:39:21",490700
20.05,0.1,3000,"bu","13:39:12",489600
20.05,0.1,300,"bu","13:38:58",486600
20.05,0.1,500,"bu","13:38:44",486300
20.05,0.1,300,"bu","13:38:12",485800
20.05,0.1,500,"bu","13:38:07",485500
20.05,0.1,300,"bu","13:38:01",485000
20.05,0.1,8900,"sd","13:37:44",484700
20.1,0.15,200,"bu","13:36:34",475800
20.1,0.15,200,"bu","13:36:22",475600
20.1,0.15,400,"bu","13:36:20",475400
20.1,0.15,200,"bu","13:35:15",475000
20.1,0.15,500,"bu","13:33:51",474800
20.1,0.15,600,"bu","13:32:54",474300
20.1,0.15,300,"bu","13:32:35",473700
20.1,0.15,500,"bu","13:32:17",473400
20.1,0.15,100,"bu","13:32:08",472900
20.05,0.1,100,"sd","13:31:53",472800
20.05,0.1,100,"bu","13:31:52",472700
20.05,0.1,400,"sd","13:30:09",472600
20.05,0.1,1000,"sd","13:29:58",472200
20.05,0.1,200,"sd","13:28:50",471200
20.1,0.15,200,"bu","13:27:22",471000
20.05,0.1,500,"sd","13:26:08",470800
20.05,0.1,3000,"sd","13:25:10",470300
20.05,0.1,1000,"sd","13:24:36",467300
20.05,0.1,1100,"sd","13:24:24",466300
20.05,0.1,500,"sd","13:24:03",465200
20.05,0.1,500,"sd","13:23:44",464700
20.05,0.1,1000,"sd","13:23:36",464200
20.05,0.1,5000,"sd","13:23:28",463200
20.1,0.15,300,"bu","13:22:51",458200
20.1,0.15,100,"bu","13:22:11",457900
20.1,0.15,100,"bu","13:21:38",457800
20.1,0.15,200,"bu","13:19:12",457700
20.1,0.15,200,"bu","13:18:21",457500
20.1,0.15,2000,"bu","13:17:56",457300
20.1,0.15,500,"bu","13:16:41",455300
20.1,0.15,100,"sd","13:15:14",454800
20.1,0.15,400,"bu","13:14:22",454700
20.1,0.15,9600,"sd","13:14:13",454300
20.1,0.15,2000,"sd","13:13:59",444700
20.15,0.2,300,"bu","13:13:50",442700
20.1,0.15,6200,"sd","13:13:20",442400
20.15,0.2,200,"bu","13:11:16",436200
20.15,0.2,3000,"bu","13:10:02",436000
20.15,0.2,200,"bu","13:09:20",433000
20.1,0.15,900,"sd","13:09:05",432800
20.1,0.15,200,"bu","13:08:17",431900
20.1,0.15,200,"bu","13:08:07",431700
20.1,0.15,300,"bu","13:04:49",431500
20.1,0.15,100,"bu","13:04:40",431200
20.1,0.15,200,"sd","13:03:31",431100
20.1,0.15,800,"bu","13:02:25",430900
20.1,0.15,1000,"sd","13:02:02",430100
20.15,0.2,200,"bu","13:01:29",429100
20.15,0.2,100,"bu","13:01:09",428900
20.15,0.2,500,"bu","13:00:43",428800
20.15,0.2,200,"bu","13:00:19",428300
20.15,0.2,300,"bu","13:00:06",428100
20.1,0.15,400,"sd","13:00:05",427800
20.15,0.2,300,"bu","11:25:47",427400
20.15,0.2,200,"bu","11:23:01",427100
20.15,0.2,200,"bu","11:22:51",426900
20.1,0.15,100,"sd","11:22:06",426700
20.1,0.15,100,"bu","11:21:18",426600
20.1,0.15,500,"bu","11:20:31",426500
20.1,0.15,100,"bu","11:20:13",426000
20.1,0.15,2000,"bu","11:18:58",425900
20.1,0.15,200,"bu","11:18:16",423900
20.1,0.15,300,"bu","11:18:04",423700
20.1,0.15,6800,"sd","11:17:55",423400
20.1,0.15,200,"sd","11:17:21",416600
20.1,0.15,100,"bu","11:16:46",416400
20.1,0.15,500,"bu","11:16:31",416300
20.1,0.15,100,"bu","11:16:27",415800
20.1,0.15,100,"bu","11:16:19",415700
20.1,0.15,100,"bu","11:16:14",415600
20.1,0.15,1900,"bu","11:15:53",415500
20.1,0.15,500,"bu","11:15:11",413600
20.1,0.15,500,"bu","11:15:05",413100
20.1,0.15,500,"bu","11:15:01",412600
20.1,0.15,500,"bu","11:14:19",412100
20.1,0.15,400,"bu","11:13:29",411600
20.1,0.15,100,"bu","11:13:28",411200
20.1,0.15,100,"bu","11:12:19",411100
20.1,0.15,200,"bu","11:12:15",411000
20.1,0.15,100,"bu","11:12:07",410800
20.05,0.1,1000,"sd","11:12:02",410700
20.1,0.15,100,"bu","11:12:00",409700
20.1,0.15,5200,"sd","11:10:43",409600
20.1,0.15,100,"sd","11:10:33",404400
20.1,0.15,100,"sd","11:10:11",404300
20.1,0.15,10000,"sd","11:10:10",404200
20.1,0.15,200,"sd","11:10:01",394200
20.15,0.2,100,"bu","11:08:25",394000
20.15,0.2,600,"bu","11:08:15",393900
20.15,0.2,1200,"bu","11:08:14",393300
20.15,0.2,1200,"bu","11:08:12",392100
20.15,0.2,300,"bu","11:07:44",390900
20.15,0.2,1000,"bu","11:07:06",390600
20.15,0.2,200,"bu","11:06:25",389600
20.15,0.2,200,"bu","11:03:14",389400
20.1,0.15,200,"sd","11:01:08",389200
20.15,0.2,200,"bu","10:58:43",389000
20.05,0.1,200,"sd","10:58:27",388800
20.1,0.15,800,"sd","10:58:27",388600
20.15,0.2,600,"bu","10:57:29",387800
20.15,0.2,600,"bu","10:57:28",387200
20.15,0.2,600,"bu","10:57:24",386600
20.1,0.15,1000,"sd","10:56:54",386000
20.15,0.2,300,"bu","10:54:12",385000
20.1,0.15,300,"sd","10:54:02",384700
20.1,0.15,100,"sd","10:52:32",384400
20.1,0.15,100,"sd","10:52:28",384300
20.1,0.15,1000,"sd","10:52:10",384200
20.1,0.15,5000,"sd","10:51:21",383200
20.15,0.2,200,"bu","10:49:42",378200
20.15,0.2,500,"bu","10:48:59",378000
20.15,0.2,1800,"sd","10:48:19",377500
20.15,0.2,100,"sd","10:48:01",375700
20.15,0.2,100,"sd","10:47:40",375600
20.15,0.2,100,"sd","10:46:50",375500
20.15,0.2,1000,"sd","10:46:45",375400
20.15,0.2,1400,"bu","10:46:12",374400
20.15,0.2,100,"bu","10:45:52",373000
20.15,0.2,300,"bu","10:45:11",372900
20.15,0.2,10200,"sd","10:44:50",372600
20.15,0.2,3000,"sd","10:44:20",362400
20.15,0.2,100,"sd","10:43:20",359400
20.15,0.2,200,"sd","10:43:14",359300
20.2,0.25,200,"bu","10:40:41",359100
20.15,0.2,100,"sd","10:40:38",358900
20.2,0.25,2500,"bu","10:38:10",358800
20.2,0.25,100,"bu","10:37:59",356300
20.2,0.25,6200,"bu","10:37:05",356200
20.15,0.2,3600,"bu","10:37:05",350000
20.15,0.2,10200,"bu","10:37:04",346400
20.1,0.15,1000,"sd","10:36:45",336200
20.1,0.15,1000,"sd","10:36:12",335200
20.15,0.2,300,"bu","10:36:10",334200
20.1,0.15,200,"sd","10:35:37",333900
20.15,0.2,200,"bu","10:35:09",333700
20.1,0.15,600,"bu","10:33:20",333500
20.1,0.15,100,"bu","10:32:38",332900
20.1,0.15,200,"bu","10:31:39",332800
20.1,0.15,10000,"bu","10:30:56",332600
20.1,0.15,500,"bu","10:29:03",322600
20.1,0.15,10000,"bu","10:28:29",322100
20.1,0.15,300,"bu","10:28:10",312100
20.1,0.15,4700,"bu","10:28:09",311800
20.1,0.15,300,"bu","10:27:09",307100
20.1,0.15,900,"bu","10:26:42",306800
20,0.05,200,"sd","10:26:15",305900
20.05,0.1,800,"sd","10:26:15",305700
20.05,0.1,100,"bu","10:25:27",304900
20.05,0.1,200,"bu","10:25:12",304800
20.05,0.1,500,"bu","10:24:46",304600
20.05,0.1,900,"bu","10:24:24",304100
20.05,0.1,200,"bu","10:22:38",303200
20,0.05,3000,"sd","10:22:27",303000
20,0.05,500,"sd","10:22:16",300000
20,0.05,5600,"sd","10:22:10",299500
20,0.05,14400,"sd","10:22:09",293900
20,0.05,500,"sd","10:20:53",279500
20.05,0.1,400,"sd","10:20:41",279000
20.05,0.1,1000,"sd","10:20:29",278600
20.05,0.1,3000,"sd","10:20:11",277600
20.05,0.1,200,"sd","10:20:02",274600
20.05,0.1,500,"sd","10:19:07",274400
20.05,0.1,700,"sd","10:19:03",273900
20.1,0.15,300,"bu","10:18:08",273200
20.05,0.1,100,"sd","10:17:39",272900
20.05,0.1,2000,"sd","10:17:18",272800
20.05,0.1,2000,"sd","10:16:58",270800
20.05,0.1,300,"sd","10:16:55",268800
20.05,0.1,3000,"sd","10:16:04",268500
20.05,0.1,700,"sd","10:16:03",265500
20.05,0.1,100,"sd","10:16:00",264800
20.05,0.1,8000,"sd","10:15:51",264700
20.05,0.1,8200,"sd","10:15:28",256700
20.05,0.1,5000,"sd","10:15:21",248500
20.05,0.1,4700,"sd","10:15:17",243500
20.05,0.1,3900,"sd","10:15:04",238800
20.05,0.1,1000,"sd","10:14:43",234900
20.05,0.1,2000,"sd","10:14:20",233900
20.1,0.15,200,"bu","10:13:37",231900
20.05,0.1,1000,"sd","10:13:04",231700
20.05,0.1,200,"sd","10:12:02",230700
20.05,0.1,500,"sd","10:10:30",230500
20.1,0.15,500,"bu","10:10:13",230000
20.1,0.15,3800,"sd","10:09:52",229500
20.1,0.15,3300,"sd","10:09:33",225700
20.1,0.15,200,"sd","10:09:32",222400
20.1,0.15,100,"sd","10:09:25",222200
20.1,0.15,2000,"sd","10:09:15",222100
20.15,0.2,300,"bu","10:09:06",220100
20.1,0.15,2400,"sd","10:09:00",219800
20.1,0.15,500,"sd","10:08:55",217400
20.15,0.2,600,"bu","10:07:07",216900
20.15,0.2,100,"bu","10:06:03",216300
20.1,0.15,5000,"sd","10:05:24",216200
20.1,0.15,100,"sd","10:04:44",211200
20.15,0.2,200,"bu","10:04:36",211100
20.1,0.15,1400,"sd","10:04:28",210900
20.1,0.15,5600,"bu","10:04:21",209500
20.1,0.15,10000,"bu","10:04:19",203900
20.1,0.15,500,"bu","10:03:18",193900
20.1,0.15,2000,"bu","10:02:31",193400
20.1,0.15,100,"bu","10:01:51",191400
20.05,0.1,700,"sd","10:00:36",191300
20.1,0.15,300,"bu","10:00:05",190600
20.1,0.15,100,"bu","09:58:13",190300
20.1,0.15,300,"bu","09:57:05",190200
20.1,0.15,100,"bu","09:56:25",189900
20.1,0.15,500,"bu","09:56:00",189800
20.1,0.15,200,"bu","09:55:35",189300
20.1,0.15,2000,"bu","09:54:00",189100
20.1,0.15,500,"bu","09:53:49",187100
20.1,0.15,200,"bu","09:53:26",186600
20.1,0.15,100,"bu","09:52:20",186400
20.1,0.15,300,"bu","09:51:04",186300
20.1,0.15,200,"bu","09:49:41",186000
20.05,0.1,100,"bu","09:46:40",185800
20.05,0.1,200,"bu","09:46:33",185700
20.05,0.1,2000,"bu","09:46:15",185500
20.05,0.1,100,"bu","09:46:07",183500
20.05,0.1,1100,"bu","09:44:59",183400
20.05,0.1,200,"bu","09:44:46",182300
20.05,0.1,1000,"bu","09:44:20",182100
20.05,0.1,300,"sd","09:43:50",181100
20.05,0.1,1500,"sd","09:42:48",180800
20.05,0.1,1300,"bu","09:42:20",179300
20.05,0.1,300,"bu","09:42:03",178000
20.05,0.1,4500,"sd","09:41:22",177700
20.05,0.1,300,"sd","09:41:14",173200
20.05,0.1,100,"sd","09:41:05",172900
20.05,0.1,4600,"bu","09:40:32",172800
20.05,0.1,500,"bu","09:39:40",168200
20.05,0.1,500,"bu","09:39:31",167700
20.05,0.1,100,"bu","09:38:57",167200
20,0.05,100,"sd","09:38:36",167100
20.05,0.1,300,"bu","09:38:09",167000
20,0.05,4500,"sd","09:37:51",166700
20.05,0.1,200,"bu","09:37:32",162200
20.05,0.1,200,"bu","09:37:23",162000
20.05,0.1,200,"bu","09:37:10",161800
20.05,0.1,200,"bu","09:36:52",161600
20.05,0.1,200,"bu","09:36:46",161400
20.05,0.1,200,"bu","09:36:22",161200
20.05,0.1,200,"bu","09:35:47",161000
20,0.05,500,"sd","09:35:45",160800
20.05,0.1,1000,"bu","09:35:45",160300
20.05,0.1,200,"bu","09:35:43",159300
20.05,0.1,200,"bu","09:35:39",159100
20,0.05,9100,"sd","09:35:21",158900
20.05,0.1,200,"bu","09:35:12",149800
20.05,0.1,200,"bu","09:34:55",149600
20.05,0.1,500,"sd","09:34:34",149400
20.05,0.1,3000,"sd","09:34:03",148900
20.05,0.1,400,"bu","09:33:12",145900
20,0.05,200,"sd","09:33:04",145500
20.05,0.1,300,"bu","09:33:01",145300
20.05,0.1,100,"bu","09:32:51",145000
20.05,0.1,1400,"bu","09:32:29",144900
20.05,0.1,1000,"sd","09:32:04",143500
20.05,0.1,500,"sd","09:32:02",142500
20.05,0.1,10000,"sd","09:31:53",142000
20.05,0.1,500,"sd","09:31:44",132000
20.05,0.1,3000,"sd","09:31:32",131500
20.1,0.15,100,"bu","09:31:13",128500
20.1,0.15,2100,"sd","09:29:18",128400
20.1,0.15,500,"sd","09:29:15",126300
20.1,0.15,5000,"sd","09:29:04",125800
20.1,0.15,100,"sd","09:28:34",120800
20.15,0.2,200,"bu","09:28:31",120700
20.1,0.15,2000,"sd","09:28:29",120500
20.15,0.2,1000,"bu","09:28:03",118500
20.15,0.2,100,"bu","09:26:37",117500
20.15,0.2,200,"sd","09:26:19",117400
20.15,0.2,400,"sd","09:26:03",117200
20.15,0.2,200,"sd","09:25:57",116800
20.15,0.2,4200,"bu","09:25:32",116600
20.15,0.2,800,"sd","09:25:23",112400
20.15,0.2,1500,"sd","09:25:20",111600
20.15,0.2,2000,"sd","09:25:12",110100
20.15,0.2,2000,"sd","09:24:55",108100
20.15,0.2,1000,"sd","09:24:41",106100
20.2,0.25,300,"bu","09:24:00",105100
20.15,0.2,100,"sd","09:23:46",104800
20.15,0.2,5400,"bu","09:23:34",104700
20.15,0.2,400,"bu","09:23:06",99300
20.15,0.2,1000,"bu","09:22:19",98900
20.1,0.15,100,"sd","09:22:06",97900
20.1,0.15,100,"sd","09:21:55",97800
20.15,0.2,2000,"bu","09:21:45",97700
20.1,0.15,100,"sd","09:21:31",95700
20.1,0.15,2000,"sd","09:21:31",95600
20.1,0.15,300,"sd","09:21:30",93600
20.05,0.1,100,"sd","09:20:35",93300
20.05,0.1,100,"sd","09:20:25",93200
20.05,0.1,100,"sd","09:20:21",93100
20.05,0.1,100,"sd","09:20:15",93000
20.1,0.15,500,"sd","09:20:03",92900
20.1,0.15,2500,"bu","09:19:59",92400
20.1,0.15,300,"bu","09:19:55",89900
20.1,0.15,500,"bu","09:19:44",89600
20.05,0.1,200,"sd","09:19:35",89100
20.1,0.15,300,"bu","09:19:31",88900
20.05,0.1,100,"sd","09:19:29",88600
20.05,0.1,100,"sd","09:19:15",88500
20,0.05,100,"sd","09:18:00",88400
20.05,0.1,100,"sd","09:17:56",88300
20.05,0.1,100,"bu","09:17:53",88200
20.05,0.1,100,"bu","09:17:49",88100
20.05,0.1,1800,"sd","09:17:48",88000
20.1,0.15,3000,"bu","09:17:41",86200
20.05,0.1,10000,"sd","09:17:40",83200
20.05,0.1,100,"sd","09:17:39",73200
20.05,0.1,100,"sd","09:17:34",73100
20.05,0.1,100,"sd","09:17:29",73000
20.1,0.15,1000,"bu","09:17:15",72900
20.1,0.15,3000,"bu","09:17:01",71900
20.1,0.15,2000,"bu","09:16:59",68900
20.1,0.15,1500,"bu","09:16:58",66900
20.1,0.15,1000,"bu","09:16:58",65400
20.1,0.15,100,"sd","09:16:57",64400
20.1,0.15,2000,"sd","09:16:55",64300
20.1,0.15,100,"sd","09:16:38",62300
20.15,0.2,1000,"bu","09:16:28",62200
20.1,0.15,100,"sd","09:16:22",61200
20.15,0.2,300,"bu","09:16:21",61100
20.15,0.2,15000,"bu","09:15:59",60800
20.15,0.2,32900,"sd","09:15:49",45800
20.15,0.2,12900,"","09:15:02",12900
