"price","change","match_qtty","side","time","total_vol"
19.6,-1,400,"","14:46:27",9603900
19.6,-1,400,"","14:45:49",9603500
19.6,-1,950400,"","14:45:02",9603100
20,-0.6,100,"bu","14:30:00",8652700
20,-0.6,1000,"bu","14:29:57",8652600
20,-0.6,500,"bu","14:29:56",8651600
19.9,-0.7,1000,"sd","14:29:55",8651100
20,-0.6,1000,"bu","14:29:53",8650100
20,-0.6,1000,"bu","14:29:50",8649100
20,-0.6,2000,"bu","14:29:49",8648100
20,-0.6,3000,"bu","14:29:47",8646100
20,-0.6,5000,"bu","14:29:46",8643100
20,-0.6,400,"bu","14:29:45",8638100
20,-0.6,5000,"bu","14:29:44",8637700
20,-0.6,500,"bu","14:29:43",8632700
20,-0.6,2100,"bu","14:29:40",8632200
20,-0.6,2100,"sd","14:29:39",8630100
20,-0.6,5000,"sd","14:29:38",8628000
20,-0.6,500,"sd","14:29:34",8623000
20,-0.6,400,"sd","14:29:33",8622500
20,-0.6,2000,"sd","14:29:32",8622100
20,-0.6,200,"sd","14:29:30",8620100
20,-0.6,700,"sd","14:29:27",8619900
20,-0.6,800,"bu","14:29:19",8619200
20,-0.6,9200,"sd","14:29:18",8618400
20.1,-0.5,15600,"bu","14:29:16",8609200
20,-0.6,10500,"bu","14:29:11",8593600
20,-0.6,3000,"bu","14:29:07",8583100
20,-0.6,1000,"bu","14:29:05",8580100
20,-0.6,1400,"bu","14:29:04",8579100
20,-0.6,100,"bu","14:28:58",8577700
20,-0.6,2400,"bu","14:28:47",8577600
20,-0.6,2600,"sd","14:28:46",8575200
20,-0.6,200,"bu","14:28:44",8572600
19.9,-0.7,15000,"sd","14:28:38",8572400
19.9,-0.7,8000,"sd","14:28:30",8557400
20,-0.6,2100,"bu","14:28:27",8549400
20,-0.6,1400,"bu","14:28:25",8547300
20,-0.6,2900,"sd","14:28:23",8545900
20,-0.6,5600,"bu","14:28:22",8543000
20,-0.6,1000,"bu","14:28:21",8537400
20,-0.6,1000,"bu","14:28:20",8536400
20,-0.6,10000,"bu","14:28:18",8535400
20,-0.6,5100,"bu","14:28:14",8525400
19.9,-0.7,5500,"sd","14:28:13",8520300
20,-0.6,2000,"bu","14:28:12",8514800
20,-0.6,30000,"bu","14:28:08",8512800
20,-0.6,200,"bu","14:28:05",8482800
20,-0.6,6000,"bu","14:27:59",8482600
20,-0.6,100,"bu","14:27:58",8476600
19.9,-0.7,1000,"sd","14:27:57",8476500
19.9,-0.7,2000,"sd","14:27:56",8475500
20,-0.6,100,"bu","14:27:52",8473500
19.9,-0.7,10000,"sd","14:27:40",8473400
19.9,-0.7,1300,"sd","14:27:38",8463400
19.9,-0.7,300,"bu","14:27:34",8462100
19.9,-0.7,100,"bu","14:27:32",8461800
19.9,-0.7,200,"bu","14:27:31",8461700
19.9,-0.7,100,"bu","14:27:30",8461500
19.9,-0.7,100,"bu","14:27:28",8461400
19.9,-0.7,8000,"sd","14:27:27",8461300
20,-0.6,2000,"bu","14:27:26",8453300
19.8,-0.8,14300,"sd","14:27:24",8451300
19.9,-0.7,5000,"sd","14:27:23",8437000
20,-0.6,100,"bu","14:27:22",8432000
19.9,-0.7,14000,"sd","14:27:18",8431900
20,-0.6,100,"bu","14:27:14",8417900
19.9,-0.7,5000,"sd","14:27:12",8417800
20,-0.6,3300,"bu","14:27:11",8412800
19.9,-0.7,3000,"sd","14:27:08",8409500
20,-0.6,100,"bu","14:27:03",8406500
19.9,-0.7,10000,"sd","14:27:00",8406400
20,-0.6,100,"bu","14:26:57",8396400
19.9,-0.7,13000,"sd","14:26:54",8396300
20,-0.6,100,"bu","14:26:53",8383300
20,-0.6,100,"bu","14:26:52",8383200
20,-0.6,100,"bu","14:26:48",8383100
20,-0.6,200,"bu","14:26:47",8383000
19.9,-0.7,6700,"sd","14:26:35",8382800
19.9,-0.7,8000,"bu","14:26:33",8376100
19.9,-0.7,2000,"bu","14:26:32",8368100
19.9,-0.7,100,"bu","14:26:30",8366100
19.9,-0.7,20000,"bu","14:26:26",8366000
19.9,-0.7,100,"bu","14:26:25",8346000
19.9,-0.7,100,"bu","14:26:24",8345900
19.8,-0.8,3800,"sd","14:26:17",8345800
19.8,-0.8,6000,"sd","14:26:15",8342000
19.8,-0.8,300,"sd","14:26:12",8336000
19.8,-0.8,18700,"sd","14:26:10",8335700
19.8,-0.8,1000,"sd","14:26:00",8317000
19.8,-0.8,6000,"sd","14:25:58",8316000
19.8,-0.8,6000,"sd","14:25:57",8310000
19.8,-0.8,5000,"sd","14:25:52",8304000
19.8,-0.8,10000,"sd","14:25:50",8299000
19.8,-0.8,700,"sd","14:25:49",8289000
19.8,-0.8,600,"sd","14:25:45",8288300
19.8,-0.8,1000,"","14:25:41",8287700
19.7,-0.9,23600,"sd","14:25:40",8286700
19.8,-0.8,10000,"bu","14:25:39",8263100
19.8,-0.8,1000,"bu","14:25:37",8253100
19.8,-0.8,800,"bu","14:25:36",8252100
19.8,-0.8,1100,"sd","14:25:35",8251300
19.8,-0.8,1000,"sd","14:25:34",8250200
19.8,-0.8,600,"sd","14:25:33",8249200
19.8,-0.8,2800,"sd","14:25:32",8248600
19.8,-0.8,1000,"bu","14:25:30",8245800
19.8,-0.8,1200,"bu","14:25:29",8244800
19.8,-0.8,900,"sd","14:25:27",8243600
19.8,-0.8,10000,"bu","14:25:25",8242700
19.7,-0.9,10100,"sd","14:25:24",8232700
19.8,-0.8,5200,"bu","14:25:23",8222600
19.8,-0.8,100,"bu","14:25:22",8217400
19.8,-0.8,1000,"bu","14:25:21",8217300
19.8,-0.8,20100,"bu","14:25:20",8216300
19.8,-0.8,1000,"bu","14:25:19",8196200
19.8,-0.8,1000,"bu","14:25:18",8195200
19.8,-0.8,200,"bu","14:25:17",8194200
19.8,-0.8,200,"bu","14:25:16",8194000
19.8,-0.8,300,"bu","14:25:15",8193800
19.8,-0.8,1000,"bu","14:25:14",8193500
19.7,-0.9,2100,"sd","14:25:12",8192500
19.8,-0.8,100,"bu","14:25:11",8190400
19.8,-0.8,5000,"bu","14:25:10",8190300
19.8,-0.8,1000,"bu","14:25:09",8185300
19.8,-0.8,10100,"bu","14:25:08",8184300
19.8,-0.8,20000,"bu","14:25:06",8174200
19.8,-0.8,800,"bu","14:25:03",8154200
19.8,-0.8,4000,"bu","14:25:00",8153400
19.8,-0.8,5200,"bu","14:24:57",8149400
19.8,-0.8,200,"bu","14:24:56",8144200
19.8,-0.8,3500,"bu","14:24:49",8144000
19.8,-0.8,500,"bu","14:24:48",8140500
19.8,-0.8,2000,"bu","14:24:47",8140000
19.8,-0.8,6000,"bu","14:24:46",8138000
19.7,-0.9,1500,"sd","14:24:44",8132000
19.8,-0.8,2400,"bu","14:24:42",8130500
19.8,-0.8,300,"bu","14:24:41",8128100
19.8,-0.8,700,"bu","14:24:40",8127800
19.8,-0.8,3800,"bu","14:24:38",8127100
19.8,-0.8,300,"bu","14:24:35",8123300
19.8,-0.8,300,"bu","14:24:32",8123000
19.8,-0.8,10800,"bu","14:24:31",8122700
19.8,-0.8,2000,"sd","14:24:28",8111900
19.8,-0.8,400,"sd","14:24:25",8109900
19.8,-0.8,1000,"sd","14:24:23",8109500
19.8,-0.8,6000,"sd","14:24:21",8108500
19.8,-0.8,1000,"sd","14:24:18",8102500
19.8,-0.8,300,"sd","14:24:17",8101500
19.8,-0.8,3000,"sd","14:24:15",8101200
19.8,-0.8,1000,"sd","14:24:14",8098200
19.8,-0.8,2300,"bu","14:24:11",8097200
19.8,-0.8,1500,"bu","14:24:10",8094900
19.7,-0.9,2300,"sd","14:24:09",8093400
19.8,-0.8,4200,"bu","14:24:08",8091100
19.8,-0.8,8200,"sd","14:24:05",8086900
19.8,-0.8,2500,"bu","14:24:03",8078700
19.8,-0.8,1000,"bu","14:24:02",8076200
19.7,-0.9,3000,"sd","14:23:59",8075200
19.8,-0.8,10500,"bu","14:23:54",8072200
19.8,-0.8,200,"bu","14:23:53",8061700
19.8,-0.8,10000,"bu","14:23:51",8061500
19.8,-0.8,200,"bu","14:23:50",8051500
19.8,-0.8,800,"bu","14:23:46",8051300
19.8,-0.8,300,"bu","14:23:45",8050500
19.7,-0.9,500,"sd","14:23:43",8050200
19.8,-0.8,500,"bu","14:23:42",8049700
19.8,-0.8,5000,"bu","14:23:40",8049200
19.8,-0.8,1000,"bu","14:23:39",8044200
19.8,-0.8,500,"bu","14:23:38",8043200
19.8,-0.8,1200,"bu","14:23:34",8042700
19.8,-0.8,300,"bu","14:23:31",8041500
19.8,-0.8,300,"bu","14:23:30",8041200
19.8,-0.8,1000,"bu","14:23:26",8040900
19.8,-0.8,5300,"sd","14:23:25",8039900
19.8,-0.8,3500,"sd","14:23:23",8034600
19.8,-0.8,12500,"sd","14:23:21",8031100
19.8,-0.8,200,"sd","14:23:18",8018600
19.8,-0.8,4300,"sd","14:23:17",8018400
19.8,-0.8,3000,"sd","14:23:16",8014100
19.8,-0.8,600,"sd","14:23:14",8011100
19.8,-0.8,2700,"sd","14:23:12",8010500
19.8,-0.8,1500,"sd","14:23:07",8007800
19.8,-0.8,600,"sd","14:23:06",8006300
19.8,-0.8,500,"sd","14:23:05",8005700
19.8,-0.8,3300,"sd","14:23:02",8005200
19.8,-0.8,100,"sd","14:22:58",8001900
19.8,-0.8,100,"sd","14:22:54",8001800
19.8,-0.8,42000,"bu","14:22:53",8001700
19.8,-0.8,1000,"bu","14:22:52",7959700
19.8,-0.8,19500,"bu","14:22:50",7958700
19.8,-0.8,8300,"bu","14:22:48",7939200
19.7,-0.9,4700,"sd","14:22:47",7930900
19.8,-0.8,300,"bu","14:22:46",7926200
19.8,-0.8,500,"bu","14:22:44",7925900
19.8,-0.8,3000,"bu","14:22:43",7925400
19.7,-0.9,6400,"sd","14:22:42",7922400
19.7,-0.9,600,"sd","14:22:41",7916000
19.8,-0.8,2000,"bu","14:22:38",7915400
19.7,-0.9,20000,"sd","14:22:37",7913400
19.7,-0.9,3000,"sd","14:22:31",7893400
19.7,-0.9,41800,"sd","14:22:20",7890400
19.7,-0.9,10000,"bu","14:22:18",7838600
19.7,-0.9,6200,"bu","14:22:17",7828600
19.7,-0.9,1000,"bu","14:22:16",7822400
19.7,-0.9,7000,"bu","14:22:15",7821400
19.7,-0.9,5400,"bu","14:22:14",7814400
19.7,-0.9,1000,"bu","14:22:13",7809000
19.7,-0.9,500,"bu","14:22:12",7808000
19.7,-0.9,600,"bu","14:22:11",7807500
19.7,-0.9,700,"bu","14:22:10",7806900
19.7,-0.9,5000,"bu","14:22:09",7806200
19.7,-0.9,1000,"bu","14:22:08",7801200
19.7,-0.9,5000,"bu","14:22:06",7800200
19.7,-0.9,3200,"bu","14:22:03",7795200
19.7,-0.9,200,"bu","14:22:02",7792000
19.6,-1,400,"sd","14:22:00",7791800
19.7,-0.9,2200,"bu","14:21:58",7791400
19.7,-0.9,2000,"bu","14:21:56",7789200
19.7,-0.9,5000,"bu","14:21:55",7787200
19.7,-0.9,8200,"bu","14:21:54",7782200
19.7,-0.9,1000,"bu","14:21:47",7774000
19.7,-0.9,800,"bu","14:21:42",7773000
19.7,-0.9,3100,"bu","14:21:41",7772200
19.6,-1,10500,"sd","14:21:39",7769100
19.7,-0.9,1000,"bu","14:21:38",7758600
19.6,-1,100,"sd","14:21:37",7757600
19.6,-1,23000,"sd","14:21:35",7757500
19.7,-0.9,500,"bu","14:21:34",7734500
19.6,-1,400,"sd","14:21:26",7730000
19.6,-1,1500,"sd","14:21:25",7729600
19.6,-1,6500,"sd","14:21:24",7728100
19.7,-0.9,1000,"bu","14:21:23",7721600
19.6,-1,3000,"sd","14:21:18",7720600
19.7,-0.9,1000,"bu","14:21:17",7717600
19.6,-1,15000,"sd","14:21:16",7716600
19.7,-0.9,1000,"bu","14:21:15",7701600
19.6,-1,5000,"sd","14:21:13",7700600
19.6,-1,100,"sd","14:21:07",7695600
19.7,-0.9,100,"bu","14:21:05",7695500
19.6,-1,2000,"sd","14:21:04",7695400
19.7,-0.9,5400,"bu","14:21:03",7693400
19.6,-1,32500,"sd","14:21:00",7688000
19.6,-1,35900,"sd","14:20:59",7655500
19.7,-0.9,1200,"bu","14:20:58",7619600
19.7,-0.9,100,"bu","14:20:57",7618400
19.7,-0.9,600,"bu","14:20:54",7618300
19.7,-0.9,3000,"bu","14:20:53",7617700
19.7,-0.9,200,"bu","14:20:52",7614700
19.7,-0.9,1100,"bu","14:20:51",7614500
19.7,-0.9,300,"bu","14:20:49",7613400
19.7,-0.9,2000,"bu","14:20:44",7613100
19.6,-1,1500,"sd","14:20:43",7611100
19.7,-0.9,1000,"bu","14:20:41",7609600
19.7,-0.9,3000,"bu","14:20:40",7608600
19.7,-0.9,100,"bu","14:20:39",7605600
19.6,-1,15000,"sd","14:20:37",7603900
19.6,-1,40000,"sd","14:20:34",7588400
19.7,-0.9,1400,"sd","14:20:33",7548400
19.7,-0.9,2000,"sd","14:20:29",7547000
19.7,-0.9,2700,"sd","14:20:27",7545000
19.7,-0.9,100,"sd","14:20:26",7542300
19.7,-0.9,15000,"sd","14:20:24",7542200
19.8,-0.8,1000,"bu","14:20:23",7527200
19.7,-0.9,2000,"sd","14:20:18",7526200
19.7,-0.9,2000,"sd","14:20:16",7524200
19.7,-0.9,10000,"sd","14:20:15",7522200
19.7,-0.9,4000,"sd","14:20:14",7512200
19.7,-0.9,11100,"sd","14:20:12",7508200
19.7,-0.9,70100,"sd","14:20:09",7497100
19.8,-0.8,100,"bu","14:20:03",7427000
19.7,-0.9,600,"sd","14:20:00",7426900
19.8,-0.8,2000,"bu","14:19:57",7426300
19.7,-0.9,5000,"sd","14:19:54",7424300
19.8,-0.8,200,"bu","14:19:51",7419300
19.7,-0.9,23000,"sd","14:19:50",7419100
19.8,-0.8,1500,"bu","14:19:49",7396100
19.7,-0.9,5800,"sd","14:19:46",7394600
19.7,-0.9,4000,"sd","14:19:43",7388800
19.7,-0.9,1500,"sd","14:19:40",7384800
19.8,-0.8,1500,"bu","14:19:39",7383300
19.8,-0.8,3800,"bu","14:19:35",7381800
19.7,-0.9,22000,"sd","14:19:32",7378000
19.7,-0.9,17000,"sd","14:19:31",7356000
19.8,-0.8,1000,"bu","14:19:29",7339000
19.8,-0.8,800,"bu","14:19:27",7338000
19.8,-0.8,500,"bu","14:19:20",7337200
19.8,-0.8,3000,"bu","14:19:14",7336700
19.8,-0.8,600,"bu","14:19:13",7333700
19.8,-0.8,200,"bu","14:19:12",7333100
19.8,-0.8,33200,"bu","14:19:10",7332900
19.8,-0.8,20700,"sd","14:19:09",7299700
19.8,-0.8,300,"sd","14:19:08",7279000
19.8,-0.8,300,"sd","14:19:06",7278700
19.8,-0.8,12800,"sd","14:19:04",7278400
19.8,-0.8,3200,"sd","14:19:02",7265600
19.8,-0.8,5000,"sd","14:19:01",7262400
19.8,-0.8,5000,"sd","14:18:58",7257400
19.8,-0.8,5000,"sd","14:18:55",7252400
19.9,-0.7,15000,"bu","14:18:54",7247400
19.8,-0.8,150100,"sd","14:18:53",7232400
19.8,-0.8,15000,"sd","14:18:48",7082300
19.8,-0.8,200,"sd","14:18:42",7067300
19.9,-0.7,1000,"bu","14:18:41",7067100
19.8,-0.8,100,"sd","14:18:40",7066100
19.8,-0.8,300,"sd","14:18:39",7066000
19.9,-0.7,100,"bu","14:18:34",7065700
19.8,-0.8,500,"sd","14:18:31",7065600
19.8,-0.8,11000,"sd","14:18:30",7065100
19.9,-0.7,100,"bu","14:18:26",7054100
19.9,-0.7,100,"bu","14:18:16",7054000
19.9,-0.7,2000,"bu","14:18:15",7053900
19.9,-0.7,1300,"bu","14:18:14",7051900
19.9,-0.7,2900,"sd","14:18:07",7050600
19.9,-0.7,1300,"sd","14:18:05",7047700
19.9,-0.7,300,"bu","14:18:04",7046400
19.9,-0.7,4700,"bu","14:18:03",7046100
19.9,-0.7,44000,"sd","14:17:58",7041400
19.9,-0.7,2200,"sd","14:17:57",6997400
19.9,-0.7,60000,"sd","14:17:55",6995200
20,-0.6,500,"bu","14:17:51",6935200
19.9,-0.7,500,"sd","14:17:30",6934700
20,-0.6,500,"bu","14:17:22",6934200
20,-0.6,100,"bu","14:17:18",6933700
20,-0.6,400,"bu","14:17:17",6933600
20,-0.6,100,"bu","14:17:13",6933200
20,-0.6,2000,"bu","14:16:57",6933100
20,-0.6,2200,"bu","14:16:53",6931100
19.9,-0.7,500,"sd","14:16:52",6928900
20,-0.6,300,"bu","14:16:49",6928400
20,-0.6,1400,"bu","14:16:40",6928100
20,-0.6,34500,"sd","14:16:39",6926700
20,-0.6,2000,"sd","14:16:38",6892200
20,-0.6,3000,"sd","14:16:37",6890200
20,-0.6,18200,"sd","14:16:36",6887200
20,-0.6,12000,"sd","14:16:34",6869000
20,-0.6,12000,"sd","14:16:33",6857000
20,-0.6,6000,"sd","14:16:32",6845000
20,-0.6,10200,"sd","14:16:29",6839000
20,-0.6,600,"sd","14:16:26",6828800
20,-0.6,5500,"sd","14:16:25",6828200
20,-0.6,7000,"sd","14:16:21",6822700
20,-0.6,21500,"sd","14:16:15",6815700
20.1,-0.5,200,"bu","14:16:13",6794200
20,-0.6,10000,"sd","14:16:11",6794000
20,-0.6,1000,"sd","14:16:10",6784000
20.1,-0.5,200,"bu","14:16:08",6783000
20.1,-0.5,500,"bu","14:16:06",6782800
20.1,-0.5,20000,"bu","14:15:44",6782300
20,-0.6,200,"sd","14:15:42",6762300
20,-0.6,100,"sd","14:15:39",6762100
20,-0.6,600,"sd","14:15:23",6762000
20.1,-0.5,200,"bu","14:15:04",6761400
20.1,-0.5,1000,"bu","14:14:51",6761200
20,-0.6,3000,"sd","14:14:47",6760200
20.1,-0.5,500,"bu","14:14:34",6757200
20,-0.6,500,"sd","14:14:23",6756700
20,-0.6,500,"sd","14:14:20",6756200
20,-0.6,300,"sd","14:14:18",6755700
20,-0.6,5000,"sd","14:14:08",6755400
20.1,-0.5,2000,"bu","14:13:51",6750400
20,-0.6,500,"sd","14:13:41",6748400
20,-0.6,30000,"sd","14:13:36",6747900
20,-0.6,32700,"sd","14:13:21",6717900
20,-0.6,600,"sd","14:13:18",6685200
20,-0.6,50000,"sd","14:13:11",6684600
20,-0.6,50000,"sd","14:13:09",6634600
20.1,-0.5,2500,"sd","14:13:05",6584600
20.1,-0.5,1000,"sd","14:13:03",6582100
20.1,-0.5,5000,"sd","14:12:57",6581100
20.1,-0.5,500,"bu","14:12:54",6576100
20.1,-0.5,700,"bu","14:12:53",6575600
20,-0.6,200,"sd","14:12:51",6574900
20.1,-0.5,100,"bu","14:12:49",6574700
20.1,-0.5,100,"bu","14:12:46",6574600
20.1,-0.5,1000,"bu","14:12:45",6574500
20.1,-0.5,1000,"bu","14:12:44",6573500
20.1,-0.5,5000,"bu","14:12:41",6572500
20.1,-0.5,4700,"sd","14:12:40",6567500
20.1,-0.5,1000,"sd","14:12:38",6562800
20.1,-0.5,5000,"sd","14:12:28",6561800
20.1,-0.5,3000,"sd","14:12:24",6556800
20.2,-0.4,3600,"bu","14:12:22",6553800
20.1,-0.5,30000,"sd","14:12:21",6550200
20.1,-0.5,1000,"sd","14:12:16",6520200
20.1,-0.5,1000,"sd","14:12:15",6519200
20.1,-0.5,600,"sd","14:12:13",6518200
20.1,-0.5,40000,"sd","14:12:12",6517600
20.1,-0.5,500,"sd","14:12:11",6477600
20.1,-0.5,600,"sd","14:11:57",6477100
20.1,-0.5,800,"sd","14:11:53",6476500
20.1,-0.5,300,"sd","14:11:33",6475700
20.1,-0.5,200,"sd","14:11:29",6475400
20.1,-0.5,5000,"sd","14:11:22",6475200
20.1,-0.5,500,"sd","14:11:12",6470200
20.1,-0.5,5000,"sd","14:11:08",6469700
20.1,-0.5,5000,"sd","14:11:04",6464700
20.1,-0.5,1800,"sd","14:10:52",6459700
20.1,-0.5,13200,"sd","14:10:51",6457900
20.1,-0.5,20000,"sd","14:10:42",6444700
20.2,-0.4,30000,"bu","14:10:38",6424700
20.1,-0.5,100,"sd","14:10:29",6394700
20.1,-0.5,700,"bu","14:10:24",6394600
20,-0.6,5000,"sd","14:10:23",6393900
20.1,-0.5,2500,"bu","14:10:18",6388900
20.1,-0.5,3200,"bu","14:10:17",6386400
20.1,-0.5,2100,"bu","14:10:15",6383200
20.1,-0.5,2000,"bu","14:10:12",6381100
20,-0.6,500,"sd","14:10:09",6379100
20.1,-0.5,5000,"bu","14:10:08",6378600
20.1,-0.5,2000,"bu","14:10:07",6373600
20.1,-0.5,500,"bu","14:10:04",6371600
20.1,-0.5,12100,"bu","14:10:02",6371100
20.2,-0.4,600,"bu","14:10:00",6359000
20.2,-0.4,300,"bu","14:09:52",6358400
20.1,-0.5,1500,"","14:09:47",6358100
20.1,-0.5,600,"bu","14:09:46",6356600
20.1,-0.5,5500,"bu","14:09:44",6356000
20.1,-0.5,20000,"bu","14:09:43",6350500
20.1,-0.5,2000,"bu","14:09:40",6330500
20.1,-0.5,400,"bu","14:09:39",6328500
20.1,-0.5,2000,"bu","14:09:38",6328100
20.1,-0.5,500,"bu","14:09:36",6326100
20.1,-0.5,300,"bu","14:09:35",6325600
20.1,-0.5,100,"bu","14:09:30",6325300
20.1,-0.5,100,"bu","14:09:29",6325200
20.1,-0.5,400,"bu","14:09:26",6325100
20.1,-0.5,1600,"bu","14:09:20",6324700
20.1,-0.5,1400,"bu","14:09:17",6323100
20.1,-0.5,100000,"sd","14:09:13",6321700
20.2,-0.4,1000,"bu","14:09:08",6221700
20.1,-0.5,500,"sd","14:09:06",6220700
20.2,-0.4,300,"bu","14:09:04",6220200
20.2,-0.4,300,"bu","14:08:59",6219900
20.2,-0.4,100,"bu","14:08:53",6219600
20.2,-0.4,5000,"bu","14:08:50",6219500
20.2,-0.4,100,"bu","14:08:48",6214500
20.1,-0.5,200,"sd","14:08:45",6214400
20.1,-0.5,1000,"sd","14:08:40",6214200
20.2,-0.4,200,"bu","14:08:33",6213200
20.2,-0.4,300,"bu","14:08:30",6213000
20.2,-0.4,3000,"bu","14:08:27",6212700
20.1,-0.5,200,"sd","14:08:25",6209700
20.2,-0.4,500,"bu","14:08:21",6209500
20.1,-0.5,2600,"bu","14:08:08",6209000
20.1,-0.5,10000,"bu","14:08:07",6206400
20.1,-0.5,9500,"bu","14:08:06",6196400
20.1,-0.5,1000,"bu","14:08:05",6186900
20,-0.6,600,"sd","14:08:03",6185900
20.1,-0.5,600,"bu","14:08:02",6185300
20.1,-0.5,1000,"bu","14:08:01",6184700
20.1,-0.5,17100,"bu","14:07:59",6183700
20.1,-0.5,100,"bu","14:07:57",6166600
20.1,-0.5,2000,"bu","14:07:55",6166500
20.1,-0.5,11000,"bu","14:07:52",6164500
20.1,-0.5,2000,"bu","14:07:51",6153500
20.1,-0.5,1500,"bu","14:07:49",6151500
20.1,-0.5,400,"bu","14:07:48",6150000
20.1,-0.5,1000,"bu","14:07:45",6149600
20.1,-0.5,600,"bu","14:07:39",6148600
20.1,-0.5,1000,"bu","14:07:21",6148000
20.1,-0.5,500,"bu","14:07:19",6147000
20,-0.6,1000,"sd","14:07:14",6146500
20.1,-0.5,600,"bu","14:07:12",6145500
20.1,-0.5,1400,"bu","14:07:09",6144900
20.1,-0.5,2000,"bu","14:07:06",6143500
20.1,-0.5,2000,"bu","14:07:04",6141500
20,-0.6,500,"sd","14:07:00",6139500
20.1,-0.5,1000,"bu","14:06:58",6139000
20,-0.6,500,"sd","14:06:56",6138000
20.1,-0.5,1500,"bu","14:06:55",6137500
20.1,-0.5,500,"bu","14:06:53",6136000
20.1,-0.5,100,"bu","14:06:48",6135500
20.1,-0.5,2000,"bu","14:06:36",6135400
20.1,-0.5,100,"bu","14:06:27",6133400
20,-0.6,5000,"sd","14:06:26",6133300
20.1,-0.5,1300,"bu","14:06:25",6128300
20.1,-0.5,1000,"bu","14:06:21",6127000
20,-0.6,2700,"sd","14:06:19",6126000
20,-0.6,13100,"sd","14:06:11",6123300
20.1,-0.5,2000,"bu","14:06:10",6110200
20.1,-0.5,100,"bu","14:06:01",6108200
20.1,-0.5,1100,"bu","14:05:57",6108100
20.1,-0.5,100,"bu","14:05:56",6107000
20.1,-0.5,1600,"bu","14:05:55",6106900
20.1,-0.5,100,"bu","14:05:50",6105300
20.1,-0.5,200,"bu","14:05:38",6105200
20.1,-0.5,76300,"bu","14:05:32",6105000
20,-0.6,100,"bu","14:05:31",6028700
20,-0.6,4100,"bu","14:05:30",6028600
20,-0.6,10900,"bu","14:05:29",6024500
20,-0.6,5500,"bu","14:05:28",6013600
20,-0.6,5000,"bu","14:05:26",6008100
20,-0.6,100,"bu","14:05:24",6003100
20,-0.6,1500,"bu","14:05:23",6003000
20,-0.6,2100,"bu","14:05:22",6001500
20,-0.6,600,"bu","14:05:21",5999400
20,-0.6,100,"bu","14:05:16",5998800
20,-0.6,500,"bu","14:05:14",5998700
20,-0.6,500,"bu","14:05:11",5998200
19.9,-0.7,300,"sd","14:05:10",5997700
20,-0.6,100,"bu","14:05:04",5997400
20,-0.6,1000,"bu","14:04:56",5997300
19.9,-0.7,600,"sd","14:04:50",5996300
20,-0.6,1000,"bu","14:04:47",5995700
20,-0.6,100,"bu","14:04:45",5994700
19.9,-0.7,2900,"sd","14:04:41",5994600
19.9,-0.7,3000,"sd","14:04:40",5991700
19.9,-0.7,11000,"sd","14:04:24",5988700
20,-0.6,2000,"bu","14:04:21",5977700
20,-0.6,500,"bu","14:04:17",5975700
20,-0.6,500,"bu","14:04:16",5975200
20,-0.6,3000,"bu","14:04:15",5974700
20,-0.6,100,"bu","14:04:14",5971700
20,-0.6,100,"bu","14:04:13",5971600
20,-0.6,500,"bu","14:04:09",5971500
20,-0.6,5000,"bu","14:04:08",5971000
20,-0.6,100,"bu","14:04:05",5966000
20,-0.6,800,"bu","14:03:58",5965900
19.9,-0.7,4900,"sd","14:03:57",5965100
20,-0.6,500,"bu","14:03:52",5960200
20,-0.6,800,"bu","14:03:48",5959700
19.9,-0.7,600,"sd","14:03:46",5958900
19.9,-0.7,2000,"sd","14:03:39",5958300
19.9,-0.7,100,"sd","14:03:37",5956300
20,-0.6,3000,"bu","14:03:30",5956200
20,-0.6,800,"bu","14:03:29",5953200
19.9,-0.7,14000,"sd","14:03:28",5952400
19.9,-0.7,500,"sd","14:03:25",5938400
19.9,-0.7,2000,"sd","14:03:24",5937900
19.9,-0.7,100,"sd","14:03:23",5935900
19.9,-0.7,1500,"sd","14:03:22",5935800
20,-0.6,5000,"bu","14:03:18",5934300
19.9,-0.7,1500,"sd","14:03:16",5929300
19.9,-0.7,500,"sd","14:03:10",5927800
19.9,-0.7,35900,"sd","14:03:07",5927300
19.9,-0.7,3000,"sd","14:03:02",5891400
19.9,-0.7,5100,"sd","14:02:57",5888400
19.9,-0.7,5000,"sd","14:02:54",5883300
20,-0.6,1000,"bu","14:02:53",5878300
20,-0.6,100,"bu","14:02:51",5877300
19.9,-0.7,6000,"sd","14:02:50",5877200
19.9,-0.7,5600,"sd","14:02:49",5871200
19.9,-0.7,1000,"sd","14:02:48",5865600
20,-0.6,100,"bu","14:02:47",5864600
19.9,-0.7,4000,"sd","14:02:43",5864500
19.9,-0.7,1500,"sd","14:02:42",5860500
19.9,-0.7,5000,"sd","14:02:39",5859000
19.9,-0.7,100,"sd","14:02:36",5854000
19.9,-0.7,5000,"bu","14:02:33",5853900
19.9,-0.7,2000,"bu","14:02:32",5848900
19.9,-0.7,4000,"bu","14:02:31",5846900
19.9,-0.7,10000,"bu","14:02:28",5842900
19.8,-0.8,400,"sd","14:02:26",5832900
19.9,-0.7,1000,"bu","14:02:23",5832500
19.9,-0.7,100,"bu","14:02:19",5831500
19.8,-0.8,1200,"sd","14:02:18",5831400
19.8,-0.8,1000,"sd","14:02:15",5830200
19.8,-0.8,1300,"sd","14:02:14",5829200
19.9,-0.7,2700,"bu","14:02:13",5827900
19.9,-0.7,2100,"bu","14:02:12",5825200
19.9,-0.7,48200,"bu","14:02:08",5823100
20,-0.6,2000,"bu","14:02:07",5774900
20,-0.6,500,"bu","14:02:03",5772900
19.9,-0.7,700,"sd","14:02:01",5772400
19.9,-0.7,100,"sd","14:02:00",5771700
20,-0.6,10000,"bu","14:01:57",5771600
20,-0.6,400,"bu","14:01:55",5761600
20,-0.6,500,"bu","14:01:53",5761200
20,-0.6,27600,"bu","14:01:46",5760700
20,-0.6,20000,"sd","14:01:45",5733100
20,-0.6,5000,"sd","14:01:44",5713100
20,-0.6,53000,"sd","14:01:42",5708100
20,-0.6,1000,"sd","14:01:40",5655100
20,-0.6,2600,"sd","14:01:38",5654100
20,-0.6,7600,"sd","14:01:37",5651500
20.1,-0.5,3000,"bu","14:01:36",5643900
20.1,-0.5,3000,"bu","14:01:35",5640900
20,-0.6,50000,"sd","14:01:33",5637900
20.1,-0.5,100400,"bu","14:01:32",5587900
20,-0.6,100000,"sd","14:01:31",5487500
20,-0.6,2000,"sd","14:01:29",5387500
20,-0.6,300,"sd","14:01:28",5385500
20.1,-0.5,26200,"bu","14:01:23",5385200
20,-0.6,3500,"sd","14:01:22",5359000
20.1,-0.5,6000,"bu","14:01:11",5355500
20.1,-0.5,1100,"bu","14:01:10",5349500
20,-0.6,100000,"sd","14:01:09",5348400
20.1,-0.5,10000,"sd","14:01:07",5248400
20.1,-0.5,1000,"sd","14:00:57",5238400
20.1,-0.5,1000,"sd","14:00:54",5237400
20.1,-0.5,1000,"sd","14:00:51",5236400
20.2,-0.4,400,"bu","14:00:46",5235400
20.1,-0.5,149800,"sd","14:00:43",5235000
20.1,-0.5,2000,"sd","14:00:35",5085200
20.1,-0.5,600,"sd","14:00:34",5083200
20.2,-0.4,1000,"bu","14:00:32",5082600
20.2,-0.4,100,"bu","14:00:31",5081600
20.2,-0.4,100,"bu","14:00:28",5081500
20.2,-0.4,1000,"bu","14:00:26",5081400
20.2,-0.4,1000,"bu","14:00:22",5080400
20.2,-0.4,500,"bu","14:00:17",5079400
20.2,-0.4,100,"bu","14:00:11",5078900
20.2,-0.4,1000,"bu","14:00:03",5078800
20.2,-0.4,5000,"bu","14:00:01",5077800
20.2,-0.4,6000,"bu","14:00:00",5072800
20.2,-0.4,100,"bu","13:59:36",5066800
20.2,-0.4,100,"bu","13:59:33",5066700
20.2,-0.4,200,"bu","13:59:32",5066600
20.2,-0.4,700,"bu","13:59:31",5066400
20.2,-0.4,1000,"bu","13:59:22",5065700
20.2,-0.4,900,"bu","13:59:21",5064700
20.2,-0.4,2600,"bu","13:59:17",5063800
20.2,-0.4,100,"bu","13:58:51",5061200
20.1,-0.5,5000,"sd","13:58:36",5061100
20.2,-0.4,700,"bu","13:58:32",5056100
20.1,-0.5,1000,"sd","13:58:30",5055400
20.1,-0.5,600,"sd","13:58:25",5054400
20.1,-0.5,1000,"sd","13:58:20",5053800
20.1,-0.5,1300,"sd","13:58:10",5052800
20.2,-0.4,1000,"bu","13:58:09",5051500
20.1,-0.5,5000,"sd","13:57:59",5050500
20.1,-0.5,1000,"sd","13:57:57",5045500
20.1,-0.5,1300,"sd","13:57:54",5044500
20.1,-0.5,2000,"sd","13:57:47",5043200
20.1,-0.5,600,"sd","13:57:22",5041200
20.2,-0.4,100,"bu","13:57:20",5040600
20.2,-0.4,3000,"bu","13:57:13",5040500
20.2,-0.4,100,"bu","13:57:09",5037500
20.2,-0.4,1200,"bu","13:57:05",5037400
20.2,-0.4,100,"bu","13:57:01",5036200
20.2,-0.4,3600,"bu","13:56:57",5036100
20.2,-0.4,400,"bu","13:56:55",5032500
20.2,-0.4,16200,"bu","13:56:53",5032100
20.2,-0.4,1000,"sd","13:56:42",5015900
20.2,-0.4,5000,"sd","13:56:33",5014900
20.2,-0.4,1500,"sd","13:56:30",5009900
20.2,-0.4,2000,"sd","13:56:29",5008400
20.2,-0.4,500,"sd","13:56:21",5006400
20.2,-0.4,1100,"sd","13:56:14",5005900
20.2,-0.4,1000,"bu","13:56:13",5004800
20.2,-0.4,10000,"bu","13:56:12",5003800
20.2,-0.4,2100,"bu","13:56:11",4993800
20.2,-0.4,2500,"bu","13:56:10",4991700
20.2,-0.4,100,"bu","13:56:09",4989200
20.2,-0.4,600,"bu","13:56:07",4989100
20.2,-0.4,2500,"bu","13:56:04",4988500
20.2,-0.4,1600,"bu","13:56:01",4986000
20.2,-0.4,5000,"bu","13:55:56",4984400
20.2,-0.4,100,"bu","13:55:54",4979400
20.2,-0.4,2200,"bu","13:55:50",4979300
20.2,-0.4,1100,"bu","13:55:47",4977100
20.2,-0.4,1100,"bu","13:55:45",4976000
20.2,-0.4,500,"bu","13:55:39",4974900
20.2,-0.4,100,"bu","13:55:38",4974400
20.2,-0.4,100,"bu","13:55:35",4974300
20.2,-0.4,5500,"bu","13:55:31",4974200
20.2,-0.4,2500,"bu","13:55:27",4968700
20.2,-0.4,200,"bu","13:55:25",4966200
20.2,-0.4,100,"bu","13:55:22",4966000
20.2,-0.4,1000,"bu","13:55:20",4965900
20.1,-0.5,12300,"sd","13:55:18",4964900
20.1,-0.5,600,"sd","13:55:17",4952600
20.2,-0.4,100,"bu","13:55:13",4952000
20.2,-0.4,5500,"bu","13:55:11",4951900
20.2,-0.4,500,"bu","13:55:10",4946400
20.2,-0.4,84100,"sd","13:55:00",4945900
20.2,-0.4,50000,"sd","13:54:59",4861800
20.3,-0.3,100,"bu","13:54:45",4811800
20.2,-0.4,10000,"sd","13:54:40",4811700
20.3,-0.3,500,"bu","13:54:30",4801700
20.3,-0.3,500,"bu","13:54:26",4801200
20.3,-0.3,600,"bu","13:54:21",4800700
20.3,-0.3,100,"bu","13:54:19",4800100
20.3,-0.3,1000,"bu","13:54:18",4800000
20.3,-0.3,1500,"bu","13:54:13",4799000
20.2,-0.4,600,"sd","13:54:11",4797500
20.3,-0.3,500,"bu","13:54:07",4796900
20.3,-0.3,300,"bu","13:54:05",4796400
20.3,-0.3,600,"bu","13:53:50",4796100
20.3,-0.3,100,"bu","13:53:40",4795500
20.3,-0.3,100,"bu","13:53:28",4795400
20.3,-0.3,400,"bu","13:53:16",4795300
20.3,-0.3,100,"bu","13:53:13",4794900
20.2,-0.4,3500,"sd","13:53:09",4794800
20.2,-0.4,1500,"sd","13:53:08",4791300
20.2,-0.4,600,"sd","13:53:07",4789800
20.3,-0.3,100,"bu","13:53:04",4789200
20.3,-0.3,1000,"bu","13:53:02",4789100
20.3,-0.3,2000,"bu","13:52:53",4788100
20.3,-0.3,500,"bu","13:52:52",4786100
20.3,-0.3,1700,"bu","13:52:49",4785600
20.3,-0.3,200,"sd","13:52:43",4783900
20.3,-0.3,3000,"sd","13:52:40",4783700
20.3,-0.3,3000,"sd","13:52:30",4780700
20.3,-0.3,5000,"sd","13:52:24",4777700
20.3,-0.3,2000,"sd","13:52:20",4772700
20.3,-0.3,2300,"sd","13:52:05",4770700
20.3,-0.3,98200,"sd","13:52:04",4768400
20.4,-0.2,500,"bu","13:52:01",4670200
20.3,-0.3,2000,"sd","13:51:52",4669700
20.3,-0.3,5500,"sd","13:51:42",4667700
20.3,-0.3,2000,"sd","13:51:40",4662200
20.3,-0.3,600,"sd","13:51:00",4660200
20.3,-0.3,100,"sd","13:50:37",4659600
20.3,-0.3,1000,"sd","13:50:31",4659500
20.3,-0.3,3100,"sd","13:50:22",4658500
20.3,-0.3,6000,"bu","13:50:20",4655400
20.3,-0.3,200,"bu","13:50:18",4649400
20.3,-0.3,5100,"bu","13:50:17",4649200
20.3,-0.3,2100,"bu","13:50:16",4644100
20.3,-0.3,500,"bu","13:50:15",4642000
20.3,-0.3,1000,"bu","13:50:14",4641500
20.3,-0.3,1000,"bu","13:50:13",4640500
20.3,-0.3,2500,"bu","13:50:11",4639500
20.3,-0.3,1000,"bu","13:50:08",4637000
20.3,-0.3,200,"bu","13:50:04",4636000
20.3,-0.3,8000,"bu","13:50:02",4635800
20.3,-0.3,200,"bu","13:50:01",4627800
20.3,-0.3,600,"bu","13:50:00",4627600
20.3,-0.3,100,"bu","13:49:56",4627000
20.3,-0.3,100,"bu","13:49:55",4626900
20.3,-0.3,5000,"bu","13:49:51",4626800
20.3,-0.3,3100,"bu","13:49:50",4621800
20.3,-0.3,700,"bu","13:49:48",4618700
20.3,-0.3,500,"bu","13:49:47",4618000
20.3,-0.3,5000,"bu","13:49:37",4617500
20.3,-0.3,500,"bu","13:49:36",4612500
20.3,-0.3,8200,"bu","13:49:29",4612000
20.3,-0.3,100000,"sd","13:49:27",4603800
20.4,-0.2,1000,"bu","13:49:26",4503800
20.4,-0.2,100300,"bu","13:49:25",4502800
20.3,-0.3,50000,"sd","13:49:24",4402500
20.4,-0.2,100,"bu","13:49:23",4352500
20.4,-0.2,500,"bu","13:49:04",4352400
20.4,-0.2,500,"bu","13:49:00",4351900
20.4,-0.2,5100,"bu","13:48:57",4351400
20.3,-0.3,600,"sd","13:48:56",4346300
20.4,-0.2,1000,"bu","13:48:55",4345700
20.4,-0.2,4100,"sd","13:48:41",4344700
20.4,-0.2,1100,"sd","13:48:29",4340600
20.4,-0.2,2000,"sd","13:48:23",4339500
20.4,-0.2,19600,"sd","13:48:12",4337500
20.4,-0.2,100,"bu","13:48:01",4317900
20.4,-0.2,2000,"bu","13:47:59",4317800
20.3,-0.3,500,"sd","13:47:55",4315800
20.4,-0.2,2300,"bu","13:47:47",4315300
20.4,-0.2,700,"sd","13:47:40",4313000
20.4,-0.2,100,"bu","13:47:37",4312300
20.4,-0.2,2000,"bu","13:47:36",4312200
20.4,-0.2,1600,"bu","13:47:35",4310200
20.4,-0.2,5000,"bu","13:47:30",4308600
20.4,-0.2,2000,"bu","13:47:26",4303600
20.4,-0.2,100,"bu","13:47:25",4301600
20.4,-0.2,1300,"bu","13:47:21",4301500
20.4,-0.2,2000,"bu","13:47:15",4300200
20.4,-0.2,1000,"bu","13:47:12",4298200
20.4,-0.2,1000,"bu","13:47:10",4297200
20.4,-0.2,300,"bu","13:47:06",4296200
20.4,-0.2,1000,"bu","13:47:05",4295900
20.4,-0.2,6400,"bu","13:47:03",4294900
20.4,-0.2,300,"bu","13:47:02",4288500
20.4,-0.2,100,"bu","13:47:01",4288200
20.4,-0.2,100,"bu","13:47:00",4288100
20.4,-0.2,3700,"bu","13:46:57",4288000
20.4,-0.2,100,"bu","13:46:55",4284300
20.3,-0.3,500,"sd","13:46:54",4284200
20.4,-0.2,100,"bu","13:46:50",4283700
20.4,-0.2,300,"bu","13:46:47",4283600
20.4,-0.2,3000,"bu","13:46:44",4283300
20.4,-0.2,100,"bu","13:46:43",4280300
20.4,-0.2,4000,"bu","13:46:37",4280200
20.4,-0.2,300,"bu","13:46:30",4276200
20.4,-0.2,300,"bu","13:46:28",4275900
20.4,-0.2,5000,"bu","13:46:26",4275600
20.4,-0.2,100,"bu","13:46:25",4270600
20.4,-0.2,100,"bu","13:46:16",4270500
20.4,-0.2,3000,"bu","13:46:15",4270400
20.4,-0.2,100,"bu","13:46:12",4267400
20.4,-0.2,15000,"bu","13:46:08",4267300
20.4,-0.2,100,"bu","13:46:07",4252300
20.4,-0.2,100,"bu","13:46:04",4252200
20.4,-0.2,1000,"bu","13:45:59",4252100
20.4,-0.2,10000,"bu","13:45:54",4251100
20.3,-0.3,600,"sd","13:45:50",4241100
20.4,-0.2,100,"bu","13:45:21",4240500
20.3,-0.3,500,"sd","13:45:15",4240400
20.3,-0.3,1500,"sd","13:45:09",4239900
20.3,-0.3,600,"sd","13:44:47",4238400
20.4,-0.2,200,"bu","13:44:12",4237800
20.4,-0.2,49800,"bu","13:44:04",4237600
20.4,-0.2,500,"sd","13:43:44",4187800
20.4,-0.2,100,"sd","13:43:40",4187300
20.4,-0.2,1700,"sd","13:43:37",4187200
20.4,-0.2,2000,"sd","13:43:22",4185500
20.5,-0.1,200,"bu","13:43:12",4183500
20.5,-0.1,1000,"bu","13:42:54",4183300
20.4,-0.2,500,"sd","13:42:41",4182300
20.4,-0.2,100,"sd","13:42:39",4181800
20.4,-0.2,4400,"sd","13:42:11",4181700
20.4,-0.2,100,"sd","13:42:01",4177300
20.4,-0.2,500,"sd","13:41:40",4177200
20.4,-0.2,500,"sd","13:40:39",4176700
20.4,-0.2,500,"sd","13:40:23",4176200
20.4,-0.2,200,"sd","13:40:10",4175700
20.4,-0.2,600,"sd","13:39:35",4175500
20.4,-0.2,200,"sd","13:39:07",4174900
20.4,-0.2,1500,"sd","13:39:06",4174700
20.4,-0.2,100,"bu","13:39:05",4173200
20.4,-0.2,55000,"bu","13:39:04",4173100
20.4,-0.2,9000,"bu","13:39:03",4118100
20.4,-0.2,6000,"bu","13:39:00",4109100
20.4,-0.2,1000,"bu","13:38:59",4103100
20.4,-0.2,5000,"bu","13:38:58",4102100
20.4,-0.2,10000,"bu","13:38:57",4097100
20.4,-0.2,3000,"bu","13:38:53",4087100
20.4,-0.2,1000,"bu","13:38:52",4084100
20.4,-0.2,3300,"bu","13:38:49",4083100
20.4,-0.2,1000,"bu","13:38:45",4079800
20.4,-0.2,500,"bu","13:38:43",4078800
20.4,-0.2,500,"bu","13:38:42",4078300
20.4,-0.2,5000,"bu","13:38:37",4077800
20.4,-0.2,100,"bu","13:38:36",4072800
20.3,-0.3,500,"sd","13:38:33",4072700
20.4,-0.2,1000,"bu","13:38:32",4072200
20.4,-0.2,500,"bu","13:38:28",4071200
20.4,-0.2,5000,"bu","13:38:25",4070700
20.4,-0.2,5000,"bu","13:38:22",4065700
20.4,-0.2,1000,"bu","13:38:21",4060700
20.4,-0.2,500,"bu","13:38:12",4059700
20.4,-0.2,100,"bu","13:38:07",4059200
20.4,-0.2,1000,"bu","13:38:05",4059100
20.4,-0.2,100,"bu","13:37:59",4058100
20.4,-0.2,100,"bu","13:37:38",4058000
20.4,-0.2,100,"bu","13:37:34",4057900
20.4,-0.2,100,"bu","13:37:32",4057800
20.4,-0.2,700,"bu","13:37:29",4057700
20.4,-0.2,3000,"bu","13:37:20",4057000
20.4,-0.2,1000,"bu","13:37:12",4054000
20.4,-0.2,400,"bu","13:37:04",4053000
20.4,-0.2,200,"bu","13:36:47",4052600
20.4,-0.2,1000,"bu","13:36:35",4052400
20.4,-0.2,400,"bu","13:36:29",4051400
20.3,-0.3,500,"sd","13:36:27",4051000
20.4,-0.2,500,"bu","13:36:14",4050500
20.4,-0.2,200,"bu","13:36:06",4050000
20.4,-0.2,2500,"bu","13:36:01",4049800
20.3,-0.3,500,"sd","13:36:00",4047300
20.4,-0.2,300,"bu","13:35:53",4046800
20.4,-0.2,100,"bu","13:35:52",4046500
20.4,-0.2,5000,"bu","13:35:37",4046400
20.4,-0.2,100,"bu","13:35:34",4041400
20.4,-0.2,300,"bu","13:35:32",4041300
20.4,-0.2,200,"bu","13:35:25",4041000
20.4,-0.2,200,"bu","13:35:24",4040800
20.3,-0.3,2100,"sd","13:35:23",4040600
20.4,-0.2,100,"bu","13:35:15",4038500
20.4,-0.2,500,"bu","13:35:14",4038400
20.4,-0.2,200,"bu","13:35:13",4037900
20.4,-0.2,200,"bu","13:35:11",4037700
20.4,-0.2,2100,"bu","13:35:01",4037500
20.4,-0.2,100,"bu","13:34:51",4035400
20.4,-0.2,900,"bu","13:34:46",4035300
20.4,-0.2,300,"bu","13:34:40",4034400
20.4,-0.2,200,"bu","13:34:27",4034100
20.4,-0.2,500,"bu","13:34:24",4033900
20.3,-0.3,500,"sd","13:34:23",4033400
20.4,-0.2,500,"bu","13:34:22",4032900
20.4,-0.2,200,"bu","13:34:15",4032400
20.4,-0.2,1000,"bu","13:34:07",4032200
20.4,-0.2,5000,"bu","13:34:06",4031200
20.4,-0.2,200,"bu","13:33:40",4026200
20.4,-0.2,5000,"bu","13:33:37",4026000
20.4,-0.2,5000,"bu","13:33:36",4021000
20.3,-0.3,1200,"sd","13:33:35",4016000
20.3,-0.3,200,"sd","13:33:34",4014800
20.4,-0.2,200,"bu","13:33:28",4014600
20.3,-0.3,500,"sd","13:33:22",4014400
20.3,-0.3,2500,"sd","13:33:21",4013900
20.3,-0.3,2000,"sd","13:33:14",4011400
20.3,-0.3,3000,"sd","13:33:08",4009400
20.3,-0.3,1000,"sd","13:33:00",4006400
20.3,-0.3,3000,"sd","13:32:47",4005400
20.4,-0.2,500,"bu","13:32:24",4002400
20.3,-0.3,600,"sd","13:32:18",4001900
20.3,-0.3,2000,"sd","13:32:06",4001300
20.4,-0.2,100,"bu","13:32:03",3999300
20.4,-0.2,100,"bu","13:31:44",3999200
20.3,-0.3,600,"sd","13:31:20",3999100
20.3,-0.3,600,"sd","13:31:12",3998500
20.3,-0.3,3000,"sd","13:31:09",3997900
20.3,-0.3,100,"sd","13:30:59",3994900
20.3,-0.3,700,"sd","13:30:48",3994800
20.3,-0.3,400,"sd","13:30:45",3994100
20.3,-0.3,1000,"sd","13:30:28",3993700
20.3,-0.3,2000,"sd","13:30:15",3992700
20.3,-0.3,500,"sd","13:30:11",3990700
20.4,-0.2,1000,"bu","13:30:02",3990200
20.3,-0.3,600,"sd","13:29:07",3989200
20.4,-0.2,100,"bu","13:29:04",3988600
20.4,-0.2,500,"bu","13:28:50",3988500
20.4,-0.2,600,"bu","13:28:38",3988000
20.4,-0.2,200,"bu","13:28:19",3987400
20.3,-0.3,1800,"sd","13:28:09",3987200
20.3,-0.3,500,"sd","13:28:06",3985400
20.4,-0.2,1000,"bu","13:27:19",3984900
20.3,-0.3,500,"sd","13:27:06",3983900
20.4,-0.2,1000,"bu","13:26:18",3983400
20.3,-0.3,200,"sd","13:26:10",3982400
20.3,-0.3,600,"sd","13:26:02",3982200
20.3,-0.3,600,"sd","13:25:44",3981600
20.4,-0.2,3000,"bu","13:25:43",3981000
20.3,-0.3,100,"sd","13:25:24",3978000
20.3,-0.3,1000,"sd","13:25:08",3977900
20.3,-0.3,500,"sd","13:25:01",3976900
20.3,-0.3,500,"sd","13:25:00",3976400
20.3,-0.3,3000,"sd","13:24:48",3975900
20.3,-0.3,3400,"sd","13:24:43",3972900
20.3,-0.3,20000,"sd","13:24:40",3969500
20.3,-0.3,500,"sd","13:24:38",3949500
20.3,-0.3,500,"sd","13:24:30",3949000
20.4,-0.2,800,"bu","13:24:28",3948500
20.3,-0.3,100,"sd","13:24:25",3947700
20.3,-0.3,10100,"sd","13:24:13",3947600
20.3,-0.3,500,"sd","13:24:00",3937500
20.4,-0.2,500,"bu","13:23:46",3937000
20.3,-0.3,5100,"sd","13:23:42",3936500
20.4,-0.2,500,"bu","13:23:32",3931400
20.3,-0.3,15000,"sd","13:23:26",3930900
20.4,-0.2,800,"bu","13:22:56",3915900
20.4,-0.2,3000,"sd","13:22:55",3915100
20.4,-0.2,20600,"sd","13:22:54",3912100
20.4,-0.2,3000,"sd","13:22:52",3891500
20.4,-0.2,3000,"sd","13:22:50",3888500
20.4,-0.2,2000,"sd","13:22:43",3885500
20.4,-0.2,96700,"sd","13:22:39",3883500
20.4,-0.2,300,"sd","13:22:11",3786800
20.4,-0.2,800,"sd","13:22:09",3786500
20.4,-0.2,2000,"sd","13:21:58",3785700
20.4,-0.2,300,"sd","13:21:56",3783700
20.4,-0.2,500,"sd","13:21:52",3783400
20.4,-0.2,2000,"sd","13:21:30",3782900
20.4,-0.2,5000,"sd","13:21:18",3780900
20.4,-0.2,300,"sd","13:21:17",3775900
20.4,-0.2,2000,"sd","13:20:54",3775600
20.4,-0.2,500,"sd","13:20:52",3773600
20.4,-0.2,2000,"sd","13:20:02",3773100
20.5,-0.1,1000,"bu","13:19:57",3771100
20.4,-0.2,300,"sd","13:19:54",3770100
20.4,-0.2,600,"sd","13:19:47",3769800
20.4,-0.2,500,"sd","13:19:27",3769200
20.5,-0.1,100,"bu","13:18:56",3768700
20.4,-0.2,500,"sd","13:18:46",3768600
20.4,-0.2,400,"sd","13:18:43",3768100
20.5,-0.1,300,"bu","13:18:42",3767700
20.4,-0.2,600,"sd","13:18:23",3767400
20.4,-0.2,500,"sd","13:17:44",3766800
20.4,-0.2,900,"sd","13:17:34",3766300
20.4,-0.2,2800,"sd","13:17:31",3765400
20.4,-0.2,400,"sd","13:17:20",3762600
20.4,-0.2,100,"sd","13:17:04",3762200
20.5,-0.1,3100,"bu","13:16:57",3762100
20.4,-0.2,500,"sd","13:16:41",3759000
20.4,-0.2,500,"sd","13:15:39",3758500
20.5,-0.1,2000,"bu","13:15:34",3758000
20.5,-0.1,100,"bu","13:15:32",3756000
20.5,-0.1,500,"bu","13:15:15",3755900
20.4,-0.2,10000,"sd","13:14:35",3755400
20.4,-0.2,600,"sd","13:14:33",3745400
20.4,-0.2,10000,"sd","13:14:11",3744800
20.5,-0.1,5000,"bu","13:13:47",3734800
20.4,-0.2,600,"sd","13:13:28",3729800
20.4,-0.2,700,"sd","13:13:06",3729200
20.4,-0.2,500,"sd","13:12:28",3728500
20.5,-0.1,100,"bu","13:11:53",3728000
20.4,-0.2,600,"sd","13:11:22",3727900
20.5,-0.1,1100,"bu","13:10:56",3727300
20.5,-0.1,10000,"bu","13:10:37",3726200
20.4,-0.2,100,"sd","13:10:31",3716200
20.4,-0.2,500,"sd","13:10:21",3716100
20.4,-0.2,600,"sd","13:09:16",3715600
20.4,-0.2,2000,"sd","13:08:43",3715000
20.5,-0.1,2000,"bu","13:08:26",3713000
20.5,-0.1,300,"bu","13:08:20",3711000
20.4,-0.2,600,"sd","13:08:11",3710700
20.5,-0.1,300,"bu","13:08:08",3710100
20.5,-0.1,200,"bu","13:07:58",3709800
20.5,-0.1,500,"bu","13:07:47",3709600
20.5,-0.1,200,"bu","13:07:35",3709100
20.5,-0.1,100,"bu","13:07:29",3708900
20.5,-0.1,600,"bu","13:07:10",3708800
20.5,-0.1,2000,"bu","13:07:05",3708200
20.5,-0.1,100,"bu","13:06:56",3706200
20.5,-0.1,500,"bu","13:06:35",3706100
20.5,-0.1,2500,"bu","13:06:10",3705600
20.4,-0.2,500,"sd","13:06:08",3703100
20.4,-0.2,500,"sd","13:05:07",3702600
20.5,-0.1,500,"bu","13:04:38",3702100
20.5,-0.1,500,"bu","13:04:13",3701600
20.5,-0.1,2500,"bu","13:04:09",3701100
20.5,-0.1,1000,"bu","13:04:06",3698600
20.4,-0.2,500,"sd","13:04:04",3697600
20.5,-0.1,200,"bu","13:03:51",3697100
20.4,-0.2,500,"sd","13:03:02",3696900
20.5,-0.1,100,"bu","13:02:51",3696400
20.4,-0.2,2000,"sd","13:02:45",3696300
20.4,-0.2,500,"sd","13:02:02",3694300
20.4,-0.2,5600,"sd","13:01:58",3693800
20.4,-0.2,200,"sd","13:01:14",3688200
20.4,-0.2,500,"sd","13:01:04",3688000
20.5,-0.1,500,"bu","13:00:07",3687500
20.5,-0.1,100,"bu","13:00:05",3687000
20.5,-0.1,600,"bu","13:00:04",3686900
20.5,-0.1,14600,"bu","13:00:03",3686300
20.5,-0.1,5800,"bu","13:00:02",3671700
20.5,-0.1,300,"bu","11:29:56",3665900
20.5,-0.1,4900,"bu","11:29:54",3665600
20.5,-0.1,1300,"bu","11:29:48",3660700
20.5,-0.1,20000,"bu","11:29:39",3659400
20.5,-0.1,5000,"bu","11:29:37",3639400
20.5,-0.1,1000,"bu","11:29:32",3634400
20.5,-0.1,1500,"bu","11:29:24",3633400
20.5,-0.1,500,"bu","11:29:21",3631900
20.5,-0.1,10000,"bu","11:29:16",3631400
20.5,-0.1,2000,"bu","11:29:11",3621400
20.5,-0.1,3000,"bu","11:29:05",3619400
20.5,-0.1,8400,"bu","11:28:54",3616400
20.4,-0.2,200,"sd","11:28:37",3608000
20.5,-0.1,1000,"bu","11:28:32",3607800
20.5,-0.1,100,"bu","11:28:24",3606800
20.5,-0.1,500,"bu","11:28:19",3606700
20.5,-0.1,200,"bu","11:28:00",3606200
20.4,-0.2,600,"sd","11:27:33",3606000
20.5,-0.1,14900,"sd","11:27:24",3605400
20.6,0,100,"bu","11:26:59",3590500
20.5,-0.1,500,"sd","11:26:30",3590400
20.5,-0.1,700,"sd","11:26:06",3589900
20.5,-0.1,1000,"bu","11:25:59",3589200
20.5,-0.1,1500,"bu","11:25:58",3588200
20.5,-0.1,500,"bu","11:25:55",3586700
20.5,-0.1,800,"bu","11:25:40",3586200
20.6,0,100,"bu","11:25:35",3585400
20.4,-0.2,500,"sd","11:25:30",3585300
20.4,-0.2,100,"sd","11:25:04",3584800
20.5,-0.1,100,"bu","11:24:42",3584700
20.5,-0.1,200,"bu","11:24:38",3584600
20.4,-0.2,500,"sd","11:24:28",3584400
20.5,-0.1,100,"bu","11:24:12",3583900
20.5,-0.1,4700,"bu","11:24:07",3583800
20.6,0,100,"bu","11:24:06",3579100
20.6,0,100,"bu","11:24:02",3579000
20.5,-0.1,80200,"sd","11:23:47",3578900
20.5,-0.1,500,"sd","11:23:27",3498700
20.6,0,1000,"bu","11:23:09",3498200
20.6,0,1600,"bu","11:23:02",3497200
20.5,-0.1,200,"sd","11:23:01",3495600
20.6,0,200,"bu","11:22:25",3495400
20.5,-0.1,500,"sd","11:22:24",3495200
20.5,-0.1,300,"sd","11:21:55",3494700
20.5,-0.1,5300,"sd","11:21:54",3494400
20.5,-0.1,600,"sd","11:21:20",3489100
20.6,0,100,"bu","11:21:06",3488500
20.6,0,100,"bu","11:21:04",3488400
20.5,-0.1,500,"sd","11:20:19",3488300
20.5,-0.1,800,"sd","11:20:13",3487800
20.6,0,500,"bu","11:20:01",3487000
20.5,-0.1,2000,"sd","11:19:59",3486500
20.6,0,1100,"bu","11:19:46",3484500
20.6,0,100,"bu","11:19:31",3483400
20.5,-0.1,600,"sd","11:19:13",3483300
20.5,-0.1,1600,"sd","11:18:09",3482700
20.5,-0.1,200,"sd","11:18:00",3481100
20.5,-0.1,100,"sd","11:17:43",3480900
20.5,-0.1,500,"sd","11:17:05",3480800
20.5,-0.1,5000,"sd","11:16:52",3480300
20.5,-0.1,22000,"sd","11:16:47",3475300
20.5,-0.1,2000,"bu","11:16:42",3453300
20.5,-0.1,200,"bu","11:16:35",3451300
20.5,-0.1,40000,"bu","11:16:33",3451100
20.5,-0.1,30000,"bu","11:16:17",3411100
20.5,-0.1,100,"bu","11:16:03",3381100
20.4,-0.2,600,"sd","11:16:00",3381000
20.4,-0.2,7400,"sd","11:15:37",3380400
20.4,-0.2,100,"sd","11:15:04",3373000
20.4,-0.2,600,"sd","11:14:54",3372900
20.5,-0.1,100,"bu","11:14:29",3372300
20.5,-0.1,200,"bu","11:14:15",3372200
20.4,-0.2,500,"sd","11:13:51",3372000
20.5,-0.1,20000,"bu","11:13:17",3371500
20.5,-0.1,300,"bu","11:13:04",3351500
20.4,-0.2,500,"sd","11:12:48",3351200
20.5,-0.1,100,"bu","11:12:42",3350700
20.4,-0.2,100,"sd","11:12:13",3350600
20.5,-0.1,2400,"bu","11:11:51",3350500
20.4,-0.2,600,"sd","11:11:43",3348100
20.5,-0.1,100,"bu","11:11:41",3347500
20.5,-0.1,500,"bu","11:11:05",3347400
20.4,-0.2,50000,"sd","11:11:01",3346900
20.4,-0.2,500,"sd","11:10:41",3296900
20.5,-0.1,100,"bu","11:10:37",3296400
20.5,-0.1,100,"bu","11:10:32",3296300
20.4,-0.2,2400,"bu","11:10:07",3296200
20.4,-0.2,1100,"bu","11:10:05",3293800
20.4,-0.2,700,"bu","11:10:02",3292700
20.4,-0.2,1000,"bu","11:10:00",3292000
20.4,-0.2,11000,"bu","11:09:59",3291000
20.4,-0.2,800,"bu","11:09:51",3280000
20.4,-0.2,3000,"bu","11:09:50",3279200
20.4,-0.2,5100,"bu","11:09:49",3276200
20.4,-0.2,2500,"bu","11:09:47",3271100
20.4,-0.2,5000,"bu","11:09:46",3268600
20.4,-0.2,15000,"bu","11:09:44",3263600
20.4,-0.2,10000,"bu","11:09:41",3248600
20.4,-0.2,10100,"bu","11:09:38",3238600
20.3,-0.3,600,"sd","11:09:37",3228500
20.4,-0.2,100,"bu","11:09:36",3227900
20.4,-0.2,200,"bu","11:09:34",3227800
20.4,-0.2,10000,"bu","11:09:33",3227600
20.4,-0.2,1000,"bu","11:09:29",3217600
20.4,-0.2,2000,"bu","11:09:26",3216600
20.4,-0.2,4000,"bu","11:09:24",3214600
20.4,-0.2,5000,"bu","11:09:22",3210600
20.4,-0.2,1000,"bu","11:09:21",3205600
20.4,-0.2,1000,"bu","11:09:15",3204600
20.4,-0.2,500,"bu","11:09:13",3203600
20.4,-0.2,1000,"bu","11:09:12",3203100
20.4,-0.2,200,"bu","11:09:11",3202100
20.4,-0.2,3700,"bu","11:09:09",3201900
20.4,-0.2,500,"bu","11:09:05",3198200
20.4,-0.2,8000,"bu","11:09:00",3197700
20.4,-0.2,2000,"bu","11:08:55",3189700
20.4,-0.2,100,"bu","11:08:54",3187700
20.4,-0.2,200,"bu","11:08:49",3187600
20.4,-0.2,2000,"bu","11:08:41",3187400
20.3,-0.3,600,"sd","11:08:33",3185400
20.4,-0.2,100,"bu","11:08:28",3184800
20.4,-0.2,100,"bu","11:08:21",3184700
20.4,-0.2,5000,"bu","11:08:16",3184600
20.4,-0.2,4000,"bu","11:08:05",3179600
20.4,-0.2,4000,"bu","11:07:48",3175600
20.4,-0.2,1000,"bu","11:07:47",3171600
20.3,-0.3,500,"sd","11:07:31",3170600
20.4,-0.2,1000,"bu","11:07:16",3170100
20.4,-0.2,1000,"bu","11:07:10",3169100
20.4,-0.2,500,"bu","11:06:36",3168100
20.4,-0.2,1500,"bu","11:06:32",3167600
20.4,-0.2,700,"bu","11:06:28",3166100
20.4,-0.2,1100,"bu","11:06:13",3165400
20.4,-0.2,600,"bu","11:05:48",3164300
20.4,-0.2,1000,"bu","11:05:43",3163700
20.4,-0.2,100,"bu","11:05:38",3162700
20.3,-0.3,500,"sd","11:05:27",3162600
20.4,-0.2,14500,"sd","11:05:17",3162100
20.5,-0.1,100,"bu","11:04:40",3147600
20.4,-0.2,500,"sd","11:04:36",3147500
20.4,-0.2,500,"sd","11:04:24",3147000
20.4,-0.2,10000,"sd","11:04:23",3146500
20.4,-0.2,1400,"sd","11:04:08",3136500
20.4,-0.2,1000,"bu","11:04:07",3135100
20.4,-0.2,200,"bu","11:04:06",3134100
20.4,-0.2,1000,"bu","11:04:04",3133900
20.4,-0.2,100,"bu","11:03:59",3132900
20.4,-0.2,46300,"bu","11:03:58",3132800
20.4,-0.2,200,"sd","11:03:42",3086500
20.4,-0.2,500,"sd","11:03:22",3086300
20.4,-0.2,500,"sd","11:02:20",3085800
20.5,-0.1,100,"bu","11:01:43",3085300
20.5,-0.1,100,"bu","11:01:38",3085200
20.4,-0.2,600,"sd","11:01:15",3085100
20.4,-0.2,500,"sd","11:00:13",3084500
20.5,-0.1,2000,"bu","10:59:41",3084000
20.4,-0.2,600,"sd","10:59:09",3082000
20.5,-0.1,100,"bu","10:58:17",3081400
20.4,-0.2,200,"sd","10:58:13",3081300
20.4,-0.2,400,"sd","10:58:11",3081100
20.4,-0.2,4000,"bu","10:58:08",3080700
20.3,-0.3,500,"sd","10:58:06",3076700
20.4,-0.2,1000,"bu","10:58:04",3076200
20.4,-0.2,2000,"bu","10:58:02",3075200
20.4,-0.2,3000,"bu","10:57:59",3073200
20.4,-0.2,700,"bu","10:57:53",3070200
20.4,-0.2,400,"bu","10:57:45",3069500
20.4,-0.2,7900,"bu","10:57:37",3069100
20.4,-0.2,200,"bu","10:57:36",3061200
20.4,-0.2,1000,"bu","10:57:34",3061000
20.4,-0.2,1500,"bu","10:57:32",3060000
20.4,-0.2,2000,"bu","10:57:28",3058500
20.4,-0.2,100,"bu","10:57:24",3056500
20.4,-0.2,10000,"bu","10:57:20",3056400
20.4,-0.2,400,"bu","10:57:12",3046400
20.3,-0.3,500,"sd","10:57:05",3046000
20.4,-0.2,200,"bu","10:57:04",3045500
20.4,-0.2,200,"bu","10:57:03",3045300
20.4,-0.2,1600,"bu","10:57:02",3045100
20.4,-0.2,1000,"bu","10:56:59",3043500
20.4,-0.2,200,"bu","10:56:58",3042500
20.4,-0.2,1100,"bu","10:56:54",3042300
20.4,-0.2,3000,"bu","10:56:51",3041200
20.4,-0.2,3000,"bu","10:56:50",3038200
20.3,-0.3,200,"sd","10:56:33",3035200
20.4,-0.2,1000,"bu","10:56:22",3035000
20.4,-0.2,100,"bu","10:56:05",3034000
20.4,-0.2,1500,"bu","10:56:02",3033900
20.3,-0.3,500,"sd","10:56:01",3032400
20.4,-0.2,700,"bu","10:55:59",3031900
20.4,-0.2,1000,"bu","10:55:37",3031200
20.3,-0.3,100,"sd","10:55:26",3030200
20.4,-0.2,2000,"bu","10:55:11",3030100
20.3,-0.3,600,"sd","10:54:58",3028100
20.4,-0.2,2000,"bu","10:54:57",3027500
20.4,-0.2,1000,"bu","10:54:46",3025500
20.4,-0.2,100,"bu","10:54:43",3024500
20.4,-0.2,500,"bu","10:54:33",3024400
20.4,-0.2,200,"bu","10:54:29",3023900
20.4,-0.2,3000,"bu","10:54:26",3023700
20.3,-0.3,1400,"sd","10:54:09",3020700
20.3,-0.3,1000,"sd","10:53:55",3019300
20.4,-0.2,10000,"bu","10:53:48",3018300
20.4,-0.2,3000,"bu","10:53:42",3008300
20.4,-0.2,1000,"bu","10:53:37",3005300
20.4,-0.2,500,"bu","10:52:57",3004300
20.4,-0.2,100,"bu","10:52:55",3003800
20.3,-0.3,2600,"sd","10:52:51",3003700
20.4,-0.2,200,"bu","10:52:18",3001100
20.4,-0.2,100,"bu","10:52:13",3000900
20.4,-0.2,200,"bu","10:51:52",3000800
20.3,-0.3,500,"sd","10:51:51",3000600
20.4,-0.2,100,"bu","10:51:48",3000100
20.3,-0.3,9500,"sd","10:51:21",3000000
20.3,-0.3,1000,"sd","10:51:18",2990500
20.3,-0.3,500,"sd","10:51:09",2989500
20.3,-0.3,12700,"sd","10:51:08",2989000
20.4,-0.2,51600,"bu","10:51:03",2976300
20.4,-0.2,10000,"sd","10:50:59",2924700
20.4,-0.2,20000,"sd","10:50:54",2914700
20.4,-0.2,500,"sd","10:50:50",2894700
20.4,-0.2,32700,"sd","10:50:49",2894200
20.4,-0.2,500,"sd","10:50:48",2861500
20.4,-0.2,500,"sd","10:49:47",2861000
20.5,-0.1,100,"bu","10:49:08",2860500
20.4,-0.2,1000,"sd","10:49:06",2860400
20.4,-0.2,1500,"sd","10:49:00",2859400
20.4,-0.2,100,"sd","10:48:54",2857900
20.4,-0.2,10000,"sd","10:48:47",2857800
20.4,-0.2,600,"sd","10:48:43",2847800
20.5,-0.1,1000,"bu","10:48:40",2847200
20.4,-0.2,10000,"sd","10:48:38",2846200
20.4,-0.2,400,"sd","10:48:30",2836200
20.4,-0.2,2000,"sd","10:47:49",2835800
20.4,-0.2,200,"sd","10:47:45",2833800
20.4,-0.2,600,"sd","10:47:38",2833600
20.4,-0.2,500,"sd","10:46:37",2833000
20.5,-0.1,900,"bu","10:45:57",2832500
20.5,-0.1,28000,"sd","10:45:37",2831600
20.5,-0.1,500,"sd","10:45:35",2803600
20.5,-0.1,6100,"sd","10:45:07",2803100
20.6,0,100,"bu","10:45:05",2797000
20.6,0,100,"bu","10:45:02",2796900
20.5,-0.1,500,"sd","10:44:32",2796800
20.5,-0.1,500,"sd","10:44:30",2796300
20.5,-0.1,500,"sd","10:44:05",2795800
20.5,-0.1,500,"sd","10:43:31",2795300
20.6,0,100,"bu","10:42:41",2794800
20.6,0,100,"bu","10:42:39",2794700
20.5,-0.1,600,"sd","10:42:27",2794600
20.6,0,200,"bu","10:42:06",2794000
20.5,-0.1,500,"sd","10:41:25",2793800
20.5,-0.1,2000,"sd","10:40:36",2793300
20.5,-0.1,600,"sd","10:40:21",2791300
20.5,-0.1,600,"sd","10:39:14",2790700
20.6,0,100,"bu","10:38:43",2790100
20.6,0,100,"bu","10:38:39",2790000
20.5,-0.1,1000,"sd","10:38:38",2789900
20.6,0,100,"bu","10:38:37",2788900
20.5,-0.1,700,"sd","10:38:27",2788800
20.6,0,100,"bu","10:38:26",2788100
20.5,-0.1,500,"sd","10:38:14",2788000
20.5,-0.1,300,"sd","10:38:04",2787500
20.5,-0.1,100,"sd","10:38:03",2787200
20.6,0,2300,"bu","10:37:36",2787100
20.6,0,100,"bu","10:37:32",2784800
20.6,0,100,"bu","10:37:29",2784700
20.5,-0.1,1000,"sd","10:37:17",2784600
20.5,-0.1,600,"sd","10:37:10",2783600
20.6,0,100,"bu","10:36:43",2783000
20.6,0,100,"bu","10:36:39",2782900
20.5,-0.1,500,"sd","10:36:29",2782800
20.5,-0.1,11300,"sd","10:36:25",2782300
20.5,-0.1,600,"sd","10:36:05",2771000
20.6,0,100,"bu","10:35:35",2770400
20.5,-0.1,4300,"sd","10:35:28",2770300
20.5,-0.1,4000,"bu","10:35:06",2766000
20.4,-0.2,500,"sd","10:35:04",2762000
20.5,-0.1,2000,"bu","10:34:46",2761500
20.5,-0.1,1000,"bu","10:34:40",2759500
20.4,-0.2,300,"sd","10:34:39",2758500
20.5,-0.1,6000,"bu","10:34:34",2758200
20.5,-0.1,1000,"bu","10:34:16",2752200
20.5,-0.1,800,"bu","10:34:15",2751200
20.5,-0.1,100,"bu","10:34:03",2750400
20.5,-0.1,700,"bu","10:34:02",2750300
20.4,-0.2,500,"sd","10:34:01",2749600
20.5,-0.1,400,"bu","10:33:44",2749100
20.5,-0.1,100,"bu","10:33:33",2748700
20.5,-0.1,1000,"bu","10:33:26",2748600
20.5,-0.1,2000,"bu","10:33:22",2747600
20.5,-0.1,1000,"bu","10:33:09",2745600
20.4,-0.2,600,"sd","10:32:56",2744600
20.5,-0.1,200,"bu","10:32:38",2744000
20.5,-0.1,400,"bu","10:32:18",2743800
20.5,-0.1,6700,"sd","10:32:07",2743400
20.5,-0.1,500,"sd","10:31:55",2736700
20.5,-0.1,700,"sd","10:31:53",2736200
20.5,-0.1,1000,"sd","10:31:37",2735500
20.6,0,100,"bu","10:31:20",2734500
20.5,-0.1,1000,"sd","10:30:59",2734400
20.5,-0.1,600,"sd","10:30:50",2733400
20.5,-0.1,800,"sd","10:30:48",2732800
20.5,-0.1,3300,"bu","10:30:42",2732000
20.4,-0.2,600,"sd","10:29:46",2728700
20.5,-0.1,3100,"bu","10:29:38",2728100
20.5,-0.1,400,"bu","10:29:32",2725000
20.5,-0.1,200,"bu","10:29:25",2724600
20.5,-0.1,100,"bu","10:29:15",2724400
20.5,-0.1,5400,"bu","10:29:09",2724300
20.5,-0.1,18500,"sd","10:29:08",2718900
20.6,0,100,"bu","10:29:01",2700400
20.5,-0.1,10000,"sd","10:28:51",2700300
20.5,-0.1,5000,"sd","10:28:46",2690300
20.5,-0.1,600,"sd","10:28:41",2685300
20.5,-0.1,20000,"sd","10:28:29",2684700
20.6,0,500,"bu","10:28:28",2664700
20.6,0,100,"bu","10:28:13",2664200
20.6,0,200,"bu","10:28:09",2664100
20.5,-0.1,2300,"sd","10:28:06",2663900
20.5,-0.1,700,"bu","10:28:01",2661600
20.5,-0.1,1000,"bu","10:27:57",2660900
20.5,-0.1,500,"bu","10:27:53",2659900
20.5,-0.1,1000,"bu","10:27:52",2659400
20.5,-0.1,1000,"bu","10:27:51",2658400
20.5,-0.1,3000,"bu","10:27:50",2657400
20.5,-0.1,5000,"bu","10:27:49",2654400
20.5,-0.1,1000,"bu","10:27:48",2649400
20.5,-0.1,10000,"bu","10:27:43",2648400
20.5,-0.1,400,"bu","10:27:40",2638400
20.4,-0.2,500,"sd","10:27:38",2638000
20.5,-0.1,10000,"bu","10:27:33",2637500
20.5,-0.1,50000,"bu","10:27:31",2627500
20.5,-0.1,600,"bu","10:27:27",2577500
20.5,-0.1,10000,"bu","10:27:05",2576900
20.5,-0.1,100,"bu","10:26:59",2566900
20.5,-0.1,4000,"bu","10:26:58",2566800
20.4,-0.2,500,"sd","10:26:34",2562800
20.5,-0.1,200,"bu","10:26:26",2562300
20.5,-0.1,2500,"bu","10:25:55",2562100
20.5,-0.1,300,"bu","10:25:47",2559600
20.5,-0.1,300,"bu","10:25:44",2559300
20.4,-0.2,500,"sd","10:25:33",2559000
20.4,-0.2,400,"sd","10:25:20",2558500
20.4,-0.2,700,"sd","10:25:18",2558100
20.4,-0.2,2000,"sd","10:25:13",2557400
20.4,-0.2,500,"sd","10:24:33",2555400
20.4,-0.2,700,"sd","10:24:26",2554900
20.4,-0.2,6000,"sd","10:24:14",2554200
20.4,-0.2,1000,"sd","10:24:01",2548200
20.4,-0.2,5000,"sd","10:23:58",2547200
20.4,-0.2,400,"bu","10:23:52",2542200
20.3,-0.3,400,"sd","10:23:50",2541800
20.4,-0.2,200,"bu","10:23:44",2541400
20.3,-0.3,5000,"sd","10:23:43",2541200
20.4,-0.2,300,"bu","10:23:41",2536200
20.4,-0.2,5000,"bu","10:23:38",2535900
20.4,-0.2,9000,"bu","10:23:35",2530900
20.3,-0.3,700,"sd","10:23:34",2521900
20.3,-0.3,600,"sd","10:23:28",2521200
20.3,-0.3,400,"sd","10:23:24",2520600
20.4,-0.2,500,"bu","10:23:23",2520200
20.4,-0.2,100,"bu","10:23:22",2519700
20.4,-0.2,3300,"bu","10:23:20",2519600
20.4,-0.2,1000,"bu","10:23:17",2516300
20.4,-0.2,5000,"bu","10:23:16",2515300
20.4,-0.2,300,"bu","10:22:53",2510300
20.3,-0.3,100,"sd","10:22:45",2510000
20.4,-0.2,100,"bu","10:22:44",2509900
20.3,-0.3,1000,"sd","10:22:32",2509800
20.3,-0.3,500,"sd","10:22:28",2508800
20.4,-0.2,600,"bu","10:22:00",2508300
20.4,-0.2,5200,"bu","10:21:56",2507700
20.3,-0.3,1000,"sd","10:21:52",2502500
20.3,-0.3,6900,"sd","10:21:51",2501500
20.3,-0.3,500,"sd","10:21:27",2494600
20.4,-0.2,100,"bu","10:21:25",2494100
20.3,-0.3,600,"sd","10:21:23",2494000
20.4,-0.2,7800,"sd","10:21:16",2493400
20.4,-0.2,2000,"sd","10:21:12",2485600
20.4,-0.2,400,"sd","10:21:08",2483600
20.4,-0.2,300,"sd","10:20:52",2483200
20.4,-0.2,1500,"sd","10:20:49",2482900
20.4,-0.2,10900,"sd","10:20:40",2481400
20.4,-0.2,500,"bu","10:20:38",2470500
20.4,-0.2,900,"sd","10:20:18",2470000
20.4,-0.2,1000,"sd","10:20:11",2469100
20.4,-0.2,500,"sd","10:20:09",2468100
20.4,-0.2,36500,"sd","10:20:08",2467600
20.4,-0.2,30000,"sd","10:20:04",2431100
20.4,-0.2,300,"sd","10:19:59",2401100
20.4,-0.2,100,"sd","10:19:54",2400800
20.4,-0.2,2000,"sd","10:19:44",2400700
20.4,-0.2,1600,"sd","10:19:43",2398700
20.4,-0.2,6000,"sd","10:19:42",2397100
20.4,-0.2,1000,"sd","10:19:34",2391100
20.4,-0.2,5000,"sd","10:19:32",2390100
20.4,-0.2,300,"sd","10:19:28",2385100
20.4,-0.2,100,"sd","10:19:24",2384800
20.4,-0.2,5000,"sd","10:19:16",2384700
20.4,-0.2,500,"sd","10:19:15",2379700
20.4,-0.2,4000,"sd","10:19:14",2379200
20.4,-0.2,2400,"sd","10:18:52",2375200
20.4,-0.2,1300,"sd","10:18:48",2372800
20.4,-0.2,4000,"sd","10:18:40",2371500
20.4,-0.2,800,"sd","10:18:38",2367500
20.4,-0.2,800,"sd","10:18:16",2366700
20.4,-0.2,600,"sd","10:18:12",2365900
20.4,-0.2,2000,"sd","10:17:59",2365300
20.4,-0.2,500,"sd","10:17:35",2363300
20.4,-0.2,500,"sd","10:17:10",2362800
20.5,-0.1,100,"bu","10:16:55",2362300
20.4,-0.2,1000,"sd","10:16:47",2362200
20.5,-0.1,100,"bu","10:16:42",2361200
20.5,-0.1,100,"bu","10:16:38",2361100
20.4,-0.2,10000,"sd","10:16:25",2361000
20.4,-0.2,600,"sd","10:16:04",2351000
20.5,-0.1,100,"bu","10:15:54",2350400
20.4,-0.2,6900,"sd","10:15:51",2350300
20.4,-0.2,29000,"sd","10:15:48",2343400
20.4,-0.2,5000,"bu","10:15:45",2314400
20.4,-0.2,1000,"bu","10:15:44",2309400
20.4,-0.2,2200,"bu","10:15:38",2308400
20.4,-0.2,1000,"bu","10:15:37",2306200
20.4,-0.2,2000,"bu","10:15:30",2305200
20.4,-0.2,11000,"bu","10:15:26",2303200
20.4,-0.2,1200,"bu","10:15:20",2292200
20.4,-0.2,300,"bu","10:15:15",2291000
20.4,-0.2,100,"bu","10:15:11",2290700
20.4,-0.2,300,"bu","10:15:04",2290600
20.4,-0.2,900,"bu","10:14:59",2290300
20.4,-0.2,100,"bu","10:14:55",2289400
20.4,-0.2,100,"bu","10:14:53",2289300
20.4,-0.2,500,"bu","10:14:49",2289200
20.4,-0.2,5200,"bu","10:14:47",2288700
20.4,-0.2,100,"bu","10:14:34",2283500
20.4,-0.2,100,"bu","10:14:33",2283400
20.4,-0.2,300,"bu","10:14:29",2283300
20.4,-0.2,100,"bu","10:14:23",2283000
20.4,-0.2,1400,"bu","10:14:18",2282900
20.5,-0.1,100,"bu","10:14:14",2281500
20.4,-0.2,145900,"sd","10:14:10",2281400
20.5,-0.1,2000,"bu","10:14:08",2135500
20.5,-0.1,20100,"bu","10:14:04",2133500
20.5,-0.1,100,"bu","10:14:02",2113400
20.4,-0.2,600,"sd","10:13:54",2113300
20.5,-0.1,100,"bu","10:13:51",2112700
20.5,-0.1,100,"bu","10:13:48",2112600
20.5,-0.1,100,"bu","10:13:45",2112500
20.4,-0.2,1000,"sd","10:13:42",2112400
20.4,-0.2,1500,"sd","10:13:40",2111400
20.4,-0.2,600,"sd","10:12:49",2109900
20.5,-0.1,3000,"bu","10:12:17",2109300
20.4,-0.2,5000,"sd","10:12:04",2106300
20.5,-0.1,100,"bu","10:12:03",2101300
20.5,-0.1,1100,"bu","10:11:59",2101200
20.5,-0.1,100,"bu","10:11:56",2100100
20.5,-0.1,2600,"bu","10:11:51",2100000
20.4,-0.2,2000,"sd","10:11:47",2097400
20.4,-0.2,500,"sd","10:11:46",2095400
20.5,-0.1,10000,"bu","10:11:45",2094900
20.5,-0.1,200,"bu","10:11:40",2084900
20.5,-0.1,1000,"bu","10:11:30",2084700
20.5,-0.1,200,"bu","10:11:29",2083700
20.5,-0.1,6000,"bu","10:11:15",2083500
20.5,-0.1,3600,"sd","10:11:14",2077500
20.5,-0.1,3300,"sd","10:11:13",2073900
20.5,-0.1,500,"sd","10:11:12",2070600
20.5,-0.1,60000,"sd","10:11:10",2070100
20.5,-0.1,2000,"sd","10:11:06",2010100
20.6,0,100,"bu","10:11:04",2008100
20.5,-0.1,1400,"sd","10:11:02",2008000
20.5,-0.1,10000,"sd","10:11:00",2006600
20.5,-0.1,1000,"sd","10:10:59",1996600
20.5,-0.1,60000,"sd","10:10:53",1995600
20.5,-0.1,30000,"sd","10:10:49",1935600
20.5,-0.1,30000,"sd","10:10:48",1905600
20.6,0,1000,"bu","10:10:44",1875600
20.5,-0.1,600,"sd","10:10:40",1874600
20.5,-0.1,6000,"sd","10:10:34",1874000
20.5,-0.1,20500,"sd","10:10:30",1868000
20.5,-0.1,40000,"sd","10:10:25",1847500
20.5,-0.1,2500,"sd","10:10:19",1807500
20.5,-0.1,500,"sd","10:09:46",1805000
20.5,-0.1,600,"sd","10:09:36",1804500
20.5,-0.1,1800,"sd","10:09:26",1803900
20.5,-0.1,500,"sd","10:08:36",1802100
20.6,0,100,"bu","10:07:44",1801600
20.5,-0.1,500,"sd","10:07:32",1801500
20.6,0,100,"bu","10:06:49",1801000
20.6,0,100,"bu","10:06:43",1800900
20.6,0,100,"bu","10:06:41",1800800
20.6,0,100,"bu","10:06:38",1800700
20.5,-0.1,25000,"sd","10:06:29",1800600
20.5,-0.1,600,"sd","10:06:28",1775600
20.6,0,10000,"bu","10:05:51",1775000
20.5,-0.1,500,"sd","10:05:27",1765000
20.5,-0.1,500,"sd","10:05:18",1764500
20.5,-0.1,3000,"sd","10:05:04",1764000
20.6,0,100,"bu","10:05:01",1761000
20.5,-0.1,600,"sd","10:04:22",1760900
20.5,-0.1,600,"sd","10:03:41",1760300
20.6,0,1000,"bu","10:03:34",1759700
20.6,0,100,"bu","10:03:26",1758700
20.5,-0.1,600,"sd","10:03:16",1758600
20.6,0,1000,"bu","10:03:07",1758000
20.6,0,200,"bu","10:02:58",1757000
20.6,0,200,"bu","10:02:54",1756800
20.5,-0.1,1000,"sd","10:02:31",1756600
20.6,0,200,"bu","10:02:17",1755600
20.5,-0.1,500,"sd","10:02:16",1755400
20.6,0,100,"bu","10:01:53",1754900
20.5,-0.1,3000,"sd","10:01:41",1754800
20.5,-0.1,500,"sd","10:01:15",1751800
20.6,0,500,"bu","10:01:04",1751300
20.6,0,100,"bu","10:00:52",1750800
20.6,0,1000,"bu","10:00:16",1750700
20.5,-0.1,500,"sd","10:00:13",1749700
20.6,0,10000,"bu","09:59:59",1749200
20.6,0,100,"bu","09:59:49",1739200
20.6,0,100,"bu","09:59:35",1739100
20.5,-0.1,500,"sd","09:59:10",1739000
20.6,0,10000,"bu","09:59:06",1738500
20.6,0,100,"bu","09:58:47",1728500
20.5,-0.1,900,"sd","09:58:40",1728400
20.5,-0.1,600,"sd","09:58:04",1727500
20.6,0,500,"bu","09:57:56",1726900
20.6,0,1000,"bu","09:57:03",1726400
20.5,-0.1,500,"sd","09:57:01",1725400
20.6,0,10000,"bu","09:56:56",1724900
20.6,0,1000,"bu","09:56:52",1714900
20.6,0,200,"bu","09:56:46",1713900
20.6,0,700,"bu","09:56:41",1713700
20.6,0,1900,"bu","09:56:36",1713000
20.6,0,100,"bu","09:56:14",1711100
20.6,0,15500,"bu","09:55:59",1711000
20.6,0,3000,"bu","09:55:34",1695500
20.6,0,2000,"bu","09:54:54",1692500
20.5,-0.1,600,"sd","09:54:53",1690500
20.6,0,200,"bu","09:54:39",1689900
20.6,0,1000,"bu","09:54:34",1689700
20.6,0,100,"bu","09:54:28",1688700
20.6,0,100,"bu","09:54:23",1688600
20.6,0,100,"bu","09:54:20",1688500
20.6,0,300,"bu","09:54:19",1688400
20.6,0,100,"bu","09:54:18",1688100
20.6,0,100,"bu","09:54:17",1688000
20.6,0,100,"bu","09:54:13",1687900
20.6,0,200,"bu","09:54:05",1687800
20.6,0,10000,"bu","09:54:02",1687600
20.6,0,5000,"bu","09:53:58",1677600
20.6,0,5000,"bu","09:53:52",1672600
20.5,-0.1,600,"sd","09:53:49",1667600
20.6,0,100,"bu","09:53:42",1667000
20.6,0,100,"bu","09:53:41",1666900
20.6,0,100,"bu","09:53:40",1666800
20.6,0,100,"bu","09:53:38",1666700
20.6,0,200,"bu","09:53:35",1666600
20.6,0,100,"bu","09:53:33",1666400
20.6,0,100,"bu","09:53:30",1666300
20.6,0,1000,"bu","09:53:19",1666200
20.6,0,1000,"bu","09:53:14",1665200
20.6,0,10000,"bu","09:53:01",1664200
20.6,0,100,"bu","09:52:57",1654200
20.6,0,2000,"bu","09:52:54",1654100
20.6,0,10000,"bu","09:52:53",1652100
20.6,0,12000,"bu","09:52:49",1642100
20.5,-0.1,500,"sd","09:52:46",1630100
20.6,0,100,"bu","09:52:44",1629600
20.6,0,100,"bu","09:52:41",1629500
20.6,0,2000,"bu","09:52:38",1629400
20.6,0,8000,"bu","09:52:37",1627400
20.6,0,100,"bu","09:52:34",1619400
20.6,0,3800,"bu","09:52:32",1619300
20.6,0,50000,"sd","09:52:23",1615500
20.6,0,1000,"sd","09:52:15",1565500
20.6,0,47300,"sd","09:52:13",1564500
20.6,0,2700,"sd","09:52:11",1517200
20.7,0.1,100,"bu","09:52:08",1514500
20.6,0,9900,"bu","09:52:00",1514400
20.6,0,200,"bu","09:51:58",1504500
20.6,0,5000,"bu","09:51:55",1504300
20.6,0,2000,"bu","09:51:52",1499300
20.5,-0.1,600,"sd","09:51:40",1497300
20.6,0,10000,"bu","09:51:31",1496700
20.6,0,500,"bu","09:51:25",1486700
20.6,0,10000,"bu","09:51:16",1486200
20.6,0,100,"bu","09:51:15",1476200
20.6,0,1000,"bu","09:50:58",1476100
20.6,0,14300,"bu","09:50:55",1475100
20.6,0,300,"sd","09:50:54",1460800
20.6,0,5900,"sd","09:50:46",1460500
20.6,0,2000,"bu","09:50:41",1454600
20.5,-0.1,500,"sd","09:50:39",1452600
20.6,0,1000,"bu","09:50:37",1452100
20.6,0,1200,"bu","09:50:34",1451100
20.6,0,500,"bu","09:50:27",1449900
20.6,0,2000,"bu","09:50:19",1449400
20.6,0,900,"bu","09:50:10",1447400
20.6,0,900,"bu","09:50:08",1446500
20.6,0,900,"bu","09:49:59",1445600
20.6,0,21200,"bu","09:49:47",1444700
20.6,0,30000,"sd","09:49:45",1423500
20.6,0,500,"sd","09:49:38",1393500
20.6,0,200,"sd","09:49:22",1393000
20.6,0,400,"sd","09:49:13",1392800
20.6,0,3000,"sd","09:49:11",1392400
20.6,0,500,"sd","09:48:37",1389400
20.6,0,4200,"sd","09:48:32",1388900
20.7,0.1,100,"bu","09:48:18",1384700
20.7,0.1,100,"bu","09:48:16",1384600
20.7,0.1,100,"bu","09:48:14",1384500
20.6,0,300,"sd","09:47:59",1384400
20.6,0,7000,"sd","09:47:51",1384100
20.7,0.1,100,"bu","09:47:49",1377100
20.7,0.1,100,"bu","09:47:39",1377000
20.7,0.1,100,"bu","09:47:37",1376900
20.7,0.1,100,"bu","09:47:35",1376800
20.6,0,500,"sd","09:47:34",1376700
20.6,0,500,"sd","09:47:17",1376200
20.7,0.1,500,"bu","09:47:09",1375700
20.6,0,500,"sd","09:47:05",1375200
20.6,0,4700,"sd","09:47:02",1374700
20.6,0,4000,"sd","09:46:45",1370000
20.7,0.1,100,"bu","09:46:37",1366000
20.7,0.1,100,"bu","09:46:34",1365900
20.6,0,600,"sd","09:46:28",1365800
20.7,0.1,100,"bu","09:45:43",1365200
20.7,0.1,100,"bu","09:45:41",1365100
20.7,0.1,100,"bu","09:45:39",1365000
20.6,0,5600,"sd","09:45:25",1364900
20.7,0.1,100,"bu","09:45:11",1359300
20.6,0,600,"sd","09:45:00",1359200
20.6,0,400,"sd","09:44:40",1358600
20.6,0,500,"sd","09:44:29",1358200
20.6,0,500,"sd","09:44:22",1357700
20.6,0,500,"sd","09:44:19",1357200
20.6,0,3100,"sd","09:44:08",1356700
20.6,0,500,"sd","09:43:21",1353600
20.7,0.1,200,"bu","09:43:05",1353100
20.6,0,16200,"sd","09:42:58",1352900
20.6,0,2200,"bu","09:42:56",1336700
20.6,0,100,"bu","09:42:54",1334500
20.6,0,200,"bu","09:42:52",1334400
20.6,0,40000,"bu","09:42:49",1334200
20.6,0,500,"bu","09:42:48",1294200
20.6,0,100,"bu","09:42:35",1293700
20.6,0,500,"bu","09:42:34",1293600
20.6,0,400,"bu","09:42:33",1293100
20.6,0,1100,"bu","09:42:26",1292700
20.6,0,100,"bu","09:42:25",1291600
20.5,-0.1,6100,"sd","09:42:20",1291500
20.6,0,1500,"bu","09:42:17",1285400
20.6,0,10100,"bu","09:42:16",1283900
20.6,0,100,"bu","09:41:44",1273800
20.6,0,200,"bu","09:41:28",1273700
20.5,-0.1,2600,"sd","09:41:15",1273500
20.6,0,1000,"bu","09:41:10",1270900
20.6,0,900,"bu","09:41:01",1269900
20.6,0,2000,"bu","09:40:52",1269000
20.6,0,100,"bu","09:40:47",1267000
20.6,0,1000,"bu","09:40:39",1266900
20.5,-0.1,5000,"sd","09:40:34",1265900
20.5,-0.1,500,"sd","09:40:13",1260900
20.6,0,1000,"bu","09:39:59",1260400
20.5,-0.1,5500,"sd","09:39:53",1259400
20.5,-0.1,100,"sd","09:39:34",1253900
20.5,-0.1,1000,"sd","09:39:31",1253800
20.5,-0.1,600,"sd","09:39:08",1252800
20.6,0,500,"bu","09:39:07",1252200
20.6,0,5000,"bu","09:38:52",1251700
20.6,0,10000,"bu","09:38:41",1246700
20.5,-0.1,2100,"sd","09:38:40",1236700
20.5,-0.1,25000,"sd","09:38:38",1234600
20.5,-0.1,3000,"sd","09:38:33",1209600
20.6,0,200,"bu","09:38:26",1206600
20.6,0,200,"bu","09:38:24",1206400
20.6,0,5000,"bu","09:38:23",1206200
20.5,-0.1,800,"sd","09:38:15",1201200
20.5,-0.1,1100,"sd","09:38:14",1200400
20.6,0,10000,"bu","09:38:07",1199300
20.6,0,500,"bu","09:37:42",1189300
20.6,0,100,"bu","09:37:32",1188800
20.6,0,100,"bu","09:37:31",1188700
20.6,0,200,"bu","09:37:14",1188600
20.6,0,22100,"bu","09:37:08",1188400
20.6,0,4000,"sd","09:37:06",1166300
20.6,0,30000,"sd","09:37:03",1162300
20.6,0,30000,"sd","09:36:58",1132300
20.6,0,500,"sd","09:36:57",1102300
20.6,0,30000,"sd","09:36:55",1101800
20.6,0,30000,"sd","09:36:41",1071800
20.6,0,400,"sd","09:36:38",1041800
20.6,0,200,"sd","09:36:33",1041400
20.6,0,14000,"sd","09:36:21",1041200
20.6,0,2000,"sd","09:36:17",1027200
20.7,0.1,100,"bu","09:36:11",1025200
20.6,0,500,"sd","09:36:09",1025100
20.7,0.1,500,"bu","09:35:54",1024600
20.6,0,2000,"sd","09:35:51",1024100
20.6,0,300,"sd","09:35:35",1022100
20.6,0,5500,"sd","09:35:27",1021800
20.6,0,500,"sd","09:35:08",1016300
20.6,0,1700,"sd","09:34:48",1015800
20.6,0,14000,"sd","09:34:33",1014100
20.6,0,500,"sd","09:34:07",1000100
20.6,0,2000,"sd","09:34:03",999600
20.6,0,4000,"sd","09:33:54",997600
20.7,0.1,2000,"bu","09:33:46",993600
20.6,0,500,"sd","09:33:29",991600
20.6,0,100,"sd","09:33:25",991100
20.6,0,1000,"sd","09:33:12",991000
20.6,0,5000,"sd","09:33:10",990000
20.6,0,500,"sd","09:33:06",985000
20.6,0,2000,"sd","09:33:03",984500
20.6,0,3000,"sd","09:32:57",982500
20.6,0,500,"sd","09:32:36",979500
20.6,0,200,"sd","09:32:23",979000
20.6,0,5000,"sd","09:32:06",978800
20.6,0,2000,"sd","09:32:00",973800
20.6,0,5000,"sd","09:31:55",971800
20.6,0,500,"sd","09:31:29",966800
20.6,0,3000,"sd","09:31:26",966300
20.6,0,2000,"sd","09:31:23",963300
20.6,0,7000,"sd","09:31:03",961300
20.6,0,500,"sd","09:30:57",954300
20.7,0.1,1600,"bu","09:30:40",953800
20.6,0,2400,"sd","09:30:23",952200
20.7,0.1,500,"bu","09:30:14",949800
20.7,0.1,1000,"bu","09:30:13",949300
20.7,0.1,500,"bu","09:30:10",948300
20.6,0,300,"sd","09:30:06",947800
20.6,0,500,"sd","09:29:55",947500
20.7,0.1,200,"bu","09:29:20",947000
20.7,0.1,100,"bu","09:29:15",946800
20.6,0,4200,"sd","09:29:12",946700
20.6,0,6000,"sd","09:29:08",942500
20.6,0,10000,"sd","09:29:00",936500
20.6,0,300,"sd","09:28:55",926500
20.6,0,500,"sd","09:28:52",926200
20.6,0,500,"sd","09:28:41",925700
20.6,0,900,"sd","09:28:39",925200
20.6,0,5200,"sd","09:28:31",924300
20.6,0,1500,"sd","09:28:15",919100
20.6,0,5000,"sd","09:27:59",917600
20.6,0,500,"sd","09:27:51",912600
20.6,0,500,"sd","09:27:44",912100
20.6,0,5300,"sd","09:27:34",911600
20.6,0,10000,"sd","09:27:30",906300
20.6,0,5000,"sd","09:27:19",896300
20.7,0.1,700,"bu","09:27:16",891300
20.6,0,10000,"sd","09:26:53",890600
20.6,0,500,"sd","09:26:48",880600
20.6,0,100,"sd","09:26:46",880100
20.7,0.1,200,"bu","09:26:12",880000
20.7,0.1,1000,"bu","09:26:04",879800
20.7,0.1,9000,"bu","09:26:01",878800
20.6,0,2000,"sd","09:25:59",869800
20.7,0.1,20000,"bu","09:25:47",867800
20.6,0,1800,"sd","09:25:46",847800
20.6,0,500,"sd","09:25:45",846000
20.7,0.1,200,"bu","09:25:34",845500
20.7,0.1,10000,"bu","09:25:32",845300
20.7,0.1,25000,"sd","09:25:20",835300
20.7,0.1,1200,"sd","09:25:17",810300
20.7,0.1,4000,"sd","09:25:16",809100
20.7,0.1,2000,"sd","09:25:15",805100
20.7,0.1,1500,"sd","09:25:11",803100
20.7,0.1,25000,"sd","09:25:10",801600
20.7,0.1,4000,"sd","09:25:08",776600
20.7,0.1,50000,"sd","09:24:56",772600
20.7,0.1,1000,"sd","09:24:46",722600
20.7,0.1,500,"sd","09:24:43",721600
20.7,0.1,13200,"sd","09:24:40",721100
20.7,0.1,1000,"sd","09:24:08",707900
20.7,0.1,2000,"sd","09:24:05",706900
20.7,0.1,500,"sd","09:24:04",704900
20.7,0.1,500,"sd","09:24:01",704400
20.7,0.1,1500,"sd","09:24:00",703900
20.7,0.1,500,"sd","09:23:41",702400
20.7,0.1,500,"sd","09:23:35",701900
20.7,0.1,500,"sd","09:23:27",701400
20.7,0.1,100,"sd","09:23:22",700900
20.8,0.2,100,"bu","09:23:20",700800
20.7,0.1,4000,"sd","09:22:57",700700
20.7,0.1,500,"sd","09:22:40",696700
20.7,0.1,500,"sd","09:22:11",696200
20.8,0.2,5000,"bu","09:21:57",695700
20.7,0.1,300,"sd","09:21:47",690700
20.7,0.1,500,"sd","09:21:40",690400
20.7,0.1,500,"sd","09:21:19",689900
20.8,0.2,300,"bu","09:20:49",689400
20.7,0.1,1200,"sd","09:20:48",689100
20.7,0.1,500,"sd","09:20:38",687900
20.8,0.2,100,"bu","09:20:32",687400
20.8,0.2,300,"bu","09:20:20",687300
20.8,0.2,600,"bu","09:20:19",687000
20.8,0.2,500,"bu","09:20:16",686400
20.8,0.2,2500,"bu","09:19:57",685900
20.7,0.1,500,"sd","09:19:35",683400
20.7,0.1,1000,"sd","09:19:15",682900
20.7,0.1,5000,"sd","09:19:08",681900
20.8,0.2,1000,"bu","09:18:36",676900
20.7,0.1,10000,"sd","09:18:35",675900
20.8,0.2,1000,"bu","09:18:33",665900
20.7,0.1,500,"sd","09:18:32",664900
20.7,0.1,3000,"sd","09:18:31",664400
20.8,0.2,2000,"bu","09:18:26",661400
20.8,0.2,100,"bu","09:18:25",659400
20.8,0.2,5200,"bu","09:18:16",659300
20.8,0.2,10000,"bu","09:17:50",654100
20.8,0.2,1000,"bu","09:17:47",644100
20.8,0.2,9800,"sd","09:17:36",643100
20.8,0.2,500,"sd","09:17:32",633300
20.8,0.2,500,"sd","09:17:30",632800
20.8,0.2,200,"sd","09:17:24",632300
20.8,0.2,4800,"bu","09:17:21",632100
20.8,0.2,5300,"sd","09:17:15",627300
20.8,0.2,500,"bu","09:17:08",622000
20.8,0.2,1200,"sd","09:17:06",621500
20.8,0.2,400,"sd","09:17:05",620300
20.8,0.2,500,"sd","09:17:00",619900
20.8,0.2,500,"sd","09:16:47",619400
20.8,0.2,3400,"bu","09:16:45",618900
20.8,0.2,200,"bu","09:16:34",615500
20.8,0.2,500,"sd","09:16:33",615300
20.8,0.2,500,"sd","09:16:29",614800
20.8,0.2,10000,"sd","09:16:27",614300
20.8,0.2,38800,"sd","09:16:24",604300
20.8,0.2,3000,"bu","09:16:19",565500
20.8,0.2,23200,"sd","09:16:12",562500
20.8,0.2,50000,"sd","09:16:10",539300
20.8,0.2,20000,"sd","09:16:07",489300
20.8,0.2,400,"sd","09:16:06",469300
20.8,0.2,1000,"sd","09:16:05",468900
20.8,0.2,1000,"sd","09:15:44",467900
20.8,0.2,30000,"sd","09:15:40",466900
20.8,0.2,600,"sd","09:15:25",436900
20.9,0.3,1000,"bu","09:15:24",436300
20.9,0.3,5000,"bu","09:15:21",435300
20.8,0.2,20000,"sd","09:15:14",430300
20.9,0.3,200,"bu","09:15:03",410300
20.9,0.3,200,"bu","09:14:57",410100
20.9,0.3,500,"bu","09:14:51",409900
20.9,0.3,49400,"bu","09:14:48",409400
20.9,0.3,1000,"bu","09:14:43",360000
20.9,0.3,500,"bu","09:14:34",359000
20.9,0.3,500,"bu","09:14:25",358500
20.8,0.2,600,"sd","09:14:20",358000
20.9,0.3,400,"bu","09:14:15",357400
20.9,0.3,15000,"bu","09:13:52",357000
20.8,0.2,13200,"sd","09:13:17",342000
20.8,0.2,100,"sd","09:12:55",328800
20.8,0.2,700,"sd","09:12:11",328700
20.9,0.3,400,"bu","09:12:10",328000
20.8,0.2,1000,"sd","09:11:27",327600
20.8,0.2,500,"sd","09:11:09",326600
20.8,0.2,100,"sd","09:11:06",326100
20.8,0.2,200,"sd","09:10:50",326000
20.8,0.2,500,"sd","09:10:08",325800
20.9,0.3,100,"bu","09:09:25",325300
20.8,0.2,300,"sd","09:09:17",325200
20.9,0.3,100,"bu","09:09:13",324900
20.8,0.2,500,"sd","09:09:08",324800
20.9,0.3,20000,"bu","09:08:42",324300
20.8,0.2,500,"sd","09:08:41",304300
20.8,0.2,500,"sd","09:08:07",303800
20.8,0.2,500,"sd","09:07:48",303300
20.8,0.2,100,"sd","09:07:38",302800
20.8,0.2,600,"sd","09:07:02",302700
20.8,0.2,1500,"sd","09:06:49",302100
20.8,0.2,1600,"sd","09:06:18",300600
20.8,0.2,300,"bu","09:06:15",299000
20.8,0.2,100,"bu","09:06:14",298700
20.8,0.2,1000,"bu","09:06:11",298600
20.8,0.2,5000,"bu","09:06:10",297600
20.8,0.2,5500,"bu","09:06:09",292600
20.8,0.2,300,"bu","09:06:07",287100
20.8,0.2,2000,"bu","09:06:02",286800
20.7,0.1,1600,"sd","09:06:01",284800
20.8,0.2,100,"bu","09:05:58",283200
20.8,0.2,10000,"bu","09:05:57",283100
20.8,0.2,5000,"bu","09:05:56",273100
20.8,0.2,6000,"bu","09:05:53",268100
20.8,0.2,8000,"bu","09:05:49",262100
20.8,0.2,500,"bu","09:05:44",254100
20.8,0.2,800,"bu","09:05:34",253600
20.8,0.2,3000,"bu","09:05:31",252800
20.8,0.2,500,"bu","09:05:17",249800
20.8,0.2,2700,"bu","09:05:09",249300
20.8,0.2,2300,"sd","09:05:07",246600
20.8,0.2,500,"bu","09:05:04",244300
20.8,0.2,10000,"bu","09:05:02",243800
20.7,0.1,500,"sd","09:04:59",233800
20.8,0.2,1000,"bu","09:04:52",233300
20.8,0.2,10000,"bu","09:04:50",232300
20.8,0.2,2000,"bu","09:04:49",222300
20.8,0.2,1000,"bu","09:04:48",220300
20.8,0.2,2000,"bu","09:04:43",219300
20.8,0.2,100,"bu","09:04:40",217300
20.8,0.2,600,"bu","09:04:38",217200
20.8,0.2,200,"bu","09:04:33",216600
20.8,0.2,100,"bu","09:04:26",216400
20.8,0.2,8700,"bu","09:04:22",216300
20.8,0.2,200,"sd","09:04:18",207600
20.8,0.2,1100,"sd","09:04:15",207400
20.8,0.2,1900,"bu","09:04:12",206300
20.8,0.2,1000,"sd","09:04:11",204400
20.8,0.2,2000,"sd","09:04:10",203400
20.8,0.2,1000,"sd","09:04:02",201400
20.8,0.2,6900,"sd","09:03:57",200400
20.8,0.2,2500,"sd","09:03:55",193500
20.8,0.2,10000,"sd","09:03:53",191000
20.9,0.3,2000,"bu","09:03:48",181000
20.8,0.2,25000,"sd","09:03:45",179000
20.8,0.2,50000,"sd","09:03:33",154000
20.8,0.2,1000,"sd","09:03:19",104000
20.9,0.3,2200,"bu","09:03:15",103000
20.8,0.2,1000,"sd","09:03:11",100800
20.8,0.2,300,"sd","09:03:09",99800
20.8,0.2,1100,"sd","09:02:50",99500
20.9,0.3,100,"bu","09:02:49",98400
20.9,0.3,1000,"bu","09:02:42",98300
20.9,0.3,1500,"bu","09:02:39",97300
20.8,0.2,1000,"sd","09:02:30",95800
20.9,0.3,700,"bu","09:02:25",94800
20.9,0.3,6000,"bu","09:02:11",94100
20.8,0.2,1000,"sd","09:02:04",88100
20.9,0.3,3300,"bu","09:02:00",87100
20.8,0.2,2000,"sd","09:01:43",83800
20.8,0.2,400,"sd","09:01:17",81800
20.8,0.2,9600,"bu","09:01:16",81400
20.8,0.2,4300,"sd","09:00:58",71800
20.8,0.2,6000,"bu","09:00:55",67500
20.8,0.2,5000,"bu","09:00:48",61500
20.8,0.2,1000,"bu","09:00:43",56500
20.8,0.2,400,"bu","09:00:39",55500
20.8,0.2,5000,"bu","09:00:35",55100
20.7,0.1,300,"sd","09:00:23",50100
20.8,0.2,600,"bu","09:00:20",49800
20.7,0.1,2200,"sd","09:00:19",49200
20.8,0.2,500,"","09:00:18",47000
20.7,0.1,12000,"sd","09:00:16",46500
20.8,0.2,3200,"sd","09:00:14",34500
20.9,0.3,400,"bu","09:00:06",31300
20.9,0.3,500,"bu","09:00:05",30900
20.8,0.2,400,"sd","09:00:03",30400
20.8,0.2,30000,"bu","09:00:00",30000
