"price","change","match_qtty","side","time","total_vol"
6.24,-0.01,540400,"","14:45:05",3831200
6.24,-0.01,2000,"bu","14:29:55",3290800
6.24,-0.01,3000,"bu","14:29:52",3288800
6.24,-0.01,5000,"bu","14:29:44",3285800
6.24,-0.01,300,"bu","14:29:41",3280800
6.24,-0.01,5000,"bu","14:29:34",3280500
6.24,-0.01,1000,"bu","14:29:19",3275500
6.25,0,3000,"bu","14:28:57",3274500
6.24,-0.01,2000,"bu","14:28:57",3271500
6.25,0,3900,"bu","14:28:48",3269500
6.24,-0.01,1100,"bu","14:28:48",3265600
6.24,-0.01,400,"sd","14:28:44",3264500
6.24,-0.01,2200,"sd","14:28:44",3264100
6.24,-0.01,7400,"bu","14:28:41",3261900
6.24,-0.01,5000,"bu","14:28:33",3254500
6.24,-0.01,1000,"sd","14:28:29",3249500
6.24,-0.01,11000,"bu","14:28:25",3248500
6.25,0,2400,"bu","14:28:11",3237500
6.25,0,4400,"bu","14:28:11",3235100
6.24,-0.01,3200,"bu","14:28:11",3230700
6.24,-0.01,200,"sd","14:28:09",3227500
6.24,-0.01,1500,"sd","14:28:08",3227300
6.24,-0.01,1500,"sd","14:28:01",3225800
6.24,-0.01,14800,"bu","14:28:00",3224300
6.23,-0.02,2000,"bu","14:28:00",3209500
6.23,-0.02,6000,"bu","14:27:50",3207500
6.22,-0.03,9000,"bu","14:27:50",3201500
6.22,-0.03,1000,"sd","14:27:49",3192500
6.22,-0.03,600,"sd","14:27:47",3191500
6.22,-0.03,100,"sd","14:27:46",3190900
6.22,-0.03,5000,"sd","14:27:41",3190800
6.22,-0.03,100,"sd","14:27:39",3185800
6.22,-0.03,200,"sd","14:27:38",3185700
6.23,-0.02,3000,"bu","14:27:38",3185500
6.23,-0.02,22000,"bu","14:27:38",3182500
6.22,-0.03,3000,"bu","14:27:27",3160500
6.22,-0.03,5400,"bu","14:27:24",3157500
6.22,-0.03,1000,"bu","14:27:22",3152100
6.22,-0.03,600,"sd","14:27:17",3151100
6.22,-0.03,9400,"bu","14:27:16",3150500
6.21,-0.04,1000,"sd","14:27:14",3141100
6.21,-0.04,1000,"sd","14:27:09",3140100
6.21,-0.04,3400,"bu","14:27:06",3139100
6.2,-0.05,200,"sd","14:27:02",3135700
6.2,-0.05,100,"sd","14:26:59",3135500
6.21,-0.04,1000,"bu","14:26:59",3135400
6.2,-0.05,20700,"bu","14:26:53",3134400
6.18,-0.07,3000,"sd","14:26:46",3113700
6.19,-0.06,2000,"sd","14:26:46",3110700
6.19,-0.06,1000,"bu","14:26:38",3108700
6.18,-0.07,20000,"bu","14:26:30",3107700
6.17,-0.08,5400,"bu","14:26:19",3087700
6.17,-0.08,300,"bu","14:26:16",3082300
6.17,-0.08,300,"bu","14:26:15",3082000
6.16,-0.09,9000,"sd","14:25:50",3081700
6.15,-0.1,300,"sd","14:24:46",3072700
6.16,-0.09,2200,"sd","14:24:46",3072400
6.16,-0.09,2000,"sd","14:24:40",3070200
6.16,-0.09,5000,"sd","14:24:28",3068200
6.16,-0.09,9900,"sd","14:24:18",3063200
6.17,-0.08,100,"sd","14:24:18",3053300
6.17,-0.08,100,"bu","14:24:08",3053200
6.17,-0.08,100,"bu","14:24:02",3053100
6.17,-0.08,100,"bu","14:24:00",3053000
6.17,-0.08,200,"bu","14:23:49",3052900
6.16,-0.09,3400,"bu","14:23:14",3052700
6.16,-0.09,100,"bu","14:23:13",3049300
6.16,-0.09,1000,"bu","14:23:12",3049200
6.16,-0.09,500,"bu","14:23:10",3048200
6.16,-0.09,10000,"bu","14:23:06",3047700
6.16,-0.09,4200,"sd","14:22:59",3037700
6.15,-0.1,300,"sd","14:22:24",3033500
6.15,-0.1,9700,"sd","14:22:24",3033200
6.15,-0.1,6100,"sd","14:22:08",3023500
6.16,-0.09,3900,"sd","14:22:08",3017400
6.16,-0.09,100,"sd","14:21:47",3013500
6.2,-0.05,3000,"bu","14:21:29",3013400
6.18,-0.07,1000,"bu","14:21:29",3010400
6.18,-0.07,4000,"bu","14:21:28",3009400
6.15,-0.1,11500,"sd","14:21:26",3005400
6.17,-0.08,5000,"sd","14:21:26",2982100
6.17,-0.08,500,"sd","14:21:25",2977100
6.17,-0.08,1500,"bu","14:21:13",2976600
6.17,-0.08,1000,"bu","14:21:09",2975100
6.16,-0.09,10000,"sd","14:21:03",2974100
6.16,-0.09,400,"bu","14:20:52",2964100
6.16,-0.09,600,"sd","14:20:51",2963700
6.16,-0.09,100,"sd","14:20:44",2963100
6.16,-0.09,10000,"sd","14:20:41",2963000
6.16,-0.09,2000,"sd","14:20:37",2953000
6.16,-0.09,6000,"sd","14:20:28",2951000
6.16,-0.09,2400,"sd","14:20:21",2945000
6.17,-0.08,32500,"sd","14:20:13",2942600
6.17,-0.08,30000,"sd","14:20:10",2910100
6.18,-0.07,1900,"bu","14:20:05",2880100
6.18,-0.07,23700,"sd","14:19:54",2878200
6.19,-0.06,400,"sd","14:19:54",2854500
6.19,-0.06,500,"sd","14:19:47",2854100
6.19,-0.06,100,"sd","14:19:45",2853600
6.19,-0.06,2000,"sd","14:18:44",2853500
6.19,-0.06,1000,"sd","14:18:28",2851500
6.19,-0.06,500,"sd","14:18:19",2850500
6.19,-0.06,5000,"sd","14:18:18",2850000
6.2,-0.05,100,"bu","14:16:42",2845000
6.2,-0.05,200,"bu","14:16:30",2844900
6.19,-0.06,2400,"sd","14:16:30",2844700
6.2,-0.05,10000,"bu","14:16:18",2842300
6.2,-0.05,100,"bu","14:16:14",2832300
6.2,-0.05,2000,"bu","14:15:43",2832200
6.2,-0.05,100,"bu","14:15:22",2830200
6.2,-0.05,1900,"sd","14:14:58",2830100
6.2,-0.05,1000,"sd","14:14:56",2828200
6.2,-0.05,1400,"bu","14:14:53",2827200
6.2,-0.05,500,"bu","14:14:38",2825800
6.2,-0.05,200,"bu","14:13:19",2825300
6.2,-0.05,13000,"bu","14:13:06",2825100
6.2,-0.05,100,"bu","14:12:39",2812100
6.19,-0.06,400,"bu","14:12:39",2812000
6.19,-0.06,600,"sd","14:12:37",2811600
6.19,-0.06,100,"bu","14:12:28",2811000
6.19,-0.06,400,"bu","14:12:27",2810900
6.19,-0.06,500,"bu","14:12:22",2810500
6.2,-0.05,1100,"bu","14:11:53",2810000
6.18,-0.07,1500,"sd","14:11:51",2808900
6.19,-0.06,500,"sd","14:11:51",2807400
6.19,-0.06,100,"sd","14:11:43",2806900
6.18,-0.07,900,"sd","14:11:05",2806800
6.19,-0.06,100,"sd","14:11:05",2805900
6.21,-0.04,100,"bu","14:10:58",2805800
6.18,-0.07,200,"sd","14:10:45",2805700
6.2,-0.05,100,"bu","14:10:34",2805300
6.2,-0.05,100,"sd","14:10:25",2805200
6.2,-0.05,100,"bu","14:10:21",2805100
6.2,-0.05,5000,"bu","14:10:09",2805000
6.2,-0.05,2000,"bu","14:10:06",2800000
6.2,-0.05,100,"bu","14:09:50",2798000
6.2,-0.05,2000,"bu","14:09:49",2797900
6.2,-0.05,50000,"bu","14:09:39",2795900
6.18,-0.07,17000,"bu","14:09:27",2745900
6.18,-0.07,200,"bu","14:09:26",2728900
6.18,-0.07,100,"bu","14:09:24",2728700
6.18,-0.07,100,"bu","14:09:09",2728600
6.18,-0.07,400,"sd","14:09:04",2728500
6.18,-0.07,11100,"sd","14:09:03",2728100
6.19,-0.06,100,"bu","14:08:41",2717000
6.19,-0.06,1000,"sd","14:08:38",2716900
6.2,-0.05,500,"bu","14:08:13",2715900
6.2,-0.05,100,"bu","14:08:01",2715400
6.2,-0.05,10000,"bu","14:07:19",2715300
6.18,-0.07,6500,"sd","14:06:48",2705300
6.19,-0.06,500,"sd","14:06:48",2698800
6.2,-0.05,200,"bu","14:06:23",2698300
6.2,-0.05,2000,"bu","14:06:13",2698100
6.2,-0.05,100,"bu","14:05:21",2696100
6.2,-0.05,200,"bu","14:04:55",2696000
6.18,-0.07,1000,"sd","14:04:43",2695800
6.2,-0.05,100,"bu","14:04:41",2694800
6.18,-0.07,5000,"sd","14:04:28",2694700
6.18,-0.07,11700,"sd","14:03:35",2689700
6.19,-0.06,7300,"sd","14:03:35",2678000
6.19,-0.06,5000,"sd","14:03:22",2670700
6.19,-0.06,2500,"sd","14:02:51",2665700
6.19,-0.06,900,"sd","14:02:45",2663200
6.2,-0.05,4400,"sd","14:02:27",2662300
6.2,-0.05,10100,"sd","14:02:26",2657900
6.2,-0.05,50000,"sd","14:02:24",2647800
6.2,-0.05,100,"sd","14:02:19",2597800
6.2,-0.05,400,"sd","14:01:59",2597700
6.2,-0.05,300,"sd","14:01:49",2597300
6.2,-0.05,1200,"sd","14:01:48",2597000
6.2,-0.05,2000,"sd","14:00:46",2595800
6.21,-0.04,1000,"bu","14:00:37",2593800
6.21,-0.04,500,"bu","13:59:14",2592800
6.2,-0.05,4000,"sd","13:58:53",2592300
6.2,-0.05,500,"sd","13:58:52",2588300
6.2,-0.05,1900,"sd","13:57:51",2587800
6.21,-0.04,1000,"sd","13:57:51",2585900
6.2,-0.05,1000,"sd","13:57:14",2584900
6.21,-0.04,3800,"sd","13:57:14",2583900
6.21,-0.04,10000,"sd","13:56:38",2580100
6.21,-0.04,100,"sd","13:56:01",2570100
6.21,-0.04,5000,"sd","13:55:47",2570000
6.21,-0.04,10000,"sd","13:54:55",2565000
6.21,-0.04,200,"sd","13:54:41",2555000
6.21,-0.04,4000,"sd","13:54:38",2554800
6.21,-0.04,1000,"sd","13:53:53",2550800
6.21,-0.04,1000,"sd","13:53:50",2549800
6.22,-0.03,200,"bu","13:51:35",2548800
6.21,-0.04,10000,"sd","13:49:38",2548600
6.21,-0.04,2300,"sd","13:48:39",2538600
6.22,-0.03,3300,"sd","13:48:39",2536300
6.22,-0.03,400,"sd","13:48:22",2533000
6.22,-0.03,15000,"sd","13:48:14",2532600
6.22,-0.03,1000,"sd","13:45:12",2517600
6.22,-0.03,1000,"sd","13:44:36",2516600
6.22,-0.03,100,"sd","13:44:12",2515600
6.22,-0.03,5000,"sd","13:44:02",2515500
6.22,-0.03,1000,"sd","13:43:36",2510500
6.22,-0.03,600,"sd","13:43:00",2509500
6.22,-0.03,800,"sd","13:42:52",2508900
6.22,-0.03,4200,"sd","13:42:28",2508100
6.22,-0.03,2000,"sd","13:42:21",2503900
6.23,-0.02,300,"bu","13:41:43",2501900
6.23,-0.02,300,"bu","13:39:48",2501600
6.22,-0.03,100,"sd","13:39:33",2501300
6.22,-0.03,700,"sd","13:39:22",2501200
6.22,-0.03,1100,"bu","13:39:15",2500500
6.21,-0.04,1000,"sd","13:39:07",2499400
6.22,-0.03,100,"sd","13:38:55",2498400
6.22,-0.03,1000,"sd","13:38:54",2498300
6.22,-0.03,3900,"bu","13:37:47",2497300
6.22,-0.03,1000,"bu","13:37:44",2493400
6.22,-0.03,300,"bu","13:37:35",2492400
6.22,-0.03,700,"bu","13:37:28",2492100
6.22,-0.03,100,"sd","13:37:20",2491400
6.21,-0.04,1500,"sd","13:35:21",2491300
6.22,-0.03,300,"sd","13:35:10",2489800
6.22,-0.03,900,"bu","13:34:31",2489500
6.22,-0.03,100,"bu","13:34:09",2488600
6.22,-0.03,200,"bu","13:34:01",2488500
6.22,-0.03,1500,"bu","13:33:43",2488300
6.22,-0.03,200,"bu","13:33:36",2486800
6.22,-0.03,100,"bu","13:33:35",2486600
6.22,-0.03,3000,"bu","13:33:30",2486500
6.22,-0.03,1000,"bu","13:33:23",2483500
6.22,-0.03,1000,"bu","13:32:58",2482500
6.22,-0.03,100,"bu","13:32:53",2481500
6.22,-0.03,3000,"bu","13:32:45",2481400
6.22,-0.03,1000,"bu","13:32:41",2478400
6.21,-0.04,5000,"sd","13:32:29",2477400
6.21,-0.04,10000,"sd","13:32:27",2472400
6.21,-0.04,5000,"sd","13:32:19",2462400
6.21,-0.04,1000,"bu","13:32:00",2457400
6.21,-0.04,500,"bu","13:31:58",2456400
6.21,-0.04,300,"bu","13:31:56",2455900
6.21,-0.04,300,"bu","13:31:55",2455600
6.21,-0.04,1000,"bu","13:31:53",2455300
6.21,-0.04,1000,"bu","13:31:47",2454300
6.21,-0.04,2500,"bu","13:31:39",2453300
6.21,-0.04,300,"bu","13:31:28",2450800
6.2,-0.05,200,"sd","13:31:06",2450500
6.21,-0.04,1500,"bu","13:31:06",2450300
6.2,-0.05,100,"sd","13:31:04",2448800
6.21,-0.04,1000,"bu","13:31:02",2448700
6.21,-0.04,1200,"bu","13:30:59",2447700
6.21,-0.04,200,"bu","13:30:55",2446500
6.21,-0.04,200,"bu","13:30:46",2446300
6.21,-0.04,300,"bu","13:30:46",2446100
6.21,-0.04,1000,"bu","13:29:33",2445800
6.21,-0.04,3700,"sd","13:29:06",2444800
6.21,-0.04,2500,"sd","13:28:59",2441100
6.21,-0.04,4000,"sd","13:28:42",2438600
6.21,-0.04,1200,"bu","13:28:27",2434600
6.21,-0.04,3800,"sd","13:28:26",2433400
6.21,-0.04,5000,"sd","13:28:22",2429600
6.21,-0.04,10000,"sd","13:27:40",2424600
6.21,-0.04,5000,"sd","13:27:34",2414600
6.21,-0.04,1000,"sd","13:27:31",2409600
6.21,-0.04,5700,"sd","13:27:11",2408600
6.21,-0.04,400,"sd","13:26:59",2402900
6.22,-0.03,200,"sd","13:26:24",2402500
6.22,-0.03,200,"sd","13:26:19",2402300
6.22,-0.03,100,"sd","13:26:10",2402100
6.22,-0.03,100,"sd","13:25:48",2402000
6.22,-0.03,300,"sd","13:25:29",2401900
6.22,-0.03,100,"sd","13:25:26",2401600
6.22,-0.03,100,"sd","13:25:09",2401500
6.23,-0.02,700,"bu","13:24:27",2401400
6.22,-0.03,200,"sd","13:24:24",2400700
6.22,-0.03,100,"sd","13:24:13",2400500
6.22,-0.03,1000,"sd","13:24:10",2400400
6.22,-0.03,600,"sd","13:23:37",2399400
6.22,-0.03,5000,"sd","13:23:29",2398800
6.22,-0.03,6000,"sd","13:22:55",2393800
6.22,-0.03,500,"sd","13:22:54",2387800
6.22,-0.03,5000,"sd","13:22:19",2387300
6.23,-0.02,500,"bu","13:22:17",2382300
6.22,-0.03,1500,"sd","13:21:38",2381800
6.23,-0.02,900,"bu","13:21:22",2380300
6.23,-0.02,5000,"bu","13:21:04",2379400
6.23,-0.02,400,"bu","13:20:44",2374400
6.23,-0.02,100,"bu","13:18:43",2374000
6.23,-0.02,100,"bu","13:17:44",2373900
6.23,-0.02,1800,"sd","13:17:35",2373800
6.23,-0.02,5000,"sd","13:17:34",2372000
6.23,-0.02,500,"sd","13:17:22",2367000
6.23,-0.02,1000,"sd","13:16:38",2366500
6.23,-0.02,500,"sd","13:15:52",2365500
6.23,-0.02,3000,"sd","13:14:05",2365000
6.24,-0.01,100,"bu","13:13:44",2362000
6.23,-0.02,200,"sd","13:13:31",2361900
6.23,-0.02,100,"sd","13:13:26",2361700
6.23,-0.02,1000,"sd","13:12:00",2361600
6.23,-0.02,100,"sd","13:10:37",2360600
6.24,-0.01,1100,"bu","13:09:07",2360500
6.24,-0.01,1000,"bu","13:09:07",2359400
6.24,-0.01,3600,"bu","13:08:56",2358400
6.24,-0.01,3400,"bu","13:08:42",2354800
6.24,-0.01,1000,"bu","13:08:34",2351400
6.23,-0.02,300,"sd","13:08:22",2350400
6.23,-0.02,1300,"sd","13:08:01",2350100
6.23,-0.02,1000,"sd","13:07:33",2348800
6.23,-0.02,1100,"sd","13:07:10",2347800
6.23,-0.02,600,"sd","13:06:53",2346700
6.23,-0.02,300,"sd","13:06:06",2346100
6.23,-0.02,4000,"bu","13:05:33",2345800
6.23,-0.02,5400,"bu","13:05:27",2341800
6.22,-0.03,200,"sd","13:04:09",2336400
6.22,-0.03,1300,"sd","13:03:11",2336200
6.21,-0.04,30200,"sd","13:00:16",2334900
6.22,-0.03,9800,"sd","13:00:16",2304700
6.23,-0.02,1100,"sd","13:00:10",2294900
6.23,-0.02,100,"bu","13:00:06",2293800
6.22,-0.03,10000,"sd","13:00:03",2293700
6.22,-0.03,6000,"sd","13:00:02",2283700
6.23,-0.02,100,"bu","13:00:01",2277700
6.23,-0.02,2000,"bu","11:29:46",2277600
6.23,-0.02,3600,"sd","11:29:00",2275600
6.23,-0.02,1000,"sd","11:28:55",2272000
6.23,-0.02,2000,"sd","11:28:35",2271000
6.24,-0.01,100,"bu","11:27:39",2269000
6.24,-0.01,1800,"bu","11:27:18",2268900
6.24,-0.01,8400,"sd","11:27:05",2267100
6.25,0,100,"bu","11:26:23",2258700
6.25,0,1000,"bu","11:26:21",2258600
6.24,-0.01,1000,"sd","11:25:41",2257600
6.24,-0.01,3800,"sd","11:23:50",2256600
6.24,-0.01,3100,"bu","11:23:21",2252800
6.24,-0.01,2000,"bu","11:23:13",2249700
6.24,-0.01,300,"bu","11:23:02",2247700
6.24,-0.01,5000,"bu","11:23:02",2247400
6.24,-0.01,400,"bu","11:22:31",2242400
6.24,-0.01,5000,"bu","11:22:22",2242000
6.23,-0.02,2200,"sd","11:21:37",2237000
6.23,-0.02,1200,"sd","11:21:29",2234800
6.23,-0.02,500,"sd","11:20:53",2233600
6.23,-0.02,500,"bu","11:20:02",2233100
6.23,-0.02,10300,"bu","11:19:28",2232600
6.23,-0.02,200,"bu","11:18:30",2222300
6.22,-0.03,7000,"sd","11:17:14",2222100
6.23,-0.02,2000,"bu","11:17:13",2215100
6.22,-0.03,7400,"bu","11:16:51",2213100
6.22,-0.03,100,"bu","11:16:46",2205700
6.22,-0.03,4000,"bu","11:16:24",2205600
6.21,-0.04,700,"sd","11:15:49",2201600
6.21,-0.04,500,"bu","11:14:56",2200900
6.21,-0.04,1400,"bu","11:14:36",2200400
6.2,-0.05,8000,"sd","11:14:13",2199000
6.2,-0.05,10000,"sd","11:12:19",2191000
6.21,-0.04,100,"sd","11:12:16",2181000
6.22,-0.03,1000,"bu","11:10:52",2180900
6.21,-0.04,200,"bu","11:10:20",2179900
6.21,-0.04,800,"sd","11:10:02",2179700
6.21,-0.04,200,"bu","11:08:46",2178900
6.21,-0.04,100,"bu","11:08:25",2178700
6.21,-0.04,100,"bu","11:08:16",2178600
6.21,-0.04,5000,"bu","11:08:09",2178500
6.2,-0.05,21600,"sd","11:07:15",2173500
6.21,-0.04,14600,"sd","11:06:09",2151900
6.22,-0.03,100,"bu","11:05:40",2137300
6.22,-0.03,1800,"bu","11:05:38",2137200
6.22,-0.03,100,"bu","11:05:25",2135400
6.22,-0.03,2000,"bu","11:05:22",2135300
6.22,-0.03,5000,"bu","11:05:16",2133300
6.22,-0.03,100,"bu","11:04:07",2128300
6.22,-0.03,100,"bu","11:03:35",2128200
6.22,-0.03,100,"bu","11:03:18",2128100
6.22,-0.03,200,"bu","11:02:27",2128000
6.22,-0.03,100,"bu","11:02:25",2127800
6.22,-0.03,700,"bu","11:01:55",2127700
6.22,-0.03,100,"bu","11:01:45",2127000
6.22,-0.03,1000,"bu","11:01:23",2126900
6.21,-0.04,8000,"bu","11:01:04",2125900
6.21,-0.04,2000,"bu","11:01:02",2117900
6.21,-0.04,200,"bu","11:00:51",2115900
6.21,-0.04,9100,"sd","11:00:35",2115700
6.21,-0.04,4700,"bu","10:59:01",2106600
6.21,-0.04,200,"bu","10:58:55",2101900
6.21,-0.04,700,"bu","10:58:38",2101700
6.21,-0.04,200,"bu","10:58:31",2101000
6.21,-0.04,10000,"bu","10:58:09",2100800
6.21,-0.04,200,"bu","10:57:54",2090800
6.21,-0.04,3600,"sd","10:57:37",2090600
6.22,-0.03,100,"bu","10:57:12",2087000
6.21,-0.04,3300,"sd","10:57:03",2086900
6.22,-0.03,100,"bu","10:53:57",2083600
6.22,-0.03,2000,"bu","10:53:04",2083500
6.21,-0.04,2000,"sd","10:51:40",2081500
6.21,-0.04,500,"sd","10:51:15",2079500
6.21,-0.04,6500,"bu","10:49:54",2079000
6.2,-0.05,400,"sd","10:48:49",2072500
6.21,-0.04,100,"bu","10:48:32",2072100
6.21,-0.04,100,"bu","10:48:29",2072000
6.2,-0.05,10000,"sd","10:48:28",2071900
6.21,-0.04,200,"bu","10:47:26",2061900
6.21,-0.04,3600,"sd","10:45:49",2061700
6.22,-0.03,5000,"sd","10:45:16",2058100
6.22,-0.03,3000,"bu","10:44:58",2053100
6.22,-0.03,4000,"bu","10:44:35",2050100
6.22,-0.03,16800,"bu","10:44:22",2046100
6.22,-0.03,500,"bu","10:44:01",2029300
6.22,-0.03,2600,"bu","10:43:20",2028800
6.22,-0.03,4100,"sd","10:41:41",2026200
6.23,-0.02,3000,"bu","10:40:57",2022100
6.23,-0.02,500,"sd","10:39:31",2019100
6.23,-0.02,500,"sd","10:39:15",2018600
6.23,-0.02,2000,"bu","10:39:08",2018100
6.23,-0.02,100,"sd","10:38:12",2016100
6.23,-0.02,100,"sd","10:37:01",2016000
6.24,-0.01,2400,"bu","10:37:01",2015900
6.23,-0.02,900,"sd","10:36:56",2013500
6.24,-0.01,100,"bu","10:36:56",2012600
6.23,-0.02,6900,"bu","10:36:25",2012500
6.22,-0.03,300,"bu","10:36:14",2005600
6.22,-0.03,200,"sd","10:35:27",2005300
6.22,-0.03,800,"bu","10:35:05",2005100
6.21,-0.04,2300,"sd","10:35:05",2004300
6.21,-0.04,3000,"sd","10:35:04",2002000
6.22,-0.03,600,"bu","10:35:02",1999000
6.22,-0.03,600,"sd","10:34:42",1998400
6.22,-0.03,1700,"bu","10:34:12",1997800
6.21,-0.04,400,"sd","10:31:44",1996100
6.21,-0.04,600,"bu","10:31:29",1995700
6.21,-0.04,500,"bu","10:30:58",1995100
6.2,-0.05,1300,"bu","10:30:17",1994600
6.2,-0.05,1900,"bu","10:30:09",1993300
6.2,-0.05,500,"bu","10:30:06",1991400
6.2,-0.05,100,"bu","10:29:57",1990900
6.2,-0.05,3000,"bu","10:29:53",1990800
6.2,-0.05,500,"bu","10:29:51",1987800
6.2,-0.05,10000,"bu","10:29:39",1987300
6.2,-0.05,5000,"bu","10:29:33",1977300
6.2,-0.05,2600,"bu","10:29:22",1972300
6.2,-0.05,200,"bu","10:29:08",1969700
6.2,-0.05,100,"bu","10:28:57",1969500
6.2,-0.05,300,"bu","10:28:47",1969400
6.2,-0.05,4000,"bu","10:28:45",1969100
6.2,-0.05,500,"bu","10:28:34",1965100
6.19,-0.06,900,"bu","10:28:08",1964600
6.19,-0.06,200,"bu","10:28:06",1963700
6.19,-0.06,100,"bu","10:28:05",1963500
6.18,-0.07,100,"sd","10:28:04",1963400
6.19,-0.06,2000,"bu","10:28:01",1963300
6.17,-0.08,500,"sd","10:27:35",1961300
6.16,-0.09,1900,"bu","10:27:07",1960800
6.16,-0.09,9300,"sd","10:27:06",1958900
6.17,-0.08,8800,"sd","10:27:06",1949600
6.17,-0.08,1300,"bu","10:27:02",1940800
6.16,-0.09,20000,"sd","10:27:02",1939500
6.17,-0.08,21500,"sd","10:26:52",1919500
6.18,-0.07,7200,"sd","10:26:52",1898000
6.18,-0.07,9800,"bu","10:26:50",1890800
6.17,-0.08,400,"sd","10:26:46",1881000
6.18,-0.07,10200,"sd","10:26:43",1880600
6.15,-0.1,400,"sd","10:25:46",1870400
6.15,-0.1,17900,"sd","10:25:45",1870000
6.16,-0.09,400,"sd","10:25:45",1852100
6.17,-0.08,100,"sd","10:25:45",1851700
6.18,-0.07,1600,"sd","10:25:45",1851600
6.16,-0.09,3400,"bu","10:25:31",1850000
6.16,-0.09,28000,"sd","10:25:30",1846600
6.17,-0.08,18600,"sd","10:25:30",1818600
6.17,-0.08,6700,"bu","10:25:26",1800000
6.17,-0.08,23300,"sd","10:25:19",1793300
6.18,-0.07,300,"bu","10:25:17",1770000
6.18,-0.07,10000,"bu","10:25:16",1769700
6.18,-0.07,8900,"sd","10:25:11",1759700
6.19,-0.06,800,"sd","10:25:11",1750800
6.19,-0.06,700,"sd","10:24:53",1750000
6.19,-0.06,300,"bu","10:24:37",1749300
6.19,-0.06,10000,"bu","10:24:34",1749000
6.19,-0.06,600,"bu","10:24:30",1739000
6.18,-0.07,700,"bu","10:24:13",1738400
6.18,-0.07,20000,"bu","10:24:10",1737700
6.18,-0.07,4000,"bu","10:24:03",1717700
6.18,-0.07,100,"bu","10:24:00",1713700
6.18,-0.07,1000,"bu","10:23:52",1713600
6.18,-0.07,2000,"bu","10:23:48",1712600
6.18,-0.07,2000,"bu","10:23:37",1710600
6.18,-0.07,10000,"bu","10:23:36",1708600
6.18,-0.07,10900,"sd","10:23:29",1698600
6.17,-0.08,13500,"sd","10:22:59",1687700
6.18,-0.07,6500,"sd","10:22:59",1674200
6.19,-0.06,1000,"bu","10:22:26",1667700
6.19,-0.06,100,"bu","10:22:16",1666700
6.19,-0.06,500,"bu","10:22:15",1666600
6.19,-0.06,4500,"bu","10:21:38",1666100
6.18,-0.07,100,"bu","10:21:18",1661600
6.18,-0.07,500,"bu","10:21:14",1661500
6.18,-0.07,100,"bu","10:21:08",1661000
6.18,-0.07,4300,"sd","10:21:00",1660900
6.18,-0.07,20300,"sd","10:20:57",1656600
6.18,-0.07,400,"sd","10:20:38",1636300
6.19,-0.06,1000,"bu","10:20:35",1635900
6.18,-0.07,3000,"sd","10:20:14",1634900
6.19,-0.06,100,"bu","10:20:10",1631900
6.19,-0.06,200,"bu","10:19:51",1631800
6.19,-0.06,300,"bu","10:19:48",1631600
6.19,-0.06,200,"sd","10:19:40",1631300
6.19,-0.06,300,"bu","10:19:27",1631100
6.19,-0.06,3000,"bu","10:19:21",1630800
6.18,-0.07,21800,"sd","10:19:16",1627800
6.19,-0.06,5000,"bu","10:19:15",1606000
6.19,-0.06,11700,"sd","10:19:07",1601000
6.19,-0.06,12600,"sd","10:18:58",1589300
6.19,-0.06,200,"sd","10:18:51",1576700
6.19,-0.06,1000,"sd","10:18:38",1576500
6.19,-0.06,1500,"sd","10:18:01",1575500
6.19,-0.06,900,"sd","10:17:49",1574000
6.19,-0.06,20000,"sd","10:17:49",1573100
6.19,-0.06,40000,"sd","10:17:02",1553100
6.2,-0.05,400,"bu","10:16:22",1513100
6.2,-0.05,9600,"sd","10:16:02",1512700
6.2,-0.05,19800,"sd","10:16:01",1503100
6.2,-0.05,10000,"sd","10:15:51",1483300
6.2,-0.05,25000,"sd","10:15:49",1473300
6.2,-0.05,18000,"sd","10:15:22",1448300
6.2,-0.05,2000,"sd","10:15:21",1430300
6.2,-0.05,5000,"sd","10:15:17",1428300
6.2,-0.05,5000,"sd","10:14:34",1423300
6.2,-0.05,500,"sd","10:14:09",1418300
6.21,-0.04,600,"bu","10:13:52",1417800
6.21,-0.04,200,"bu","10:13:51",1417200
6.2,-0.05,500,"sd","10:13:44",1417000
6.2,-0.05,1000,"sd","10:13:11",1416500
6.2,-0.05,2800,"sd","10:13:10",1415500
6.21,-0.04,100,"bu","10:13:04",1412700
6.21,-0.04,5000,"bu","10:12:39",1412600
6.21,-0.04,200,"bu","10:12:18",1407600
6.21,-0.04,200,"bu","10:11:35",1407400
6.21,-0.04,300,"bu","10:10:51",1407200
6.2,-0.05,13000,"sd","10:10:27",1406900
6.21,-0.04,100,"bu","10:10:11",1393900
6.21,-0.04,4300,"sd","10:09:20",1393800
6.21,-0.04,4000,"sd","10:09:16",1389500
6.22,-0.03,2000,"bu","10:08:17",1385500
6.23,-0.02,200,"bu","10:05:57",1383500
6.23,-0.02,300,"bu","10:05:56",1383300
6.23,-0.02,500,"bu","10:05:37",1383000
6.21,-0.04,7200,"bu","10:04:31",1382500
6.21,-0.04,1000,"bu","10:04:17",1375300
6.2,-0.05,4900,"sd","10:04:16",1374300
6.2,-0.05,45100,"sd","10:04:16",1369400
6.21,-0.04,100,"bu","10:04:13",1324300
6.21,-0.04,16700,"sd","10:04:07",1324200
6.25,0,4400,"bu","10:03:49",1307500
6.22,-0.03,600,"bu","10:03:49",1303100
6.22,-0.03,100,"bu","10:03:40",1302500
6.24,-0.01,100,"bu","10:03:32",1302400
6.23,-0.02,4900,"bu","10:03:32",1302300
6.22,-0.03,300,"bu","10:02:36",1297400
6.21,-0.04,100,"bu","10:02:05",1297100
6.21,-0.04,500,"bu","10:01:52",1297000
6.21,-0.04,13400,"sd","10:01:35",1296500
6.22,-0.03,1000,"bu","10:01:34",1283100
6.22,-0.03,1700,"bu","10:00:56",1282100
6.21,-0.04,100,"sd","10:00:52",1280400
6.21,-0.04,400,"bu","10:00:40",1280300
6.21,-0.04,100,"bu","10:00:38",1279900
6.21,-0.04,20000,"bu","10:00:24",1279800
6.21,-0.04,300,"bu","10:00:20",1259800
6.21,-0.04,100,"bu","10:00:12",1259500
6.21,-0.04,100,"bu","10:00:04",1259400
6.21,-0.04,10000,"bu","09:59:38",1259300
6.21,-0.04,2000,"bu","09:59:06",1249300
6.21,-0.04,100,"bu","09:58:51",1247300
6.21,-0.04,6000,"bu","09:58:49",1247200
6.21,-0.04,100,"bu","09:58:47",1241200
6.21,-0.04,400,"bu","09:58:42",1241100
6.21,-0.04,5000,"bu","09:58:35",1240700
6.21,-0.04,5000,"bu","09:58:27",1235700
6.21,-0.04,5000,"bu","09:58:22",1230700
6.21,-0.04,100,"bu","09:58:19",1225700
6.21,-0.04,100,"bu","09:58:14",1225600
6.21,-0.04,1000,"bu","09:58:07",1225500
6.21,-0.04,500,"bu","09:57:55",1224500
6.21,-0.04,100,"bu","09:57:43",1224000
6.21,-0.04,11600,"sd","09:57:25",1223900
6.22,-0.03,200,"bu","09:57:25",1212300
6.22,-0.03,500,"bu","09:56:58",1212100
6.21,-0.04,4900,"bu","09:56:47",1211600
6.21,-0.04,2000,"bu","09:56:45",1206700
6.21,-0.04,100,"bu","09:56:42",1204700
6.21,-0.04,100,"bu","09:56:41",1204600
6.21,-0.04,500,"bu","09:56:37",1204500
6.21,-0.04,1000,"bu","09:56:33",1204000
6.21,-0.04,300,"bu","09:56:32",1203000
6.21,-0.04,400,"bu","09:56:19",1202700
6.21,-0.04,300,"bu","09:56:16",1202300
6.21,-0.04,1000,"bu","09:56:12",1202000
6.21,-0.04,19400,"sd","09:56:03",1201000
6.22,-0.03,200,"bu","09:55:57",1181600
6.22,-0.03,46100,"sd","09:55:49",1181400
6.23,-0.02,100,"sd","09:55:45",1135300
6.24,-0.01,300,"bu","09:55:42",1135200
6.23,-0.02,1300,"bu","09:55:26",1134900
6.22,-0.03,100,"sd","09:55:00",1133600
6.23,-0.02,100,"bu","09:54:28",1133500
6.23,-0.02,1000,"bu","09:54:20",1133400
6.23,-0.02,100,"bu","09:54:19",1132400
6.23,-0.02,8500,"sd","09:54:12",1132300
6.24,-0.01,2000,"bu","09:53:15",1123800
6.24,-0.01,5000,"sd","09:52:19",1121800
6.25,0,100,"bu","09:51:20",1116800
6.25,0,3000,"bu","09:50:10",1116700
6.24,-0.01,13000,"bu","09:48:59",1113700
6.24,-0.01,1000,"bu","09:48:50",1100700
6.24,-0.01,100,"bu","09:48:06",1099700
6.23,-0.02,100,"bu","09:48:06",1099600
6.21,-0.04,40000,"sd","09:47:15",1099500
6.23,-0.02,100,"bu","09:47:11",1059500
6.2,-0.05,2600,"sd","09:46:58",1059400
6.21,-0.04,2400,"sd","09:46:58",1056800
6.21,-0.04,17600,"bu","09:46:53",1054400
6.21,-0.04,100,"bu","09:46:41",1036800
6.21,-0.04,100,"bu","09:46:34",1036700
6.2,-0.05,7800,"bu","09:46:27",1036600
6.2,-0.05,100,"bu","09:46:25",1028800
6.2,-0.05,5000,"bu","09:46:23",1028700
6.2,-0.05,2000,"bu","09:46:22",1023700
6.2,-0.05,100,"bu","09:46:22",1021700
6.2,-0.05,1500,"bu","09:46:16",1021600
6.2,-0.05,2000,"bu","09:46:14",1020100
6.2,-0.05,100,"bu","09:46:11",1018100
6.2,-0.05,1000,"bu","09:46:10",1018000
6.2,-0.05,1100,"bu","09:46:07",1017000
6.2,-0.05,16200,"sd","09:46:02",1015900
6.21,-0.04,100,"bu","09:45:58",999700
6.21,-0.04,2100,"sd","09:45:50",999600
6.22,-0.03,2000,"sd","09:45:41",997500
6.22,-0.03,2000,"bu","09:45:36",995500
6.2,-0.05,5400,"sd","09:45:32",993500
6.22,-0.03,2000,"bu","09:45:28",986500
6.22,-0.03,60000,"bu","09:45:14",984500
6.22,-0.03,100,"bu","09:45:05",924500
6.21,-0.04,5000,"sd","09:45:04",924400
6.21,-0.04,4400,"bu","09:44:46",919400
6.21,-0.04,1000,"bu","09:44:27",915000
6.21,-0.04,200,"bu","09:44:23",914000
6.21,-0.04,100,"bu","09:44:12",913800
6.2,-0.05,700,"bu","09:44:09",913700
6.2,-0.05,100,"bu","09:44:09",913000
6.2,-0.05,99200,"sd","09:44:00",912900
6.21,-0.04,4300,"sd","09:43:58",813700
6.22,-0.03,300,"bu","09:43:50",809400
6.22,-0.03,100,"sd","09:43:48",809100
6.22,-0.03,4900,"bu","09:43:36",809000
6.21,-0.04,3200,"bu","09:43:28",804100
6.21,-0.04,1600,"bu","09:43:23",800900
6.21,-0.04,2000,"bu","09:43:18",799300
6.21,-0.04,100,"bu","09:43:14",797300
6.21,-0.04,2300,"bu","09:43:02",797200
6.21,-0.04,30800,"sd","09:43:01",794900
6.22,-0.03,100,"bu","09:42:47",764100
6.21,-0.04,15200,"bu","09:42:35",764000
6.21,-0.04,3500,"bu","09:42:28",748800
6.21,-0.04,100,"bu","09:42:27",745300
6.21,-0.04,300,"bu","09:42:26",745200
6.21,-0.04,300,"bu","09:42:24",744900
6.21,-0.04,500,"bu","09:42:22",744600
6.21,-0.04,100,"bu","09:42:20",744100
6.21,-0.04,5000,"bu","09:42:19",744000
6.21,-0.04,2300,"bu","09:42:18",739000
6.21,-0.04,300,"bu","09:42:17",736700
6.2,-0.05,20000,"sd","09:42:15",736400
6.21,-0.04,2000,"bu","09:42:13",716400
6.21,-0.04,100,"bu","09:42:12",714400
6.21,-0.04,200,"bu","09:42:01",714300
6.21,-0.04,200,"bu","09:41:59",714100
6.21,-0.04,30000,"bu","09:41:51",713900
6.2,-0.05,5000,"sd","09:41:50",683900
6.21,-0.04,1000,"bu","09:41:45",678900
6.2,-0.05,5000,"sd","09:41:40",677900
6.21,-0.04,100,"bu","09:41:39",672900
6.21,-0.04,2800,"bu","09:41:39",672800
6.21,-0.04,800,"bu","09:41:36",670000
6.21,-0.04,5600,"bu","09:41:16",669200
6.21,-0.04,100,"bu","09:41:14",663600
6.21,-0.04,2000,"bu","09:41:13",663500
6.2,-0.05,10000,"sd","09:41:11",661500
6.21,-0.04,1000,"bu","09:41:10",651500
6.21,-0.04,300,"bu","09:41:08",650500
6.21,-0.04,1000,"bu","09:41:03",650200
6.21,-0.04,100,"bu","09:41:02",649200
6.21,-0.04,100,"bu","09:40:47",649100
6.21,-0.04,2000,"bu","09:40:44",649000
6.21,-0.04,900,"bu","09:40:41",647000
6.21,-0.04,100,"bu","09:40:32",646100
6.21,-0.04,100,"bu","09:40:27",646000
6.21,-0.04,2000,"bu","09:40:21",645900
6.21,-0.04,31700,"sd","09:40:13",643900
6.22,-0.03,100,"bu","09:40:08",612200
6.22,-0.03,100,"bu","09:39:59",612100
6.22,-0.03,5000,"bu","09:39:49",612000
6.22,-0.03,100,"bu","09:39:44",607000
6.22,-0.03,100,"bu","09:39:40",606900
6.22,-0.03,200,"bu","09:39:33",606800
6.22,-0.03,100,"bu","09:39:12",606600
6.22,-0.03,100,"bu","09:38:58",605500
6.22,-0.03,2700,"sd","09:38:50",605400
6.22,-0.03,3300,"bu","09:38:14",602700
6.22,-0.03,700,"bu","09:38:02",599400
6.22,-0.03,3700,"sd","09:37:52",598700
6.22,-0.03,9500,"sd","09:37:47",595000
6.23,-0.02,500,"bu","09:37:44",585500
6.23,-0.02,100,"bu","09:37:36",585000
6.23,-0.02,1000,"bu","09:37:30",584900
6.23,-0.02,100,"bu","09:37:03",583900
6.23,-0.02,100,"bu","09:37:02",583800
6.23,-0.02,1000,"bu","09:36:57",583700
6.22,-0.03,100,"sd","09:36:56",582700
6.23,-0.02,100,"bu","09:36:48",582600
6.23,-0.02,200,"bu","09:36:47",582500
6.23,-0.02,600,"bu","09:36:34",582300
6.23,-0.02,4500,"sd","09:36:09",581700
6.24,-0.01,5000,"bu","09:35:21",577200
6.22,-0.03,500,"sd","09:35:08",572200
6.23,-0.02,100,"sd","09:35:08",571700
6.23,-0.02,100,"bu","09:35:03",571600
6.2,-0.05,2700,"sd","09:34:07",571500
6.21,-0.04,13300,"sd","09:34:07",568800
6.22,-0.03,100,"bu","09:34:05",555500
6.22,-0.03,100,"bu","09:34:01",555400
6.22,-0.03,9200,"sd","09:33:54",555300
6.24,-0.01,100,"bu","09:33:44",546100
6.24,-0.01,900,"bu","09:32:57",546000
6.22,-0.03,16100,"sd","09:32:55",545100
6.23,-0.02,6900,"sd","09:32:55",529000
6.23,-0.02,300,"bu","09:32:36",522100
6.23,-0.02,200,"bu","09:32:36",521800
6.23,-0.02,1000,"bu","09:32:31",521600
6.23,-0.02,18500,"sd","09:32:12",520600
6.24,-0.01,1900,"sd","09:32:03",502100
6.25,0,500,"bu","09:31:51",500200
6.25,0,10000,"bu","09:31:33",499700
6.24,-0.01,900,"bu","09:31:15",489700
6.24,-0.01,100,"bu","09:31:12",488800
6.24,-0.01,500,"bu","09:30:59",488700
6.24,-0.01,500,"bu","09:30:42",488200
6.23,-0.02,5000,"sd","09:30:39",487700
6.24,-0.01,18000,"sd","09:30:34",482700
6.24,-0.01,400,"sd","09:30:26",464700
6.25,0,500,"bu","09:30:21",464300
6.25,0,200,"bu","09:30:06",463800
6.25,0,100,"bu","09:29:49",463600
6.25,0,100,"bu","09:29:48",463500
6.25,0,1200,"bu","09:29:33",463400
6.24,-0.01,300,"sd","09:29:28",462200
6.24,-0.01,1600,"sd","09:29:00",461900
6.24,-0.01,700,"bu","09:28:22",460300
6.24,-0.01,300,"bu","09:28:18",459600
6.24,-0.01,1000,"bu","09:28:12",459300
6.24,-0.01,500,"bu","09:28:10",458300
6.24,-0.01,500,"bu","09:28:00",457800
6.24,-0.01,12000,"sd","09:27:54",457300
6.25,0,600,"bu","09:27:53",445300
6.25,0,300,"bu","09:27:52",444700
6.25,0,300,"bu","09:27:32",444400
6.25,0,2500,"sd","09:27:30",444100
6.25,0,1000,"sd","09:27:28",441600
6.25,0,1800,"bu","09:27:12",440600
6.25,0,100,"bu","09:27:09",438800
6.25,0,500,"bu","09:27:06",438700
6.25,0,100,"bu","09:27:05",438200
6.25,0,200,"bu","09:26:48",438100
6.25,0,300,"sd","09:26:40",437900
6.25,0,700,"bu","09:26:40",437600
6.25,0,1000,"bu","09:26:34",436900
6.25,0,100,"bu","09:26:30",435900
6.25,0,500,"bu","09:26:24",435800
6.25,0,100,"bu","09:26:17",435300
6.25,0,10000,"bu","09:26:07",435200
6.25,0,100,"bu","09:25:59",425200
6.25,0,37800,"sd","09:25:55",425100
6.26,0.01,400,"bu","09:25:55",387300
6.26,0.01,100,"bu","09:25:42",386900
6.26,0.01,500,"bu","09:25:26",386800
6.26,0.01,500,"bu","09:25:22",386300
6.26,0.01,3000,"bu","09:25:17",385800
6.26,0.01,1000,"sd","09:24:42",382800
6.25,0,18900,"sd","09:24:03",381800
6.26,0.01,32100,"sd","09:23:58",362900
6.27,0.02,200,"bu","09:23:42",330800
6.27,0.02,500,"bu","09:23:34",330600
6.27,0.02,100,"bu","09:23:12",330100
6.27,0.02,100,"bu","09:23:00",330000
6.27,0.02,15400,"sd","09:22:49",329900
6.27,0.02,1800,"bu","09:22:33",314500
6.27,0.02,100,"bu","09:22:30",312700
6.27,0.02,23100,"sd","09:22:23",312600
6.28,0.03,100,"bu","09:22:18",289500
6.27,0.02,300,"sd","09:21:59",289400
6.27,0.02,800,"bu","09:20:35",289100
6.26,0.01,700,"bu","09:20:33",288300
6.26,0.01,100,"bu","09:20:32",287600
6.26,0.01,4200,"sd","09:20:27",287500
6.27,0.02,4200,"sd","09:20:19",283300
6.28,0.03,8000,"bu","09:20:07",279100
6.28,0.03,400,"bu","09:20:07",271100
6.28,0.03,5800,"sd","09:20:03",270700
6.28,0.03,7900,"sd","09:19:24",264900
6.29,0.04,2100,"sd","09:19:24",257000
6.3,0.05,100,"bu","09:19:05",254900
6.3,0.05,200,"bu","09:18:55",254800
6.29,0.04,500,"bu","09:18:52",254600
6.28,0.03,5000,"sd","09:18:48",254100
6.29,0.04,100,"sd","09:18:42",249100
6.3,0.05,500,"bu","09:18:35",249000
6.3,0.05,13600,"sd","09:18:21",248500
6.31,0.06,5000,"bu","09:18:07",234900
6.3,0.05,600,"sd","09:18:06",229900
6.3,0.05,5000,"sd","09:18:05",229300
6.3,0.05,10000,"sd","09:17:58",224300
6.3,0.05,200,"sd","09:17:44",214300
6.3,0.05,200,"sd","09:17:37",214100
6.3,0.05,19500,"bu","09:17:25",213900
6.3,0.05,200,"bu","09:17:09",194400
6.3,0.05,1000,"bu","09:17:06",194200
6.3,0.05,100,"bu","09:16:51",193200
6.3,0.05,1000,"bu","09:16:48",193100
6.3,0.05,2000,"bu","09:16:41",192100
6.3,0.05,1700,"sd","09:16:40",190100
6.33,0.08,1500,"bu","09:16:38",188400
6.32,0.07,500,"bu","09:16:38",186900
6.3,0.05,300,"bu","09:16:29",186400
6.3,0.05,500,"bu","09:16:23",186100
6.3,0.05,9000,"bu","09:16:19",185600
6.3,0.05,2000,"bu","09:16:18",176600
6.3,0.05,5100,"bu","09:16:17",174600
6.3,0.05,3100,"bu","09:16:11",169500
6.3,0.05,500,"bu","09:16:08",166400
6.3,0.05,1000,"bu","09:16:04",165900
6.3,0.05,100,"bu","09:15:55",164900
6.3,0.05,100,"bu","09:15:40",164800
6.3,0.05,1000,"bu","09:15:38",164700
6.3,0.05,15000,"bu","09:15:34",163700
6.3,0.05,1000,"bu","09:15:33",148700
6.3,0.05,5000,"bu","09:15:19",147700
6.3,0.05,142700,"","09:15:02",142700
