"price","change","match_qtty","side","time","total_vol"
5.67,-0.18,54100,"","14:45:03",1671500
5.7,-0.15,100,"bu","14:29:42",1617400
5.7,-0.15,500,"bu","14:29:41",1617300
5.7,-0.15,12000,"bu","14:29:29",1616800
5.7,-0.15,500,"bu","14:29:24",1604800
5.7,-0.15,1400,"bu","14:29:10",1604300
5.7,-0.15,100,"bu","14:28:50",1602900
5.69,-0.16,100,"bu","14:28:06",1602800
5.69,-0.16,400,"bu","14:27:46",1602700
5.69,-0.16,200,"bu","14:27:38",1602300
5.69,-0.16,100,"bu","14:27:07",1602100
5.67,-0.18,1600,"sd","14:26:49",1602000
5.68,-0.17,400,"sd","14:26:49",1600400
5.68,-0.17,1700,"bu","14:26:41",1600000
5.68,-0.17,400,"bu","14:26:40",1598300
5.68,-0.17,100,"bu","14:26:33",1597900
5.67,-0.18,500,"sd","14:26:22",1597800
5.68,-0.17,800,"sd","14:26:13",1597300
5.68,-0.17,3000,"sd","14:25:56",1596500
5.68,-0.17,200,"sd","14:24:37",1593500
5.68,-0.17,2000,"sd","14:24:09",1593300
5.68,-0.17,3800,"sd","14:23:58",1591300
5.68,-0.17,3000,"sd","14:23:44",1587500
5.68,-0.17,900,"sd","14:23:37",1584500
5.68,-0.17,5000,"sd","14:23:07",1583600
5.68,-0.17,500,"sd","14:22:35",1578600
5.69,-0.16,400,"sd","14:21:38",1578100
5.7,-0.15,2800,"sd","14:21:32",1577700
5.7,-0.15,1400,"sd","14:21:28",1574900
5.7,-0.15,5100,"sd","14:21:24",1573500
5.71,-0.14,300,"sd","14:20:43",1568400
5.71,-0.14,2400,"sd","14:20:41",1568100
5.71,-0.14,5000,"sd","14:19:03",1565700
5.75,-0.1,2700,"sd","14:18:47",1560700
5.75,-0.1,500,"sd","14:18:45",1558000
5.75,-0.1,200,"sd","14:18:26",1557500
5.75,-0.1,7900,"bu","14:17:53",1557300
5.74,-0.11,3700,"bu","14:17:53",1549400
5.72,-0.13,500,"sd","14:16:57",1545700
5.72,-0.13,600,"sd","14:13:48",1545200
5.72,-0.13,100,"sd","14:13:34",1544600
5.72,-0.13,300,"sd","14:13:11",1544500
5.72,-0.13,200,"sd","14:13:07",1544200
5.72,-0.13,4400,"bu","14:13:04",1544000
5.71,-0.14,400,"bu","14:12:01",1539600
5.7,-0.15,300,"sd","14:11:52",1539200
5.7,-0.15,3000,"sd","14:11:00",1538900
5.7,-0.15,200,"sd","14:10:48",1535900
5.7,-0.15,300,"sd","14:10:33",1535700
5.7,-0.15,1000,"sd","14:09:26",1535400
5.7,-0.15,300,"sd","14:09:14",1534400
5.72,-0.13,1500,"bu","14:08:21",1534100
5.7,-0.15,3400,"sd","14:08:13",1532600
5.71,-0.14,6600,"sd","14:08:13",1529200
5.71,-0.14,300,"sd","14:08:00",1522600
5.71,-0.14,300,"sd","14:07:55",1522300
5.72,-0.13,100,"bu","14:07:44",1522000
5.71,-0.14,300,"sd","14:06:36",1521900
5.72,-0.13,500,"sd","14:06:17",1521600
5.71,-0.14,300,"sd","14:05:17",1521100
5.71,-0.14,1000,"sd","14:05:08",1520800
5.71,-0.14,500,"sd","14:04:49",1519800
5.71,-0.14,900,"sd","14:04:31",1519300
5.72,-0.13,4100,"sd","14:04:31",1518400
5.72,-0.13,300,"sd","14:03:58",1514300
5.72,-0.13,2000,"sd","14:03:56",1514000
5.72,-0.13,1200,"sd","14:03:08",1512000
5.72,-0.13,300,"sd","14:02:39",1510800
5.74,-0.11,300,"sd","14:02:19",1510500
5.74,-0.11,3000,"sd","14:01:48",1510200
5.74,-0.11,300,"sd","14:01:20",1507200
5.74,-0.11,300,"sd","14:00:01",1506900
5.74,-0.11,1700,"sd","13:58:58",1506600
5.74,-0.11,300,"sd","13:58:42",1504900
5.74,-0.11,1500,"sd","13:58:05",1504600
5.74,-0.11,300,"sd","13:57:23",1503100
5.74,-0.11,3000,"sd","13:56:24",1502800
5.74,-0.11,300,"sd","13:56:04",1499800
5.75,-0.1,300,"sd","13:54:45",1499500
5.75,-0.1,4000,"sd","13:54:44",1499200
5.75,-0.1,300,"sd","13:53:26",1495200
5.75,-0.1,400,"bu","13:52:52",1494900
5.75,-0.1,1900,"sd","13:52:23",1494500
5.75,-0.1,300,"sd","13:52:07",1492600
5.75,-0.1,10000,"sd","13:51:32",1492300
5.76,-0.09,100,"bu","13:51:22",1482300
5.75,-0.1,300,"sd","13:50:48",1482200
5.75,-0.1,300,"sd","13:49:29",1481900
5.75,-0.1,1300,"sd","13:49:08",1481600
5.75,-0.1,300,"sd","13:48:10",1480300
5.75,-0.1,300,"sd","13:46:51",1480000
5.78,-0.07,9500,"bu","13:45:37",1479700
5.77,-0.08,500,"bu","13:45:37",1470200
5.75,-0.1,300,"sd","13:45:32",1469700
5.75,-0.1,100,"sd","13:45:08",1469400
5.75,-0.1,300,"sd","13:44:13",1469300
5.75,-0.1,300,"sd","13:42:55",1469000
5.77,-0.08,100,"sd","13:42:54",1468700
5.77,-0.08,900,"bu","13:42:35",1468600
5.75,-0.1,300,"sd","13:41:37",1467700
5.75,-0.1,300,"sd","13:40:19",1467400
5.75,-0.1,200,"sd","13:39:59",1467100
5.75,-0.1,300,"sd","13:39:01",1466900
5.75,-0.1,300,"sd","13:37:43",1466600
5.75,-0.1,300,"sd","13:36:25",1466300
5.75,-0.1,300,"sd","13:35:07",1466000
5.75,-0.1,1400,"sd","13:34:21",1465700
5.75,-0.1,200,"bu","13:34:12",1464300
5.72,-0.13,2700,"sd","13:34:04",1464100
5.75,-0.1,100,"sd","13:33:49",1461400
5.75,-0.1,200,"bu","13:32:44",1461300
5.75,-0.1,100,"sd","13:32:31",1461100
5.75,-0.1,400,"bu","13:32:28",1461000
5.75,-0.1,100,"sd","13:32:04",1460600
5.75,-0.1,200,"bu","13:31:26",1460500
5.75,-0.1,100,"sd","13:31:13",1460300
5.75,-0.1,100,"bu","13:30:12",1460200
5.75,-0.1,200,"sd","13:29:55",1460100
5.75,-0.1,100,"sd","13:29:00",1459900
5.75,-0.1,500,"sd","13:28:47",1459800
5.75,-0.1,300,"sd","13:28:37",1459300
5.75,-0.1,1900,"sd","13:27:48",1459000
5.75,-0.1,100,"sd","13:27:43",1457100
5.75,-0.1,300,"sd","13:27:34",1457000
5.75,-0.1,8000,"sd","13:27:33",1456700
5.75,-0.1,300,"sd","13:27:19",1448700
5.75,-0.1,800,"sd","13:26:59",1448400
5.75,-0.1,100,"sd","13:26:54",1447600
5.75,-0.1,1000,"sd","13:26:43",1447500
5.75,-0.1,300,"sd","13:26:01",1446500
5.75,-0.1,200,"sd","13:25:45",1446200
5.75,-0.1,400,"bu","13:25:01",1446000
5.72,-0.13,300,"sd","13:24:43",1445600
5.75,-0.1,100,"sd","13:24:34",1445300
5.75,-0.1,900,"bu","13:24:19",1445200
5.72,-0.13,1400,"sd","13:24:11",1444300
5.75,-0.1,1100,"sd","13:24:04",1442900
5.75,-0.1,300,"sd","13:23:25",1441800
5.78,-0.07,100,"bu","13:22:45",1441500
5.75,-0.1,2000,"sd","13:22:32",1441400
5.75,-0.1,100,"sd","13:22:30",1439400
5.75,-0.1,300,"sd","13:22:07",1439300
5.75,-0.1,200,"sd","13:21:25",1439000
5.75,-0.1,300,"sd","13:20:49",1438800
5.79,-0.06,400,"bu","13:19:46",1438500
5.8,-0.05,800,"bu","13:19:37",1438100
5.76,-0.09,200,"bu","13:19:37",1437300
5.76,-0.09,100,"sd","13:19:31",1437100
5.8,-0.05,1000,"bu","13:19:12",1437000
5.77,-0.08,100,"bu","13:19:12",1435500
5.77,-0.08,1000,"bu","13:19:04",1435400
5.77,-0.08,100,"bu","13:18:53",1434400
5.76,-0.09,300,"bu","13:18:29",1434300
5.76,-0.09,2000,"bu","13:18:19",1434000
5.75,-0.1,300,"sd","13:18:13",1432000
5.76,-0.09,100,"bu","13:17:52",1431700
5.75,-0.1,3200,"bu","13:17:35",1425400
5.75,-0.1,300,"bu","13:17:27",1422200
5.7,-0.15,1800,"sd","13:17:12",1421900
5.75,-0.1,100,"sd","13:16:55",1420100
5.76,-0.09,100,"bu","13:16:30",1420000
5.7,-0.15,1000,"sd","13:15:55",1419900
5.7,-0.15,300,"sd","13:15:37",1418900
5.75,-0.1,2100,"bu","13:14:43",1418600
5.75,-0.1,100,"bu","13:14:32",1416500
5.7,-0.15,100,"sd","13:14:19",1416200
5.75,-0.1,700,"bu","13:14:00",1416100
5.75,-0.1,300,"sd","13:13:54",1415400
5.75,-0.1,900,"bu","13:13:40",1415100
5.75,-0.1,100,"sd","13:13:34",1414200
5.75,-0.1,4900,"bu","13:13:15",1414100
5.75,-0.1,100,"sd","13:13:10",1409200
5.75,-0.1,3200,"bu","13:13:07",1409100
5.7,-0.15,100,"sd","13:13:01",1405700
5.75,-0.1,100,"sd","13:12:36",1405600
5.75,-0.1,11100,"bu","13:12:33",1405500
5.75,-0.1,1300,"bu","13:12:24",1394400
5.74,-0.11,18700,"bu","13:12:24",1393100
5.75,-0.1,1300,"sd","13:11:55",1374400
5.75,-0.1,20400,"bu","13:11:53",1373100
5.74,-0.11,300,"bu","13:11:53",1352700
5.61,-0.24,300,"sd","13:11:43",1352400
5.75,-0.1,500,"bu","13:11:36",1352100
5.73,-0.12,100,"bu","13:11:36",1351600
5.6,-0.25,7700,"sd","13:11:17",1351500
5.61,-0.24,7800,"sd","13:11:17",1343800
5.64,-0.21,400,"sd","13:11:17",1335100
5.65,-0.2,200,"sd","13:11:16",1334700
5.66,-0.19,1700,"sd","13:11:16",1334500
5.67,-0.18,300,"sd","13:11:16",1332800
5.68,-0.17,200,"sd","13:11:16",1332500
5.7,-0.15,700,"sd","13:11:16",1332200
5.75,-0.1,33600,"bu","13:11:12",1331500
5.75,-0.1,1400,"bu","13:11:03",1297900
5.75,-0.1,21800,"bu","13:10:57",1296500
5.75,-0.1,2000,"bu","13:10:43",1274700
5.75,-0.1,100,"bu","13:10:41",1272700
5.75,-0.1,200,"bu","13:10:38",1272600
5.75,-0.1,100,"sd","13:10:25",1272400
5.75,-0.1,15000,"bu","13:10:23",1272300
5.75,-0.1,100,"sd","13:10:07",1257300
5.75,-0.1,12400,"bu","13:09:57",1257200
5.75,-0.1,500,"sd","13:09:44",1244800
5.75,-0.1,34400,"bu","13:09:29",1244300
5.75,-0.1,42700,"bu","13:09:12",1209800
5.74,-0.11,7300,"bu","13:09:12",1167100
5.67,-0.18,300,"sd","13:09:07",1159800
5.75,-0.1,39900,"bu","13:08:46",1159500
5.74,-0.11,100,"bu","13:08:46",1119600
5.75,-0.1,29300,"bu","13:08:29",1119500
5.74,-0.11,20700,"bu","13:08:28",1090200
5.74,-0.11,39300,"sd","13:08:23",1069500
5.74,-0.11,300,"sd","13:08:18",1030200
5.74,-0.11,3700,"sd","13:08:11",1029900
5.74,-0.11,1500,"sd","13:08:07",1026200
5.73,-0.12,4900,"bu","13:08:05",1024700
5.71,-0.14,100,"bu","13:08:05",1019600
5.73,-0.12,3700,"bu","13:07:54",1019500
5.72,-0.13,200,"bu","13:07:54",1015800
5.71,-0.14,50300,"bu","13:07:54",1015600
5.68,-0.17,2000,"bu","13:07:54",961500
5.65,-0.2,1000,"bu","13:07:50",959500
5.64,-0.21,300,"sd","13:07:49",958500
5.6,-0.25,2500,"sd","13:07:08",958200
5.6,-0.25,4300,"sd","13:07:07",955700
5.61,-0.24,10000,"sd","13:07:07",951400
5.62,-0.23,1000,"sd","13:07:07",941400
5.65,-0.2,6800,"sd","13:07:07",940400
5.66,-0.19,20200,"sd","13:07:07",933600
5.67,-0.18,5300,"sd","13:07:07",913400
5.68,-0.17,3200,"sd","13:07:07",908100
5.69,-0.16,500,"bu","13:06:58",904900
5.69,-0.16,3700,"sd","13:06:55",904400
5.69,-0.16,2600,"sd","13:06:44",900700
5.7,-0.15,5000,"bu","13:06:35",898100
5.69,-0.16,300,"bu","13:06:35",893100
5.69,-0.16,500,"bu","13:06:32",892800
5.68,-0.17,300,"sd","13:06:31",892300
5.68,-0.17,3200,"sd","13:06:30",892000
5.69,-0.16,800,"sd","13:06:18",888800
5.7,-0.15,6300,"sd","13:05:58",888000
5.71,-0.14,4700,"sd","13:05:31",881700
5.71,-0.14,300,"sd","13:05:19",877000
5.7,-0.15,300,"sd","13:05:13",876700
5.7,-0.15,800,"sd","13:05:04",876400
5.71,-0.14,4200,"sd","13:05:04",875600
5.72,-0.13,300,"sd","13:05:01",871400
5.72,-0.13,5000,"sd","13:04:58",871100
5.72,-0.13,1500,"sd","13:03:56",866100
5.72,-0.13,300,"sd","13:03:55",864600
5.71,-0.14,2200,"sd","13:03:08",864300
5.73,-0.12,100,"bu","13:02:57",862100
5.71,-0.14,300,"sd","13:02:37",862000
5.73,-0.12,700,"bu","13:02:32",861700
5.72,-0.13,3300,"bu","13:02:32",861000
5.72,-0.13,500,"bu","13:02:13",857700
5.72,-0.13,200,"bu","13:02:09",857200
5.72,-0.13,6000,"bu","13:02:04",857000
5.72,-0.13,100,"bu","13:02:02",851000
5.71,-0.14,100,"sd","13:01:53",850900
5.72,-0.13,100,"sd","13:01:53",850800
5.71,-0.14,500,"bu","13:01:20",850700
5.7,-0.15,300,"sd","13:01:18",850200
5.7,-0.15,1000,"sd","13:01:15",849900
5.7,-0.15,5000,"sd","13:01:09",848900
5.7,-0.15,16800,"sd","13:01:03",843900
5.71,-0.14,200,"sd","13:01:03",827100
5.71,-0.14,1000,"sd","13:00:57",826900
5.71,-0.14,1100,"sd","13:00:52",825900
5.71,-0.14,2400,"sd","13:00:37",824800
5.71,-0.14,700,"sd","13:00:15",822400
5.73,-0.12,1500,"bu","13:00:08",821700
5.71,-0.14,4800,"sd","13:00:08",820200
5.72,-0.13,6100,"sd","13:00:08",815400
5.73,-0.12,3000,"bu","13:00:05",809300
5.74,-0.11,100,"bu","13:00:01",806300
5.73,-0.12,3000,"bu","13:00:01",806200
5.72,-0.13,1300,"sd","13:00:00",803200
5.73,-0.12,15100,"sd","13:00:00",801900
5.74,-0.11,2600,"sd","13:00:00",786800
5.75,-0.1,500,"sd","13:00:00",784200
5.74,-0.11,12100,"sd","11:29:25",783700
5.75,-0.1,5000,"sd","11:29:25",771600
5.76,-0.09,1300,"sd","11:29:25",766600
5.8,-0.05,1600,"sd","11:29:25",765300
5.8,-0.05,1700,"bu","11:29:09",763700
5.8,-0.05,700,"bu","11:29:08",762000
5.76,-0.09,200,"sd","11:27:03",760300
5.76,-0.09,300,"sd","11:26:44",760100
5.78,-0.07,2400,"sd","11:22:44",759800
5.78,-0.07,200,"bu","11:21:02",757400
5.78,-0.07,100,"bu","11:20:54",757200
5.78,-0.07,500,"bu","11:20:47",757100
5.73,-0.12,2000,"sd","11:20:17",756600
5.73,-0.12,1200,"sd","11:19:08",754600
5.75,-0.1,300,"sd","11:18:40",749600
5.74,-0.11,3000,"bu","11:17:11",749300
5.74,-0.11,100,"bu","11:15:52",746300
5.74,-0.11,2900,"sd","11:15:24",746200
5.74,-0.11,700,"sd","11:15:23",743300
5.75,-0.1,3300,"sd","11:15:23",742600
5.75,-0.1,6000,"sd","11:13:07",739300
5.76,-0.09,5600,"sd","11:13:07",733300
5.77,-0.08,400,"sd","11:13:07",727700
5.77,-0.08,100,"sd","11:12:31",727300
5.78,-0.07,200,"sd","11:10:10",727200
5.78,-0.07,1800,"bu","11:04:58",727000
5.78,-0.07,100,"bu","11:01:40",725200
5.78,-0.07,100,"sd","11:01:23",725100
5.78,-0.07,200,"bu","10:59:09",725000
5.78,-0.07,100,"bu","10:58:01",724800
5.78,-0.07,200,"bu","10:57:13",724700
5.77,-0.08,200,"bu","10:57:13",724500
5.77,-0.08,100,"bu","10:56:36",724300
5.77,-0.08,100,"bu","10:56:21",724200
5.77,-0.08,9000,"bu","10:56:08",724100
5.75,-0.1,5300,"sd","10:55:54",715100
5.76,-0.09,1700,"sd","10:55:54",709800
5.77,-0.08,3600,"sd","10:55:14",708100
5.77,-0.08,1500,"sd","10:54:09",704500
5.77,-0.08,6000,"sd","10:53:48",703000
5.77,-0.08,300,"sd","10:51:04",697000
5.8,-0.05,2800,"bu","10:50:29",696700
5.8,-0.05,1000,"bu","10:49:31",693900
5.77,-0.08,7800,"sd","10:48:45",692900
5.78,-0.07,200,"sd","10:48:45",685100
5.8,-0.05,7000,"sd","10:44:53",684900
5.82,-0.03,2200,"sd","10:44:53",677900
5.85,0,28800,"bu","10:41:03",675700
5.84,-0.01,1200,"bu","10:41:03",646900
5.84,-0.01,600,"sd","10:39:20",645700
5.84,-0.01,200,"sd","10:39:18",645100
5.84,-0.01,100,"sd","10:38:55",644900
5.84,-0.01,1300,"bu","10:38:38",644800
5.84,-0.01,1000,"bu","10:37:59",643500
5.84,-0.01,1000,"bu","10:37:22",642500
5.84,-0.01,400,"sd","10:34:24",641500
5.84,-0.01,400,"sd","10:34:23",641100
5.84,-0.01,900,"sd","10:34:08",640700
5.84,-0.01,2600,"sd","10:32:41",639800
5.84,-0.01,8100,"bu","10:32:33",637200
5.83,-0.02,7600,"bu","10:32:33",629100
5.82,-0.03,3000,"bu","10:32:20",621500
5.82,-0.03,300,"bu","10:32:10",618500
5.82,-0.03,200,"bu","10:31:38",618200
5.8,-0.05,6900,"bu","10:31:18",618000
5.8,-0.05,100,"bu","10:30:51",611100
5.79,-0.06,100,"bu","10:30:51",611000
5.77,-0.08,2400,"sd","10:28:11",610900
5.78,-0.07,100,"sd","10:28:11",608500
5.77,-0.08,200,"bu","10:27:30",608400
5.77,-0.08,100,"bu","10:27:29",608200
5.77,-0.08,2000,"bu","10:27:26",608100
5.77,-0.08,1000,"bu","10:27:10",606100
5.77,-0.08,1200,"sd","10:26:20",605100
5.78,-0.07,500,"sd","10:26:20",603900
5.77,-0.08,2100,"sd","10:22:59",603400
5.8,-0.05,2100,"sd","10:22:30",601300
5.8,-0.05,1000,"sd","10:21:54",599200
5.83,-0.02,200,"bu","10:21:50",598200
5.8,-0.05,2000,"sd","10:21:49",598000
5.83,-0.02,2400,"bu","10:21:31",596000
5.82,-0.03,500,"bu","10:21:31",593600
5.84,-0.01,900,"bu","10:18:11",593000
5.78,-0.07,500,"sd","10:17:48",592100
5.85,0,2200,"sd","10:11:20",591600
5.85,0,1800,"bu","10:11:12",589400
5.8,-0.05,5700,"bu","10:11:12",587300
5.77,-0.08,200,"bu","10:09:06",581600
5.77,-0.08,2800,"sd","10:08:54",581400
5.77,-0.08,400,"sd","10:08:34",578600
5.8,-0.05,18600,"bu","10:08:18",578200
5.77,-0.08,1000,"sd","10:08:02",559600
5.8,-0.05,2000,"bu","10:07:22",558600
5.77,-0.08,300,"sd","10:07:13",556600
5.78,-0.07,1100,"sd","10:07:13",556300
5.8,-0.05,2000,"bu","10:03:50",555200
5.8,-0.05,500,"bu","10:03:28",553200
5.8,-0.05,2000,"bu","10:03:24",552700
5.8,-0.05,14400,"sd","10:02:48",550700
5.85,0,300,"bu","09:59:18",531300
5.85,0,1000,"bu","09:57:28",531000
5.85,0,700,"sd","09:56:09",530000
5.85,0,1000,"sd","09:55:56",529300
5.85,0,20000,"sd","09:55:43",528300
5.85,0,100,"sd","09:55:35",508300
5.86,0.01,500,"bu","09:54:45",508200
5.85,0,20000,"sd","09:54:03",507700
5.86,0.01,2000,"bu","09:54:01",487700
5.85,0,7500,"bu","09:53:31",485700
5.84,-0.01,700,"bu","09:53:31",478200
5.83,-0.02,7200,"sd","09:53:27",477500
5.83,-0.02,100,"sd","09:53:24",470300
5.83,-0.02,100,"bu","09:53:15",470200
5.82,-0.03,3000,"sd","09:52:52",470100
5.82,-0.03,100,"bu","09:52:51",467100
5.82,-0.03,3600,"bu","09:52:39",467000
5.81,-0.04,500,"bu","09:52:34",463400
5.81,-0.04,500,"sd","09:51:51",462900
5.81,-0.04,300,"sd","09:51:36",462400
5.81,-0.04,2200,"bu","09:51:22",462100
5.8,-0.05,23100,"bu","09:51:02",459900
5.8,-0.05,5000,"bu","09:44:52",436800
5.8,-0.05,5000,"bu","09:43:53",431800
5.81,-0.04,200,"sd","09:41:50",426800
5.8,-0.05,100,"sd","09:41:30",426600
5.8,-0.05,4900,"bu","09:40:43",426500
5.74,-0.11,400,"sd","09:39:45",421600
5.74,-0.11,5000,"sd","09:39:22",421200
5.74,-0.11,600,"sd","09:38:39",416200
5.75,-0.1,500,"sd","09:38:29",415600
5.76,-0.09,100,"sd","09:38:29",415100
5.75,-0.1,1000,"sd","09:38:00",415000
5.8,-0.05,400,"sd","09:37:55",414000
5.8,-0.05,200,"sd","09:37:48",413600
5.8,-0.05,200,"sd","09:37:40",413400
5.8,-0.05,300,"sd","09:37:34",413200
5.8,-0.05,2700,"sd","09:37:24",412900
5.8,-0.05,200,"sd","09:37:22",410200
5.8,-0.05,5000,"sd","09:37:16",410000
5.8,-0.05,200,"sd","09:37:10",405000
5.8,-0.05,200,"sd","09:36:21",404800
5.82,-0.03,2300,"bu","09:36:14",404600
5.81,-0.04,900,"bu","09:36:14",402300
5.8,-0.05,300,"sd","09:36:07",401400
5.8,-0.05,200,"sd","09:36:01",401100
5.82,-0.03,1500,"sd","09:34:20",400900
5.82,-0.03,3500,"bu","09:33:53",399400
5.81,-0.04,5000,"bu","09:33:53",395900
5.82,-0.03,100,"bu","09:33:40",390900
5.82,-0.03,2000,"bu","09:33:28",390800
5.82,-0.03,4400,"sd","09:33:17",388800
5.82,-0.03,1000,"sd","09:33:04",384400
5.82,-0.03,1800,"sd","09:32:54",383400
5.82,-0.03,600,"sd","09:32:16",381600
5.83,-0.02,6000,"bu","09:32:15",381000
5.82,-0.03,1000,"sd","09:31:53",375000
5.82,-0.03,4700,"bu","09:31:51",374000
5.82,-0.03,5000,"bu","09:31:44",369300
5.82,-0.03,1000,"bu","09:30:53",364300
5.8,-0.05,200,"sd","09:30:53",363300
5.82,-0.03,1000,"bu","09:30:39",363100
5.8,-0.05,200,"sd","09:30:14",362100
5.8,-0.05,3600,"bu","09:30:04",361900
5.75,-0.1,200,"bu","09:29:52",358300
5.75,-0.1,200,"sd","09:29:16",358100
5.8,-0.05,2200,"sd","09:28:27",357900
5.8,-0.05,400,"sd","09:27:57",355700
5.8,-0.05,7100,"bu","09:27:56",355300
5.74,-0.11,200,"bu","09:27:56",344100
5.74,-0.11,100,"sd","09:27:54",343900
5.75,-0.1,3100,"sd","09:27:47",343800
5.75,-0.1,2400,"sd","09:27:41",340700
5.75,-0.1,700,"sd","09:27:28",338300
5.75,-0.1,8000,"sd","09:27:20",337600
5.75,-0.1,400,"sd","09:27:18",329600
5.77,-0.08,200,"sd","09:27:18",329100
5.75,-0.1,100,"sd","09:27:01",328900
5.75,-0.1,6300,"sd","09:26:52",328800
5.78,-0.07,100,"sd","09:26:50",322500
5.79,-0.06,100,"sd","09:26:50",322400
5.8,-0.05,200,"sd","09:26:42",322300
5.8,-0.05,5000,"sd","09:26:38",322100
5.8,-0.05,1800,"sd","09:26:37",317100
5.8,-0.05,200,"sd","09:26:35",315300
5.81,-0.04,4800,"sd","09:26:25",315100
5.81,-0.04,400,"sd","09:26:23",310300
5.82,-0.03,1600,"sd","09:26:13",309900
5.82,-0.03,3000,"sd","09:26:10",308300
5.82,-0.03,500,"sd","09:26:08",305300
5.83,-0.02,500,"sd","09:25:52",304800
5.83,-0.02,7000,"sd","09:25:48",304300
5.84,-0.01,200,"sd","09:25:36",297300
5.84,-0.01,200,"sd","09:25:35",297100
5.85,0,300,"bu","09:25:32",296900
5.84,-0.01,100,"sd","09:25:23",296600
5.84,-0.01,4600,"sd","09:25:09",296500
5.85,0,5000,"bu","09:25:07",291900
5.85,0,1400,"sd","09:24:55",286900
5.85,0,200,"sd","09:24:50",285500
5.85,0,3400,"bu","09:24:49",285300
5.85,0,1600,"sd","09:24:45",281900
5.85,0,20000,"sd","09:24:38",280300
5.85,0,10000,"sd","09:24:36",260300
5.85,0,10000,"sd","09:24:32",250300
5.86,0.01,3000,"bu","09:24:08",240300
5.85,0,10000,"sd","09:24:05",237300
5.86,0.01,1000,"bu","09:23:51",227300
5.86,0.01,5200,"sd","09:23:50",226300
5.86,0.01,5000,"sd","09:23:48",221100
5.86,0.01,1000,"sd","09:23:46",216100
5.87,0.02,200,"bu","09:23:44",215100
5.87,0.02,4800,"sd","09:23:37",214900
5.88,0.03,200,"bu","09:23:36",210100
5.87,0.02,10200,"sd","09:23:34",209900
5.88,0.03,100,"sd","09:23:15",199700
5.88,0.03,1000,"bu","09:23:12",199100
5.88,0.03,3500,"sd","09:23:01",198100
5.88,0.03,2500,"bu","09:22:02",194600
5.88,0.03,500,"sd","09:21:54",192100
5.88,0.03,500,"sd","09:21:45",191600
5.88,0.03,3300,"sd","09:21:42",191100
5.88,0.03,2600,"sd","09:21:38",187800
5.9,0.05,1000,"bu","09:21:18",185200
5.88,0.03,700,"sd","09:21:16",184200
5.9,0.05,100,"bu","09:20:32",183500
5.9,0.05,800,"sd","09:20:07",183400
5.86,0.01,300,"sd","09:19:56",182600
5.87,0.02,100,"sd","09:19:56",182300
5.88,0.03,6400,"sd","09:19:56",182200
5.9,0.05,3200,"sd","09:19:56",175800
5.9,0.05,2000,"sd","09:19:55",172600
5.9,0.05,4000,"sd","09:19:32",170600
5.9,0.05,4000,"sd","09:19:29",166600
5.9,0.05,1000,"sd","09:19:28",162600
5.9,0.05,500,"sd","09:19:21",161600
5.9,0.05,5500,"bu","09:19:04",161100
5.9,0.05,1500,"sd","09:18:53",155600
5.9,0.05,5000,"sd","09:18:52",154100
5.92,0.07,400,"bu","09:18:38",149100
5.91,0.06,100,"bu","09:18:38",148700
5.92,0.07,400,"bu","09:18:24",148600
5.9,0.05,5000,"sd","09:18:22",148200
5.91,0.06,1000,"sd","09:18:22",143200
5.92,0.07,200,"bu","09:18:12",142200
5.9,0.05,300,"sd","09:18:07",142000
5.92,0.07,500,"bu","09:17:54",141700
5.9,0.05,100,"sd","09:17:53",141200
5.92,0.07,6600,"sd","09:17:48",141100
5.99,0.14,100,"sd","09:17:19",134500
5.99,0.14,100,"sd","09:17:15",134400
5.99,0.14,4800,"bu","09:17:15",134300
5.99,0.14,5000,"bu","09:17:05",129500
5.99,0.14,200,"bu","09:17:03",124500
6,0.15,900,"bu","09:16:50",124300
5.99,0.14,6000,"bu","09:16:50",123400
5.98,0.13,5000,"sd","09:16:50",117400
5.98,0.13,100,"sd","09:16:45",112400
6,0.15,7800,"bu","09:16:43",112300
5.99,0.14,400,"bu","09:16:43",104500
5.98,0.13,100,"sd","09:16:40",104100
5.98,0.13,1000,"sd","09:16:39",104000
5.98,0.13,200,"sd","09:16:36",103000
5.99,0.14,100,"bu","09:16:32",102800
5.99,0.14,200,"bu","09:16:30",102700
5.99,0.14,300,"bu","09:16:22",102500
5.99,0.14,5200,"sd","09:16:14",102200
5.99,0.14,100,"sd","09:16:09",97000
5.98,0.13,600,"bu","09:16:07",96900
5.95,0.1,300,"bu","09:16:07",96300
5.91,0.06,100,"sd","09:16:06",96000
5.91,0.06,100,"sd","09:16:02",95900
5.95,0.1,200,"sd","09:15:58",95800
5.99,0.14,9400,"sd","09:15:58",95600
5.99,0.14,3500,"bu","09:15:57",86200
5.99,0.14,500,"bu","09:15:53",82700
5.98,0.13,3100,"sd","09:15:44",82200
5.98,0.13,1200,"sd","09:15:40",79100
5.98,0.13,30000,"bu","09:15:26",77900
5.95,0.1,1800,"bu","09:15:22",47900
5.95,0.1,3000,"bu","09:15:07",46100
5.95,0.1,43100,"","09:15:00",43100
