"price","change","match_qtty","side","time","total_vol"
95800,-1000,67800,"sd","09:15:03",67800
95700,-1100,1000,"sd","09:15:18",68800
95700,-1100,400,"bu","09:15:37",69200
95600,-1200,1000,"sd","09:15:38",70200
95700,-1100,1600,"bu","09:15:40",71800
95800,-1000,1000,"bu","09:16:04",72800
95800,-1000,2000,"bu","09:16:10",74800
95800,-1000,100,"sd","09:16:17",74900
95800,-1000,1000,"sd","09:16:19",75900
95900,-900,15600,"sd","09:16:22",91500
95900,-900,800,"bu","09:16:26",92300
95900,-900,2000,"bu","09:16:32",94300
95900,-900,800,"bu","09:16:44",95100
95900,-900,1600,"sd","09:16:49",96700
95900,-900,100,"bu","09:17:09",96800
95800,-1000,2100,"sd","09:17:26",98900
95900,-900,10600,"bu","09:17:29",109500
95700,-1100,800,"bu","09:17:36",110300
95700,-1100,1600,"bu","09:17:44",111900
95700,-1100,4800,"bu","09:17:53",116700
95600,-1200,800,"sd","09:17:58",117500
95800,-1000,1000,"sd","09:17:59",118500
95600,-1200,800,"sd","09:18:04",119300
95700,-1100,300,"sd","09:18:22",119600
95800,-1000,10300,"sd","09:18:24",129900
95800,-1000,100,"sd","09:18:49",130000
95800,-1000,1200,"bu","09:18:55",131200
95700,-1100,1700,"bu","09:19:19",132900
95700,-1100,1300,"bu","09:19:32",134200
95700,-1100,800,"bu","09:19:33",135000
95700,-1100,300,"sd","09:19:48",135300
95700,-1100,600,"sd","09:20:17",135900
95600,-1200,800,"sd","09:20:18",136700
95600,-1200,800,"sd","09:20:24",137500
95600,-1200,1600,"sd","09:20:39",139100
95800,-1000,500,"sd","09:20:40",139600
95600,-1200,10000,"bu","09:21:00",149600
95600,-1200,300,"bu","09:21:08",149900
95600,-1200,1500,"sd","09:21:26",151400
95500,-1300,800,"bu","09:21:35",152200
95600,-1200,500,"sd","09:21:36",152700
95600,-1200,1200,"sd","09:21:40",153900
95600,-1200,100,"sd","09:21:42",154000
95600,-1200,800,"bu","09:21:58",154800
95600,-1200,300,"sd","09:21:59",155100
95700,-1100,200,"bu","09:21:59",155300
95600,-1200,5500,"sd","09:23:11",160800
95600,-1200,500,"sd","09:23:25",161300
95500,-1300,3800,"sd","09:23:35",165100
95500,-1300,3800,"sd","09:24:08",168900
95400,-1400,7400,"bu","09:24:18",176300
95500,-1300,300,"sd","09:24:19",176600
95500,-1300,100,"bu","09:24:26",176700
95400,-1400,4000,"sd","09:24:54",180700
95500,-1300,100,"bu","09:24:58",180800
95400,-1400,3800,"sd","09:25:04",184600
95500,-1300,2200,"bu","09:25:25",186800
95500,-1300,1000,"bu","09:25:39",187800
95500,-1300,200,"bu","09:25:51",188000
95400,-1400,4800,"bu","09:26:01",192800
95400,-1400,500,"bu","09:26:33",193300
95500,-1300,2000,"sd","09:26:42",195300
95500,-1300,1000,"sd","09:27:24",196300
95500,-1300,100,"bu","09:27:43",196400
95400,-1400,1400,"sd","09:28:06",197800
95300,-1500,15300,"bu","09:28:07",213100
95300,-1500,3300,"bu","09:28:14",216400
95400,-1400,800,"sd","09:28:38",217200
95400,-1400,200,"sd","09:28:56",217400
95300,-1500,3800,"bu","09:29:01",221200
95400,-1400,100,"sd","09:29:36",221300
95400,-1400,4900,"sd","09:30:18",226200
95400,-1400,500,"sd","09:30:27",226700
95400,-1400,2300,"sd","09:30:45",229000
95400,-1400,500,"sd","09:31:34",229500
95300,-1500,1800,"sd","09:31:48",231300
95300,-1500,10000,"bu","09:31:50",241300
95200,-1600,7000,"bu","09:31:57",248300
95300,-1500,400,"sd","09:32:45",248700
95300,-1500,3800,"bu","09:32:48",252500
95300,-1500,1500,"bu","09:33:06",254000
95400,-1400,5000,"sd","09:33:18",259000
95400,-1400,500,"sd","09:33:19",259500
95400,-1400,100,"bu","09:33:24",259600
95400,-1400,2000,"sd","09:33:30",261600
95400,-1400,2000,"bu","09:33:43",263600
95300,-1500,500,"bu","09:33:52",264100
95400,-1400,100,"sd","09:34:13",264200
95300,-1500,4400,"bu","09:34:19",268600
95400,-1400,6800,"bu","09:34:54",275400
95400,-1400,3200,"sd","09:34:56",278600
95300,-1500,300,"bu","09:35:13",278900
95400,-1400,200,"bu","09:35:19",279100
95300,-1500,1600,"sd","09:35:31",280700
95300,-1500,600,"bu","09:36:06",281300
95300,-1500,200,"bu","09:36:10",281500
95300,-1500,2300,"sd","09:36:48",283800
95300,-1500,200,"bu","09:36:50",284000
95300,-1500,2000,"sd","09:36:57",286000
95300,-1500,500,"sd","09:37:10",286500
95300,-1500,400,"bu","09:37:17",286900
95300,-1500,700,"bu","09:37:30",287600
95200,-1600,500,"bu","09:37:48",288100
95300,-1500,300,"sd","09:37:55",288400
95200,-1600,200,"sd","09:38:10",288600
95200,-1600,2000,"sd","09:38:51",290600
95200,-1600,400,"bu","09:38:56",291000
95200,-1600,300,"sd","09:39:11",291300
95200,-1600,1000,"sd","09:39:21",292300
95200,-1600,100,"bu","09:39:44",292400
95200,-1600,300,"sd","09:40:21",292700
95300,-1500,100,"bu","09:40:45",292800
95300,-1500,1100,"bu","09:40:50",293900
95300,-1500,25300,"bu","09:40:56",323900
95200,-1600,100,"sd","09:40:58",324000
95300,-1500,2400,"bu","09:41:04",326400
95300,-1500,200,"bu","09:41:07",326600
95300,-1500,1000,"sd","09:41:36",327600
95300,-1500,100,"bu","09:41:39",327700
95300,-1500,300,"sd","09:41:49",328000
95400,-1400,6100,"sd","09:42:30",334100
95500,-1300,2000,"bu","09:42:55",336100
95500,-1300,100,"sd","09:43:04",336200
95400,-1400,1000,"bu","09:43:18",337200
95500,-1300,4000,"bu","09:44:27",341200
95400,-1400,2000,"sd","09:44:37",343200
95400,-1400,200,"sd","09:45:36",343400
95500,-1300,100,"bu","09:46:53",343500
95500,-1300,10000,"sd","09:47:01",353500
95500,-1300,2000,"bu","09:47:03",355500
95500,-1300,5000,"bu","09:47:17",360500
95400,-1400,1000,"bu","09:47:22",361500
95500,-1300,1100,"bu","09:49:22",362600
95500,-1300,100,"sd","09:49:31",362700
95500,-1300,400,"sd","09:49:47",363100
95500,-1300,100,"sd","09:50:05",363200
95500,-1300,300,"bu","09:50:09",363500
95500,-1300,100,"bu","09:51:28",363600
95500,-1300,4100,"sd","09:51:31",367700
95500,-1300,4100,"sd","09:51:47",371800
95500,-1300,300,"sd","09:52:44",372100
95500,-1300,1000,"bu","09:53:18",373100
95500,-1300,1200,"sd","09:53:35",374300
95500,-1300,300,"sd","09:54:04",374600
95500,-1300,500,"bu","09:54:32",375100
95500,-1300,1500,"sd","09:55:23",376600
95600,-1200,300,"bu","09:55:49",376900
95600,-1200,3600,"bu","09:57:00",380500
95600,-1200,600,"sd","09:57:03",381100
95600,-1200,300,"sd","09:57:48",381400
95600,-1200,1000,"bu","09:58:50",382400
95500,-1300,200,"sd","09:58:59",382600
95500,-1300,4200,"bu","10:00:03",386800
95500,-1300,800,"bu","10:00:04",387600
95500,-1300,300,"sd","10:00:52",387900
95600,-1200,8000,"bu","10:01:12",395900
95600,-1200,1600,"bu","10:01:33",397500
95500,-1300,300,"sd","10:02:06",397800
95500,-1300,100,"bu","10:02:13",397900
95500,-1300,300,"sd","10:03:23",398200
95500,-1300,500,"bu","10:03:33",398700
95500,-1300,100,"bu","10:04:04",398800
95500,-1300,300,"sd","10:05:02",399100
95500,-1300,200,"bu","10:06:14",399300
95500,-1300,300,"sd","10:06:40",399600
95500,-1300,700,"sd","10:08:27",400300
95400,-1400,100,"sd","10:08:29",400400
95400,-1400,4000,"sd","10:08:31",404400
95500,-1300,500,"sd","10:08:40",404900
95400,-1400,2500,"bu","10:08:54",407400
95500,-1300,8000,"sd","10:10:01",415400
95500,-1300,1600,"sd","10:10:04",417000
95500,-1300,300,"sd","10:10:34",417300
95400,-1400,3000,"sd","10:11:04",420300
95400,-1400,200,"bu","10:12:01",420500
95400,-1400,1500,"sd","10:12:20",422000
95400,-1400,1000,"sd","10:12:22",423000
95400,-1400,5000,"sd","10:12:26",428000
95400,-1400,500,"bu","10:12:41",428500
95400,-1400,200,"bu","10:13:00",428700
95400,-1400,6900,"bu","10:13:34",435600
95300,-1500,500,"bu","10:14:14",436100
95300,-1500,2500,"bu","10:14:23",438600
95300,-1500,400,"sd","10:15:01",439000
95300,-1500,100,"sd","10:15:03",439100
95300,-1500,2000,"sd","10:15:07",441100
95300,-1500,1500,"bu","10:15:14",442600
95300,-1500,300,"bu","10:15:51",442900
95400,-1400,700,"sd","10:16:00",444300
95300,-1500,100,"bu","10:16:37",444400
95300,-1500,3200,"sd","10:16:57",447600
95300,-1500,1000,"sd","10:17:00",448600
95300,-1500,1100,"bu","10:17:10",449700
95300,-1500,700,"bu","10:17:12",450400
95300,-1500,5000,"bu","10:17:49",455400
95300,-1500,500,"bu","10:18:04",455900
95300,-1500,100,"sd","10:18:10",456000
95300,-1500,1200,"bu","10:18:16",457200
95300,-1500,3800,"sd","10:18:17",461000
95300,-1500,1000,"sd","10:18:18",462000
95300,-1500,1100,"sd","10:18:45",463100
95300,-1500,300,"sd","10:19:09",463400
95300,-1500,1500,"sd","10:19:15",464900
95300,-1500,1600,"sd","10:19:35",466500
95300,-1500,700,"bu","10:19:47",467200
95300,-1500,500,"sd","10:20:39",467700
95400,-1400,200,"sd","10:20:43",467900
95300,-1500,500,"sd","10:21:05",468400
95400,-1400,600,"bu","10:21:19",469000
95300,-1500,500,"bu","10:21:51",469500
95300,-1500,400,"bu","10:22:02",469900
95300,-1500,100,"sd","10:22:09",470000
95300,-1500,200,"sd","10:22:35",470200
95300,-1500,500,"sd","10:22:42",470700
95300,-1500,1000,"bu","10:22:44",471700
95300,-1500,500,"sd","10:22:52",472200
95300,-1500,100,"bu","10:23:07",472300
95400,-1400,8700,"sd","10:23:35",481000
95400,-1400,100,"bu","10:23:54",481100
95400,-1400,700,"bu","10:24:07",481800
95500,-1300,5400,"bu","10:24:32",487200
95400,-1400,600,"bu","10:24:42",487800
95500,-1300,200,"bu","10:24:59",488000
95600,-1200,7400,"sd","10:25:34",495400
95600,-1200,3000,"sd","10:25:46",498400
95700,-1100,300,"bu","10:26:28",498700
95700,-1100,800,"sd","10:26:38",499500
95700,-1100,200,"sd","10:26:39",499700
95600,-1200,1500,"sd","10:26:46",501200
95700,-1100,500,"bu","10:26:47",501700
95700,-1100,5400,"bu","10:26:49",507100
95700,-1100,500,"bu","10:28:04",507600
95700,-1100,100,"sd","10:28:42",507700
95700,-1100,1000,"bu","10:28:56",508700
95700,-1100,500,"bu","10:29:24",509200
95700,-1100,800,"sd","10:29:46",510000
95700,-1100,300,"sd","10:29:52",510300
95700,-1100,5900,"sd","10:29:54",516200
95700,-1100,100,"bu","10:29:57",516300
95700,-1100,400,"sd","10:30:45",516700
95600,-1200,100,"sd","10:30:47",516800
95700,-1100,1300,"bu","10:30:52",518100
95700,-1100,1000,"sd","10:30:55",519100
95700,-1100,500,"bu","10:31:03",519600
95600,-1200,600,"bu","10:34:28",520200
95600,-1200,1500,"sd","10:35:15",521700
95600,-1200,600,"bu","10:35:49",522300
95600,-1200,100,"sd","10:37:01",522400
95600,-1200,400,"bu","10:39:05",522800
95600,-1200,200,"bu","10:39:17",523000
95600,-1200,200,"bu","10:42:07",523200
95600,-1200,3500,"bu","10:44:57",526700
95600,-1200,100,"sd","10:45:08",526800
95600,-1200,400,"sd","10:45:34",527200
95600,-1200,100,"bu","10:45:42",527300
95600,-1200,1000,"bu","10:46:00",528300
95600,-1200,500,"sd","10:46:14",528800
95600,-1200,2000,"sd","10:46:31",530800
95600,-1200,2000,"sd","10:47:09",532800
95500,-1300,100,"bu","10:50:14",532900
95400,-1400,5300,"sd","10:52:06",538200
95400,-1400,500,"sd","10:52:23",538700
95400,-1400,3900,"sd","10:52:32",542600
95400,-1400,200,"bu","10:52:58",542800
95400,-1400,1700,"sd","10:54:05",544500
95500,-1300,600,"sd","10:55:03",545100
95500,-1300,2000,"sd","10:55:42",547100
95500,-1300,3400,"bu","10:55:48",550500
95500,-1300,2300,"sd","10:56:36",552800
95600,-1200,100,"sd","10:57:25",552900
95600,-1200,1500,"bu","10:58:17",554400
95700,-1100,200,"bu","10:58:31",554600
95700,-1100,5400,"sd","10:58:40",560000
95700,-1100,100,"sd","10:59:00",560100
95700,-1100,5400,"bu","10:59:16",565500
95700,-1100,5400,"bu","10:59:28",570900
95600,-1200,500,"sd","10:59:32",571400
95700,-1100,1800,"bu","10:59:35",573200
95800,-1000,100,"bu","10:59:38",573300
95800,-1000,1800,"bu","10:59:53",575100
95800,-1000,5400,"bu","11:00:17",580500
95800,-1000,8000,"sd","11:00:34",588500
95900,-900,7400,"bu","11:01:23",595900
95900,-900,1000,"bu","11:01:26",596900
95800,-1000,100,"bu","11:01:48",597000
95800,-1000,4900,"bu","11:01:57",601900
95800,-1000,100,"sd","11:02:19",602000
95900,-900,1000,"sd","11:02:35",603000
95800,-1000,100,"bu","11:02:37",603100
95700,-1100,2900,"bu","11:04:23",606000
95700,-1100,5000,"sd","11:05:48",611000
95700,-1100,500,"sd","11:06:09",611500
95700,-1100,100,"bu","11:06:31",611600
95700,-1100,500,"sd","11:06:51",612100
95700,-1100,100,"sd","11:07:19",612200
95700,-1100,4200,"sd","11:07:26",616400
95700,-1100,1000,"sd","11:07:30",617400
95700,-1100,2900,"sd","11:08:37",620300
95600,-1200,1500,"sd","11:09:14",621800
95600,-1200,400,"sd","11:09:40",622200
95700,-1100,100,"bu","11:09:44",622300
95600,-1200,2900,"sd","11:10:55",625200
95600,-1200,200,"sd","11:11:14",625400
95700,-1100,100,"bu","11:11:42",625500
95700,-1100,300,"bu","11:11:48",625800
95700,-1100,100,"bu","11:12:03",625900
95700,-1100,4000,"bu","11:13:13",629900
95800,-1000,100,"sd","11:13:33",630000
95700,-1100,1000,"bu","11:13:39",631000
95700,-1100,100,"sd","11:13:51",631100
95600,-1200,3100,"bu","11:14:28",634200
95700,-1100,1600,"bu","11:15:31",635800
95800,-1000,6500,"bu","11:19:39",642300
95800,-1000,100,"sd","11:19:53",642400
95800,-1000,700,"bu","11:20:07",643100
95900,-900,100,"sd","11:20:28",643200
95900,-900,5000,"bu","11:20:44",648200
95900,-900,2000,"sd","11:21:35",650200
95900,-900,9000,"bu","11:21:37",659200
95900,-900,1400,"sd","11:21:51",660600
95900,-900,13000,"sd","11:23:51",673600
95900,-900,100,"sd","11:24:16",673700
96000,-800,23900,"bu","11:26:12",697600
96000,-800,500,"bu","11:26:21",698100
96100,-700,100,"sd","11:26:23",698200
96100,-700,6200,"sd","11:27:12",704400
96200,-600,600,"sd","11:27:17",705000
96200,-600,1000,"sd","11:27:22",706000
96200,-600,900,"bu","11:27:28",706900
96200,-600,100,"sd","11:27:38",707000
96300,-500,8900,"sd","11:27:44",715900
96300,-500,100,"bu","11:27:46",716000
96300,-500,3000,"sd","11:27:48",719000
96300,-500,400,"sd","11:27:52",719400
96400,-400,300,"sd","11:27:53",719700
96400,-400,3000,"bu","11:28:05",722700
96400,-400,1000,"sd","11:28:06",723700
96400,-400,100,"bu","11:28:11",723800
96400,-400,600,"bu","11:28:18",724400
96300,-500,900,"sd","11:28:25",725300
96300,-500,200,"bu","11:28:27",725500
96200,-600,3100,"bu","11:28:32",728600
96200,-600,300,"bu","11:28:33",728900
96300,-500,5000,"bu","11:28:34",733900
96200,-600,100,"bu","11:28:41",734000
96200,-600,1900,"bu","11:28:47",735900
96300,-500,2000,"sd","11:28:48",737900
96400,-400,100,"sd","11:28:51",738000
96300,-500,500,"sd","11:29:04",738500
96300,-500,1700,"bu","11:29:07",740200
96300,-500,4000,"bu","11:29:13",744200
96300,-500,200,"sd","11:29:23",744400
96300,-500,500,"bu","11:29:29",744900
96300,-500,1500,"sd","11:29:47",746400
96200,-600,200,"sd","11:29:56",746600
96300,-500,100,"bu","11:29:57",746700
96200,-600,200,"bu","11:30:00",746900
96200,-600,500,"bu","13:00:31",747400
96200,-600,100,"sd","13:00:32",747500
96200,-600,500,"sd","13:00:34",748000
96200,-600,200,"bu","13:00:35",748200
96100,-700,4700,"bu","13:00:36",752900
96000,-800,5300,"bu","13:00:36",758200
96100,-700,7900,"sd","13:00:40",766100
96300,-500,4800,"bu","13:00:42",771100
96200,-600,100,"sd","13:00:45",771200
96100,-700,3600,"sd","13:00:49",774800
96000,-800,5000,"sd","13:00:51",779800
96100,-700,1500,"bu","13:00:52",781300
96000,-800,300,"sd","13:00:53",781600
96100,-700,200,"bu","13:00:55",781800
96100,-700,800,"sd","13:00:57",782600
96000,-800,300,"sd","13:01:00",782900
96100,-700,1100,"sd","13:01:02",784000
96200,-600,2900,"sd","13:01:04",786900
96200,-600,200,"bu","13:01:05",787100
96100,-700,100,"sd","13:01:36",787200
96000,-800,3100,"bu","13:02:14",790300
96100,-700,200,"sd","13:02:16",790500
96000,-800,3000,"bu","13:02:25",793500
96000,-800,500,"bu","13:02:48",794000
96000,-800,1300,"sd","13:02:54",795300
96000,-800,100,"bu","13:03:09",795400
95900,-900,300,"bu","13:03:23",795700
96100,-700,5000,"sd","13:03:24",800700
96100,-700,4100,"sd","13:03:49",804800
96200,-600,500,"bu","13:03:56",805300
96200,-600,100,"sd","13:04:07",805400
96100,-700,900,"sd","13:04:23",806300
96100,-700,200,"bu","13:04:48",806500
96100,-700,100,"bu","13:04:53",806600
96100,-700,4900,"bu","13:05:04",811500
96000,-800,1000,"bu","13:05:22",812500
96000,-800,400,"bu","13:05:24",812900
96000,-800,3400,"bu","13:05:55",816300
96000,-800,200,"bu","13:06:08",816500
96100,-700,100,"bu","13:06:30",816600
96000,-800,5000,"sd","13:07:36",821600
96000,-800,1000,"sd","13:07:49",822600
96100,-700,8500,"sd","13:08:07",831100
96100,-700,300,"sd","13:08:10",831400
96100,-700,3100,"sd","13:08:32",834500
96000,-800,4800,"bu","13:09:04",839300
96100,-700,3000,"bu","13:09:39",842300
95900,-900,11700,"sd","13:10:33",854000
95900,-900,3300,"bu","13:10:47",857300
95900,-900,100,"bu","13:10:59",857400
95900,-900,600,"bu","13:11:19",858000
95800,-1000,6000,"sd","13:11:47",864000
95900,-900,100,"sd","13:12:02",864100
95800,-1000,700,"bu","13:12:19",864800
95900,-900,200,"bu","13:12:49",865000
95900,-900,600,"bu","13:13:07",865600
95900,-900,300,"bu","13:14:02",865900
95800,-1000,1300,"bu","13:14:11",867200
95800,-1000,500,"sd","13:14:12",867700
95700,-1100,400,"bu","13:14:14",868100
95800,-1000,200,"sd","13:14:16",868300
95900,-900,100,"bu","13:14:49",868400
95900,-900,300,"bu","13:15:05",868700
95900,-900,400,"bu","13:15:51",869100
95900,-900,1000,"sd","13:16:37",870100
95800,-1000,300,"bu","13:16:57",870400
95900,-900,3300,"bu","13:17:03",873700
95800,-1000,1000,"sd","13:17:06",874700
95800,-1000,100,"bu","13:17:47",874800
95800,-1000,500,"sd","13:17:54",875300
95800,-1000,1600,"bu","13:17:57",876900
95800,-1000,2000,"bu","13:18:17",878900
95800,-1000,400,"bu","13:18:43",879300
95700,-1100,100,"sd","13:20:02",879400
95700,-1100,600,"sd","13:21:03",880000
95700,-1100,1500,"bu","13:21:45",881500
95700,-1100,5000,"sd","13:22:11",886500
95700,-1100,500,"sd","13:22:12",887000
95700,-1100,1700,"sd","13:22:24",888700
95700,-1100,500,"bu","13:22:52",889200
95700,-1100,100,"bu","13:23:08",889300
95700,-1100,3800,"bu","13:23:16",893100
95800,-1000,200,"sd","13:24:32",893300
95700,-1100,400,"sd","13:24:36",893700
95700,-1100,1000,"sd","13:25:04",894700
95800,-1000,1300,"sd","13:25:15",896000
95700,-1100,100,"sd","13:25:19",896100
95700,-1100,500,"sd","13:25:29",896600
95700,-1100,100,"bu","13:26:35",896700
95700,-1100,600,"bu","13:28:51",897300
95800,-1000,100,"sd","13:30:05",897400
95700,-1100,2000,"sd","13:31:22",899400
95800,-1000,100,"sd","13:31:25",899500
95800,-1000,1100,"bu","13:32:14",900600
95800,-1000,200,"bu","13:32:20",900800
95800,-1000,3700,"bu","13:32:22",904500
95900,-900,9100,"sd","13:32:32",913600
95800,-1000,1000,"bu","13:32:34",914600
95800,-1000,200,"bu","13:32:39",914800
95800,-1000,500,"sd","13:32:50",915300
95800,-1000,300,"sd","13:32:55",915600
95900,-900,3800,"sd","13:33:05",919400
95800,-1000,400,"sd","13:34:11",919800
95800,-1000,300,"bu","13:34:18",920100
95900,-900,1600,"sd","13:34:55",921700
95800,-1000,2000,"sd","13:35:07",923700
95900,-900,1100,"bu","13:35:18",924800
95900,-900,200,"bu","13:35:29",925000
95900,-900,5200,"sd","13:35:32",930200
96000,-800,400,"bu","13:35:41",930600
96000,-800,2000,"sd","13:36:20",932600
96000,-800,900,"sd","13:36:38",933500
96000,-800,300,"bu","13:36:43",933800
95900,-900,100,"bu","13:36:46",933900
96000,-800,500,"bu","13:37:20",934400
96000,-800,200,"bu","13:37:59",934600
95900,-900,100,"bu","13:38:17",934700
96000,-800,2100,"sd","13:38:18",936800
96000,-800,5400,"sd","13:38:22",942200
95900,-900,300,"sd","13:38:25",942500
96000,-800,3700,"sd","13:38:56",946200
96000,-800,500,"bu","13:39:05",946700
96000,-800,6200,"sd","13:39:06",952900
96000,-800,100,"bu","13:39:09",953000
96000,-800,4700,"bu","13:39:56",957700
96000,-800,100,"bu","13:40:06",957800
96000,-800,3000,"sd","13:40:33",960800
96000,-800,100,"sd","13:41:08",960900
96000,-800,1900,"sd","13:42:00",962800
96000,-800,100,"sd","13:42:05",962900
96100,-700,8600,"bu","13:42:27",971500
96100,-700,4800,"sd","13:42:46",976300
96100,-700,900,"bu","13:43:12",977200
96100,-700,600,"bu","13:43:18",977800
96100,-700,400,"bu","13:43:37",978200
96100,-700,300,"bu","13:43:47",978500
96100,-700,400,"sd","13:43:50",978900
96200,-600,5100,"bu","13:44:19",984000
96200,-600,13000,"bu","13:44:23",997000
96200,-600,700,"bu","13:44:34",997700
96300,-500,200,"bu","13:44:35",997900
96200,-600,500,"sd","13:44:37",998400
96300,-500,100,"sd","13:44:42",998500
96300,-500,33200,"sd","13:45:09",1031700
96300,-500,100,"bu","13:45:21",1031800
96300,-500,1200,"sd","13:45:39",1033000
96400,-400,300,"sd","13:45:42",1033300
96300,-500,1000,"bu","13:45:45",1034300
96200,-600,100,"bu","13:45:47",1034400
96300,-500,400,"sd","13:45:59",1034800
96300,-500,200,"bu","13:46:04",1035000
96400,-400,4300,"bu","13:46:32",1039300
96400,-400,200,"sd","13:46:54",1039500
96300,-500,12200,"bu","13:47:02",1051700
96300,-500,100,"sd","13:47:08",1051800
96200,-600,2500,"sd","13:47:09",1054300
96300,-500,2000,"sd","13:47:19",1056300
96200,-600,1000,"bu","13:47:22",1057300
96200,-600,3200,"sd","13:47:29",1060500
96200,-600,400,"sd","13:47:35",1060900
96200,-600,800,"bu","13:47:43",1061700
96200,-600,100,"bu","13:48:03",1061800
96200,-600,600,"bu","13:48:20",1062400
96200,-600,1300,"sd","13:48:29",1063700
96100,-700,300,"sd","13:49:05",1064000
96100,-700,1300,"bu","13:49:19",1065300
96100,-700,200,"sd","13:49:22",1065500
96000,-800,10000,"bu","13:50:14",1075500
96000,-800,2000,"sd","13:50:34",1077500
96000,-800,10000,"bu","13:51:04",1087500
96000,-800,10000,"bu","13:51:30",1097500
96000,-800,500,"sd","13:51:38",1098000
96000,-800,200,"sd","13:52:02",1098200
96000,-800,1700,"sd","13:52:38",1099900
96000,-800,800,"bu","13:52:40",1100700
96000,-800,2200,"sd","13:53:11",1102900
96000,-800,100,"bu","13:53:19",1103000
96000,-800,5000,"sd","13:53:30",1108000
96000,-800,200,"bu","13:53:49",1108200
96000,-800,1800,"bu","13:53:56",1110000
96000,-800,200,"bu","13:54:02",1110200
95900,-900,7000,"sd","13:54:16",1117200
95900,-900,2100,"bu","13:54:18",1119300
95800,-1000,100,"bu","13:54:24",1119400
95800,-1000,2000,"sd","13:54:49",1121400
95900,-900,4000,"bu","13:55:15",1125400
95900,-900,1000,"sd","13:55:20",1126400
95900,-900,400,"sd","13:55:21",1126800
95900,-900,500,"sd","13:55:46",1127300
96000,-800,15000,"bu","13:55:58",1142300
96000,-800,900,"bu","13:56:12",1143200
96000,-800,200,"sd","13:56:16",1143400
96000,-800,100,"bu","13:56:20",1143500
96200,-600,10100,"bu","13:57:13",1153600
96100,-700,200,"sd","13:58:07",1153800
96000,-800,1300,"sd","13:59:12",1155100
96000,-800,400,"bu","14:00:35",1155500
95800,-1000,3800,"bu","14:00:52",1159300
95800,-1000,300,"bu","14:00:54",1159600
95800,-1000,2100,"bu","14:02:08",1161700
95700,-1100,3800,"sd","14:02:10",1165500
95700,-1100,2000,"bu","14:02:31",1167500
95600,-1200,3800,"sd","14:02:36",1171300
95600,-1200,3800,"sd","14:02:53",1175100
95600,-1200,5000,"bu","14:02:58",1180100
95600,-1200,700,"sd","14:03:00",1180800
95600,-1200,1000,"sd","14:03:06",1181800
95500,-1300,10000,"sd","14:03:08",1191800
95500,-1300,3800,"sd","14:03:13",1195600
95500,-1300,600,"sd","14:03:23",1196200
95500,-1300,10000,"sd","14:03:30",1206200
95500,-1300,100,"sd","14:03:40",1206300
95600,-1200,1600,"sd","14:04:00",1207900
95600,-1200,400,"bu","14:04:02",1208300
95600,-1200,500,"sd","14:04:04",1208800
95700,-1100,1000,"sd","14:04:36",1209800
95700,-1100,100,"bu","14:04:39",1209900
95700,-1100,1400,"bu","14:04:50",1211300
95800,-1000,1400,"bu","14:05:07",1212700
95800,-1000,3800,"bu","14:05:16",1216500
95800,-1000,5000,"sd","14:05:21",1221500
95800,-1000,4500,"bu","14:05:27",1226000
95700,-1100,3900,"sd","14:05:48",1229900
95700,-1100,1900,"bu","14:05:55",1231800
95800,-1000,300,"bu","14:06:01",1232100
95600,-1200,3900,"sd","14:06:15",1236000
95800,-1000,200,"sd","14:06:21",1236200
95600,-1200,3800,"sd","14:06:30",1240000
95600,-1200,3800,"bu","14:06:59",1243800
95800,-1000,4800,"bu","14:07:30",1248600
95800,-1000,200,"sd","14:07:37",1248800
95800,-1000,1000,"sd","14:07:41",1249800
95800,-1000,3000,"bu","14:07:45",1252800
95500,-1300,4500,"sd","14:08:14",1257300
95900,-900,4200,"sd","14:09:09",1261500
95800,-1000,100,"bu","14:09:19",1261600
96000,-800,20000,"sd","14:09:58",1281600
95900,-900,100,"sd","14:10:10",1281700
96000,-800,2000,"sd","14:10:14",1283700
96000,-800,2000,"sd","14:10:46",1285700
96000,-800,300,"bu","14:10:58",1286000
96000,-800,1700,"bu","14:11:18",1287700
96100,-700,1000,"bu","14:11:58",1288700
96000,-800,500,"sd","14:11:59",1289200
96000,-800,3000,"sd","14:12:18",1292200
96100,-700,2000,"bu","14:12:23",1294200
96000,-800,100,"bu","14:12:48",1294300
96000,-800,500,"bu","14:13:57",1294800
96000,-800,4300,"sd","14:14:04",1299100
95900,-900,2000,"sd","14:15:28",1301100
96000,-800,100,"bu","14:15:32",1301200
96000,-800,200,"sd","14:15:41",1301400
95800,-1000,4000,"bu","14:16:03",1305400
95800,-1000,600,"bu","14:16:17",1306000
95700,-1100,200,"bu","14:16:41",1306200
95700,-1100,500,"sd","14:18:10",1306700
95700,-1100,500,"bu","14:18:20",1307200
95800,-1000,1200,"bu","14:18:22",1308400
95800,-1000,2100,"bu","14:18:43",1310500
95600,-1200,50000,"bu","14:19:11",1360500
95600,-1200,4700,"bu","14:19:15",1365200
95700,-1100,100,"sd","14:19:17",1365300
95500,-1300,5500,"bu","14:19:25",1370800
95500,-1300,10400,"sd","14:19:33",1381200
95500,-1300,200,"sd","14:19:39",1381400
95600,-1200,5000,"bu","14:19:45",1386400
95500,-1300,100,"bu","14:20:09",1386500
95600,-1200,3800,"bu","14:20:10",1390300
95600,-1200,100,"bu","14:20:17",1390400
95600,-1200,600,"sd","14:20:21",1391000
95600,-1200,3300,"bu","14:20:29",1394300
95600,-1200,1100,"bu","14:20:30",1395400
95800,-1000,100,"bu","14:20:47",1395500
95800,-1000,7300,"bu","14:20:56",1402800
95800,-1000,4600,"bu","14:21:15",1407400
95500,-1300,30000,"bu","14:21:17",1437400
95500,-1300,700,"sd","14:21:39",1438100
95800,-1000,100,"bu","14:21:52",1438200
95500,-1300,300,"bu","14:21:58",1438500
95700,-1100,100,"sd","14:22:13",1438600
95500,-1300,1300,"bu","14:23:06",1439900
95700,-1100,200,"bu","14:23:24",1440100
95500,-1300,400,"sd","14:23:31",1440500
95500,-1300,7000,"sd","14:23:43",1447500
95500,-1300,100,"sd","14:23:47",1447600
95500,-1300,1000,"bu","14:23:49",1448600
95500,-1300,100,"sd","14:23:51",1448700
95500,-1300,10000,"sd","14:23:56",1458700
95500,-1300,700,"sd","14:23:58",1459400
95500,-1300,9500,"bu","14:24:02",1468900
95500,-1300,2000,"sd","14:24:11",1470900
95400,-1400,900,"sd","14:24:23",1471800
95500,-1300,700,"sd","14:24:25",1472500
95300,-1500,70000,"bu","14:24:38",1542500
95300,-1500,10000,"sd","14:24:47",1552500
95500,-1300,1300,"bu","14:24:51",1553800
95300,-1500,800,"bu","14:25:04",1554600
95300,-1500,1000,"bu","14:25:09",1555600
95300,-1500,1300,"bu","14:25:39",1556900
95400,-1400,1500,"sd","14:25:43",1558400
95400,-1400,100,"sd","14:25:55",1558500
95500,-1300,5000,"bu","14:25:58",1563500
95400,-1400,1000,"bu","14:26:02",1564500
95500,-1300,700,"sd","14:26:13",1565200
95700,-1100,100,"sd","14:26:17",1565300
95500,-1300,300,"bu","14:26:21",1565600
95700,-1100,1000,"sd","14:26:36",1566600
95700,-1100,400,"sd","14:26:55",1567000
95700,-1100,700,"sd","14:27:06",1567700
95700,-1100,2000,"bu","14:27:11",1569700
95700,-1100,5200,"sd","14:27:14",1574900
95800,-1000,100,"sd","14:27:18",1575000
95800,-1000,900,"sd","14:27:25",1575900
95700,-1100,200,"bu","14:27:27",1576100
95700,-1100,100,"bu","14:27:34",1576200
95800,-1000,900,"bu","14:27:48",1577100
95700,-1100,100,"sd","14:27:59",1577200
95700,-1100,10400,"bu","14:28:06",1587600
95700,-1100,400,"sd","14:28:08",1588000
95700,-1100,700,"bu","14:28:44",1588700
95700,-1100,1500,"bu","14:28:48",1590200
95700,-1100,100,"bu","14:28:58",1590300
95700,-1100,400,"bu","14:29:03",1590700
95700,-1100,100,"bu","14:29:17",1590800
95700,-1100,200,"bu","14:29:22",1591000
95700,-1100,100,"sd","14:29:40",1591100
95700,-1100,4000,"bu","14:29:53",1595100
95600,-1200,300,"sd","14:29:55",1595400
96200,-600,116900,"bu","14:45:10",1712300
