"price","change","match_qtty","side","time","total_vol"
36600,-300,31000,"bu","09:15:05",31000
36550,-350,3100,"bu","09:15:13",34100
36550,-350,300,"sd","09:15:14",34400
36550,-350,100,"sd","09:16:02",34500
36600,-300,8200,"bu","09:16:10",42700
36300,-600,2200,"bu","09:16:37",44900
36550,-350,300,"sd","09:17:04",45200
36350,-550,400,"sd","09:17:09",45600
36350,-550,100,"bu","09:17:09",45700
36300,-600,2500,"sd","09:17:10",48200
36300,-600,400,"bu","09:17:10",48600
36300,-600,100,"bu","09:17:11",50200
36300,-600,700,"sd","09:17:11",51800
36300,-600,2000,"bu","09:17:11",54800
36300,-600,400,"bu","09:17:12",56400
36300,-600,400,"bu","09:17:12",55200
36300,-600,2500,"sd","09:17:13",57700
36300,-600,1700,"sd","09:17:13",59400
36300,-600,1100,"bu","09:17:14",60500
36300,-600,1100,"sd","09:17:14",61600
36300,-600,500,"sd","09:17:15",63700
36300,-600,900,"sd","09:17:15",64600
36300,-600,1400,"bu","09:17:16",66000
36300,-600,300,"sd","09:17:17",66300
36350,-550,500,"bu","09:18:05",66800
36300,-600,2100,"bu","09:18:06",68900
36300,-600,200,"bu","09:18:13",69100
36550,-350,3000,"sd","09:18:30",72100
36550,-350,300,"bu","09:18:31",72400
36550,-350,500,"sd","09:18:44",72900
36550,-350,1100,"bu","09:18:49",74000
36350,-550,100,"bu","09:18:53",75400
36350,-550,300,"sd","09:19:20",75700
36400,-500,2000,"sd","09:20:20",77700
36400,-500,200,"sd","09:20:21",77900
36500,-400,2100,"sd","09:21:20",80000
36500,-400,200,"bu","09:21:21",80200
36550,-350,4200,"sd","09:21:28",84400
36550,-350,4800,"sd","09:21:28",89200
36500,-400,900,"sd","09:21:29",90100
36500,-400,500,"sd","09:21:33",90600
36550,-350,200,"bu","09:21:56",90800
36600,-300,2000,"sd","09:22:07",92800
36600,-300,2000,"sd","09:22:13",94800
36550,-350,200,"sd","09:22:14",95000
36600,-300,2200,"bu","09:22:16",97200
36550,-350,200,"sd","09:22:18",97400
36600,-300,2000,"bu","09:22:19",99400
36550,-350,200,"bu","09:22:21",99600
36600,-300,2000,"sd","09:22:25",101600
36550,-350,200,"sd","09:22:27",101800
36600,-300,2000,"bu","09:22:32",103800
36550,-350,200,"sd","09:22:33",104000
36550,-350,700,"sd","09:22:37",104700
36550,-350,1600,"sd","09:22:45",106300
36600,-300,1000,"sd","09:23:02",107300
36550,-350,100,"sd","09:23:03",107400
36550,-350,2500,"sd","09:23:09",109900
36550,-350,200,"bu","09:23:11",110100
36550,-350,500,"bu","09:23:17",110600
36550,-350,300,"sd","09:23:38",110900
36600,-300,10000,"sd","09:23:42",120900
36600,-300,1100,"sd","09:23:45",122000
36600,-300,200,"sd","09:24:02",122200
36650,-250,600,"sd","09:24:07",122800
36650,-250,1300,"sd","09:24:08",124100
36650,-250,100,"bu","09:24:09",124200
36700,-200,1000,"sd","09:24:26",125200
36650,-250,3100,"bu","09:24:27",128300
36650,-250,300,"bu","09:24:29",128600
36700,-200,800,"sd","09:24:36",129400
36700,-200,500,"bu","09:25:17",129900
36700,-200,200,"sd","09:25:29",130100
36700,-200,300,"sd","09:25:35",130400
36650,-250,1000,"bu","09:26:00",131400
36650,-250,100,"sd","09:26:01",131500
36650,-250,2000,"sd","09:26:12",133500
36650,-250,700,"sd","09:26:13",134200
36650,-250,900,"sd","09:26:44",135100
36600,-300,800,"bu","09:27:17",135900
36600,-300,1000,"sd","09:27:35",136900
36600,-300,100,"sd","09:27:37",137000
36600,-300,1000,"sd","09:27:42",138000
36600,-300,100,"sd","09:27:43",138100
36600,-300,5000,"sd","09:27:44",143100
36600,-300,500,"sd","09:27:45",143600
36550,-350,10000,"bu","09:27:46",153600
36550,-350,1000,"sd","09:27:48",154600
36550,-350,100,"sd","09:27:49",154700
36550,-350,200,"bu","09:27:57",154900
36550,-350,1100,"sd","09:28:42",156000
36550,-350,1200,"bu","09:29:29",157200
36550,-350,500,"sd","09:29:31",157700
36550,-350,1600,"bu","09:29:57",159300
36600,-300,5100,"sd","09:30:03",164400
36500,-400,500,"bu","09:30:05",164900
36500,-400,2000,"sd","09:30:29",166900
36500,-400,200,"sd","09:30:29",167100
36500,-400,2700,"bu","09:30:41",169800
36400,-500,200,"sd","09:30:43",170000
36400,-500,3900,"sd","09:31:18",173900
36350,-550,300,"sd","09:31:19",174200
36350,-550,2300,"bu","09:32:11",176500
36400,-500,1400,"sd","09:32:29",177900
36350,-550,100,"sd","09:32:31",178000
36400,-500,1000,"bu","09:33:38",179000
36350,-550,100,"bu","09:33:40",179100
36350,-550,300,"bu","09:33:45",179400
36350,-550,2000,"bu","09:33:50",181400
36350,-550,200,"sd","09:33:52",181600
36350,-550,22000,"sd","09:34:43",203600
36350,-550,200,"bu","09:34:45",203800
36400,-500,600,"sd","09:35:16",204400
36400,-500,1000,"bu","09:36:23",205400
36350,-550,3600,"sd","09:36:25",209000
36300,-600,100,"bu","09:36:26",209100
36300,-600,300,"bu","09:36:27",209400
36350,-550,100,"bu","09:37:38",209500
36350,-550,500,"bu","09:37:46",210000
36350,-550,500,"bu","09:37:48",210500
36350,-550,5500,"sd","09:38:28",216000
36350,-550,500,"sd","09:38:29",216500
36350,-550,2000,"sd","09:39:31",218500
36350,-550,200,"sd","09:39:31",218700
36350,-550,100,"bu","09:40:13",218800
36350,-550,400,"sd","09:40:42",219200
36350,-550,2000,"bu","09:41:05",221200
36300,-600,200,"bu","09:41:07",221400
36350,-550,100,"bu","09:41:10",221500
36300,-600,300,"bu","09:41:18",221800
36300,-600,2000,"bu","09:41:36",223800
36300,-600,200,"bu","09:41:42",224000
36350,-550,8000,"bu","09:41:47",232000
36300,-600,800,"bu","09:41:48",232800
36350,-550,100,"sd","09:42:14",232900
36350,-550,200,"sd","09:42:22",233100
36350,-550,1500,"sd","09:42:25",234600
36300,-600,100,"sd","09:42:28",234700
36350,-550,1800,"sd","09:42:32",236500
36300,-600,100,"sd","09:42:34",236600
36350,-550,2000,"sd","09:42:42",238600
36300,-600,200,"sd","09:42:43",238800
36300,-600,5500,"sd","09:42:54",244300
36350,-550,100,"bu","09:43:54",244400
36400,-500,400,"sd","09:44:07",244800
36350,-550,100,"bu","09:44:59",244900
36400,-500,300,"sd","09:45:20",245200
36350,-550,6600,"sd","09:45:56",251800
36300,-600,600,"bu","09:45:57",252400
36350,-550,2000,"bu","09:46:19",254400
36300,-600,200,"bu","09:46:22",254600
36350,-550,1600,"bu","09:46:57",256200
36350,-550,100,"bu","09:46:57",256300
36350,-550,300,"bu","09:47:46",256600
36350,-550,400,"sd","09:48:03",257000
36350,-550,100,"bu","09:50:20",257100
36400,-500,300,"bu","09:50:37",257400
36350,-550,5400,"sd","09:50:46",262800
36350,-550,500,"bu","09:50:54",263300
36400,-500,200,"bu","09:51:22",263500
36400,-500,20000,"bu","09:52:20",283500
36350,-550,2000,"sd","09:52:22",285500
36350,-550,500,"sd","09:53:31",286000
36350,-550,5000,"sd","09:53:40",291000
36350,-550,500,"sd","09:53:41",291500
36350,-550,1700,"sd","09:57:57",293200
36350,-550,100,"bu","09:57:58",293300
36350,-550,400,"bu","09:58:00",293700
36400,-500,2000,"sd","10:01:10",295700
36350,-550,200,"sd","10:01:12",295900
36350,-550,5000,"bu","10:01:31",300900
36350,-550,1600,"bu","10:02:51",302500
36350,-550,700,"bu","10:04:14",304200
36350,-550,1700,"bu","10:04:15",305900
36300,-600,2900,"bu","10:04:16",308800
36300,-600,5200,"sd","10:05:22",314000
36300,-600,500,"bu","10:05:24",314500
36350,-550,200,"sd","10:07:29",314700
36350,-550,300,"sd","10:07:39",315000
36350,-550,500,"bu","10:07:46",315500
36350,-550,500,"bu","10:08:00",316000
36350,-550,200,"sd","10:08:06",316200
36300,-600,5500,"sd","10:08:08",321700
36350,-550,200,"bu","10:08:15",321900
36350,-550,100,"sd","10:08:19",322000
36350,-550,200,"sd","10:08:23",322200
36350,-550,400,"sd","10:08:25",322600
36300,-600,5500,"sd","10:08:33",328100
36300,-600,500,"sd","10:08:34",328600
36350,-550,100,"bu","10:08:39",328700
36350,-550,200,"bu","10:08:42",328900
36350,-550,300,"sd","10:08:59",329200
36350,-550,200,"sd","10:09:00",329400
36300,-600,10000,"sd","10:09:01",339400
36300,-600,1000,"bu","10:09:02",340400
36300,-600,100,"bu","10:09:04",340500
36350,-550,300,"sd","10:09:09",340800
36350,-550,200,"bu","10:09:18",341000
36350,-550,100,"bu","10:09:19",341100
36350,-550,200,"sd","10:09:26",341300
36300,-600,300,"bu","10:09:34",341600
36350,-550,200,"bu","10:09:36",341800
36350,-550,100,"bu","10:09:40",341900
36300,-600,7000,"sd","10:09:40",348900
36300,-600,700,"bu","10:09:42",349600
36350,-550,300,"sd","10:09:54",349900
36350,-550,100,"bu","10:09:59",350000
36350,-550,200,"bu","10:10:02",350200
36350,-550,200,"sd","10:10:12",350400
36350,-550,300,"sd","10:10:21",350700
36350,-550,1000,"bu","10:10:59",351700
36350,-550,200,"sd","10:11:06",351900
36350,-550,300,"sd","10:11:20",352200
36350,-550,1400,"bu","10:11:25",353600
36250,-650,100,"sd","10:11:26",353700
36350,-550,200,"sd","10:11:34",353900
36350,-550,100,"bu","10:11:40",354000
36350,-550,200,"bu","10:11:43",354200
36350,-550,300,"bu","10:11:59",354500
36350,-550,200,"sd","10:12:01",354700
36350,-550,400,"sd","10:12:19",355100
36350,-550,300,"bu","10:12:31",355400
36350,-550,500,"bu","10:12:40",355900
36300,-600,900,"bu","10:12:46",356800
36300,-600,200,"bu","10:12:50",357000
36300,-600,700,"bu","10:12:56",357700
36300,-600,400,"bu","10:13:06",358100
36300,-600,300,"bu","10:13:20",358400
36300,-600,200,"sd","10:13:25",358600
36250,-650,3900,"sd","10:13:37",362500
36250,-650,300,"bu","10:13:38",362800
36300,-600,100,"bu","10:13:40",362900
36300,-600,200,"bu","10:13:43",363100
36300,-600,600,"bu","10:14:01",363700
36300,-600,200,"sd","10:14:10",364100
36300,-600,200,"sd","10:14:19",364300
36300,-600,300,"sd","10:14:28",364600
36250,-650,2400,"sd","10:14:37",367000
36250,-650,200,"bu","10:14:38",367200
36300,-600,500,"sd","10:14:57",367700
36200,-700,16200,"bu","10:14:58",383900
36200,-700,400,"bu","10:15:00",384300
36200,-700,700,"bu","10:15:06",385000
36200,-700,1000,"bu","10:15:08",386000
36300,-600,300,"bu","10:15:15",386300
36200,-700,300,"bu","10:15:23",386600
36350,-550,200,"bu","10:15:24",386800
36350,-550,1000,"sd","10:16:00",387800
36350,-550,200,"sd","10:16:10",388000
36350,-550,500,"sd","10:16:22",388500
36350,-550,200,"sd","10:16:26",388700
36200,-700,700,"bu","10:16:40",389400
36350,-550,100,"sd","10:16:41",389500
36350,-550,200,"sd","10:16:45",389700
36350,-550,300,"bu","10:17:02",390000
36350,-550,200,"sd","10:17:03",390200
36350,-550,500,"sd","10:17:21",390700
36350,-550,200,"sd","10:17:30",390900
36350,-550,300,"bu","10:17:41",391200
36200,-700,1200,"sd","10:17:53",392400
36150,-750,100,"bu","10:17:54",392500
36200,-700,200,"bu","10:18:07",392700
36200,-700,300,"sd","10:18:22",393000
36200,-700,200,"sd","10:18:26",393200
36200,-700,300,"sd","10:18:42",393500
36200,-700,200,"bu","10:18:43",393700
36200,-700,500,"sd","10:19:02",394200
36150,-750,400,"bu","10:19:03",394600
36200,-700,200,"sd","10:19:11",394800
36200,-700,300,"sd","10:19:22",395100
36200,-700,200,"sd","10:19:29",395300
36200,-700,300,"bu","10:19:46",395600
36200,-700,300,"bu","10:19:48",395900
36200,-700,200,"bu","10:19:56",396100
36200,-700,100,"bu","10:19:57",396200
36200,-700,400,"bu","10:20:05",396600
36200,-700,200,"bu","10:20:14",396800
36200,-700,100,"sd","10:20:23",396900
36200,-700,500,"sd","10:20:32",397400
36150,-750,100,"sd","10:20:34",397500
36150,-750,3400,"bu","10:20:39",400900
36100,-800,300,"bu","10:20:40",401200
36150,-750,200,"sd","10:20:52",401400
36100,-800,400,"sd","10:20:53",401800
36150,-750,200,"sd","10:21:01",402000
36150,-750,100,"bu","10:21:03",402100
36150,-750,200,"sd","10:21:10",402300
36150,-750,1800,"sd","10:21:23",404100
36150,-750,300,"bu","10:21:28",404400
36150,-750,5200,"sd","10:21:42",409600
36150,-750,100,"sd","10:21:44",409700
36100,-800,1900,"sd","10:21:45",411600
36050,-850,100,"bu","10:21:46",411700
36100,-800,600,"sd","10:21:51",412300
36150,-750,200,"sd","10:22:06",412500
36150,-750,1200,"sd","10:22:41",413700
36150,-750,200,"bu","10:22:43",413900
36150,-750,100,"sd","10:22:44",414000
36150,-750,200,"sd","10:22:51",414200
36100,-800,2000,"sd","10:23:02",416200
36150,-750,500,"sd","10:23:03",417400
36200,-700,200,"sd","10:23:04",417600
36200,-700,200,"sd","10:23:09",417800
36200,-700,300,"sd","10:23:25",418100
36200,-700,500,"sd","10:23:37",418600
36200,-700,300,"bu","10:23:45",418900
36200,-700,800,"bu","10:23:49",423900
36150,-750,500,"bu","10:23:50",424400
36200,-700,200,"bu","10:23:54",424600
36200,-700,300,"bu","10:24:05",424900
36200,-700,300,"bu","10:24:13",425200
36200,-700,100,"sd","10:24:19",425300
36200,-700,200,"sd","10:24:22",425500
36200,-700,100,"sd","10:24:23",425600
36350,-550,300,"bu","10:24:31",425900
36350,-550,200,"bu","10:24:40",426100
36350,-550,300,"bu","10:24:49",426400
36400,-500,2600,"bu","10:25:06",429000
36400,-500,200,"bu","10:25:07",429200
36400,-500,500,"bu","10:25:26",429700
36350,-550,2300,"bu","10:25:43",432000
36400,-500,200,"sd","10:25:54",432200
36400,-500,700,"bu","10:26:21",432900
36400,-500,100,"bu","10:26:26",433000
36400,-500,200,"sd","10:26:30",433200
36400,-500,300,"bu","10:26:46",433500
36400,-500,200,"sd","10:26:49",433700
36400,-500,500,"sd","10:27:07",434200
36400,-500,200,"bu","10:27:16",434400
36400,-500,300,"sd","10:27:27",434700
36400,-500,200,"sd","10:27:33",434900
36400,-500,300,"bu","10:27:47",435200
36400,-500,200,"bu","10:27:51",435400
36400,-500,300,"bu","10:28:07",435700
36400,-500,200,"bu","10:28:09",435900
36150,-750,10700,"sd","10:28:24",446600
36200,-700,200,"bu","10:28:28",446800
36400,-500,500,"sd","10:28:47",447300
36400,-500,200,"sd","10:28:55",447500
36150,-750,3500,"sd","10:29:00",451000
36100,-800,300,"sd","10:29:01",451300
36150,-750,1000,"sd","10:29:05",452300
36100,-800,100,"bu","10:29:07",452400
36150,-750,200,"bu","10:29:15",452600
36150,-750,400,"bu","10:29:24",453000
36350,-550,300,"sd","10:29:32",453300
36400,-500,300,"bu","10:29:49",453600
36400,-500,200,"sd","10:29:51",453800
36400,-500,100,"sd","10:29:53",453900
36400,-500,200,"sd","10:30:00",454100
36400,-500,300,"sd","10:30:09",454400
36400,-500,200,"sd","10:30:17",454600
36400,-500,300,"bu","10:30:29",454900
36400,-500,200,"bu","10:30:36",455100
36400,-500,300,"bu","10:30:50",455400
36400,-500,200,"bu","10:30:54",455600
36400,-500,600,"bu","10:31:09",456200
36400,-500,200,"bu","10:31:11",456400
36400,-500,500,"bu","10:31:30",456900
36400,-500,200,"bu","10:31:39",457100
36400,-500,300,"sd","10:31:50",457400
36400,-500,200,"sd","10:31:57",457600
36300,-600,500,"sd","10:32:10",458100
36300,-600,200,"bu","10:32:15",458300
36400,-500,300,"bu","10:32:30",458600
36400,-500,400,"sd","10:32:42",459000
36400,-500,100,"bu","10:32:51",459100
36400,-500,200,"bu","10:32:52",459300
36400,-500,500,"sd","10:33:11",459800
36400,-500,500,"sd","10:33:15",460300
36400,-500,200,"bu","10:33:18",460500
36400,-500,300,"bu","10:33:31",460800
36400,-500,500,"sd","10:33:33",461300
36400,-500,200,"bu","10:33:36",461500
36400,-500,1900,"sd","10:33:47",463400
36250,-650,100,"bu","10:33:48",463500
36400,-500,300,"bu","10:33:54",463800
36400,-500,1000,"sd","10:34:32",464800
36400,-500,200,"sd","10:34:39",465000
36400,-500,100,"bu","10:34:46",465100
36400,-500,200,"bu","10:34:49",465300
36400,-500,100,"sd","10:34:52",465400
36400,-500,200,"sd","10:34:57",465600
36400,-500,300,"sd","10:35:13",465900
36400,-500,200,"sd","10:35:15",466100
36400,-500,500,"sd","10:35:25",466600
36400,-500,300,"bu","10:35:33",466900
36400,-500,500,"bu","10:35:53",467400
36400,-500,700,"bu","10:36:10",468100
36250,-650,400,"bu","10:36:13",468500
36250,-650,200,"bu","10:36:30",468700
36200,-700,600,"bu","10:36:34",469300
36200,-700,200,"bu","10:36:50",469500
36200,-700,300,"bu","10:36:59",469800
36200,-700,200,"bu","10:37:08",470000
36200,-700,100,"sd","10:37:15",470100
36200,-700,200,"bu","10:37:17",470300
36200,-700,500,"bu","10:37:36",470800
36200,-700,300,"bu","10:37:44",471100
36150,-750,1200,"sd","10:37:54",472300
36200,-700,300,"bu","10:38:02",472600
36200,-700,300,"sd","10:38:12",472900
36200,-700,600,"bu","10:38:24",473500
36400,-500,1000,"sd","10:38:27",474500
36150,-750,100,"bu","10:38:29",474600
36400,-500,200,"sd","10:38:30",474800
36400,-500,100,"sd","10:38:36",474900
36400,-500,400,"sd","10:38:47",475300
36400,-500,300,"bu","10:38:57",475600
36400,-500,200,"bu","10:39:06",475800
36400,-500,300,"bu","10:39:17",476100
36400,-500,200,"sd","10:39:23",476300
36400,-500,200,"bu","10:39:32",476500
36400,-500,300,"bu","10:39:41",476800
36400,-500,300,"bu","10:39:51",477100
36400,-500,100,"bu","10:39:57",477200
36400,-500,200,"bu","10:40:00",477400
36400,-500,200,"sd","10:40:09",477600
36400,-500,500,"bu","10:40:26",478100
36400,-500,200,"sd","10:40:35",478300
36400,-500,300,"bu","10:40:44",478600
36200,-700,1300,"bu","10:40:48",479900
36250,-650,200,"sd","10:41:04",480100
36250,-650,300,"bu","10:41:19",480400
36250,-650,200,"sd","10:41:22",480600
36250,-650,300,"bu","10:41:31",480900
36250,-650,100,"bu","10:41:39",481000
36250,-650,200,"bu","10:41:40",481200
36250,-650,500,"sd","10:41:59",481700
36250,-650,200,"bu","10:42:07",481900
36250,-650,300,"sd","10:42:19",482200
36250,-650,200,"bu","10:42:25",482400
36250,-650,300,"sd","10:42:40",482700
36250,-650,300,"sd","10:42:43",483000
36250,-650,200,"sd","10:42:53",483200
36250,-650,100,"bu","10:43:01",483300
36250,-650,200,"sd","10:43:02",483500
36250,-650,2900,"bu","10:43:20",486400
36250,-650,100,"bu","10:43:21",486500
36200,-700,200,"bu","10:43:22",486700
36400,-500,500,"sd","10:43:42",487200
36400,-500,300,"bu","10:43:46",487500
36400,-500,200,"bu","10:43:55",487700
36400,-500,100,"sd","10:44:02",487800
36300,-600,200,"bu","10:44:05",488000
36300,-600,300,"sd","10:44:13",488300
36300,-600,600,"sd","10:44:31",488900
36300,-600,300,"bu","10:44:42",489200
36200,-700,300,"sd","10:44:44",489500
36300,-600,200,"sd","10:44:50",489700
36300,-600,300,"bu","10:45:02",490000
36300,-600,200,"bu","10:45:07",490200
36250,-650,300,"bu","10:45:23",490500
36250,-650,500,"sd","10:45:35",491000
36250,-650,300,"bu","10:45:44",491300
36250,-650,300,"sd","10:45:53",491600
36250,-650,200,"sd","10:46:01",491800
36250,-650,100,"bu","10:46:04",491900
36250,-650,300,"bu","10:46:10",492200
36250,-650,500,"bu","10:46:19",492700
36250,-650,100,"bu","10:46:25",492800
36250,-650,200,"bu","10:46:29",493000
36250,-650,300,"sd","10:46:36",493300
36250,-650,200,"bu","10:46:38",493500
36250,-650,100,"sd","10:46:45",493600
36250,-650,200,"sd","10:46:46",493800
36250,-650,500,"sd","10:47:06",494300
36250,-650,200,"bu","10:47:14",494500
36300,-600,300,"sd","10:47:26",494800
36300,-600,300,"sd","10:47:32",495100
36300,-600,200,"bu","10:47:41",495300
36300,-600,100,"bu","10:47:46",495400
36300,-600,200,"bu","10:47:50",495600
36300,-600,300,"sd","10:48:07",495900
36300,-600,200,"bu","10:48:08",496100
36300,-600,500,"bu","10:48:28",496600
36300,-600,200,"sd","10:48:36",496800
36300,-600,300,"bu","10:48:47",497100
36300,-600,200,"sd","10:48:54",497300
36300,-600,300,"sd","10:49:08",497600
36300,-600,200,"sd","10:49:12",497800
36300,-600,300,"sd","10:49:28",498100
36300,-600,400,"bu","10:49:45",498500
36400,-500,200,"sd","10:49:47",498700
36400,-500,500,"bu","10:50:06",499200
36400,-500,100,"bu","10:50:10",499300
36400,-500,200,"sd","10:50:14",499500
36400,-500,300,"sd","10:50:29",499800
36400,-500,300,"bu","10:50:32",500100
36350,-550,200,"bu","10:50:41",500300
36200,-700,3000,"bu","10:50:49",503300
36200,-700,300,"sd","10:50:50",503600
36350,-550,900,"sd","10:51:31",504500
36350,-550,200,"bu","10:51:37",504700
36350,-550,300,"bu","10:51:52",505000
36350,-550,200,"sd","10:51:55",505200
36350,-550,300,"bu","10:52:12",505500
36350,-550,200,"bu","10:52:13",505700
36350,-550,500,"sd","10:52:33",506200
36350,-550,200,"sd","10:52:40",506400
36350,-550,300,"bu","10:52:52",506700
36350,-550,200,"bu","10:52:58",506900
36350,-550,300,"bu","10:53:13",507200
36350,-550,300,"bu","10:53:16",507500
36350,-550,200,"sd","10:53:25",507700
36350,-550,400,"bu","10:53:34",508100
36350,-550,200,"sd","10:53:43",508300
36350,-550,200,"sd","10:53:52",508500
36350,-550,500,"bu","10:54:10",509000
36350,-550,100,"bu","10:54:15",509100
36350,-550,200,"bu","10:54:20",509300
36350,-550,200,"bu","10:54:28",509500
36350,-550,300,"sd","10:54:37",509800
36350,-550,500,"sd","10:54:55",510300
36350,-550,200,"bu","10:55:03",510500
36300,-600,300,"bu","10:55:16",510800
36200,-700,500,"bu","10:55:18",511300
36300,-600,200,"sd","10:55:21",511500
36300,-600,300,"sd","10:55:37",511800
36300,-600,200,"bu","10:55:40",512000
36300,-600,300,"sd","10:55:57",512300
36300,-600,200,"sd","10:55:58",512500
36300,-600,300,"sd","10:56:07",512800
36300,-600,200,"sd","10:56:16",513000
36300,-600,300,"sd","10:56:28",513300
36300,-600,500,"bu","10:56:37",513800
36350,-550,100,"sd","10:56:38",513900
36350,-550,200,"bu","10:56:44",514100
36300,-600,1000,"sd","10:56:46",515100
36300,-600,100,"sd","10:56:47",515200
36350,-550,200,"sd","10:56:52",515400
36350,-550,100,"sd","10:56:59",515500
36350,-550,200,"sd","10:57:01",515700
36300,-600,400,"sd","10:57:03",516100
36300,-600,200,"bu","10:57:09",516300
36300,-600,300,"bu","10:57:10",516600
36300,-600,200,"bu","10:57:32",516800
36300,-600,600,"sd","10:57:55",517400
36300,-600,200,"sd","10:57:58",517600
36300,-600,300,"sd","10:58:00",517900
36300,-600,400,"bu","10:58:16",518300
36350,-550,100,"sd","10:58:21",518400
36350,-550,200,"bu","10:58:25",518600
36350,-550,300,"bu","10:58:42",518900
36350,-550,200,"bu","10:58:44",519100
36350,-550,500,"bu","10:59:02",519600
36350,-550,200,"bu","10:59:11",519800
36350,-550,300,"bu","10:59:23",520100
36350,-550,400,"sd","10:59:29",520500
36350,-550,2700,"bu","10:59:30",523200
36300,-600,200,"sd","10:59:32",523400
36350,-550,300,"sd","10:59:47",523700
36350,-550,3200,"sd","10:59:58",526900
36300,-600,300,"bu","10:59:59",527200
36350,-550,1200,"sd","11:00:12",528400
36200,-700,100,"bu","11:00:13",528500
36400,-500,200,"bu","11:00:16",528700
36400,-500,100,"sd","11:00:24",528800
36400,-500,300,"bu","11:00:25",529100
36400,-500,200,"sd","11:00:34",529300
36400,-500,300,"bu","11:00:42",529600
36400,-500,100,"bu","11:00:44",529700
36400,-500,200,"bu","11:00:51",529900
36400,-500,300,"sd","11:01:05",530200
36400,-500,300,"bu","11:01:10",530500
36400,-500,200,"bu","11:01:18",530700
36400,-500,100,"sd","11:01:26",530800
36400,-500,200,"sd","11:01:28",531000
36400,-500,500,"bu","11:01:47",531500
36400,-500,200,"bu","11:01:57",531700
36400,-500,300,"bu","11:02:07",532000
36400,-500,200,"bu","11:02:12",532200
36400,-500,400,"sd","11:02:28",532600
36400,-500,700,"bu","11:02:48",533300
36400,-500,500,"sd","11:03:08",533800
36400,-500,400,"bu","11:03:25",534200
36400,-500,100,"bu","11:03:29",534300
36400,-500,1000,"sd","11:03:39",535300
36400,-500,200,"sd","11:03:43",535500
36400,-500,100,"sd","11:03:49",535600
36400,-500,200,"sd","11:03:51",535800
36400,-500,500,"bu","11:03:52",536300
36250,-650,300,"bu","11:03:55",536600
36400,-500,200,"sd","11:04:01",536800
36400,-500,300,"bu","11:04:10",537100
36400,-500,200,"bu","11:04:20",537300
36400,-500,300,"bu","11:04:31",537600
36400,-500,300,"sd","11:04:37",537900
36400,-500,200,"sd","11:04:46",538100
36400,-500,100,"sd","11:04:52",538200
36400,-500,200,"sd","11:04:55",538400
36400,-500,300,"bu","11:05:13",538700
36450,-450,400,"bu","11:05:22",539100
36450,-450,300,"sd","11:05:33",539400
36450,-450,200,"bu","11:05:40",539600
36400,-500,800,"bu","11:06:14",540400
36450,-450,200,"bu","11:06:17",540600
36450,-450,300,"sd","11:06:35",540900
36450,-450,200,"bu","11:06:36",541100
36450,-450,500,"sd","11:06:55",541600
36450,-450,200,"sd","11:07:02",541800
36450,-450,300,"bu","11:07:16",542100
36450,-450,200,"bu","11:07:20",542300
36450,-450,300,"sd","11:07:37",542600
36450,-450,300,"bu","11:07:38",542900
36450,-450,200,"bu","11:07:47",543100
36450,-450,300,"sd","11:07:57",543400
36450,-450,200,"bu","11:08:08",543600
36450,-450,300,"bu","11:08:18",543900
36450,-450,200,"sd","11:08:24",544100
36450,-450,300,"sd","11:08:39",544400
36450,-450,200,"sd","11:08:41",544600
36450,-450,300,"bu","11:08:59",544900
36450,-450,200,"bu","11:09:00",545100
36450,-450,5200,"sd","11:09:12",550300
36350,-550,500,"bu","11:09:13",550800
36450,-450,200,"sd","11:09:18",551000
36450,-450,100,"sd","11:09:19",551100
36450,-450,1000,"bu","11:09:26",552100
36450,-450,200,"bu","11:09:27",552300
36450,-450,200,"bu","11:09:35",552500
36450,-450,100,"bu","11:09:40",552600
36450,-450,300,"sd","11:09:45",552900
36450,-450,200,"sd","11:09:54",553100
36450,-450,100,"bu","11:10:01",553200
36450,-450,200,"bu","11:10:02",553400
36450,-450,500,"sd","11:10:22",553900
36450,-450,200,"bu","11:10:30",554100
36450,-450,300,"sd","11:10:42",554400
36450,-450,200,"sd","11:10:47",554600
36450,-450,300,"bu","11:11:03",554900
36500,-400,200,"bu","11:11:06",555100
36400,-500,100,"bu","11:11:12",555200
36500,-400,200,"bu","11:11:15",555400
36500,-400,800,"sd","11:11:45",556200
36500,-400,200,"sd","11:11:51",556400
36500,-400,300,"sd","11:12:05",556700
36500,-400,200,"bu","11:12:09",556900
36500,-400,1200,"bu","11:12:47",558100
36500,-400,200,"bu","11:12:55",558300
36500,-400,300,"sd","11:13:07",558600
36500,-400,200,"sd","11:13:13",558800
36500,-400,300,"sd","11:13:28",559100
36500,-400,200,"bu","11:13:32",559300
36400,-500,100,"bu","11:13:38",559400
36500,-400,700,"sd","11:13:50",560100
36500,-400,200,"bu","11:13:59",560300
36500,-400,300,"bu","11:14:09",560600
36500,-400,200,"bu","11:14:16",560800
36500,-400,300,"sd","11:14:31",561100
36500,-400,200,"bu","11:14:35",561300
36500,-400,300,"sd","11:14:50",561600
36500,-400,200,"bu","11:14:52",561800
36500,-400,700,"bu","11:15:03",562500
36500,-400,300,"sd","11:15:11",562800
36500,-400,200,"sd","11:15:19",563000
36500,-400,300,"sd","11:15:29",563300
36500,-400,300,"bu","11:15:37",563600
36500,-400,500,"bu","11:15:53",564100
36500,-400,400,"sd","11:15:56",564500
36500,-400,500,"bu","11:16:13",565000
36500,-400,200,"bu","11:16:15",565200
36500,-400,300,"bu","11:16:23",565500
36500,-400,200,"bu","11:16:32",565700
36450,-450,2400,"bu","11:16:33",568100
36400,-500,200,"bu","11:16:35",568300
36450,-450,300,"sd","11:16:55",568600
36450,-450,200,"bu","11:17:00",568800
36450,-450,300,"sd","11:17:16",569100
36450,-450,400,"bu","11:17:18",569500
36450,-450,500,"sd","11:17:38",570000
36450,-450,200,"bu","11:17:45",570200
36450,-450,300,"sd","11:17:57",570500
36450,-450,300,"bu","11:18:03",570800
36450,-450,200,"bu","11:18:13",571000
36450,-450,200,"bu","11:18:15",571200
36500,-400,100,"bu","11:18:19",571300
36500,-400,200,"sd","11:18:21",571500
36450,-450,100,"sd","11:18:23",571600
36500,-400,200,"sd","11:18:30",571800
36500,-400,100,"sd","11:18:39",571900
36500,-400,200,"sd","11:18:40",572100
36400,-500,1800,"sd","11:18:51",573900
36450,-450,300,"bu","11:19:09",574200
36450,-450,200,"sd","11:19:17",574400
36450,-450,200,"bu","11:19:21",574600
36500,-400,200,"sd","11:19:27",574800
36500,-400,300,"sd","11:19:41",575100
36500,-400,200,"bu","11:19:44",575300
36500,-400,300,"bu","11:20:02",575600
36500,-400,200,"bu","11:20:03",575800
36300,-600,1400,"bu","11:20:09",577200
36400,-500,200,"bu","11:20:22",577400
36400,-500,500,"sd","11:20:33",577900
36450,-450,200,"sd","11:20:41",578100
36500,-400,100,"sd","11:20:44",578200
36500,-400,200,"sd","11:20:50",578400
36500,-400,300,"sd","11:21:05",578700
36500,-400,200,"sd","11:21:08",578900
36500,-400,1000,"bu","11:21:47",579900
36500,-400,200,"sd","11:21:53",580100
36500,-400,300,"sd","11:22:07",580400
36500,-400,200,"bu","11:22:10",580600
36500,-400,300,"bu","11:22:27",580900
36500,-400,200,"bu","11:22:28",581100
36500,-400,500,"sd","11:22:48",581600
36500,-400,300,"sd","11:22:55",581900
36500,-400,200,"sd","11:23:05",582100
36500,-400,500,"sd","11:23:07",582600
36500,-400,100,"sd","11:23:10",582700
36500,-400,200,"sd","11:23:13",582900
36500,-400,300,"bu","11:23:27",583200
36500,-400,300,"sd","11:23:31",583500
36500,-400,500,"bu","11:23:51",584000
36450,-450,2100,"sd","11:24:09",586100
36500,-400,300,"bu","11:24:18",586400
36500,-400,200,"sd","11:24:27",586600
36500,-400,100,"sd","11:24:33",586700
36500,-400,200,"bu","11:24:35",586900
36500,-400,300,"bu","11:24:53",587200
36500,-400,300,"bu","11:24:54",587500
36450,-450,500,"sd","11:24:58",588000
36500,-400,800,"sd","11:25:10",588800
36500,-400,100,"bu","11:25:13",588900
36500,-400,800,"sd","11:25:17",589700
36500,-400,200,"sd","11:25:21",589900
36500,-400,300,"sd","11:25:38",590200
36500,-400,200,"bu","11:25:39",590400
36500,-400,300,"sd","11:25:49",590700
36500,-400,100,"bu","11:25:55",590800
36500,-400,200,"bu","11:25:57",591000
36500,-400,400,"sd","11:26:15",591400
36500,-400,300,"sd","11:26:25",591700
36500,-400,300,"sd","11:26:38",592000
36500,-400,200,"sd","11:26:43",592200
36500,-400,300,"bu","11:26:51",592500
36500,-400,300,"bu","11:27:00",592800
36400,-500,2100,"sd","11:27:13",594900
36400,-500,500,"sd","11:27:30",595400
36450,-450,200,"sd","11:27:38",595600
36450,-450,100,"bu","11:27:41",595700
36450,-450,200,"bu","11:27:47",595900
36450,-450,300,"sd","11:28:01",596200
36450,-450,200,"bu","11:28:05",596400
36400,-500,900,"sd","11:28:08",597300
36450,-450,200,"sd","11:28:14",597500
36400,-500,1000,"sd","11:28:43",598500
36450,-450,200,"sd","11:28:51",598700
36400,-500,2400,"bu","13:00:31",601100
36300,-600,200,"sd","13:00:42",601300
36400,-500,100,"sd","13:00:46",601400
36400,-500,3100,"sd","13:01:07",604500
36450,-450,300,"sd","13:01:15",604800
36450,-450,200,"sd","13:01:23",605000
36450,-450,100,"sd","13:01:26",605100
36400,-500,1700,"bu","13:01:42",606800
36400,-500,300,"sd","13:02:01",607100
36400,-500,200,"bu","13:02:10",607300
36400,-500,100,"bu","13:02:14",607400
36400,-500,300,"sd","13:02:23",607700
36400,-500,100,"sd","13:02:26",607800
36400,-500,200,"bu","13:02:27",608000
36400,-500,600,"sd","13:02:49",608600
36400,-500,200,"sd","13:02:55",608800
36400,-500,100,"bu","13:03:00",608900
36400,-500,300,"bu","13:03:04",609200
36400,-500,100,"bu","13:03:12",609300
36400,-500,300,"sd","13:03:13",609600
36400,-500,200,"sd","13:03:22",609800
36400,-500,100,"sd","13:03:23",609900
36400,-500,200,"bu","13:03:32",610100
36400,-500,100,"bu","13:03:35",610200
36400,-500,200,"bu","13:03:40",610400
36400,-500,100,"sd","13:03:48",610500
36400,-500,200,"bu","13:03:49",610700
36400,-500,300,"sd","13:03:58",611000
36400,-500,100,"sd","13:03:59",611100
36400,-500,200,"sd","13:04:08",611300
36400,-500,100,"sd","13:04:11",611400
36400,-500,200,"sd","13:04:16",611600
36400,-500,100,"sd","13:04:22",611700
36400,-500,200,"bu","13:04:23",611900
36350,-550,2000,"sd","13:04:25",613900
36400,-500,200,"sd","13:04:26",614100
36350,-550,600,"sd","13:04:40",614700
36400,-500,200,"sd","13:04:43",614900
36400,-500,100,"bu","13:04:46",615000
36400,-500,200,"sd","13:04:52",615200
36400,-500,100,"sd","13:04:56",615300
36400,-500,300,"sd","13:05:02",615600
36300,-600,6600,"bu","13:05:09",622200
36350,-550,300,"bu","13:05:22",622500
36350,-550,200,"bu","13:05:30",622700
36350,-550,100,"sd","13:05:31",622800
36350,-550,200,"sd","13:05:39",623000
36350,-550,1600,"sd","13:05:43",624600
36350,-550,1100,"sd","13:05:46",625700
36300,-600,100,"sd","13:05:47",625800
36350,-550,200,"bu","13:05:48",626000
36350,-550,100,"sd","13:05:55",626100
36350,-550,200,"sd","13:05:57",626300
36350,-550,100,"bu","13:05:58",626400
36400,-500,600,"sd","13:06:17",627000
36400,-500,200,"bu","13:06:19",627200
36400,-500,200,"bu","13:06:25",627400
36400,-500,100,"bu","13:06:30",627500
36400,-500,200,"sd","13:06:34",627700
36400,-500,100,"bu","13:06:41",627800
36400,-500,200,"bu","13:06:43",628000
36400,-500,300,"sd","13:06:54",628300
36400,-500,200,"bu","13:07:00",628500
36400,-500,100,"bu","13:07:06",628600
36400,-500,200,"sd","13:07:10",628800
36400,-500,100,"bu","13:07:18",628900
36400,-500,200,"bu","13:07:19",629100
36400,-500,300,"bu","13:07:30",629400
36400,-500,200,"sd","13:07:37",629600
36400,-500,100,"bu","13:07:40",629700
36400,-500,500,"sd","13:07:55",630200
36400,-500,1000,"sd","13:08:02",631200
36350,-550,100,"sd","13:08:03",631300
36400,-500,500,"sd","13:08:13",631800
36400,-500,100,"bu","13:08:17",631900
36400,-500,200,"sd","13:08:21",632100
36400,-500,100,"sd","13:08:28",632200
36400,-500,200,"bu","13:08:31",632400
36400,-500,600,"bu","13:08:51",633000
36400,-500,200,"sd","13:08:58",633200
36400,-500,2000,"bu","13:09:02",635200
36350,-550,300,"sd","13:09:03",635500
36400,-500,200,"bu","13:09:07",635700
36400,-500,100,"sd","13:09:14",635800
36400,-500,200,"sd","13:09:17",636000
36400,-500,300,"bu","13:09:27",636300
36400,-500,200,"bu","13:09:33",636500
36400,-500,100,"sd","13:09:38",636600
36400,-500,200,"sd","13:09:43",636800
36400,-500,100,"bu","13:09:49",636900
36400,-500,200,"bu","13:09:52",637100
36400,-500,5000,"bu","13:09:55",642100
36300,-600,500,"bu","13:09:57",642600
36400,-500,400,"sd","13:10:06",643000
36400,-500,200,"sd","13:10:12",643200
36400,-500,100,"bu","13:10:14",643300
36400,-500,200,"bu","13:10:20",643500
36400,-500,100,"bu","13:10:25",643600
36400,-500,200,"sd","13:10:30",643800
36400,-500,100,"bu","13:10:37",643900
36400,-500,200,"sd","13:10:38",644100
36400,-500,300,"sd","13:10:48",644400
36400,-500,200,"sd","13:10:56",644600
36400,-500,100,"sd","13:11:00",644700
36400,-500,200,"bu","13:11:06",644900
36400,-500,100,"bu","13:11:13",645000
36400,-500,200,"sd","13:11:14",645200
36400,-500,300,"sd","13:11:24",645500
36400,-500,200,"bu","13:11:32",645700
36400,-500,1100,"sd","13:11:36",646800
36400,-500,300,"sd","13:11:42",647100
36350,-550,300,"sd","13:11:44",647400
36400,-500,100,"sd","13:11:48",647500
36400,-500,200,"sd","13:11:50",647700
36400,-500,100,"bu","13:11:59",647800
36400,-500,200,"sd","13:12:00",648000
36400,-500,300,"sd","13:12:11",648300
36400,-500,200,"bu","13:12:17",648500
36400,-500,100,"bu","13:12:22",648600
36400,-500,200,"bu","13:12:26",648800
36400,-500,1500,"bu","13:12:39",650300
36350,-550,100,"bu","13:12:40",650400
36400,-500,200,"sd","13:12:44",650600
36400,-500,100,"sd","13:12:48",650700
36400,-500,1000,"sd","13:12:52",651700
36400,-500,300,"bu","13:12:53",652000
36400,-500,100,"sd","13:12:59",652100
36400,-500,200,"bu","13:13:06",652300
36400,-500,300,"sd","13:13:12",652600
36400,-500,200,"bu","13:13:21",652800
36400,-500,100,"sd","13:13:24",652900
36400,-500,200,"bu","13:13:30",653100
36400,-500,100,"bu","13:13:36",653200
36400,-500,200,"sd","13:13:39",653400
36400,-500,400,"sd","13:13:49",653800
36450,-450,800,"bu","13:14:16",654600
36450,-450,300,"bu","13:14:26",654900
36450,-450,200,"bu","13:14:32",655100
36450,-450,100,"bu","13:14:37",655200
36450,-450,200,"sd","13:14:42",655400
36450,-450,100,"sd","13:14:49",655500
36450,-450,200,"sd","13:14:51",655700
36450,-450,300,"sd","13:15:03",656000
36450,-450,200,"sd","13:15:09",656200
36400,-500,900,"bu","13:15:27",657100
36400,-500,200,"sd","13:15:28",657300
36400,-500,300,"sd","13:15:39",657600
36400,-500,200,"sd","13:15:47",657800
36400,-500,100,"bu","13:15:52",657900
36400,-500,200,"sd","13:15:56",658100
36350,-550,1100,"sd","13:15:58",659200
36400,-500,300,"bu","13:16:05",659500
36400,-500,300,"bu","13:16:15",659800
36400,-500,1300,"bu","13:16:33",661100
36350,-550,200,"bu","13:16:41",661300
36300,-600,700,"bu","13:16:47",662000
36400,-500,200,"sd","13:16:51",662200
36400,-500,100,"bu","13:16:52",662300
36300,-600,500,"sd","13:16:56",662800
36400,-500,200,"bu","13:17:00",663000
36400,-500,100,"sd","13:17:05",663100
36400,-500,500,"sd","13:17:19",663600
36400,-500,300,"sd","13:17:30",663900
36400,-500,200,"sd","13:17:36",664100
36400,-500,100,"sd","13:17:42",664200
36400,-500,200,"bu","13:17:45",664400
36450,-450,500,"bu","13:18:07",664900
36450,-450,300,"bu","13:18:12",665200
36450,-450,100,"sd","13:18:20",665300
36450,-450,200,"sd","13:18:21",665500
36450,-450,300,"bu","13:18:31",665800
36450,-450,200,"sd","13:18:38",666000
36450,-450,100,"bu","13:18:43",666100
36400,-500,900,"bu","13:18:53",667000
36400,-500,200,"bu","13:18:59",667200
36400,-500,300,"bu","13:19:09",667500
36400,-500,200,"bu","13:19:18",667700
36400,-500,100,"sd","13:19:20",667800
36400,-500,200,"sd","13:19:25",668000
36400,-500,100,"sd","13:19:33",668100
36400,-500,200,"sd","13:19:35",668300
36400,-500,300,"sd","13:19:44",668600
36400,-500,100,"sd","13:19:45",668700
36400,-500,200,"bu","13:19:53",668900
36400,-500,100,"bu","13:19:58",669000
36400,-500,200,"bu","13:20:02",669200
36400,-500,100,"bu","13:20:10",669300
36400,-500,200,"sd","13:20:11",669500
36400,-500,400,"bu","13:20:23",669900
36400,-500,200,"bu","13:20:30",670100
36400,-500,100,"bu","13:20:35",670200
36400,-500,300,"sd","13:20:39",670500
36400,-500,200,"bu","13:20:47",670700
36400,-500,100,"sd","13:20:48",670800
36400,-500,200,"bu","13:20:57",671000
36300,-600,400,"bu","13:20:58",671400
36400,-500,300,"bu","13:21:05",671700
36400,-500,100,"sd","13:21:13",671800
36400,-500,300,"bu","13:21:14",672100
36400,-500,200,"bu","13:21:24",672300
36400,-500,100,"bu","13:21:25",672400
36400,-500,200,"bu","13:21:32",672600
36400,-500,100,"bu","13:21:38",672700
36400,-500,200,"bu","13:21:42",672900
36400,-500,700,"bu","13:22:02",673600
36400,-500,200,"bu","13:22:09",673800
36400,-500,100,"sd","13:22:15",673900
36400,-500,200,"bu","13:22:17",674100
36400,-500,300,"sd","13:22:27",674400
36400,-500,200,"sd","13:22:35",674600
36400,-500,100,"bu","13:22:40",674700
36400,-500,300,"bu","13:22:44",675000
36400,-500,100,"sd","13:22:51",675100
36400,-500,200,"bu","13:22:54",675300
36400,-500,300,"sd","13:23:04",675600
36400,-500,300,"bu","13:23:12",675900
36400,-500,100,"bu","13:23:17",676000
36400,-500,200,"bu","13:23:21",676200
36400,-500,2300,"sd","13:23:28",678500
36400,-500,200,"sd","13:23:29",678700
36400,-500,300,"bu","13:23:42",679000
36400,-500,300,"bu","13:23:48",679300
36400,-500,100,"bu","13:23:53",679400
36400,-500,200,"bu","13:23:57",679600
36400,-500,300,"bu","13:24:06",679900
36400,-500,200,"bu","13:24:14",680100
36400,-500,100,"sd","13:24:19",680200
36400,-500,200,"sd","13:24:23",680400
36400,-500,100,"sd","13:24:31",680500
36400,-500,200,"sd","13:24:32",680700
36400,-500,300,"bu","13:24:44",681000
36400,-500,200,"bu","13:24:50",681200
36400,-500,100,"bu","13:24:56",681300
36400,-500,200,"sd","13:25:00",681500
36400,-500,600,"sd","13:25:21",682100
36400,-500,200,"bu","13:25:27",682300
36400,-500,100,"sd","13:25:34",682400
36400,-500,200,"sd","13:25:36",682600
36400,-500,300,"sd","13:25:47",682900
36350,-550,200,"bu","13:25:53",683100
36350,-550,100,"sd","13:25:59",683200
36350,-550,200,"bu","13:26:03",683400
36350,-550,100,"bu","13:26:11",683500
36350,-550,200,"sd","13:26:12",683700
36350,-550,300,"sd","13:26:23",684000
36350,-550,200,"bu","13:26:30",684200
36350,-550,100,"bu","13:26:36",684300
36350,-550,200,"bu","13:26:39",684500
36300,-600,7500,"sd","13:26:49",692000
36250,-650,700,"bu","13:26:52",692700
36300,-600,200,"sd","13:27:08",692900
36300,-600,100,"sd","13:27:15",693000
36300,-600,200,"bu","13:27:16",693200
36300,-600,1100,"bu","13:27:23",694300
36300,-600,300,"sd","13:27:26",694600
36300,-600,100,"bu","13:27:27",694700
36300,-600,300,"bu","13:27:35",695000
36300,-600,100,"sd","13:27:38",695100
36250,-650,400,"sd","13:27:39",695500
36300,-600,200,"sd","13:27:44",695700
36300,-600,100,"bu","13:27:50",695800
36300,-600,200,"sd","13:27:53",696000
36250,-650,100,"sd","13:28:00",696100
36300,-600,200,"bu","13:28:02",696300
36300,-600,100,"sd","13:28:04",696400
36300,-600,200,"bu","13:28:11",696600
36300,-600,100,"bu","13:28:17",696700
36300,-600,200,"sd","13:28:20",696900
36300,-600,600,"sd","13:28:41",697500
36300,-600,200,"bu","13:28:46",697700
36300,-600,100,"bu","13:28:54",697800
36300,-600,200,"sd","13:28:56",698000
36300,-600,300,"sd","13:29:05",698300
36300,-600,100,"sd","13:29:07",698400
36300,-600,200,"bu","13:29:15",698600
36300,-600,100,"sd","13:29:19",698700
36300,-600,200,"sd","13:29:24",698900
36300,-600,600,"sd","13:29:44",699500
36300,-600,200,"bu","13:29:50",699700
36300,-600,100,"bu","13:29:56",699800
36300,-600,200,"sd","13:29:59",700000
36300,-600,300,"bu","13:30:10",700300
36300,-600,200,"sd","13:30:18",700500
36300,-600,100,"bu","13:30:22",700600
36300,-600,200,"bu","13:30:27",700800
36300,-600,100,"bu","13:30:34",700900
36300,-600,200,"bu","13:30:36",701100
36300,-600,300,"sd","13:30:47",701400
36300,-600,6100,"bu","13:30:54",707500
36300,-600,600,"bu","13:30:55",708100
36350,-550,100,"bu","13:31:00",708200
36300,-600,800,"sd","13:31:02",709000
36350,-550,300,"sd","13:31:03",709300
36300,-600,900,"sd","13:31:07",710200
36300,-600,500,"bu","13:31:10",710700
36350,-550,200,"sd","13:31:12",710900
36350,-550,100,"bu","13:31:13",711000
36350,-550,200,"sd","13:31:20",711200
36350,-550,100,"sd","13:31:26",711300
36350,-550,200,"sd","13:31:29",711500
36350,-550,100,"bu","13:31:38",711600
36350,-550,200,"bu","13:31:39",711800
36350,-550,300,"sd","13:31:50",712100
36350,-550,200,"bu","13:31:56",712300
36350,-550,100,"sd","13:32:03",712400
36350,-550,1000,"bu","13:32:04",713400
36350,-550,300,"sd","13:32:06",713700
36350,-550,300,"sd","13:32:15",714000
36350,-550,200,"sd","13:32:24",714200
36350,-550,100,"bu","13:32:28",714300
36350,-550,500,"sd","13:32:32",714800
36350,-550,600,"bu","13:32:53",715400
36300,-600,200,"sd","13:32:56",715600
36350,-550,300,"bu","13:33:09",715900
36350,-550,200,"bu","13:33:10",716100
36350,-550,300,"bu","13:33:18",716400
36350,-550,200,"bu","13:33:27",716600
36350,-550,100,"sd","13:33:33",716700
36350,-550,200,"sd","13:33:36",716900
36350,-550,100,"bu","13:33:44",717000
36350,-550,200,"sd","13:33:46",717200
36350,-550,300,"bu","13:33:57",717500
36350,-550,200,"sd","13:34:03",717700
36350,-550,100,"sd","13:34:11",717800
36350,-550,200,"sd","13:34:12",718000
36300,-600,5600,"bu","13:34:34",723600
36300,-600,200,"bu","13:34:42",723800
36300,-600,100,"sd","13:34:47",723900
36300,-600,200,"sd","13:34:50",724100
36300,-600,400,"bu","13:34:51",724500
36300,-600,300,"sd","13:34:59",724800
36300,-600,300,"bu","13:35:08",725100
36300,-600,100,"bu","13:35:14",725200
36300,-600,300,"sd","13:35:18",725500
36300,-600,300,"sd","13:35:25",725800
36300,-600,300,"sd","13:35:27",726100
36300,-600,2300,"bu","13:35:29",728400
36300,-600,1200,"sd","13:35:31",729600
36300,-600,100,"sd","13:35:32",729700
36350,-550,200,"bu","13:35:35",729900
36350,-550,100,"sd","13:35:39",730000
36350,-550,200,"bu","13:35:44",730200
36350,-550,100,"bu","13:35:52",730300
36350,-550,200,"bu","13:35:53",730500
36350,-550,300,"bu","13:36:04",730800
36300,-600,2200,"sd","13:36:10",733000
36300,-600,1100,"bu","13:36:12",734100
36250,-650,100,"bu","13:36:13",734200
36300,-600,200,"bu","13:36:22",734400
36300,-600,100,"bu","13:36:30",734500
36300,-600,200,"bu","13:36:31",734700
36300,-600,300,"sd","13:36:42",735000
36300,-600,200,"bu","13:36:49",735200
36300,-600,300,"bu","13:36:56",735500
36300,-600,200,"bu","13:36:57",735700
36300,-600,500,"sd","13:37:03",736200
36300,-600,5000,"bu","13:37:05",741200
36250,-650,700,"sd","13:37:06",741900
36300,-600,100,"bu","13:37:08",742000
36300,-600,200,"bu","13:37:15",742200
36300,-600,100,"bu","13:37:21",742300
36300,-600,200,"sd","13:37:25",742500
36300,-600,1000,"bu","13:37:28",743500
36250,-650,100,"bu","13:37:29",743600
36300,-600,400,"sd","13:37:34",744000
36300,-600,200,"sd","13:37:43",744200
36300,-600,100,"sd","13:37:46",744300
36350,-550,500,"bu","13:38:02",744800
36300,-600,100,"sd","13:38:09",744900
36350,-550,200,"bu","13:38:11",745100
36350,-550,300,"sd","13:38:25",745400
36350,-550,200,"bu","13:38:29",745600
36350,-550,600,"sd","13:38:51",746200
36350,-550,200,"sd","13:38:56",746400
36350,-550,100,"sd","13:39:04",746500
36350,-550,200,"bu","13:39:05",746700
36350,-550,300,"bu","13:39:16",747000
36350,-550,200,"sd","13:39:23",747200
36350,-550,100,"bu","13:39:29",747300
36350,-550,200,"bu","13:39:32",747500
36350,-550,300,"bu","13:39:42",747800
36350,-550,200,"bu","13:39:50",748000
36350,-550,100,"sd","13:39:55",748100
36300,-600,600,"sd","13:40:11",748700
36300,-600,300,"sd","13:40:20",749000
36300,-600,200,"bu","13:40:28",749200
36300,-600,100,"sd","13:40:34",749300
36300,-600,300,"bu","13:40:37",749600
36300,-600,200,"sd","13:40:45",749800
36300,-600,100,"bu","13:40:47",749900
36300,-600,1000,"sd","13:40:48",750900
36250,-650,100,"bu","13:40:50",751000
36300,-600,200,"bu","13:40:54",751200
36250,-650,300,"bu","13:40:57",751500
36300,-600,100,"sd","13:40:59",751600
36300,-600,200,"sd","13:41:05",751800
36250,-650,7200,"sd","13:41:09",759000
36200,-700,800,"bu","13:41:12",759800
36250,-650,300,"sd","13:41:15",760100
36200,-700,100,"bu","13:41:21",760200
36250,-650,200,"sd","13:41:24",760400
36250,-650,2100,"bu","13:41:25",762500
36200,-700,200,"bu","13:41:28",762700
36250,-650,300,"bu","13:41:34",763000
36250,-650,300,"bu","13:41:42",763300
36250,-650,300,"bu","13:41:51",763600
36250,-650,200,"bu","13:42:00",763800
36250,-650,100,"bu","13:42:04",763900
36250,-650,300,"sd","13:42:09",764200
36250,-650,1000,"sd","13:42:12",765200
36200,-700,100,"bu","13:42:13",765300
36250,-650,400,"bu","13:42:17",765700
36250,-650,100,"bu","13:42:23",765800
36250,-650,300,"bu","13:42:24",766100
36250,-650,200,"sd","13:42:26",766300
36250,-650,300,"bu","13:42:27",766600
36250,-650,100,"sd","13:42:30",766700
36250,-650,400,"sd","13:42:33",767100
36300,-600,200,"sd","13:42:36",767300
36300,-600,100,"bu","13:42:43",767400
36300,-600,200,"bu","13:42:44",767600
36300,-600,300,"bu","13:42:56",767900
36300,-600,200,"bu","13:43:03",768100
36300,-600,100,"sd","13:43:09",768200
36300,-600,200,"sd","13:43:12",768400
36300,-600,100,"sd","13:43:16",768500
36200,-700,3400,"bu","13:43:27",771900
36250,-650,500,"sd","13:43:29",772400
36150,-750,20000,"sd","13:43:37",792400
36150,-750,100,"sd","13:43:39",792500
36200,-700,300,"sd","13:43:43",792800
36200,-700,500,"bu","13:43:46",793300
36200,-700,100,"sd","13:43:50",793400
36200,-700,300,"sd","13:43:52",793700
36200,-700,200,"sd","13:43:58",793900
36200,-700,500,"sd","13:44:05",794400
36250,-650,800,"sd","13:44:28",795200
36250,-650,300,"bu","13:44:37",795500
36250,-650,100,"sd","13:44:40",795600
36250,-650,300,"bu","13:44:46",795900
36250,-650,100,"sd","13:44:53",796000
36250,-650,2000,"sd","13:44:54",798000
36250,-650,200,"bu","13:44:55",798200
36250,-650,500,"bu","13:45:06",798700
36250,-650,1000,"sd","13:45:11",799700
36250,-650,300,"bu","13:45:12",800000
36250,-650,100,"sd","13:45:18",800100
36250,-650,200,"bu","13:45:21",800300
36250,-650,600,"bu","13:45:31",800900
36250,-650,200,"bu","13:45:41",801100
36250,-650,100,"bu","13:45:45",801200
36250,-650,200,"sd","13:45:49",801400
36250,-650,1300,"sd","13:46:07",802700
36300,-600,100,"bu","13:46:11",802800
36300,-600,200,"bu","13:46:16",803000
36300,-600,100,"bu","13:46:24",803100
36300,-600,200,"bu","13:46:26",803300
36300,-600,300,"sd","13:46:37",803600
36300,-600,200,"bu","13:46:43",803800
36300,-600,100,"bu","13:46:49",803900
36300,-600,3500,"bu","13:46:52",807400
36200,-700,1100,"bu","13:47:03",808500
36150,-750,30000,"bu","13:47:14",838500
36100,-800,3000,"bu","13:47:16",841500
36250,-650,800,"bu","13:47:43",842300
36250,-650,200,"bu","13:47:49",842500
36250,-650,100,"sd","13:47:51",842600
36250,-650,300,"sd","13:47:59",842900
36250,-650,300,"bu","13:48:09",843200
36250,-650,200,"bu","13:48:16",843400
36250,-650,100,"sd","13:48:22",843500
36250,-650,300,"bu","13:48:25",843800
36250,-650,300,"bu","13:48:35",844100
36250,-650,200,"sd","13:48:43",844300
36250,-650,100,"bu","13:48:49",844400
36250,-650,200,"bu","13:48:52",844600
36250,-650,100,"bu","13:48:56",844700
36250,-650,800,"sd","13:49:07",845500
36250,-650,300,"sd","13:49:09",845800
36250,-650,100,"sd","13:49:14",845900
36250,-650,300,"sd","13:49:19",846200
36250,-650,300,"bu","13:49:28",846500
36250,-650,300,"sd","13:49:40",846800
36250,-650,200,"sd","13:49:46",847000
36250,-650,100,"bu","13:49:54",847100
36250,-650,200,"sd","13:49:55",847300
36200,-700,100,"sd","13:49:58",847400
36250,-650,300,"sd","13:50:04",847700
36250,-650,200,"sd","13:50:14",847900
36250,-650,100,"bu","13:50:21",848000
36250,-650,200,"sd","13:50:22",848200
36250,-650,300,"bu","13:50:34",848500
36250,-650,200,"bu","13:50:39",848700
36200,-700,600,"bu","13:50:46",849300
36250,-650,100,"bu","13:50:47",849400
36250,-650,300,"sd","13:50:49",849700
36250,-650,200,"bu","13:50:58",849900
36250,-650,100,"bu","13:51:01",850000
36250,-650,200,"bu","13:51:04",850200
36250,-650,300,"sd","13:51:14",850500
36250,-650,200,"sd","13:51:17",850700
36250,-650,300,"bu","13:51:22",851000
36250,-650,200,"sd","13:51:25",851200
36250,-650,100,"bu","13:51:27",851300
36250,-650,200,"sd","13:51:34",851500
36250,-650,100,"sd","13:51:41",851600
36250,-650,200,"sd","13:51:44",851800
36250,-650,300,"bu","13:51:52",852100
36250,-650,600,"sd","13:52:11",852700
36250,-650,300,"sd","13:52:20",853000
36250,-650,200,"bu","13:52:28",853200
36250,-650,100,"bu","13:52:34",853300
36250,-650,200,"bu","13:52:38",853500
36250,-650,300,"bu","13:52:46",853800
36250,-650,100,"sd","13:52:48",853900
36250,-650,200,"bu","13:52:56",854100
36250,-650,100,"sd","13:53:00",854200
36250,-650,200,"sd","13:53:05",854400
36250,-650,100,"sd","13:53:13",854500
36250,-650,200,"bu","13:53:14",854700
36250,-650,300,"sd","13:53:27",855000
36100,-800,20600,"bu","13:53:35",875600
36050,-850,18400,"bu","13:53:39",894000
36050,-850,1000,"bu","13:53:51",895000
36100,-800,400,"bu","13:53:53",895400
36100,-800,200,"sd","13:54:00",895600
36100,-800,100,"bu","13:54:07",895700
36100,-800,1000,"sd","13:54:10",896700
36050,-850,100,"bu","13:54:11",896800
36100,-800,200,"bu","13:54:16",897000
36100,-800,300,"bu","13:54:20",897300
36100,-800,200,"sd","13:54:28",897500
36100,-800,100,"sd","13:54:33",897600
36100,-800,400,"bu","13:54:38",898000
36100,-800,1000,"bu","13:54:43",899000
36050,-850,100,"bu","13:54:44",899100
36100,-800,200,"bu","13:54:46",899300
36100,-800,100,"bu","13:54:47",899400
36100,-800,300,"sd","13:54:55",899700
36100,-800,1000,"sd","13:54:56",900700
36050,-850,11100,"bu","13:54:58",911800
36000,-900,3100,"sd","13:54:59",914900
36000,-900,300,"bu","13:55:01",915200
36050,-850,700,"bu","13:55:07",915900
36050,-850,1400,"sd","13:55:15",917300
36000,-900,100,"sd","13:55:17",917400
36050,-850,500,"sd","13:55:20",917900
36050,-850,1000,"bu","13:55:21",918900
36000,-900,300,"bu","13:55:23",919200
36050,-850,300,"bu","13:55:32",919500
36050,-850,100,"bu","13:55:33",919600
36050,-850,800,"sd","13:55:36",920400
36050,-850,200,"sd","13:55:39",920600
36050,-850,900,"sd","13:55:53",921500
36000,-900,5500,"sd","13:55:55",927000
36050,-850,700,"sd","13:55:56",927700
36050,-850,300,"bu","13:55:59",928000
36050,-850,1000,"sd","13:56:01",929000
36000,-900,200,"bu","13:56:03",929200
36050,-850,500,"sd","13:56:06",929700
36050,-850,100,"bu","13:56:08",929800
36050,-850,200,"sd","13:56:09",930000
36050,-850,400,"bu","13:56:13",930400
36050,-850,200,"sd","13:56:17",930600
36050,-850,100,"bu","13:56:20",930700
36050,-850,1000,"sd","13:56:29",931700
36050,-850,100,"sd","13:56:34",931800
36050,-850,200,"sd","13:56:35",932000
36000,-900,1100,"bu","13:56:39",933100
36050,-850,3000,"bu","13:56:43",936100
36000,-900,600,"bu","13:56:45",936700
36050,-850,900,"bu","13:56:46",937600
36050,-850,500,"sd","13:56:48",938100
36050,-850,700,"bu","13:56:51",938800
36050,-850,300,"sd","13:56:53",939100
36050,-850,500,"sd","13:56:57",939600
36050,-850,100,"sd","13:56:59",939700
36050,-850,1000,"sd","13:57:01",940700
36050,-850,400,"sd","13:57:02",941100
36000,-900,5000,"sd","13:57:11",946100
36050,-850,300,"sd","13:57:13",946400
36100,-800,100,"sd","13:57:15",946500
36100,-800,300,"bu","13:57:21",946800
36050,-850,5000,"sd","13:57:22",951800
36000,-900,500,"sd","13:57:25",952300
36100,-800,300,"bu","13:57:43",952600
36100,-800,200,"sd","13:57:49",952800
36100,-800,100,"bu","13:57:56",952900
36100,-800,200,"bu","13:57:57",953100
36100,-800,300,"bu","13:58:08",953400
36100,-800,200,"bu","13:58:19",953600
36100,-800,200,"bu","13:58:22",953800
36100,-800,200,"sd","13:58:24",954000
36050,-850,700,"sd","13:58:27",954700
36050,-850,4800,"sd","13:58:34",959500
36000,-900,400,"bu","13:58:35",959900
36050,-850,3000,"sd","13:58:37",962900
36000,-900,300,"bu","13:58:40",963200
36050,-850,200,"bu","13:58:48",963400
36050,-850,100,"sd","13:58:50",963500
36050,-850,200,"bu","13:58:53",963700
36050,-850,1000,"sd","13:58:55",964700
36000,-900,100,"bu","13:58:58",964800
36050,-850,500,"sd","13:59:02",965300
36050,-850,300,"bu","13:59:04",965600
36000,-900,2500,"bu","13:59:15",968100
36050,-850,100,"sd","13:59:18",968200
36050,-850,800,"sd","13:59:19",969000
36050,-850,500,"sd","13:59:27",969500
36050,-850,200,"bu","13:59:29",969700
36050,-850,1100,"bu","13:59:30",970800
36100,-800,400,"sd","13:59:38",971200
36100,-800,100,"bu","13:59:45",971300
36100,-800,300,"bu","13:59:48",971600
36050,-850,500,"sd","13:59:50",972100
36050,-850,100,"bu","13:59:59",972200
36050,-850,200,"bu","14:00:04",972400
36100,-800,300,"sd","14:00:12",972700
36100,-800,200,"bu","14:00:17",972900
36100,-800,300,"bu","14:00:27",973200
36100,-800,200,"bu","14:00:33",973400
36100,-800,100,"sd","14:00:40",973500
36050,-850,2400,"bu","14:00:43",975900
36100,-800,100,"bu","14:00:49",976000
36050,-850,1600,"bu","14:00:52",977600
36000,-900,200,"bu","14:00:54",977800
36050,-850,500,"bu","14:01:12",978300
36050,-850,300,"bu","14:01:21",978600
36050,-850,400,"bu","14:01:30",979000
36050,-850,100,"bu","14:01:35",979100
36050,-850,200,"sd","14:01:38",979300
36050,-850,300,"sd","14:01:47",979600
36050,-850,200,"sd","14:01:57",979800
36000,-900,3000,"bu","14:02:03",982800
36050,-850,100,"bu","14:02:05",982900
36050,-850,500,"sd","14:02:08",983400
36050,-850,300,"sd","14:02:16",983700
36050,-850,1000,"bu","14:02:18",984700
36000,-900,100,"bu","14:02:21",984800
36050,-850,200,"bu","14:02:23",985000
36050,-850,2700,"bu","14:02:29",987700
36100,-800,1200,"bu","14:02:41",988900
36100,-800,400,"sd","14:02:44",989300
36100,-800,300,"bu","14:02:51",989600
36100,-800,5000,"sd","14:02:56",994600
36100,-800,100,"sd","14:02:58",994700
36100,-800,200,"bu","14:03:00",994900
36100,-800,2100,"bu","14:03:02",997000
36100,-800,1000,"sd","14:03:03",998000
36100,-800,100,"bu","14:03:05",998100
36200,-700,300,"sd","14:03:11",998400
36200,-700,100,"sd","14:03:13",998500
36200,-700,200,"bu","14:03:19",998700
36200,-700,1000,"bu","14:03:21",999700
36100,-800,100,"bu","14:03:22",999800
36200,-700,300,"sd","14:03:26",1000100
36200,-700,300,"bu","14:03:36",1000400
36150,-750,100,"bu","14:03:40",1000500
36150,-750,200,"sd","14:03:45",1000700
36100,-800,100,"bu","14:03:50",1000800
36100,-800,5000,"sd","14:03:52",1005800
36050,-850,500,"sd","14:03:54",1006300
36050,-850,300,"bu","14:04:06",1006600
36100,-800,300,"bu","14:04:14",1006900
36100,-800,600,"bu","14:04:34",1007500
36050,-850,200,"bu","14:04:36",1007700
36100,-800,800,"sd","14:05:06",1008500
36050,-850,3700,"bu","14:05:07",1012200
36100,-800,500,"bu","14:05:16",1012700
36200,-700,1500,"bu","14:05:35",1014200
36100,-800,200,"bu","14:05:38",1014400
36150,-750,200,"bu","14:05:43",1014600
36150,-750,800,"bu","14:05:55",1015400
36100,-800,500,"sd","14:05:57",1015900
36200,-700,200,"bu","14:06:03",1016100
36200,-700,300,"bu","14:06:13",1016400
36150,-750,700,"sd","14:06:19",1017100
36150,-750,1000,"sd","14:06:25",1018100
36100,-800,100,"sd","14:06:26",1018200
36150,-750,1000,"sd","14:06:37",1019200
36100,-800,1500,"bu","14:06:38",1020700
36100,-800,1500,"bu","14:06:55",1022200
36100,-800,300,"bu","14:07:00",1022500
36100,-800,1000,"sd","14:07:07",1023500
36050,-850,100,"bu","14:07:09",1023600
36100,-800,300,"bu","14:07:11",1023900
36100,-800,1300,"sd","14:07:22",1025200
36100,-800,300,"sd","14:07:32",1025500
36100,-800,1000,"bu","14:07:34",1026500
36050,-850,100,"bu","14:07:36",1026600
36100,-800,1300,"sd","14:07:41",1027900
36100,-800,300,"bu","14:07:42",1028200
36150,-750,200,"bu","14:07:45",1028400
36150,-750,100,"bu","14:07:52",1028500
36150,-750,200,"bu","14:07:54",1028700
36150,-750,500,"bu","14:08:03",1029200
36150,-750,200,"bu","14:08:05",1029400
36150,-750,100,"bu","14:08:06",1029500
36150,-750,200,"bu","14:08:14",1029700
36150,-750,500,"bu","14:08:16",1030200
36150,-750,300,"bu","14:08:21",1030500
36200,-700,1000,"sd","14:08:23",1031500
36150,-750,100,"bu","14:08:24",1031600
36200,-700,500,"sd","14:08:31",1032100
36200,-700,200,"sd","14:08:35",1032300
36200,-700,200,"bu","14:08:40",1032500
36200,-700,300,"sd","14:08:49",1032800
36200,-700,200,"bu","14:08:59",1033000
36200,-700,100,"bu","14:09:02",1033100
36200,-700,200,"bu","14:09:07",1033300
36200,-700,300,"bu","14:09:19",1033600
36200,-700,200,"sd","14:09:25",1033800
36200,-700,100,"sd","14:09:31",1033900
36200,-700,200,"sd","14:09:34",1034100
36200,-700,100,"bu","14:09:40",1034200
36200,-700,200,"bu","14:09:43",1034400
36200,-700,100,"sd","14:09:47",1034500
36200,-700,200,"sd","14:09:52",1034700
36200,-700,100,"bu","14:10:00",1034800
36200,-700,200,"bu","14:10:02",1035000
36200,-700,300,"sd","14:10:14",1035300
36200,-700,200,"sd","14:10:20",1035500
36200,-700,300,"bu","14:10:28",1035800
36200,-700,100,"sd","14:10:30",1035900
36200,-700,200,"sd","14:10:37",1036100
36200,-700,100,"sd","14:10:45",1036200
36200,-700,200,"sd","14:10:46",1036400
36200,-700,500,"bu","14:10:58",1036900
36150,-750,500,"bu","14:11:05",1037400
36150,-750,1600,"sd","14:11:09",1039000
36100,-800,100,"sd","14:11:10",1039100
36150,-750,200,"bu","14:11:22",1039300
36150,-750,100,"bu","14:11:28",1039400
36150,-750,200,"sd","14:11:33",1039600
36150,-750,300,"bu","14:11:42",1039900
36150,-750,300,"sd","14:11:51",1040200
36100,-800,200,"bu","14:11:52",1040400
36150,-750,100,"sd","14:11:56",1040500
36150,-750,200,"bu","14:11:59",1040700
36150,-750,300,"bu","14:12:11",1041000
36150,-750,200,"bu","14:12:18",1041200
36150,-750,100,"bu","14:12:24",1041300
36150,-750,200,"sd","14:12:26",1041500
36150,-750,100,"sd","14:12:28",1041600
36150,-750,200,"bu","14:12:35",1041800
36150,-750,100,"bu","14:12:40",1041900
36150,-750,300,"bu","14:12:46",1042200
36150,-750,1000,"bu","14:12:50",1043200
36100,-800,100,"sd","14:12:52",1043300
36150,-750,1500,"sd","14:13:04",1044800
36150,-750,100,"bu","14:13:09",1044900
36150,-750,200,"bu","14:13:13",1045100
36100,-800,500,"sd","14:13:22",1045600
36150,-750,100,"sd","14:13:24",1045700
36150,-750,200,"sd","14:13:29",1045900
36150,-750,300,"sd","14:13:38",1046200
36150,-750,200,"sd","14:13:47",1046400
36150,-750,100,"sd","14:13:53",1046500
36150,-750,200,"sd","14:13:57",1046700
36150,-750,800,"sd","14:14:08",1047500
36150,-750,1300,"bu","14:14:14",1048800
36150,-750,800,"sd","14:14:39",1049600
36150,-750,500,"sd","14:14:40",1050100
36150,-750,200,"bu","14:14:42",1050300
36150,-750,500,"bu","14:14:52",1050800
36150,-750,300,"sd","14:14:59",1051100
36150,-750,300,"sd","14:15:08",1051400
36150,-750,400,"bu","14:15:18",1051800
36150,-750,100,"sd","14:15:23",1051900
36150,-750,200,"bu","14:15:28",1052100
36050,-850,14300,"sd","14:15:37",1066400
36100,-800,200,"sd","14:15:39",1066600
36100,-800,300,"bu","14:15:55",1066900
36050,-850,20000,"sd","14:15:57",1086900
36000,-900,2000,"bu","14:15:59",1088900
36000,-900,200,"bu","14:16:03",1089100
36000,-900,10000,"bu","14:16:12",1099100
36100,-800,1200,"sd","14:16:14",1100300
36000,-900,100,"sd","14:16:15",1100400
36100,-800,500,"sd","14:16:31",1100900
36000,-900,17200,"bu","14:16:33",1118100
36000,-900,2800,"sd","14:16:34",1120900
36000,-900,5500,"bu","14:16:38",1126400
36000,-900,12200,"bu","14:16:45",1138600
36000,-900,20000,"sd","14:16:47",1158600
35950,-950,2000,"bu","14:16:50",1160600
35950,-950,200,"sd","14:16:52",1160800
35950,-950,500,"bu","14:17:01",1161300
36000,-900,200,"sd","14:17:03",1161500
35950,-950,1100,"bu","14:17:05",1162600
36000,-900,7100,"bu","14:17:08",1169700
35950,-950,700,"sd","14:17:10",1170400
36000,-900,300,"sd","14:17:12",1170700
36000,-900,200,"sd","14:17:16",1170900
36000,-900,200,"bu","14:17:21",1171100
35950,-950,200,"sd","14:17:23",1171300
36000,-900,100,"sd","14:17:25",1171400
36000,-900,200,"bu","14:17:30",1171600
36000,-900,500,"sd","14:17:37",1172100
36000,-900,300,"bu","14:17:39",1172400
35950,-950,300,"sd","14:17:44",1172700
36000,-900,500,"sd","14:17:48",1173200
36000,-900,800,"sd","14:17:56",1174000
36000,-900,3500,"sd","14:17:58",1177500
36000,-900,300,"sd","14:17:59",1177800
36000,-900,1200,"sd","14:18:01",1179000
35950,-950,100,"bu","14:18:04",1179100
36000,-900,400,"sd","14:18:06",1179500
36000,-900,200,"bu","14:18:08",1179700
36000,-900,300,"bu","14:18:14",1180000
36000,-900,500,"sd","14:18:26",1180500
36000,-900,500,"sd","14:18:28",1181000
35950,-950,1700,"sd","14:18:32",1182700
36000,-900,500,"sd","14:18:34",1183200
35950,-950,1800,"bu","14:18:35",1185000
36000,-900,400,"bu","14:18:41",1185400
36000,-900,200,"bu","14:18:51",1185600
36000,-900,100,"sd","14:18:57",1185700
36000,-900,300,"sd","14:18:59",1186000
36000,-900,200,"bu","14:19:00",1186200
36000,-900,500,"sd","14:19:13",1186700
36000,-900,400,"bu","14:19:19",1187100
36000,-900,300,"bu","14:19:21",1187400
35950,-950,2200,"bu","14:19:23",1189600
36000,-900,300,"sd","14:19:28",1189900
36000,-900,200,"bu","14:19:35",1190100
36000,-900,1000,"bu","14:19:37",1191100
35950,-950,100,"bu","14:19:41",1191200
36000,-900,300,"bu","14:19:45",1191500
35950,-950,6200,"bu","14:19:59",1197700
35950,-950,700,"sd","14:20:01",1198400
36000,-900,200,"bu","14:20:03",1198600
36000,-900,100,"sd","14:20:09",1198700
36000,-900,200,"sd","14:20:12",1198900
36000,-900,100,"bu","14:20:17",1199000
36000,-900,200,"bu","14:20:21",1199200
36000,-900,500,"bu","14:20:29",1199700
36000,-900,200,"sd","14:20:32",1199900
36000,-900,100,"bu","14:20:34",1200000
35950,-950,4000,"sd","14:20:38",1204000
35950,-950,10700,"bu","14:20:40",1214700
36000,-900,1200,"bu","14:20:42",1215900
35950,-950,17800,"bu","14:20:45",1233700
35950,-950,6500,"sd","14:20:49",1240200
35900,-1000,400,"sd","14:20:51",1240600
35900,-1000,500,"sd","14:20:56",1241100
35950,-950,200,"bu","14:21:09",1241300
35900,-1000,500,"sd","14:21:12",1241800
35950,-950,17600,"sd","14:21:15",1259400
35900,-1000,4400,"bu","14:21:17",1263800
35950,-950,5900,"bu","14:21:19",1269700
35900,-1000,2500,"bu","14:21:21",1272200
35900,-1000,200,"sd","14:21:23",1272400
35950,-950,600,"sd","14:21:30",1273000
35900,-1000,22700,"bu","14:21:32",1295700
35900,-1000,2200,"bu","14:21:34",1297900
35900,-1000,5400,"sd","14:21:36",1303300
35850,-1050,19700,"bu","14:21:39",1323000
35850,-1050,2200,"bu","14:21:52",1325200
35850,-1050,4000,"sd","14:21:54",1329200
35850,-1050,500,"sd","14:21:55",1329700
35850,-1050,500,"bu","14:22:00",1330200
35900,-1000,6300,"bu","14:22:01",1336500
35850,-1050,4400,"sd","14:22:03",1340900
35850,-1050,2600,"bu","14:22:05",1343500
35850,-1050,1600,"bu","14:22:09",1345100
35850,-1050,3600,"bu","14:22:11",1348700
35850,-1050,300,"bu","14:22:13",1349000
35900,-1000,100,"sd","14:22:15",1349100
35850,-1050,2300,"bu","14:22:17",1351400
35850,-1050,2400,"bu","14:22:19",1353800
35800,-1100,19700,"sd","14:22:23",1373500
35800,-1100,200,"sd","14:22:26",1373700
35900,-1000,1000,"sd","14:22:33",1374700
35900,-1000,200,"sd","14:22:36",1374900
35900,-1000,300,"bu","14:22:43",1375200
35900,-1000,300,"bu","14:22:52",1375500
35850,-1050,400,"sd","14:23:00",1375900
35900,-1000,300,"sd","14:23:08",1376200
35850,-1050,7700,"bu","14:23:10",1383900
35850,-1050,200,"bu","14:23:12",1384100
35850,-1050,5900,"bu","14:23:14",1390000
35800,-1100,100,"bu","14:23:17",1390100
35800,-1100,4900,"bu","14:23:22",1395000
35850,-1050,10000,"sd","14:23:26",1405000
35850,-1050,200,"sd","14:23:28",1405200
35800,-1100,100,"sd","14:23:31",1405300
35850,-1050,1100,"sd","14:23:34",1406400
35800,-1100,1000,"bu","14:23:38",1407400
35850,-1050,1000,"sd","14:23:40",1408400
35850,-1050,400,"sd","14:23:47",1408800
35900,-1000,100,"bu","14:23:49",1408900
35900,-1000,200,"bu","14:23:56",1409100
35850,-1050,22100,"sd","14:24:00",1431200
35850,-1050,400,"sd","14:24:14",1431600
35900,-1000,300,"sd","14:24:18",1431900
35900,-1000,300,"sd","14:24:28",1432200
35850,-1050,2200,"bu","14:24:34",1434400
35900,-1000,1300,"sd","14:24:36",1435700
35850,-1050,10000,"sd","14:24:38",1445700
35900,-1000,4100,"bu","14:24:41",1449800
35850,-1050,800,"bu","14:24:49",1450600
35900,-1000,200,"bu","14:24:51",1450800
35850,-1050,700,"sd","14:24:53",1451500
35900,-1000,300,"bu","14:25:00",1451800
35900,-1000,200,"sd","14:25:09",1452000
35850,-1050,4500,"bu","14:25:17",1456500
35900,-1000,300,"sd","14:25:19",1456800
35900,-1000,200,"bu","14:25:28",1457000
35850,-1050,1000,"sd","14:25:35",1458000
35900,-1000,1100,"sd","14:25:45",1459100
35850,-1050,4100,"sd","14:25:51",1463200
35850,-1050,2000,"bu","14:26:09",1465200
35850,-1050,600,"sd","14:26:13",1465800
35850,-1050,1000,"bu","14:26:15",1466800
35850,-1050,1200,"bu","14:26:17",1468000
35850,-1050,1200,"bu","14:26:20",1469200
35900,-1000,300,"bu","14:26:26",1469500
35850,-1050,4800,"sd","14:26:28",1474300
35850,-1050,1600,"bu","14:26:32",1475900
35850,-1050,3400,"sd","14:26:39",1479300
35850,-1050,5100,"bu","14:26:41",1484400
35900,-1000,200,"bu","14:26:44",1484600
35850,-1050,19000,"bu","14:26:53",1503600
35900,-1000,1100,"bu","14:26:55",1504700
35900,-1000,300,"sd","14:27:00",1505000
35900,-1000,200,"bu","14:27:02",1505200
35900,-1000,20000,"bu","14:27:06",1525200
35900,-1000,200,"bu","14:27:09",1525400
35900,-1000,1000,"sd","14:27:14",1526400
35900,-1000,100,"sd","14:27:16",1526500
35900,-1000,45700,"bu","14:27:32",1572200
35900,-1000,10000,"bu","14:27:38",1582200
35900,-1000,10000,"bu","14:28:26",1592200
35900,-1000,1000,"sd","14:28:30",1593200
35850,-1050,10000,"sd","14:28:40",1603200
35950,-950,500,"bu","14:28:58",1603700
35900,-1000,5000,"sd","14:29:07",1608700
35900,-1000,1000,"bu","14:29:12",1609700
35850,-1050,5000,"bu","14:29:19",1614700
35850,-1050,900,"sd","14:29:22",1615600
35850,-1050,2000,"sd","14:29:28",1617600
35900,-1000,1000,"bu","14:29:33",1618600
35850,-1050,15700,"bu","14:29:42",1634300
35900,-1000,900,"bu","14:30:04",1635200
35850,-1050,174700,"bu","14:45:07",1809900
