"price","change","match_qtty","side","time","total_vol"
58100,-900,3700,"sd","09:15:09",3700
58100,-900,100,"sd","09:15:32",3800
58100,-900,500,"bu","09:15:44",4300
58100,-900,300,"sd","09:16:28",4600
58400,-600,1800,"sd","09:19:37",6400
58400,-600,100,"bu","09:21:04",6500
58300,-700,1400,"bu","09:22:10",7900
58300,-700,500,"bu","09:22:32",8400
58300,-700,400,"bu","09:22:45",8800
58400,-600,3100,"bu","09:22:56",11900
58400,-600,100,"sd","09:23:26",12000
58000,-1000,2300,"sd","09:23:35",14300
58000,-1000,2300,"sd","09:24:08",16600
58000,-1000,3000,"sd","09:25:02",19600
57800,-1200,2300,"sd","09:25:04",21900
57700,-1300,2300,"sd","09:25:53",24200
57700,-1300,2300,"sd","09:29:01",26500
57700,-1300,2300,"sd","09:30:19",28800
57700,-1300,3300,"bu","09:32:48",32100
57800,-1200,500,"sd","09:33:44",32600
57800,-1200,700,"sd","09:36:45",33300
57800,-1200,2000,"bu","09:38:35",35300
57900,-1100,100,"bu","09:38:56",35400
57900,-1100,1900,"sd","09:40:45",37300
58000,-1000,100,"bu","09:43:20",37400
58000,-1000,300,"bu","09:44:32",37700
57900,-1100,200,"bu","09:44:47",37900
57900,-1100,300,"sd","09:44:59",38200
57900,-1100,200,"sd","09:46:27",38400
57900,-1100,100,"sd","09:47:18",38500
57800,-1200,2500,"bu","09:51:30",41000
57800,-1200,500,"sd","09:51:47",41500
57700,-1300,200,"bu","09:52:20",41700
57700,-1300,2300,"sd","09:57:56",44000
57700,-1300,3000,"sd","09:58:08",47000
57700,-1300,100,"sd","09:58:39",47100
57800,-1200,2800,"bu","10:00:01",49900
57800,-1200,200,"sd","10:00:24",50100
57900,-1100,500,"bu","10:01:48",50600
57900,-1100,300,"sd","10:04:40",50900
57800,-1200,1000,"bu","10:04:56",51900
57800,-1200,2000,"sd","10:05:35",53900
57800,-1200,100,"bu","10:07:35",54000
57800,-1200,900,"bu","10:08:54",54900
57700,-1300,1000,"bu","10:08:55",55900
57700,-1300,900,"sd","10:09:08",56800
57600,-1400,600,"sd","10:09:40",57400
57600,-1400,100,"bu","10:10:17",57500
57600,-1400,4600,"sd","10:16:15",62100
57600,-1400,100,"bu","10:16:20",62200
57600,-1400,1600,"sd","10:17:27",63800
57600,-1400,100,"bu","10:18:24",63900
57600,-1400,2100,"sd","10:18:26",66000
57600,-1400,100,"bu","10:18:34",66100
57600,-1400,1800,"bu","10:19:57",67900
57600,-1400,1000,"sd","10:20:22",68900
57600,-1400,100,"bu","10:22:26",69000
57500,-1500,500,"sd","10:24:08",69500
57600,-1400,100,"bu","10:25:20",69600
57600,-1400,800,"sd","10:25:45",70400
57700,-1300,500,"bu","10:26:30",70900
57700,-1300,900,"sd","10:27:39",71800
57700,-1300,500,"bu","10:29:34",72300
57700,-1300,1500,"sd","10:31:35",73800
57800,-1200,100,"bu","10:31:41",73900
57800,-1200,500,"bu","10:31:56",74400
57700,-1300,200,"sd","10:32:41",74600
57700,-1300,500,"sd","10:33:27",75100
57700,-1300,300,"sd","10:33:47",75400
57700,-1300,1000,"sd","10:34:27",76400
57700,-1300,1200,"sd","10:35:38",77600
57700,-1300,200,"sd","10:37:01",77800
57600,-1400,1000,"sd","10:39:08",78800
57600,-1400,1800,"bu","10:41:23",80600
57600,-1400,2500,"sd","10:42:33",83100
57600,-1400,2000,"bu","10:43:42",85100
57600,-1400,100,"bu","10:44:42",85200
57600,-1400,400,"bu","10:44:44",85600
57600,-1400,600,"bu","10:48:02",86200
57500,-1500,14000,"bu","10:49:26",100200
57600,-1400,500,"sd","10:51:41",100700
57600,-1400,100,"bu","10:52:12",100800
57600,-1400,300,"bu","10:52:19",101100
57500,-1500,1000,"bu","10:54:33",102100
57500,-1500,100,"bu","10:55:41",102200
57600,-1400,300,"sd","10:59:45",102500
57600,-1400,2300,"sd","10:59:52",104800
57600,-1400,1300,"sd","11:00:22",106100
57700,-1300,1000,"bu","11:07:17",107100
57600,-1400,500,"bu","11:07:59",107600
57600,-1400,500,"bu","11:08:03",108100
57700,-1300,100,"sd","11:08:37",108200
57700,-1300,2100,"bu","11:09:06",110300
57700,-1300,500,"bu","11:10:10",110800
57700,-1300,300,"bu","11:12:53",111100
57700,-1300,300,"bu","11:15:33",111400
57700,-1300,1500,"bu","11:17:23",112900
57700,-1300,1200,"sd","11:19:22",114100
57700,-1300,100,"bu","11:21:04",114200
57700,-1300,1000,"bu","11:21:55",115200
57700,-1300,300,"sd","11:22:42",115500
57700,-1300,500,"sd","11:23:27",116000
57700,-1300,200,"bu","11:23:39",116200
57700,-1300,300,"bu","11:24:43",116500
57700,-1300,500,"sd","11:29:27",117000
57700,-1300,3000,"bu","13:00:32",120000
57600,-1400,300,"sd","13:00:33",121000
57700,-1300,100,"sd","13:00:53",121100
57700,-1300,500,"sd","13:04:17",121600
57700,-1300,400,"bu","13:10:06",122000
57600,-1400,700,"bu","13:13:32",122700
57600,-1400,3300,"bu","13:13:40",126000
57600,-1400,700,"bu","13:13:47",126700
57600,-1400,300,"sd","13:13:51",127000
57600,-1400,500,"sd","13:14:35",127500
57500,-1500,500,"sd","13:15:39",128000
57600,-1400,3000,"bu","13:16:40",131000
57600,-1400,200,"sd","13:16:45",131200
57500,-1500,500,"bu","13:16:52",131700
57500,-1500,100,"bu","13:18:22",131800
57600,-1400,3100,"sd","13:22:08",134900
57600,-1400,100,"bu","13:23:24",135000
57600,-1400,200,"bu","13:25:21",135200
57600,-1400,800,"bu","13:25:35",136000
57600,-1400,100,"sd","13:27:30",136100
57500,-1500,2200,"sd","13:30:54",138300
57600,-1400,500,"bu","13:35:37",138800
57600,-1400,100,"sd","13:37:39",138900
57600,-1400,2000,"sd","13:37:40",140900
57600,-1400,500,"sd","13:37:46",141400
57600,-1400,600,"bu","13:37:53",142000
57600,-1400,200,"sd","13:38:29",142200
57600,-1400,100,"sd","13:38:51",142300
57600,-1400,400,"sd","13:40:51",142700
57500,-1500,200,"bu","13:41:51",142900
57600,-1400,600,"bu","13:44:46",143500
57700,-1300,100,"bu","13:46:41",143600
57600,-1400,500,"sd","13:49:36",144100
57600,-1400,6200,"bu","13:49:54",150300
57500,-1500,500,"sd","13:51:22",150800
57500,-1500,1000,"sd","13:54:07",151800
57600,-1400,3200,"bu","13:56:43",155000
57600,-1400,1000,"sd","13:57:05",156000
57600,-1400,700,"sd","13:57:21",156700
57600,-1400,200,"sd","13:58:14",156900
57500,-1500,1000,"bu","13:59:18",157900
57500,-1500,500,"bu","14:00:32",158400
57500,-1500,2300,"sd","14:00:52",160700
57600,-1400,3200,"bu","14:01:35",163900
57600,-1400,1800,"sd","14:02:00",165700
57500,-1500,2300,"sd","14:02:10",168000
57500,-1500,2300,"bu","14:02:36",170300
57500,-1500,2300,"sd","14:02:53",172600
57500,-1500,1000,"bu","14:03:05",173600
57500,-1500,2300,"bu","14:03:13",175900
57500,-1500,4700,"sd","14:03:19",180600
57500,-1500,3000,"bu","14:05:06",183600
57400,-1600,2300,"bu","14:05:16",185900
57400,-1600,2000,"sd","14:05:27",187900
57400,-1600,2300,"sd","14:05:48",190200
57400,-1600,2300,"sd","14:06:15",192500
57400,-1600,2300,"sd","14:06:30",194800
57400,-1600,2300,"bu","14:06:59",197100
57300,-1700,2300,"sd","14:07:30",199400
57300,-1700,400,"bu","14:07:51",199800
57300,-1700,1800,"bu","14:08:12",201600
57300,-1700,500,"bu","14:08:14",202100
57300,-1700,1100,"sd","14:09:07",203200
57300,-1700,2500,"bu","14:10:53",205700
57400,-1600,1000,"sd","14:10:55",206700
57400,-1600,200,"bu","14:11:07",206900
57400,-1600,100,"sd","14:11:09",207000
57400,-1600,200,"sd","14:11:21",207200
57400,-1600,400,"bu","14:14:04",207600
57400,-1600,600,"bu","14:15:43",208200
57400,-1600,2000,"bu","14:15:55",210200
57400,-1600,1700,"sd","14:16:47",211900
57400,-1600,100,"sd","14:17:28",212000
57400,-1600,1000,"bu","14:19:21",213000
57400,-1600,500,"sd","14:20:45",213500
57400,-1600,5000,"bu","14:21:17",218500
57400,-1600,900,"sd","14:21:39",219400
57400,-1600,800,"bu","14:21:50",220200
57400,-1600,3000,"bu","14:22:01",223200
57600,-1400,100,"bu","14:22:13",223300
57400,-1600,4400,"bu","14:23:28",227700
57400,-1600,300,"bu","14:23:45",228000
57300,-1700,300,"sd","14:24:29",228300
57300,-1700,1000,"sd","14:24:41",229300
57300,-1700,500,"sd","14:25:00",229800
57300,-1700,800,"sd","14:25:23",230600
57400,-1600,700,"sd","14:26:20",231300
57400,-1600,300,"sd","14:26:32",231600
57400,-1600,1800,"sd","14:27:14",233400
57300,-1700,2000,"sd","14:27:18",235400
57100,-1900,42700,"sd","14:45:15",278100
