"price","change","match_qtty","side","time","total_vol"
21600,250,100,"bu","09:19:08",100
21600,250,300,"sd","09:20:10",400
21700,350,2300,"bu","09:23:13",2700
21600,250,800,"sd","09:27:23",3500
21600,250,400,"sd","09:27:38",3900
21600,250,400,"bu","09:28:45",4300
21550,200,500,"sd","09:28:52",4800
21550,200,300,"sd","09:29:58",5100
21550,200,200,"bu","09:30:42",5300
21550,200,300,"bu","09:33:06",5600
21500,150,500,"sd","09:37:46",6100
21450,100,1100,"bu","09:40:52",7200
21450,100,1000,"bu","09:42:30",8200
21350,0,700,"sd","09:43:35",8900
21350,0,5600,"bu","09:44:07",14500
21450,100,2900,"sd","09:45:18",17400
21450,100,1000,"sd","09:45:57",18400
21450,100,100,"bu","09:50:05",18500
21500,150,400,"bu","09:50:49",18900
21500,150,500,"sd","09:51:43",19400
21450,100,1000,"bu","09:52:18",20400
21500,150,500,"sd","09:52:23",20900
21500,150,5000,"sd","09:52:37",25900
21500,150,100,"sd","09:52:50",26000
21350,0,5700,"bu","09:53:53",31700
21500,150,1100,"sd","09:55:07",32800
21450,100,100,"sd","09:58:48",32900
21500,150,400,"bu","09:59:58",33300
21500,150,1000,"bu","10:04:16",34300
21500,150,100,"sd","10:05:16",34400
21500,150,500,"sd","10:05:38",34900
21450,100,5100,"bu","10:06:41",40000
21300,-50,5600,"bu","10:09:44",45600
21300,-50,5600,"sd","10:15:32",51200
21300,-50,1400,"bu","10:18:29",52600
21300,-50,3100,"sd","10:19:57",55700
21250,-100,100,"sd","10:21:48",55800
21250,-100,5700,"bu","10:23:13",61500
21250,-100,2800,"sd","10:23:35",64300
21300,-50,100,"bu","10:23:49",64400
21300,-50,500,"sd","10:23:54",64900
21300,-50,2500,"sd","10:24:07",67400
21300,-50,1800,"sd","10:24:09",69200
21300,-50,100,"sd","10:24:14",69300
21300,-50,1100,"sd","10:26:43",70400
21250,-100,4200,"sd","10:28:02",74600
21200,-150,1000,"sd","10:29:32",75600
21250,-100,30800,"bu","10:30:17",106400
21300,-50,200,"sd","10:30:51",106600
21200,-150,5600,"sd","10:31:11",112200
21300,-50,3500,"sd","10:33:22",115700
21300,-50,1300,"sd","10:33:36",117000
21450,100,4900,"bu","10:36:41",121900
21450,100,500,"bu","10:39:55",122400
21450,100,4600,"sd","10:40:36",127000
21400,50,1500,"sd","10:41:37",128500
21400,50,1000,"bu","10:42:37",129500
21450,100,1500,"bu","10:43:51",131000
21450,100,200,"sd","10:44:10",131200
21350,0,5600,"sd","10:44:52",136800
21350,0,5600,"bu","11:04:05",142400
21300,-50,10000,"sd","11:07:52",152400
21350,0,3300,"bu","11:17:01",155700
21350,0,1200,"sd","11:17:17",156900
21350,0,100,"sd","11:17:22",157000
21350,0,400,"sd","11:17:26",157400
21450,100,1300,"bu","11:21:06",158700
21450,100,500,"sd","11:21:22",159200
21450,100,1100,"bu","11:24:11",160300
21400,50,5600,"bu","11:27:38",165900
21300,-50,5600,"sd","11:28:52",171500
21400,50,1000,"sd","13:01:51",172500
21400,50,2000,"bu","13:03:22",174500
21350,0,4000,"sd","13:03:30",178500
21300,-50,10000,"bu","13:03:49",188500
21300,-50,7300,"bu","13:04:09",195800
21300,-50,200,"bu","13:04:50",196000
21300,-50,2500,"sd","13:05:07",198500
21450,100,3000,"sd","13:08:19",201500
21500,150,11500,"bu","13:11:17",213000
21500,150,100,"sd","13:13:21",213100
21500,150,400,"bu","13:14:35",213500
21400,50,100,"sd","13:17:04",213600
21250,-100,15600,"bu","13:21:06",229200
21250,-100,5600,"bu","13:32:45",234800
21250,-100,5000,"bu","13:33:24",239800
21250,-100,4300,"bu","13:39:38",244100
21250,-100,700,"bu","13:40:16",244800
21200,-150,5600,"bu","13:41:11",250400
21200,-150,10000,"bu","13:44:02",260400
21300,-50,100,"bu","13:45:41",260500
21200,-150,14400,"bu","13:46:07",274900
21200,-150,100,"bu","13:46:21",275000
21200,-150,200,"bu","13:46:43",275200
21200,-150,100,"sd","13:47:00",275300
21200,-150,2100,"sd","13:47:31",277400
21200,-150,100,"sd","13:47:37",277500
21200,-150,500,"sd","13:47:48",278000
21200,-150,1000,"bu","13:47:52",279000
21200,-150,200,"bu","13:48:01",279200
21200,-150,1000,"sd","13:48:08",280200
21200,-150,300,"sd","13:48:10",280500
21250,-100,3000,"bu","13:52:48",283500
21200,-150,11900,"bu","13:53:11",295400
21150,-200,5100,"sd","13:54:33",300500
21100,-250,5600,"bu","13:56:57",306100
21100,-250,8100,"bu","13:58:21",314200
21100,-250,1900,"sd","13:58:38",316100
21200,-150,2000,"sd","13:59:57",318100
21200,-150,5000,"bu","14:01:50",323100
21150,-200,7700,"bu","14:02:16",330800
21100,-250,100,"bu","14:02:47",330900
21150,-200,500,"sd","14:03:55",331400
21100,-250,1000,"sd","14:04:21",332400
21100,-250,11500,"sd","14:05:48",343900
21150,-200,500,"bu","14:09:13",344400
21150,-200,1000,"bu","14:09:42",345400
21100,-250,6200,"sd","14:10:26",351600
21100,-250,3800,"bu","14:10:28",355400
21150,-200,600,"sd","14:11:47",356000
21150,-200,2000,"bu","14:12:13",358000
21100,-250,7600,"sd","14:13:29",365600
21150,-200,2000,"bu","14:13:31",367600
21150,-200,21800,"sd","14:15:10",389400
21000,-350,3000,"bu","14:16:52",392400
21000,-350,500,"sd","14:17:42",392900
21050,-300,5900,"bu","14:22:17",398800
21050,-300,100,"bu","14:22:36",398900
21050,-300,1000,"bu","14:23:10",399900
21000,-350,12300,"sd","14:23:17",412200
20800,-550,5600,"bu","14:23:19",417800
21000,-350,200,"bu","14:23:22",418000
20850,-500,100,"bu","14:24:14",418100
20850,-500,3000,"bu","14:24:51",421100
21000,-350,2400,"sd","14:25:37",423500
21000,-350,2000,"sd","14:25:58",425500
21000,-350,2600,"sd","14:26:39",428100
21000,-350,200,"sd","14:28:52",428300
21000,-350,600,"sd","14:29:07",428900
20900,-450,600,"bu","14:29:24",429500
20900,-450,11400,"bu","14:45:12",440900
