"price","change","match_qtty","side","time","total_vol"
105200,700,75800,"sd","09:15:10",75800
105200,700,100,"bu","09:15:14",75900
105400,900,400,"sd","09:15:14",76300
105500,1000,500,"bu","09:15:22",76800
105500,1000,400,"bu","09:16:02",77200
105500,1000,300,"sd","09:16:03",77500
105000,500,200,"bu","09:16:25",77700
105000,500,300,"bu","09:16:43",78000
105500,1000,1600,"sd","09:17:57",79600
105000,500,200,"bu","09:17:59",79800
105500,1000,5600,"bu","09:20:02",85400
105500,1000,1400,"bu","09:20:12",86800
105600,1100,500,"sd","09:20:13",87300
105000,500,200,"bu","09:20:18",87500
105700,1200,200,"sd","09:20:23",87700
105000,500,200,"bu","09:20:25",87900
105000,500,400,"bu","09:20:38",88300
105000,500,200,"sd","09:21:35",88500
105000,500,5200,"bu","09:22:27",93700
105000,500,4000,"sd","09:22:36",97700
105000,500,3000,"sd","09:22:49",100700
105000,500,1100,"sd","09:23:01",101800
105500,1000,2200,"bu","09:23:27",104000
105000,500,200,"sd","09:24:50",104200
105400,900,100,"sd","09:28:02",104300
105000,500,200,"bu","09:28:40",104500
105400,900,1200,"bu","09:34:09",105700
105400,900,500,"bu","09:34:25",106200
105000,500,200,"sd","09:34:29",106400
105000,500,3000,"bu","09:34:43",109400
105000,500,100,"bu","09:34:58",109500
105000,500,3500,"bu","09:35:47",113000
105000,500,5000,"sd","09:36:16",118000
105300,800,2000,"sd","09:36:58",120000
105300,800,6000,"sd","09:37:40",126000
105000,500,13000,"sd","09:39:16",139000
105000,500,100,"bu","09:39:41",139100
105000,500,500,"sd","09:40:48",139600
105200,700,100,"bu","09:41:03",139700
105200,700,300,"bu","09:41:40",140000
105000,500,100,"sd","09:42:18",140100
105000,500,3000,"bu","09:45:47",143100
105000,500,100,"sd","09:47:02",143200
105000,500,3000,"bu","09:48:20",146200
105000,500,2400,"sd","09:49:30",150200
105200,700,600,"sd","09:49:58",150800
105000,500,100,"sd","09:50:09",150900
105200,700,1000,"bu","09:50:11",151900
105200,700,400,"sd","09:51:18",152300
105200,700,200,"bu","09:51:48",152500
105000,500,3000,"bu","09:52:36",155500
105200,700,700,"bu","09:52:43",156200
105200,700,1000,"bu","09:52:56",157200
105200,700,100,"bu","09:54:03",157300
105200,700,300,"sd","09:54:29",157600
105000,500,5000,"bu","09:55:32",162600
105000,500,1000,"sd","09:55:33",163600
105200,700,5000,"sd","09:56:07",168600
105200,700,200,"sd","09:56:16",168800
105200,700,400,"bu","09:57:41",169200
105200,700,500,"bu","09:58:32",169700
105000,500,3000,"bu","10:00:03",172700
105000,500,7800,"sd","10:03:25",180500
105000,500,2200,"bu","10:03:26",182700
105000,500,200,"sd","10:04:00",182900
105000,500,100,"bu","10:05:02",183000
105200,700,500,"sd","10:07:18",183500
105000,500,8000,"sd","10:08:18",191500
105100,600,100,"bu","10:08:34",191600
105000,500,3000,"sd","10:08:45",194600
105200,700,1000,"bu","10:10:15",195600
105200,700,400,"bu","10:10:30",196000
105000,500,6000,"bu","10:12:36",202000
105000,500,100,"bu","10:13:19",202100
105000,500,200,"sd","10:14:59",202300
105000,500,15000,"bu","10:16:08",217300
105000,500,2000,"sd","10:16:36",219300
105200,700,3800,"bu","10:16:39",223100
105200,700,200,"sd","10:17:17",223300
105200,700,100,"sd","10:18:49",223400
105200,700,200,"sd","10:19:40",223600
105300,800,100,"sd","10:20:03",223700
105300,800,400,"bu","10:20:07",224100
105300,800,1000,"bu","10:20:10",225100
105200,700,3200,"sd","10:20:39",228300
105200,700,200,"bu","10:23:07",228500
105200,700,400,"sd","10:23:19",228900
105200,700,600,"sd","10:24:11",229500
105200,700,10500,"sd","10:25:23",240000
105300,800,1500,"sd","10:25:33",241500
105300,800,200,"bu","10:26:32",241700
105400,900,1500,"bu","10:26:49",243200
105300,800,2600,"bu","10:27:20",245800
105300,800,400,"bu","10:27:27",246200
105300,800,1500,"bu","10:31:22",247700
105400,900,1100,"bu","10:33:25",248800
105400,900,100,"sd","10:36:08",248900
105400,900,400,"bu","10:37:36",249300
105300,800,7000,"bu","10:40:15",256300
105300,800,3000,"bu","10:40:34",259300
105300,800,100,"sd","10:40:39",259400
105400,900,1500,"bu","10:40:56",260900
105400,900,200,"sd","10:40:59",261100
105400,900,400,"sd","10:42:33",261500
105400,900,200,"sd","10:45:27",261700
105400,900,400,"bu","10:45:45",262100
105400,900,100,"sd","10:46:03",262200
105400,900,500,"bu","10:46:23",262700
105400,900,1000,"bu","10:46:40",263700
105300,800,2500,"bu","10:47:10",266200
105400,900,300,"bu","10:47:14",266500
105400,900,1300,"sd","10:49:54",267800
105400,900,300,"bu","10:52:37",268100
105400,900,300,"bu","10:54:01",268400
105400,900,14000,"sd","10:56:30",282400
105400,900,1000,"bu","10:56:42",283400
105400,900,100,"sd","10:56:49",283500
105400,900,2100,"sd","10:57:27",285600
105500,1000,1000,"bu","10:57:32",286600
105500,1000,1500,"sd","10:58:17",288100
105500,1000,300,"sd","10:58:34",288400
105500,1000,1500,"bu","10:58:41",289900
105500,1000,200,"sd","10:58:52",290100
105500,1000,100,"sd","10:59:04",290200
105500,1000,2900,"bu","10:59:29",293100
105600,1100,1500,"bu","11:00:58",294600
105500,1000,2000,"sd","11:01:03",296600
105500,1000,2600,"bu","11:01:37",299200
105500,1000,400,"sd","11:01:46",299600
105500,1000,200,"bu","11:04:27",299800
105500,1000,1500,"bu","11:05:16",301300
105400,900,3000,"bu","11:05:53",304300
105400,900,2400,"bu","11:06:01",306700
105300,800,100,"bu","11:06:14",306800
105400,900,1000,"bu","11:06:24",307800
105400,900,600,"bu","11:07:13",308400
105500,1000,500,"bu","11:08:01",308900
105500,1000,400,"bu","11:08:10",309300
105500,1000,1000,"sd","11:08:17",310300
105400,900,1200,"sd","11:09:24",311500
105500,1000,300,"sd","11:11:28",311800
105600,1100,100,"sd","11:11:34",311900
105500,1000,300,"sd","11:12:17",312200
105400,900,300,"sd","11:13:06",312500
105400,900,1000,"sd","11:13:18",313500
105400,900,400,"sd","11:14:34",313900
105400,900,5000,"bu","11:15:08",318900
105400,900,1300,"sd","11:15:16",320200
105500,1000,1500,"sd","11:15:32",321700
105500,1000,1100,"bu","11:16:01",322800
105600,1100,1700,"sd","11:16:44",324500
105600,1100,400,"bu","11:17:46",324900
105500,1000,2400,"sd","11:19:17",327300
105500,1000,5000,"bu","11:20:09",332300
105500,1000,2000,"bu","11:20:24",334300
105500,1000,3000,"sd","11:20:53",337300
105500,1000,300,"bu","11:20:59",337600
105500,1000,200,"bu","11:21:14",337800
105400,900,4000,"sd","11:22:22",341800
105500,1000,1000,"sd","11:22:43",342800
105500,1000,5000,"bu","11:22:44",347800
105500,1000,5400,"sd","11:24:10",353200
105500,1000,100,"bu","11:25:04",353300
105400,900,1000,"sd","11:25:12",354300
105500,1000,19600,"bu","11:25:13",373900
105500,1000,400,"sd","11:25:39",374300
105500,1000,200,"bu","11:25:42",374500
105500,1000,400,"bu","11:27:22",374900
105300,800,5000,"sd","11:27:41",379900
105300,800,3000,"bu","11:28:36",382900
105300,800,3000,"sd","11:29:13",385900
105300,800,800,"bu","13:00:35",386700
105300,800,400,"sd","13:00:49",387100
105300,800,300,"sd","13:00:51",387400
105300,800,100,"bu","13:00:52",387500
105300,800,200,"bu","13:00:58",387700
105300,800,400,"bu","13:01:02",388100
105200,700,1500,"bu","13:01:38",389600
105400,900,2000,"sd","13:01:49",391600
105300,800,3000,"sd","13:02:47",394600
105300,800,4500,"sd","13:03:13",399100
105300,800,1000,"bu","13:03:27",400100
105200,700,2600,"sd","13:03:28",402700
105200,700,200,"bu","13:03:48",402900
105300,800,5000,"bu","13:04:15",407900
105300,800,200,"sd","13:04:37",408100
105200,700,5000,"bu","13:04:53",413100
105300,800,1000,"sd","13:05:03",414100
105300,800,200,"bu","13:05:10",414300
105300,800,1500,"sd","13:05:55",415800
105300,800,300,"sd","13:06:53",416100
105300,800,400,"sd","13:07:00",416500
105300,800,1000,"sd","13:07:23",417500
105200,700,5000,"bu","13:07:37",422500
105300,800,1500,"bu","13:07:38",424000
105300,800,100,"bu","13:08:04",424100
105300,800,300,"bu","13:08:35",424400
105200,700,5000,"bu","13:09:00",429400
105200,700,6000,"sd","13:13:54",435400
105200,700,5000,"sd","13:14:49",440400
105300,800,1600,"sd","13:14:52",442000
105300,800,5000,"bu","13:15:11",447000
105300,800,100,"bu","13:15:14",447100
105400,900,400,"sd","13:15:22",447500
105400,900,200,"bu","13:15:34",447700
105300,800,1000,"sd","13:16:30",448700
105300,800,200,"sd","13:17:19",448900
105300,800,2000,"bu","13:17:23",450900
105400,900,1000,"bu","13:18:08",451900
105400,900,300,"sd","13:18:46",452200
105300,800,3000,"sd","13:18:48",455200
105300,800,300,"sd","13:19:50",455500
105300,800,100,"sd","13:20:14",455600
105300,800,4000,"bu","13:20:50",459600
105400,900,100,"sd","13:21:05",459700
105300,800,3200,"bu","13:22:01",462900
105300,800,300,"sd","13:22:11",463200
105300,800,1000,"sd","13:22:23",464200
105300,800,200,"sd","13:22:31",464400
105300,800,300,"sd","13:23:02",464700
105300,800,200,"sd","13:23:52",464900
105300,800,3300,"sd","13:27:16",468200
105300,800,400,"bu","13:27:24",468600
105300,800,20700,"sd","13:28:03",489300
105100,600,1000,"sd","13:28:11",490300
105200,700,300,"bu","13:28:26",490600
105200,700,3000,"bu","13:29:25",493600
105200,700,3000,"bu","13:29:49",496600
105200,700,4600,"sd","13:31:00",501200
105200,700,5000,"sd","13:31:13",506200
105200,700,200,"sd","13:31:26",506400
105200,700,4000,"sd","13:31:35",510400
105000,500,6000,"sd","13:31:59",516400
105200,700,200,"sd","13:32:13",516600
105200,700,2000,"sd","13:32:14",518600
105200,700,300,"sd","13:32:22",518900
105200,700,900,"bu","13:32:24",519800
105300,800,600,"bu","13:32:40",520400
105300,800,6200,"sd","13:33:46",526600
105300,800,2000,"sd","13:33:56",528600
105300,800,400,"bu","13:34:04",529000
105100,600,3000,"sd","13:34:19",532000
105300,800,5000,"sd","13:35:02",537000
105100,600,4000,"bu","13:35:22",541000
105100,600,5000,"bu","13:35:53",546000
105300,800,3100,"sd","13:36:12",549100
105400,900,1000,"sd","13:36:15",550100
105300,800,900,"bu","13:36:22",551000
105300,800,100,"sd","13:36:46",551100
105100,600,200,"sd","13:37:13",551300
105300,800,15100,"bu","13:37:28",566400
105400,900,500,"sd","13:38:04",566900
105400,900,500,"bu","13:38:07",567400
105400,900,500,"bu","13:38:08",567900
105400,900,2100,"sd","13:38:22",570000
105400,900,1500,"bu","13:38:46",571500
105500,1000,1500,"sd","13:38:59",573000
105500,1000,900,"bu","13:39:02",573900
105500,1000,300,"bu","13:39:11",574200
105500,1000,200,"sd","13:40:23",574400
105500,1000,300,"sd","13:40:53",574700
105400,900,2000,"bu","13:41:50",576700
105400,900,100,"bu","13:41:55",576800
105400,900,1500,"sd","13:42:04",578300
105400,900,5000,"bu","13:42:06",583300
105400,900,400,"bu","13:42:15",583700
105400,900,5000,"bu","13:42:29",588700
105400,900,200,"sd","13:42:34",588900
105400,900,4000,"sd","13:42:46",592900
105300,800,5000,"bu","13:43:12",597900
105400,900,3900,"sd","13:43:31",601800
105300,800,1000,"sd","13:44:02",602800
105400,900,3500,"sd","13:44:20",606300
105300,800,800,"sd","13:44:45",607100
105400,900,25000,"bu","13:44:46",632100
105400,900,200,"bu","13:44:53",632300
105400,900,300,"sd","13:45:26",632600
105400,900,5000,"sd","13:45:44",637600
105400,900,300,"sd","13:45:58",637900
105400,900,200,"bu","13:46:35",638100
105400,900,100,"sd","13:47:04",638200
105200,700,17100,"sd","13:47:34",655300
105200,700,3000,"sd","13:47:49",658300
105200,700,5000,"bu","13:48:52",663300
105200,700,4000,"bu","13:49:08",667300
105200,700,3700,"bu","13:49:46",671000
105200,700,3000,"sd","13:49:47",674000
105200,700,1000,"bu","13:49:55",675000
105200,700,1500,"bu","13:50:09",676500
105200,700,300,"sd","13:51:04",676800
105200,700,400,"bu","13:51:51",677200
105400,900,12900,"sd","13:51:57",690100
105400,900,400,"sd","13:53:57",690500
105500,1000,1000,"bu","13:54:10",691500
105500,1000,200,"bu","13:54:28",691700
105500,1000,400,"bu","13:55:03",692100
105500,1000,1500,"sd","13:55:15",693600
105400,900,100,"bu","13:55:30",693700
105400,900,1100,"bu","13:55:52",694800
105400,900,300,"bu","13:56:28",695100
105400,900,5000,"bu","13:57:01",700100
105400,900,3000,"sd","13:57:21",703100
105400,900,2000,"bu","13:57:31",705100
105400,900,300,"sd","13:57:52",705400
105400,900,500,"bu","13:58:21",705900
105400,900,300,"sd","13:59:35",706200
105400,900,100,"sd","14:00:04",706300
105400,900,200,"bu","14:01:16",706500
105400,900,400,"sd","14:01:28",706900
105200,700,300,"bu","14:01:55",707200
105000,500,5000,"bu","14:02:08",712200
105300,800,100,"bu","14:03:13",712300
105300,800,1500,"bu","14:04:29",713800
105300,800,700,"sd","14:04:41",714500
105300,800,1000,"sd","14:04:48",715500
105300,800,1500,"bu","14:04:54",717000
105400,900,1500,"sd","14:04:59",718500
105400,900,500,"sd","14:05:01",719000
105400,900,300,"bu","14:06:23",719300
105400,900,500,"bu","14:06:40",719800
105400,900,200,"bu","14:07:13",720000
105400,900,1500,"sd","14:07:30",721500
105400,900,300,"sd","14:07:52",721800
105400,900,500,"bu","14:08:03",722300
105400,900,200,"bu","14:08:05",722500
105400,900,500,"sd","14:09:06",723000
105400,900,2500,"sd","14:09:19",725500
105400,900,500,"sd","14:09:25",726000
105400,900,1300,"bu","14:09:47",727300
105400,900,500,"sd","14:09:50",727800
105400,900,400,"bu","14:11:03",728200
105400,900,1000,"sd","14:11:18",729200
105500,1000,500,"bu","14:11:22",729700
105500,1000,500,"bu","14:11:42",730200
105500,1000,1000,"bu","14:12:08",731200
105500,1000,800,"bu","14:13:11",732000
105500,1000,400,"bu","14:14:16",732400
105500,1000,300,"sd","14:14:52",732700
105400,900,500,"sd","14:16:03",733200
105400,900,600,"bu","14:16:47",733800
105400,900,600,"bu","14:16:56",734400
105400,900,100,"bu","14:16:58",734500
105400,900,800,"sd","14:18:35",735300
105200,700,200,"sd","14:19:05",735500
105200,700,400,"bu","14:19:11",735900
105200,700,500,"sd","14:20:25",736400
105100,600,500,"bu","14:20:32",736900
105100,600,200,"bu","14:21:17",737100
105100,600,800,"sd","14:21:21",737900
105100,600,100,"sd","14:21:43",738000
105100,600,400,"bu","14:21:50",738400
105100,600,100,"bu","14:22:31",738500
105000,500,3100,"bu","14:23:02",741600
105000,500,700,"bu","14:23:08",742300
105000,500,200,"sd","14:23:12",742500
104800,300,4000,"sd","14:25:04",746500
105000,500,100,"sd","14:25:58",746600
105400,900,1400,"bu","14:26:36",748000
105000,500,500,"sd","14:26:39",748500
105400,900,1000,"sd","14:26:41",749500
105500,1000,500,"bu","14:26:44",750000
105400,900,500,"bu","14:26:51",750500
105400,900,900,"bu","14:27:06",751400
105400,900,500,"bu","14:27:11",751900
105400,900,200,"bu","14:27:23",752100
105400,900,500,"bu","14:27:27",752600
105400,900,1000,"bu","14:27:47",753600
105500,1000,700,"bu","14:28:01",754300
105300,800,29400,"sd","14:45:17",783700
