"id","symbol","truncTime","matchType","matchVol","matchPrice","accumulatedVolume","createdAt","updatedAt"
160713892,"G36","1703577563","s","100","7100","120200","2023-12-26T07:59:24.500Z","2023-12-26T07:59:24.500Z"
160713694,"G36","1703577252","s","3000","7100","120100","2023-12-26T07:54:13.490Z","2023-12-26T07:54:13.490Z"
160713446,"G36","1703576814","s","300","7100","117100","2023-12-26T07:46:54.485Z","2023-12-26T07:46:54.485Z"
160712778,"G36","1703576512","s","1000","7100","116800","2023-12-26T07:41:54.483Z","2023-12-26T07:41:54.483Z"
160712517,"G36","1703576052","s","100","7100","115800","2023-12-26T07:34:13.475Z","2023-12-26T07:34:13.475Z"
160677575,"G36","1703574872","b","2000","7200","115700","2023-12-26T07:14:33.474Z","2023-12-26T07:14:33.474Z"
160659205,"G36","1703574377","b","2000","7200","113700","2023-12-26T07:06:18.501Z","2023-12-26T07:06:18.501Z"
160659131,"G36","1703574375","s","1000","7100","111700","2023-12-26T07:06:16.486Z","2023-12-26T07:06:16.486Z"
160610661,"G36","1703572585","b","2000","7200","110700","2023-12-26T06:36:27.451Z","2023-12-26T06:36:27.451Z"
160605986,"G36","1703572384","b","1900","7200","108700","2023-12-26T06:33:06.454Z","2023-12-26T06:33:06.454Z"
160598515,"G36","1703572106","b","100","7200","106800","2023-12-26T06:28:28.440Z","2023-12-26T06:28:28.440Z"
160595688,"G36","1703571994","b","100","7200","106700","2023-12-26T06:26:35.467Z","2023-12-26T06:26:35.467Z"
160586200,"G36","1703571641","b","5000","7200","106600","2023-12-26T06:20:42.437Z","2023-12-26T06:20:42.437Z"
160582848,"G36","1703571521","b","2000","7200","101600","2023-12-26T06:18:42.445Z","2023-12-26T06:18:42.445Z"
160576019,"G36","1703571231","b","1400","7200","99600","2023-12-26T06:13:52.426Z","2023-12-26T06:13:52.426Z"
160571558,"G36","1703571036","b","2000","7200","98200","2023-12-26T06:10:37.429Z","2023-12-26T06:10:37.429Z"
160569968,"G36","1703570967","s","400","7100","96200","2023-12-26T06:09:28.428Z","2023-12-26T06:09:28.428Z"
160566543,"G36","1703570815","s","500","7100","95800","2023-12-26T06:06:56.441Z","2023-12-26T06:06:56.441Z"
160565921,"G36","1703570791","s","1000","7100","95300","2023-12-26T06:06:32.432Z","2023-12-26T06:06:32.432Z"
160557872,"G36","1703570410","b","1000","7200","94300","2023-12-26T06:00:14.578Z","2023-12-26T06:00:14.578Z"
160550048,"G36","1703564541","b","2000","7200","93300","2023-12-26T04:22:22.328Z","2023-12-26T04:22:22.328Z"
160535585,"G36","1703563491","b","1500","7200","91300","2023-12-26T04:04:52.319Z","2023-12-26T04:04:52.319Z"
160535460,"G36","1703563482","b","100","7200","89800","2023-12-26T04:04:43.322Z","2023-12-26T04:04:43.322Z"
160514555,"G36","1703562320","s","19400","7200","89700","2023-12-26T03:45:21.314Z","2023-12-26T03:45:21.314Z"
160513247,"G36","1703562249","s","600","7200","70300","2023-12-26T03:44:09.319Z","2023-12-26T03:44:09.319Z"
160512517,"G36","1703562211","s","500","7200","69700","2023-12-26T03:43:33.335Z","2023-12-26T03:43:33.335Z"
160511154,"G36","1703562133","s","200","7200","69200","2023-12-26T03:42:14.326Z","2023-12-26T03:42:14.326Z"
160499371,"G36","1703561429","s","600","7200","69000","2023-12-26T03:30:30.301Z","2023-12-26T03:30:30.301Z"
160498089,"G36","1703561338","s","4300","7200","68400","2023-12-26T03:29:00.301Z","2023-12-26T03:29:00.301Z"
160474549,"G36","1703560007","s","100","7200","64100","2023-12-26T03:06:48.285Z","2023-12-26T03:06:48.285Z"
160472529,"G36","1703559905","s","1000","7200","64000","2023-12-26T03:05:06.280Z","2023-12-26T03:05:06.280Z"
160469165,"G36","1703559759","s","2000","7200","63000","2023-12-26T03:02:40.292Z","2023-12-26T03:02:40.292Z"
160468946,"G36","1703559750","s","2000","7200","61000","2023-12-26T03:02:31.286Z","2023-12-26T03:02:31.286Z"
160466953,"G36","1703559669","s","2800","7200","59000","2023-12-26T03:01:10.331Z","2023-12-26T03:01:10.331Z"
160464086,"G36","1703559563","b","500","7200","56200","2023-12-26T02:59:25.282Z","2023-12-26T02:59:25.282Z"
160463345,"G36","1703559539","b","1300","7200","55700","2023-12-26T02:59:00.285Z","2023-12-26T02:59:00.285Z"
160458490,"G36","1703559376","b","300","7200","54400","2023-12-26T02:56:18.269Z","2023-12-26T02:56:18.269Z"
160458109,"G36","1703559363","b","300","7200","54100","2023-12-26T02:56:04.277Z","2023-12-26T02:56:04.277Z"
160455734,"G36","1703559303","b","800","7200","53800","2023-12-26T02:55:04.293Z","2023-12-26T02:55:04.293Z"
160455172,"G36","1703559286","b","11000","7200","53000","2023-12-26T02:54:47.264Z","2023-12-26T02:54:47.264Z"
160450905,"G36","1703559154","b","2000","7200","42000","2023-12-26T02:52:35.266Z","2023-12-26T02:52:35.266Z"
160446813,"G36","1703559007","b","6700","7200","40000","2023-12-26T02:50:09.273Z","2023-12-26T02:50:09.273Z"
160435748,"G36","1703558549","s","100","7200","33300","2023-12-26T02:42:30.258Z","2023-12-26T02:42:30.258Z"
160435434,"G36","1703558540","s","400","7200","33200","2023-12-26T02:42:22.258Z","2023-12-26T02:42:22.258Z"
160423239,"G36","1703558090","s","3900","7200","32800","2023-12-26T02:34:52.288Z","2023-12-26T02:34:52.288Z"
160419906,"G36","1703557965","b","300","7200","28900","2023-12-26T02:32:46.248Z","2023-12-26T02:32:46.248Z"
160417784,"G36","1703557892","b","700","7200","28600","2023-12-26T02:31:33.247Z","2023-12-26T02:31:33.247Z"
160416284,"G36","1703557842","s","4800","7200","27900","2023-12-26T02:30:44.261Z","2023-12-26T02:30:44.261Z"
160416193,"G36","1703557839","s","8400","7200","23100","2023-12-26T02:30:40.251Z","2023-12-26T02:30:40.251Z"
160412137,"G36","1703557720","b","3000","7200","14700","2023-12-26T02:28:41.248Z","2023-12-26T02:28:41.248Z"
160403082,"G36","1703557461","b","5000","7200","11700","2023-12-26T02:24:22.242Z","2023-12-26T02:24:22.242Z"
160387824,"G36","1703556984","b","1600","7200","6700","2023-12-26T02:16:26.236Z","2023-12-26T02:16:26.236Z"
160385559,"G36","1703556779","b","3000","7200","5100","2023-12-26T02:13:01.224Z","2023-12-26T02:13:01.224Z"
160384995,"G36","1703556482","b","100","7200","2100","2023-12-26T02:08:04.226Z","2023-12-26T02:08:04.226Z"
160384311,"G36","1703556113","b","1700","7200","2000","2023-12-26T02:01:54.227Z","2023-12-26T02:01:54.227Z"
160384213,"G36","1703556049","b","300","7200","300","2023-12-26T02:00:52.215Z","2023-12-26T02:00:52.215Z"
