"id","symbol","truncTime","matchType","matchVol","matchPrice","accumulatedVolume","createdAt","updatedAt"
160713208,"POM","1703576694","unknown","77300","5200","2479200","2023-12-26T07:45:07.498Z","2023-12-26T07:45:07.498Z"
160711599,"POM","1703575773","s","100","5240","2401900","2023-12-26T07:29:45.499Z","2023-12-26T07:29:45.499Z"
160711598,"POM","1703575773","s","500","5240","2401900","2023-12-26T07:29:45.499Z","2023-12-26T07:29:45.499Z"
160711597,"POM","1703575773","s","1000","5240","2401900","2023-12-26T07:29:45.499Z","2023-12-26T07:29:45.499Z"
160711596,"POM","1703575773","s","400","5240","2401900","2023-12-26T07:29:45.499Z","2023-12-26T07:29:45.499Z"
160710389,"POM","1703575748","s","100","5240","2399900","2023-12-26T07:29:21.503Z","2023-12-26T07:29:21.503Z"
160710013,"POM","1703575740","s","300","5240","2399500","2023-12-26T07:29:13.507Z","2023-12-26T07:29:13.507Z"
160709946,"POM","1703575739","s","200","5240","2398500","2023-12-26T07:29:12.487Z","2023-12-26T07:29:12.487Z"
160709945,"POM","1703575739","s","800","5240","2398500","2023-12-26T07:29:12.487Z","2023-12-26T07:29:12.487Z"
160709941,"POM","1703575738","b","1000","5250","2398500","2023-12-26T07:29:11.502Z","2023-12-26T07:29:11.502Z"
160709549,"POM","1703575730","s","200","5240","2397300","2023-12-26T07:29:02.490Z","2023-12-26T07:29:02.490Z"
160709223,"POM","1703575722","s","1000","5240","2397300","2023-12-26T07:28:54.487Z","2023-12-26T07:28:54.487Z"
160709193,"POM","1703575720","s","100","5240","2396200","2023-12-26T07:28:53.503Z","2023-12-26T07:28:53.503Z"
160706579,"POM","1703575662","s","900","5240","2386200","2023-12-26T07:27:54.489Z","2023-12-26T07:27:54.489Z"
160706578,"POM","1703575662","s","100","5240","2386200","2023-12-26T07:27:54.489Z","2023-12-26T07:27:54.489Z"
160706577,"POM","1703575662","s","400","5240","2386200","2023-12-26T07:27:54.489Z","2023-12-26T07:27:54.489Z"
160706576,"POM","1703575662","s","8600","5240","2386200","2023-12-26T07:27:54.489Z","2023-12-26T07:27:54.489Z"
160706116,"POM","1703575653","s","1000","5250","2383800","2023-12-26T07:27:46.488Z","2023-12-26T07:27:46.488Z"
160706115,"POM","1703575653","s","1400","5250","2383800","2023-12-26T07:27:46.488Z","2023-12-26T07:27:46.488Z"
160705635,"POM","1703575643","s","1000","5250","2383800","2023-12-26T07:27:35.489Z","2023-12-26T07:27:35.489Z"
160705262,"POM","1703575634","b","1000","5250","2380300","2023-12-26T07:27:26.480Z","2023-12-26T07:27:26.480Z"
160705261,"POM","1703575634","b","200","5250","2380300","2023-12-26T07:27:26.480Z","2023-12-26T07:27:26.480Z"
160705260,"POM","1703575634","b","100","5250","2380300","2023-12-26T07:27:26.480Z","2023-12-26T07:27:26.480Z"
160705259,"POM","1703575634","b","1200","5250","2380300","2023-12-26T07:27:26.480Z","2023-12-26T07:27:26.480Z"
160705216,"POM","1703575631","b","2800","5250","2375300","2023-12-26T07:27:24.485Z","2023-12-26T07:27:24.485Z"
160705215,"POM","1703575631","b","700","5250","2375300","2023-12-26T07:27:24.485Z","2023-12-26T07:27:24.485Z"
160705214,"POM","1703575631","b","1100","5250","2375300","2023-12-26T07:27:24.485Z","2023-12-26T07:27:24.485Z"
160705213,"POM","1703575631","b","400","5250","2375300","2023-12-26T07:27:24.485Z","2023-12-26T07:27:24.485Z"
160704337,"POM","1703575610","b","2000","5250","2373300","2023-12-26T07:27:02.492Z","2023-12-26T07:27:02.492Z"
160703984,"POM","1703575600","b","100","5250","2373200","2023-12-26T07:26:52.478Z","2023-12-26T07:26:52.478Z"
160703934,"POM","1703575599","b","6000","5250","2367200","2023-12-26T07:26:51.486Z","2023-12-26T07:26:51.486Z"
160703349,"POM","1703575582","b","1500","5250","2347200","2023-12-26T07:26:35.486Z","2023-12-26T07:26:35.486Z"
160703348,"POM","1703575582","b","15000","5250","2347200","2023-12-26T07:26:35.486Z","2023-12-26T07:26:35.486Z"
160703347,"POM","1703575582","b","100","5250","2347200","2023-12-26T07:26:35.486Z","2023-12-26T07:26:35.486Z"
160703346,"POM","1703575582","b","1600","5250","2347200","2023-12-26T07:26:35.486Z","2023-12-26T07:26:35.486Z"
160703345,"POM","1703575582","b","1800","5250","2347200","2023-12-26T07:26:35.486Z","2023-12-26T07:26:35.486Z"
160700362,"POM","1703575512","b","100","5250","2347100","2023-12-26T07:25:24.480Z","2023-12-26T07:25:24.480Z"
160698771,"POM","1703575465","b","100","5250","2347100","2023-12-26T07:24:37.512Z","2023-12-26T07:24:37.512Z"
160698731,"POM","1703575463","b","400","5250","2346600","2023-12-26T07:24:36.477Z","2023-12-26T07:24:36.477Z"
160697759,"POM","1703575436","b","100","5250","2346600","2023-12-26T07:24:09.473Z","2023-12-26T07:24:09.473Z"
160697096,"POM","1703575418","s","4400","5240","2346500","2023-12-26T07:23:50.496Z","2023-12-26T07:23:50.496Z"
160697095,"POM","1703575418","s","100","5240","2346500","2023-12-26T07:23:50.496Z","2023-12-26T07:23:50.496Z"
160692962,"POM","1703575315","s","100","5230","2341900","2023-12-26T07:22:08.481Z","2023-12-26T07:22:08.481Z"
160691904,"POM","1703575291","s","100","5240","2341900","2023-12-26T07:21:43.530Z","2023-12-26T07:21:43.530Z"
160691903,"POM","1703575291","s","4800","5240","2341900","2023-12-26T07:21:43.530Z","2023-12-26T07:21:43.530Z"
160691902,"POM","1703575291","s","600","5240","2341900","2023-12-26T07:21:43.530Z","2023-12-26T07:21:43.530Z"
160691487,"POM","1703575279","b","7500","5250","2336400","2023-12-26T07:21:31.477Z","2023-12-26T07:21:31.477Z"
160691486,"POM","1703575279","b","2000","5250","2336400","2023-12-26T07:21:31.477Z","2023-12-26T07:21:31.477Z"
160691485,"POM","1703575279","b","500","5250","2336400","2023-12-26T07:21:31.477Z","2023-12-26T07:21:31.477Z"
160688501,"POM","1703575194","s","1000","5240","2325400","2023-12-26T07:20:06.480Z","2023-12-26T07:20:06.480Z"
160686730,"POM","1703575133","s","500","5240","2325400","2023-12-26T07:19:06.475Z","2023-12-26T07:19:06.475Z"
160686646,"POM","1703575130","b","200","5240","2324900","2023-12-26T07:19:02.478Z","2023-12-26T07:19:02.478Z"
160686246,"POM","1703575119","b","300","5240","2324400","2023-12-26T07:18:52.480Z","2023-12-26T07:18:52.480Z"
160686138,"POM","1703575115","b","1500","5240","2324400","2023-12-26T07:18:47.472Z","2023-12-26T07:18:47.472Z"
160686137,"POM","1703575115","b","500","5240","2324400","2023-12-26T07:18:47.472Z","2023-12-26T07:18:47.472Z"
160685769,"POM","1703575101","b","100","5240","2322400","2023-12-26T07:18:34.544Z","2023-12-26T07:18:34.544Z"
160685540,"POM","1703575100","b","1400","5240","2322300","2023-12-26T07:18:33.480Z","2023-12-26T07:18:33.480Z"
160685539,"POM","1703575100","b","600","5240","2322300","2023-12-26T07:18:33.480Z","2023-12-26T07:18:33.480Z"
160685185,"POM","1703575088","b","200","5240","2320100","2023-12-26T07:18:21.480Z","2023-12-26T07:18:21.480Z"
160684983,"POM","1703575082","b","10000","5240","2310100","2023-12-26T07:18:15.521Z","2023-12-26T07:18:15.521Z"
160684067,"POM","1703575053","b","1000","5240","2310100","2023-12-26T07:17:45.478Z","2023-12-26T07:17:45.478Z"
160683950,"POM","1703575049","b","30000","5240","2309100","2023-12-26T07:17:41.469Z","2023-12-26T07:17:41.469Z"
160683943,"POM","1703575048","b","100","5240","2279000","2023-12-26T07:17:40.470Z","2023-12-26T07:17:40.470Z"
160683044,"POM","1703575013","b","100","5240","2278500","2023-12-26T07:17:06.484Z","2023-12-26T07:17:06.484Z"
160683043,"POM","1703575013","b","400","5240","2278500","2023-12-26T07:17:06.484Z","2023-12-26T07:17:06.484Z"
160681573,"POM","1703574968","s","100","5230","2278400","2023-12-26T07:16:21.469Z","2023-12-26T07:16:21.469Z"
160681065,"POM","1703574956","b","2000","5230","2278400","2023-12-26T07:16:08.497Z","2023-12-26T07:16:08.497Z"
160680710,"POM","1703574949","b","1000","5230","2275400","2023-12-26T07:16:02.517Z","2023-12-26T07:16:02.517Z"
160678570,"POM","1703574887","s","1000","5230","2274400","2023-12-26T07:15:00.470Z","2023-12-26T07:15:00.470Z"
160678449,"POM","1703574884","b","1000","5240","2273400","2023-12-26T07:14:57.484Z","2023-12-26T07:14:57.484Z"
160678108,"POM","1703574875","b","1000","5240","2273400","2023-12-26T07:14:47.473Z","2023-12-26T07:14:47.473Z"
160677635,"POM","1703574863","b","2100","5240","2272400","2023-12-26T07:14:35.471Z","2023-12-26T07:14:35.471Z"
160677634,"POM","1703574863","b","1900","5230","2272400","2023-12-26T07:14:35.471Z","2023-12-26T07:14:35.471Z"
160676389,"POM","1703574826","s","100","5220","2268400","2023-12-26T07:13:58.474Z","2023-12-26T07:13:58.474Z"
160676388,"POM","1703574826","s","500","5220","2268400","2023-12-26T07:13:58.474Z","2023-12-26T07:13:58.474Z"
160675085,"POM","1703574796","s","300","5220","2267800","2023-12-26T07:13:29.487Z","2023-12-26T07:13:29.487Z"
160674715,"POM","1703574790","b","1000","5220","2267500","2023-12-26T07:13:23.489Z","2023-12-26T07:13:23.489Z"
160674714,"POM","1703574790","b","300","5220","2267500","2023-12-26T07:13:23.489Z","2023-12-26T07:13:23.489Z"
160672916,"POM","1703574747","s","1700","5220","2264500","2023-12-26T07:12:40.503Z","2023-12-26T07:12:40.503Z"
160672246,"POM","1703574728","b","1300","5220","2263200","2023-12-26T07:12:21.475Z","2023-12-26T07:12:21.475Z"
160671751,"POM","1703574713","s","1000","5210","2258200","2023-12-26T07:12:06.484Z","2023-12-26T07:12:06.484Z"
160671750,"POM","1703574713","s","200","5210","2258200","2023-12-26T07:12:06.484Z","2023-12-26T07:12:06.484Z"
160671749,"POM","1703574713","s","3800","5210","2258200","2023-12-26T07:12:06.484Z","2023-12-26T07:12:06.484Z"
160671325,"POM","1703574700","s","700","5210","2257500","2023-12-26T07:11:52.477Z","2023-12-26T07:11:52.477Z"
160669752,"POM","1703574654","s","500","5210","2255900","2023-12-26T07:11:06.516Z","2023-12-26T07:11:06.516Z"
160669751,"POM","1703574654","s","1100","5210","2255900","2023-12-26T07:11:06.516Z","2023-12-26T07:11:06.516Z"
160669747,"POM","1703574653","b","3700","5220","2255900","2023-12-26T07:11:05.490Z","2023-12-26T07:11:05.490Z"
160669746,"POM","1703574653","b","3300","5220","2255900","2023-12-26T07:11:05.490Z","2023-12-26T07:11:05.490Z"
160669530,"POM","1703574648","s","500","5210","2248400","2023-12-26T07:11:00.484Z","2023-12-26T07:11:00.484Z"
160669270,"POM","1703574639","s","1000","5210","2248400","2023-12-26T07:10:51.471Z","2023-12-26T07:10:51.471Z"
160668726,"POM","1703574624","b","100","5220","2247300","2023-12-26T07:10:37.490Z","2023-12-26T07:10:37.490Z"
160668669,"POM","1703574622","s","100","5210","2247300","2023-12-26T07:10:34.490Z","2023-12-26T07:10:34.490Z"
160668627,"POM","1703574620","b","200","5220","2247000","2023-12-26T07:10:33.474Z","2023-12-26T07:10:33.474Z"
160667959,"POM","1703574599","s","3000","5210","2247000","2023-12-26T07:10:12.468Z","2023-12-26T07:10:12.468Z"
160667726,"POM","1703574595","s","500","5210","2243500","2023-12-26T07:10:08.562Z","2023-12-26T07:10:08.562Z"
160666981,"POM","1703574573","s","400","5210","2243500","2023-12-26T07:09:45.526Z","2023-12-26T07:09:45.526Z"
160666980,"POM","1703574573","s","1000","5210","2243500","2023-12-26T07:09:45.526Z","2023-12-26T07:09:45.526Z"
160666979,"POM","1703574573","s","1600","5210","2243500","2023-12-26T07:09:45.526Z","2023-12-26T07:09:45.526Z"
160666812,"POM","1703574568","s","400","5210","2240500","2023-12-26T07:09:41.474Z","2023-12-26T07:09:41.474Z"
160666811,"POM","1703574568","s","10000","5210","2240500","2023-12-26T07:09:41.474Z","2023-12-26T07:09:41.474Z"
