"symbol","time","price","change","vol","total","side"
"HPG","14:45:03",27.2,0,727600,14307400,
"HPG","14:29:59",27.2,0,10600,13579800,"B"
"HPG","14:29:57",27.25,0.05,10000,13569200,"S"
"HPG","14:29:55",27.25,0.05,1000,13559200,"S"
"HPG","14:29:48",27.25,0.05,100,13555200,"S"
"HPG","14:29:47",27.25,0.05,1000,13555100,"S"
"HPG","14:29:46",27.2,0,1100,13554100,"B"
"HPG","14:29:43",27.25,0.05,2000,13553000,"S"
"HPG","14:29:40",27.25,0.05,10600,13551000,"S"
"HPG","14:29:39",27.25,0.05,10600,13540400,"S"
"HPG","14:29:38",27.25,0.05,6000,13529800,"S"
"HPG","14:29:37",27.2,0,5300,13523800,"B"
"HPG","14:29:33",27.2,0,6000,13518500,"B"
"HPG","14:29:29",27.25,0.05,10000,13512500,"S"
"HPG","14:29:29",27.25,0.05,2500,13502500,"S"
"HPG","14:29:27",27.25,0.05,10600,13500000,"S"
"HPG","14:29:26",27.2,0,100,13489400,"B"
"HPG","14:29:23",27.25,0.05,5500,13489300,"S"
"HPG","14:29:22",27.25,0.05,1100,13483800,"S"
"HPG","14:29:22",27.2,0,5000,13482700,"B"
"HPG","14:29:19",27.2,0,25600,13477700,"B"
"HPG","14:29:16",27.25,0.05,1000,13452100,"S"
"HPG","14:29:15",27.25,0.05,13500,13451100,"B"
"HPG","14:29:12",27.3,0.1,3400,13437600,"S"
"HPG","14:29:08",27.3,0.1,2500,13434200,"S"
"HPG","14:29:02",27.3,0.1,17400,13431700,"S"
"HPG","14:29:02",27.25,0.05,7200,13414300,"S"
"HPG","14:28:59",27.25,0.05,60000,13407100,"S"
"HPG","14:28:58",27.25,0.05,2500,13347100,"S"
"HPG","14:28:55",27.25,0.05,10600,13344600,"S"
"HPG","14:28:55",27.2,0,1800,13334000,"B"
"HPG","14:28:55",27.25,0.05,400,13332200,"S"
"HPG","14:28:52",27.25,0.05,3000,13331800,"S"
"HPG","14:28:51",27.2,0,19000,13328800,"B"
"HPG","14:28:50",27.25,0.05,2600,13309800,"S"
"HPG","14:28:46",27.25,0.05,1100,13307200,"S"
"HPG","14:28:43",27.2,0,5000,13306100,"B"
"HPG","14:28:37",27.25,0.05,31400,13301100,"S"
"HPG","14:28:29",27.25,0.05,2500,13269700,"S"
"HPG","14:28:25",27.25,0.05,1000,13267200,"S"
"HPG","14:28:20",27.25,0.05,2500,13266200,"S"
"HPG","14:28:15",27.2,0,19000,13263700,"B"
"HPG","14:28:11",27.25,0.05,10600,13244700,"S"
"HPG","14:28:09",27.25,0.05,1000,13234100,"S"
"HPG","14:28:07",27.25,0.05,30800,13233100,"S"
"HPG","14:27:54",27.25,0.05,300,13202300,"S"
"HPG","14:27:45",27.2,0,200,13202000,"B"
"HPG","14:27:43",27.2,0,1300,13201800,"B"
"HPG","14:27:41",27.2,0,6700,13200500,"B"
"HPG","14:27:39",27.25,0.05,10600,13193800,"S"
"HPG","14:27:38",27.25,0.05,28600,13183200,"S"
"HPG","14:27:14",27.25,0.05,100,13154600,"S"
"HPG","14:27:14",27.2,0,100,13154500,"B"
"HPG","14:27:13",27.25,0.05,400,13154400,"S"
"HPG","14:27:10",27.25,0.05,500,13154000,"S"
"HPG","14:27:10",27.2,0,500,13153500,"B"
"HPG","14:27:09",27.25,0.05,29200,13153000,"S"
"HPG","14:27:09",27.2,0,200,13123800,"B"
"HPG","14:27:07",27.2,0,2800,13123600,"B"
"HPG","14:27:05",27.2,0,3800,13120800,"B"
"HPG","14:27:05",27.25,0.05,10600,13117000,"S"
"HPG","14:27:03",27.2,0,19000,13106400,"B"
"HPG","14:26:55",27.2,0,100,13087400,"B"
"HPG","14:26:54",27.2,0,800,13087300,"B"
"HPG","14:26:47",27.2,0,200,13086500,"B"
"HPG","14:26:45",27.2,0,1000,13086300,"B"
"HPG","14:26:43",27.2,0,5000,13085300,"B"
"HPG","14:26:42",27.25,0.05,2000,13080300,"S"
"HPG","14:26:42",27.2,0,1000,13078300,"B"
"HPG","14:26:39",27.25,0.05,28700,13077300,"S"
"HPG","14:26:35",27.2,0,100,13048600,"B"
"HPG","14:26:33",27.2,0,700,13048500,"B"
"HPG","14:26:31",27.2,0,3800,13047800,"B"
"HPG","14:26:29",27.2,0,19100,13044000,"B"
"HPG","14:26:27",27.25,0.05,10600,13024900,"S"
"HPG","14:26:18",27.25,0.05,1000,13014300,"S"
"HPG","14:26:17",27.2,0,1700,13013300,"B"
"HPG","14:26:15",27.2,0,8700,13011600,"B"
"HPG","14:26:11",27.25,0.05,29200,13002900,"S"
"HPG","14:26:08",27.2,0,300,12973700,"B"
"HPG","14:26:05",27.2,0,100,12973400,"B"
"HPG","14:26:03",27.2,0,600,12973300,"B"
"HPG","14:26:01",27.2,0,2000,12972700,"B"
"HPG","14:26:01",27.25,0.05,1000,12970700,"S"
"HPG","14:25:59",27.2,0,10000,12969700,"B"
"HPG","14:25:54",27.25,0.05,100,12959700,"S"
"HPG","14:25:53",27.25,0.05,2400,12959600,"S"
"HPG","14:25:49",27.25,0.05,10600,12957200,"S"
"HPG","14:25:49",27.2,0,800,12946600,"B"
"HPG","14:25:47",27.2,0,4400,12945800,"B"
"HPG","14:25:46",27.2,0,20000,12941400,"B"
"HPG","14:25:45",27.2,0,2300,12921400,"B"
"HPG","14:25:43",27.2,0,11900,12919100,"B"
"HPG","14:25:41",27.2,0,10000,12907200,"B"
"HPG","14:25:41",27.2,0,19000,12897200,"B"
"HPG","14:25:41",27.25,0.05,30700,12878200,"S"
"HPG","14:25:36",27.2,0,200,12847500,"B"
"HPG","14:25:30",27.25,0.05,2100,12847300,"S"
"HPG","14:25:25",27.2,0,100,12845200,"B"
"HPG","14:25:23",27.2,0,500,12845100,"B"
"HPG","14:25:23",27.25,0.05,300,12844600,"S"
"HPG","14:25:20",27.25,0.05,1000,12844300,"S"
"HPG","14:25:19",27.25,0.05,4700,12843300,"S"
"HPG","14:25:16",27.25,0.05,10600,12838600,"S"
"HPG","14:25:11",27.25,0.05,32300,12828000,"S"
"HPG","14:25:11",27.2,0,1500,12795700,"B"
"HPG","14:25:10",27.2,0,6600,12794200,"B"
"HPG","14:25:09",27.2,0,900,12787600,"B"
"HPG","14:25:08",27.2,0,4600,12786700,"B"
"HPG","14:25:04",27.25,0.05,100,12782100,"S"
"HPG","14:25:03",27.25,0.05,1000,12782000,"S"
"HPG","14:25:03",27.2,0,9200,12781000,"B"
"HPG","14:25:02",27.2,0,46400,12771800,"B"
"HPG","14:24:58",27.25,0.05,11000,12725400,"S"
"HPG","14:24:52",27.25,0.05,300,12714400,"S"
"HPG","14:24:42",27.25,0.05,3000,12714100,"S"
"HPG","14:24:40",27.25,0.05,1000,12711100,"S"
"HPG","14:24:38",27.25,0.05,33600,12710100,"S"
"HPG","14:24:35",27.25,0.05,10600,12676500,"S"
"HPG","14:24:35",27.2,0,700,12665900,"B"
"HPG","14:24:33",27.2,0,3800,12665200,"B"
"HPG","14:24:31",27.2,0,19000,12661400,"B"
"HPG","14:24:15",27.25,0.05,3000,12642400,"S"
"HPG","14:24:13",27.2,0,3800,12638700,"B"
"HPG","14:24:11",27.2,0,19000,12634900,"B"
"HPG","14:24:10",27.25,0.05,200,12615900,"S"
"HPG","14:24:09",27.25,0.05,5000,12615700,"S"
"HPG","14:24:08",27.25,0.05,2000,12610700,"S"
"HPG","14:24:05",27.25,0.05,32500,12608700,"S"
"HPG","14:24:02",27.25,0.05,1000,12576200,"S"
"HPG","14:24:01",27.25,0.05,500,12575200,"S"
"HPG","14:23:56",27.25,0.05,100,12574700,"S"
"HPG","14:23:54",27.25,0.05,1100,12574600,"S"
"HPG","14:23:48",27.25,0.05,2500,12573500,"S"
"HPG","14:23:46",27.25,0.05,1000,12571000,"S"
"HPG","14:23:38",27.25,0.05,2500,12570000,"S"
"HPG","14:23:33",27.3,0.1,27500,12567500,"S"
"HPG","14:23:33",27.25,0.05,1600,12540000,"S"
"HPG","14:23:30",27.25,0.05,4500,12538400,"B"
"HPG","14:23:30",27.25,0.05,1000,12533900,"B"
"HPG","14:23:25",27.25,0.05,100,12532900,"B"
"HPG","14:23:23",27.25,0.05,700,12532800,"B"
"HPG","14:23:21",27.25,0.05,1000,12532100,"B"
"HPG","14:23:19",27.25,0.05,5000,12531100,"B"
"HPG","14:23:17",27.25,0.05,10000,12526100,"B"
"HPG","14:23:13",27.25,0.05,100,12516100,"B"
"HPG","14:23:11",27.2,0,300,12516000,"B"
"HPG","14:23:09",27.2,0,3800,12515300,"B"
"HPG","14:23:08",27.2,0,14200,12511500,"B"
"HPG","14:23:08",27.25,0.05,4800,12497300,"B"
"HPG","14:23:07",27.25,0.05,400,12492500,"B"
"HPG","14:23:05",27.25,0.05,2000,12492100,"B"
"HPG","14:23:03",27.25,0.05,10000,12490100,"B"
"HPG","14:23:03",27.3,0.1,29900,12480100,"S"
"HPG","14:23:02",27.3,0.1,21200,12450200,"S"
"HPG","14:22:53",27.25,0.05,100,12429000,"B"
"HPG","14:22:50",27.25,0.05,800,12428900,"B"
"HPG","14:22:49",27.25,0.05,100,12428100,"B"
"HPG","14:22:47",27.25,0.05,800,12428000,"B"
"HPG","14:22:45",27.25,0.05,4000,12427200,"B"
"HPG","14:22:42",27.3,0.1,10600,12423200,"S"
"HPG","14:22:41",27.25,0.05,200,12412600,"B"
"HPG","14:22:39",27.25,0.05,1400,12412400,"B"
"HPG","14:22:37",27.25,0.05,7300,12411000,"S"
"HPG","14:22:34",27.25,0.05,27800,12403700,"S"
"HPG","14:22:33",27.2,0,200,12375900,"B"
"HPG","14:22:31",27.2,0,1300,12375700,"B"
"HPG","14:22:29",27.2,0,6600,12374400,"B"
"HPG","14:22:26",27.25,0.05,7000,12367800,"S"
"HPG","14:22:13",27.25,0.05,600,12360800,"S"
"HPG","14:22:12",27.25,0.05,10600,12360200,"S"
"HPG","14:22:06",27.25,0.05,3000,12349600,"S"
"HPG","14:22:05",27.25,0.05,28800,12346600,"S"
"HPG","14:21:57",27.25,0.05,5000,12317800,"S"
"HPG","14:21:51",27.2,0,300,12312800,"B"
"HPG","14:21:50",27.2,0,1500,12312500,"B"
"HPG","14:21:50",27.25,0.05,300,12311000,"S"
"HPG","14:21:47",27.25,0.05,1100,12310700,"S"
"HPG","14:21:44",27.25,0.05,900,12309600,"S"
"HPG","14:21:40",27.25,0.05,4900,12308700,"B"
"HPG","14:21:38",27.25,0.05,100,12303800,"S"
"HPG","14:21:37",27.3,0.1,22600,12303700,"S"
"HPG","14:21:37",27.25,0.05,5600,12281100,"S"
"HPG","14:21:36",27.25,0.05,100,12275500,"S"
"HPG","14:21:35",27.25,0.05,7000,12275400,"B"
"HPG","14:21:33",27.25,0.05,5300,12268400,"B"
"HPG","14:21:31",27.25,0.05,1200,12263100,"B"
"HPG","14:21:29",27.25,0.05,4500,12261900,"B"
"HPG","14:21:27",27.25,0.05,22000,12257400,"B"
"HPG","14:21:26",27.25,0.05,10300,12235400,"B"
"HPG","14:21:25",27.25,0.05,5000,12225100,"B"
"HPG","14:21:24",27.25,0.05,200,12220100,"B"
"HPG","14:21:23",27.25,0.05,200,12219900,"B"
"HPG","14:21:21",27.25,0.05,1400,12219700,"B"
"HPG","14:21:20",27.25,0.05,5000,12218300,"B"
"HPG","14:21:19",27.25,0.05,2400,12213300,"B"
"HPG","14:21:17",27.25,0.05,12200,12210900,"B"
"HPG","14:21:15",27.25,0.05,1200,12198700,"B"
"HPG","14:21:14",27.25,0.05,5000,12197500,"B"
"HPG","14:21:13",27.25,0.05,1300,12192500,"B"
"HPG","14:21:11",27.25,0.05,6600,12191200,"B"
"HPG","14:21:10",27.25,0.05,6300,12184600,"B"
"HPG","14:21:08",27.3,0.1,27100,12178300,"S"
"HPG","14:21:05",27.3,0.1,10600,12151200,"S"
"HPG","14:21:05",27.25,0.05,100,12140600,"B"
"HPG","14:21:00",27.25,0.05,100,12140500,"B"
"HPG","14:20:57",27.25,0.05,100,12140400,"B"
"HPG","14:20:55",27.25,0.05,800,12140300,"B"
"HPG","14:20:53",27.25,0.05,1200,12139500,"B"
"HPG","14:20:53",27.3,0.1,3000,12138300,"S"
"HPG","14:20:51",27.25,0.05,400,12135300,"B"
"HPG","14:20:49",27.25,0.05,2000,12134900,"B"
"HPG","14:20:47",27.3,0.1,2100,12132900,"S"
"HPG","14:20:47",27.25,0.05,500,12130800,"B"
"HPG","14:20:41",27.25,0.05,100,12130300,"B"
"HPG","14:20:39",27.25,0.05,300,12130200,"B"
"HPG","14:20:38",27.25,0.05,400,12129900,"B"
"HPG","14:20:23",27.25,0.05,100,12129200,"B"
"HPG","14:20:21",27.25,0.05,100,12129100,"B"
"HPG","14:20:19",27.25,0.05,900,12129000,"B"
"HPG","14:20:17",27.25,0.05,4600,12128100,"B"
"HPG","14:20:15",27.25,0.05,4000,12123500,"B"
"HPG","14:20:15",27.25,0.05,19000,12119500,"B"
"HPG","14:20:13",27.25,0.05,20000,12100500,"B"
"HPG","14:20:00",27.3,0.1,9500,12080500,"S"
"HPG","14:19:57",27.25,0.05,300,12071000,"B"
"HPG","14:19:56",27.25,0.05,1500,12070700,"B"
"HPG","14:19:49",27.25,0.05,400,12069200,"B"
"HPG","14:19:47",27.25,0.05,2400,12068800,"B"
"HPG","14:19:45",27.25,0.05,2000,12056400,"B"
"HPG","14:19:43",27.25,0.05,10000,12054400,"B"
"HPG","14:19:38",27.25,0.05,100,12044400,"B"
"HPG","14:19:37",27.25,0.05,200,12044300,"B"
"HPG","14:19:28",27.25,0.05,1900,12044100,"B"
"HPG","14:19:28",27.25,0.05,100,12042200,"B"
"HPG","14:19:26",27.3,0.1,12700,12042100,"S"
"HPG","14:19:25",27.25,0.05,4000,12029400,"B"
"HPG","14:19:24",27.25,0.05,100,12025400,"B"
"HPG","14:19:23",27.25,0.05,10000,12025300,"B"
"HPG","14:19:23",27.3,0.1,10600,12015300,"S"
"HPG","14:19:23",27.25,0.05,1000,12004700,"B"
"HPG","14:19:22",27.25,0.05,100,12003700,"B"
"HPG","14:19:20",27.25,0.05,19000,12003600,"B"
"HPG","14:19:14",27.25,0.05,3000,11984600,"B"
"HPG","14:19:10",27.25,0.05,10000,11981600,"B"
"HPG","14:19:05",27.25,0.05,1700,11971600,"B"
"HPG","14:19:01",27.25,0.05,100,11969900,"B"
"HPG","14:18:57",27.3,0.1,700,11969800,"S"
"HPG","14:18:55",27.25,0.05,10000,11969100,"B"
"HPG","14:18:52",27.25,0.05,1000,11959100,"B"
"HPG","14:18:45",27.25,0.05,1000,11958100,"B"
"HPG","14:18:44",27.3,0.1,5000,11957100,"S"
"HPG","14:18:42",27.25,0.05,10000,11952100,"B"
"HPG","14:18:41",27.3,0.1,5000,11942100,"S"
"HPG","14:18:39",27.3,0.1,12200,11937100,"S"
"HPG","14:18:34",27.3,0.1,1100,11924900,"S"
"HPG","14:18:28",27.3,0.1,2900,11923800,"S"
"HPG","14:18:28",27.25,0.05,10600,11913200,"S"
"HPG","14:18:27",27.25,0.05,10600,11902600,"S"
"HPG","14:18:27",27.25,0.05,10600,11892000,"S"
"HPG","14:18:26",27.25,0.05,1000,11881400,"S"
"HPG","14:18:23",27.25,0.05,400,11880400,"S"
"HPG","14:18:22",27.25,0.05,14500,11880000,"S"
"HPG","14:18:21",27.25,0.05,10000,11865500,"S"
"HPG","14:18:20",27.25,0.05,1000,11855500,"S"
"HPG","14:18:18",27.25,0.05,2900,11854500,"S"
"HPG","14:18:15",27.25,0.05,100000,11851600,"S"
"HPG","14:18:13",27.25,0.05,1000,11751600,"S"
"HPG","14:18:10",27.2,0,6600,11750600,"B"
"HPG","14:18:10",27.25,0.05,8100,11744000,"S"
"HPG","14:18:08",27.25,0.05,5000,11735900,"S"
"HPG","14:18:07",27.25,0.05,10600,11730900,"S"
"HPG","14:18:04",27.25,0.05,43000,11720300,"S"
"HPG","14:18:02",27.25,0.05,900,11677300,"S"
"HPG","14:17:56",27.25,0.05,1000,11676400,"S"
"HPG","14:17:54",27.25,0.05,10000,11675400,"S"
"HPG","14:17:53",27.25,0.05,11200,11665400,"S"
"HPG","14:17:51",27.25,0.05,300,11654200,"S"
"HPG","14:17:46",27.25,0.05,200,11653900,"S"
"HPG","14:17:45",27.25,0.05,200,11653700,"S"
"HPG","14:17:42",27.25,0.05,18600,11653500,"S"
"HPG","14:17:38",27.25,0.05,10600,11634900,"S"
"HPG","14:17:37",27.25,0.05,3700,11624300,"S"
"HPG","14:17:36",27.2,0,19000,11620600,"B"
"HPG","14:17:27",27.25,0.05,500,11601600,"S"
"HPG","14:17:21",27.25,0.05,2500,11601100,"S"
"HPG","14:17:12",27.25,0.05,11700,11598600,"S"
"HPG","14:17:10",27.25,0.05,10600,11586900,"S"
"HPG","14:17:09",27.2,0,100,11576300,"B"
"HPG","14:17:04",27.25,0.05,300,11576200,"S"
"HPG","14:16:57",27.2,0,7300,11575900,"S"
"HPG","14:16:55",27.2,0,200,11568600,"S"
"HPG","14:16:53",27.15,-0.05,19000,11568400,"B"
"HPG","14:16:52",27.2,0,200,11549400,"S"
"HPG","14:16:52",27.2,0,2300,11549200,"S"
"HPG","14:16:50",27.2,0,1000,11546900,"S"
"HPG","14:16:46",27.2,0,100,11545900,"S"
"HPG","14:16:45",27.2,0,200,11545800,"S"
"HPG","14:16:39",27.2,0,100,11545600,"S"
"HPG","14:16:38",27.2,0,200,11545500,"S"
"HPG","14:16:38",27.2,0,1000,11545300,"S"
"HPG","14:16:36",27.2,0,10000,11544300,"S"
"HPG","14:16:34",27.2,0,6500,11534300,"B"
"HPG","14:16:30",27.25,0.05,200,11527800,"S"
"HPG","14:16:30",27.2,0,11600,11527600,"S"
"HPG","14:16:26",27.2,0,500,11516000,"S"
"HPG","14:16:24",27.15,-0.05,1000,11515500,"B"
"HPG","14:16:17",27.2,0,1200,11514500,"B"
"HPG","14:16:16",27.2,0,48800,11513300,"S"
"HPG","14:16:14",27.2,0,100,11464500,"S"
"HPG","14:16:12",27.2,0,2000,11464400,"S"
"HPG","14:16:05",27.2,0,10600,11462400,"S"
"HPG","14:15:57",27.15,-0.05,19000,11451800,"B"
"HPG","14:15:55",27.2,0,3000,11432800,"S"
"HPG","14:15:54",27.2,0,300,11429800,"S"
"HPG","14:15:51",27.2,0,2000,11429500,"S"
"HPG","14:15:50",27.2,0,2500,11427500,"S"
"HPG","14:15:49",27.2,0,500,11425000,"S"
"HPG","14:15:48",27.2,0,10600,11424500,"S"
"HPG","14:15:46",27.2,0,12100,11413900,"S"
"HPG","14:15:44",27.2,0,15000,11401800,"S"
"HPG","14:15:40",27.2,0,40000,11386800,"S"
"HPG","14:15:34",27.2,0,1000,11346800,"S"
"HPG","14:15:29",27.2,0,14000,11345800,"S"
"HPG","14:15:28",27.2,0,500,11331800,"S"
"HPG","14:15:28",27.15,-0.05,200,11331300,"B"
"HPG","14:15:24",27.2,0,4600,11331100,"S"
"HPG","14:15:24",27.2,0,5400,11326500,"S"
"HPG","14:15:23",27.15,-0.05,1100,11321100,"B"
"HPG","14:15:23",27.2,0,7000,11320000,"S"
"HPG","14:15:20",27.2,0,10600,11313000,"S"
"HPG","14:15:16",27.2,0,200,11302400,"S"
"HPG","14:15:02",27.2,0,13400,11302200,"S"
"HPG","14:14:50",27.15,-0.05,1200,11288800,"B"
"HPG","14:14:42",27.2,0,3000,11287600,"S"
"HPG","14:14:35",27.15,-0.05,500,11284600,"B"
"HPG","14:14:32",27.2,0,20000,11284100,"S"
"HPG","14:14:30",27.2,0,1200,11264100,"S"
"HPG","14:14:29",27.15,-0.05,2000,11262900,"B"
"HPG","14:14:20",27.15,-0.05,1200,11260900,"B"
"HPG","14:14:13",27.2,0,12200,11259700,"S"
"HPG","14:14:04",27.2,0,500,11247500,"S"
"HPG","14:14:01",27.15,-0.05,1000,11247000,"B"
"HPG","14:13:49",27.15,-0.05,1200,11246000,"B"
"HPG","14:13:48",27.2,0,1000,11244800,"S"
"HPG","14:13:34",27.2,0,100,11243800,"S"
"HPG","14:13:29",27.2,0,10600,11243700,"S"
"HPG","14:13:28",27.2,0,11600,11233100,"S"
"HPG","14:13:25",27.2,0,2500,11221500,"S"
"HPG","14:13:25",27.2,0,200,11219000,"S"
"HPG","14:13:20",27.2,0,10600,11218800,"S"
"HPG","14:13:19",27.15,-0.05,1200,11208200,"B"
"HPG","14:13:08",27.2,0,10600,11207000,"S"
"HPG","14:13:05",27.15,-0.05,3000,11196400,"B"
"HPG","14:13:04",27.15,-0.05,3700,11193400,"B"
"HPG","14:13:00",27.2,0,5300,11189700,"S"
"HPG","14:12:49",27.15,-0.05,3200,11184400,"B"
"HPG","14:12:48",27.2,0,5300,11181200,"S"
"HPG","14:12:45",27.2,0,2300,11175900,"S"
"HPG","14:12:45",27.2,0,8900,11173600,"S"
"HPG","14:12:38",27.15,-0.05,28500,11164700,"S"
"HPG","14:12:34",27.15,-0.05,100,11136200,"S"
"HPG","14:12:32",27.15,-0.05,10000,11136100,"S"
"HPG","14:12:28",27.15,-0.05,20000,11126100,"S"
"HPG","14:12:27",27.15,-0.05,2500,11106100,"S"
"HPG","14:12:26",27.1,-0.1,900,11103600,"B"
"HPG","14:12:21",27.15,-0.05,10000,11102700,"S"
"HPG","14:12:19",27.1,-0.1,1200,11092700,"B"
"HPG","14:12:17",27.15,-0.05,2500,11091500,"S"
"HPG","14:12:14",27.15,-0.05,3000,11089000,"S"
"HPG","14:12:05",27.15,-0.05,2500,11086000,"S"
"HPG","14:12:04",27.15,-0.05,11700,11083500,"S"
"HPG","14:11:56",27.15,-0.05,2500,11071800,"S"
"HPG","14:11:49",27.1,-0.1,1200,11069300,"B"
"HPG","14:11:46",27.15,-0.05,500,11068100,"S"
"HPG","14:11:21",27.15,-0.05,11500,11067600,"S"
"HPG","14:11:18",27.1,-0.1,1200,11056100,"B"
"HPG","14:11:14",27.1,-0.1,2000,11054900,"B"
"HPG","14:10:59",27.15,-0.05,100,11052900,"S"
"HPG","14:10:48",27.1,-0.1,1200,11052800,"B"
"HPG","14:10:43",27.15,-0.05,200,11051600,"S"
"HPG","14:10:38",27.15,-0.05,11800,11051400,"S"
"HPG","14:10:27",27.15,-0.05,1000,11039600,"S"
"HPG","14:10:21",27.15,-0.05,600,11038600,"S"
"HPG","14:10:18",27.1,-0.1,1200,11038000,"B"
"HPG","14:10:17",27.15,-0.05,1000,11036800,"S"
"HPG","14:10:15",27.15,-0.05,1000,11035800,"S"
"HPG","14:10:10",27.15,-0.05,300,11034800,"S"
"HPG","14:09:59",27.15,-0.05,50000,11034500,"S"
"HPG","14:09:57",27.1,-0.1,4600,10984500,"B"
"HPG","14:09:55",27.15,-0.05,11400,10979900,"S"
"HPG","14:09:50",27.1,-0.1,100,10968500,"B"
"HPG","14:09:48",27.1,-0.1,1200,10968400,"B"
"HPG","14:09:47",27.1,-0.1,1000,10967200,"B"
"HPG","14:09:43",27.15,-0.05,1300,10966200,"S"
"HPG","14:09:40",27.1,-0.1,4600,10964900,"B"
"HPG","14:09:38",27.15,-0.05,3500,10960300,"S"
"HPG","14:09:35",27.1,-0.1,4600,10956800,"B"
"HPG","14:09:30",27.15,-0.05,900,10952200,"S"
"HPG","14:09:30",27.1,-0.1,4600,10951300,"B"
"HPG","14:09:26",27.1,-0.1,4600,10946700,"B"
"HPG","14:09:21",27.15,-0.05,1000,10942100,"S"
"HPG","14:09:19",27.15,-0.05,2000,10941100,"S"
"HPG","14:09:18",27.1,-0.1,1200,10939100,"B"
"HPG","14:09:14",27.15,-0.05,11400,10937900,"S"
"HPG","14:09:06",27.1,-0.1,2000,10926500,"B"
"HPG","14:08:52",27.1,-0.1,1000,10924500,"B"
"HPG","14:08:48",27.1,-0.1,1200,10923500,"B"
"HPG","14:08:36",27.15,-0.05,100,10922300,"S"
"HPG","14:08:32",27.15,-0.05,11300,10922200,"S"
"HPG","14:08:30",27.15,-0.05,200,10910900,"S"
"HPG","14:08:29",27.1,-0.1,10000,10910700,"B"
"HPG","14:08:29",27.15,-0.05,100,10900700,"S"
"HPG","14:08:25",27.15,-0.05,4000,10900600,"S"
"HPG","14:08:23",27.15,-0.05,2200,10896600,"B"
"HPG","14:08:21",27.15,-0.05,20000,10894400,"B"
"HPG","14:08:18",27.15,-0.05,1200,10874400,"B"
"HPG","14:08:09",27.15,-0.05,100,10873200,"B"
"HPG","14:08:07",27.15,-0.05,1000,10873100,"B"
"HPG","14:08:06",27.15,-0.05,6000,10872100,"B"
"HPG","14:08:02",27.15,-0.05,6000,10866100,"B"
"HPG","14:08:01",27.15,-0.05,5900,10860100,"B"
"HPG","14:08:00",27.2,0,10000,10854200,"S"
"HPG","14:07:56",27.15,-0.05,1000,10844200,"B"
"HPG","14:07:55",27.15,-0.05,6000,10843200,"B"
"HPG","14:07:54",27.15,-0.05,18600,10837200,"S"
"HPG","14:07:50",27.15,-0.05,12100,10818600,"S"
"HPG","14:07:48",27.1,-0.1,1200,10806500,"B"
"HPG","14:07:42",27.1,-0.1,500,10805300,"B"
"HPG","14:07:38",27.15,-0.05,4000,10804800,"S"
"HPG","14:07:34",27.1,-0.1,700,10800800,"B"
"HPG","14:07:28",27.15,-0.05,1000,10800100,"S"
"HPG","14:07:24",27.15,-0.05,50000,10799100,"S"
"HPG","14:07:21",27.15,-0.05,300,10749100,"S"
"HPG","14:07:18",27.1,-0.1,1200,10748800,"B"
"HPG","14:07:16",27.15,-0.05,1000,10747600,"S"
"HPG","14:07:15",27.15,-0.05,400,10746600,"S"
"HPG","14:07:06",27.15,-0.05,40000,10746200,"S"
"HPG","14:07:06",27.15,-0.05,11300,10706200,"S"
"HPG","14:07:03",27.15,-0.05,2500,10694900,"S"
"HPG","14:06:57",27.15,-0.05,15500,10692400,"S"
"HPG","14:06:55",27.15,-0.05,100,10676900,"S"
"HPG","14:06:54",27.15,-0.05,30000,10676800,"S"
"HPG","14:06:47",27.1,-0.1,1200,10646800,"B"
"HPG","14:06:29",27.1,-0.1,1000,10645600,"B"
"HPG","14:06:24",27.15,-0.05,11400,10644600,"S"
"HPG","14:06:17",27.1,-0.1,1200,10633200,"B"
"HPG","14:06:15",27.1,-0.1,1100,10632000,"B"
"HPG","14:06:13",27.1,-0.1,3000,10630900,"B"
"HPG","14:06:10",27.1,-0.1,2000,10627900,"B"
"HPG","14:06:08",27.15,-0.05,2500,10625900,"S"
"HPG","14:06:00",27.1,-0.1,1000,10623400,"B"
"HPG","14:05:47",27.1,-0.1,1200,10622400,"B"
"HPG","14:05:42",27.15,-0.05,11200,10621200,"S"
"HPG","14:05:41",27.15,-0.05,500,10610000,"S"
"HPG","14:05:25",27.15,-0.05,300,10609500,"S"
"HPG","14:05:17",27.1,-0.1,1200,10609200,"B"
"HPG","14:05:05",27.15,-0.05,100,10608000,"S"
"HPG","14:05:01",27.15,-0.05,11300,10607900,"S"
"HPG","14:04:59",27.15,-0.05,100,10596600,"S"
"HPG","14:04:56",27.15,-0.05,100,10596500,"S"
"HPG","14:04:53",27.15,-0.05,2500,10596400,"S"
"HPG","14:04:47",27.1,-0.1,1200,10593900,"B"
"HPG","14:04:37",27.1,-0.1,500,10592700,"B"
"HPG","14:04:16",27.1,-0.1,1200,10592200,"B"
"HPG","14:04:14",27.15,-0.05,1000,10591000,"S"
"HPG","14:04:12",27.15,-0.05,300,10590000,"S"
"HPG","14:04:06",27.15,-0.05,3200,10589700,"B"
"HPG","14:04:04",27.15,-0.05,800,10586500,"S"
"HPG","14:04:02",27.15,-0.05,200,10585700,"S"
"HPG","14:04:02",27.15,-0.05,400,10585500,"B"
"HPG","14:04:01",27.15,-0.05,10000,10585100,"B"
"HPG","14:03:55",27.15,-0.05,10000,10575100,"B"
"HPG","14:03:54",27.15,-0.05,10000,10565100,"B"
"HPG","14:03:50",27.15,-0.05,150000,10555100,"B"
"HPG","14:03:46",27.15,-0.05,1200,10405100,"B"
"HPG","14:03:37",27.15,-0.05,2800,10403900,"B"
"HPG","14:03:37",27.15,-0.05,7200,10401100,"B"
"HPG","14:03:36",27.2,0,13300,10393900,"S"
"HPG","14:03:32",27.15,-0.05,4600,10380600,"B"
"HPG","14:03:32",27.2,0,1000,10376000,"S"
"HPG","14:03:27",27.15,-0.05,4600,10375000,"B"
"HPG","14:03:23",27.15,-0.05,4600,10370400,"B"
"HPG","14:03:16",27.15,-0.05,1200,10365800,"B"
"HPG","14:02:48",27.2,0,11500,10364600,"S"
"HPG","14:02:47",27.2,0,1000,10353100,"S"
"HPG","14:02:46",27.15,-0.05,1200,10352100,"B"
"HPG","14:02:42",27.15,-0.05,200,10350900,"B"
"HPG","14:02:40",27.2,0,4600,10350700,"S"
"HPG","14:02:39",27.2,0,5000,10346100,"S"
"HPG","14:02:34",27.2,0,300,10341100,"S"
"HPG","14:02:27",27.2,0,3000,10340800,"S"
"HPG","14:02:25",27.2,0,2000,10337800,"S"
"HPG","14:02:22",27.2,0,300,10335800,"S"
"HPG","14:02:16",27.15,-0.05,2200,10335500,"B"
"HPG","14:02:11",27.2,0,100,10333300,"S"
"HPG","14:02:09",27.2,0,1000,10333200,"S"
"HPG","14:02:09",27.15,-0.05,2600,10332200,"B"
"HPG","14:02:08",27.15,-0.05,500,10329600,"B"
"HPG","14:02:07",27.2,0,11900,10329100,"S"
"HPG","14:01:59",27.15,-0.05,6100,10317200,"B"
"HPG","14:01:53",27.15,-0.05,800,10311100,"B"
"HPG","14:01:46",27.15,-0.05,1200,10310300,"B"
"HPG","14:01:28",27.15,-0.05,300,10309100,"B"
"HPG","14:01:23",27.2,0,11400,10308800,"S"
"HPG","14:01:22",27.15,-0.05,200,10297400,"B"
"HPG","14:01:16",27.15,-0.05,1200,10297200,"B"
"HPG","14:01:09",27.15,-0.05,1000,10296000,"B"
"HPG","14:01:09",27.2,0,600,10295000,"S"
"HPG","14:01:04",27.15,-0.05,2600,10294400,"B"
"HPG","14:01:03",27.15,-0.05,1300,10291800,"B"
"HPG","14:00:58",27.2,0,1000,10290500,"S"
"HPG","14:00:57",27.15,-0.05,200,10289500,"B"
"HPG","14:00:50",27.2,0,200,10289300,"S"
"HPG","14:00:50",27.2,0,200,10289100,"S"
"HPG","14:00:46",27.2,0,800,10288900,"S"
"HPG","14:00:45",27.15,-0.05,1200,10288100,"B"
"HPG","14:00:41",27.2,0,11900,10286900,"S"
"HPG","14:00:38",27.2,0,400,10275000,"S"
"HPG","14:00:37",27.2,0,200,10274600,"S"
"HPG","14:00:15",27.15,-0.05,1200,10274400,"B"
"HPG","14:00:14",27.2,0,2000,10273200,"S"
"HPG","14:00:12",27.2,0,1100,10271200,"S"
"HPG","14:00:10",27.2,0,500,10270100,"S"
"HPG","14:00:08",27.2,0,3300,10269600,"S"
"HPG","14:00:07",27.15,-0.05,200,10266300,"B"
"HPG","13:59:54",27.2,0,700,10266100,"S"
"HPG","13:59:49",27.2,0,1000,10265400,"S"
"HPG","13:59:48",27.2,0,500,10264400,"S"
"HPG","13:59:47",27.2,0,100,10263900,"S"
"HPG","13:59:45",27.15,-0.05,1200,10263800,"B"
"HPG","13:59:45",27.2,0,800,10262600,"S"
"HPG","13:59:45",27.2,0,4200,10261800,"S"
"HPG","13:59:43",27.2,0,500,10257600,"S"
"HPG","13:59:37",27.2,0,100,10257100,"S"
"HPG","13:59:35",27.2,0,200,10257000,"S"
"HPG","13:59:33",27.2,0,27500,10256800,"S"
"HPG","13:59:27",27.2,0,1000,10229300,"S"
"HPG","13:59:25",27.2,0,500,10228300,"S"
"HPG","13:59:23",27.2,0,16000,10227800,"B"
"HPG","13:59:22",27.2,0,14000,10211800,"B"
"HPG","13:59:22",27.2,0,14000,10197800,"B"
"HPG","13:59:20",27.2,0,5500,10183800,"B"
"HPG","13:59:19",27.2,0,300,10178300,"B"
"HPG","13:59:16",27.2,0,50000,10178000,"B"
"HPG","13:59:15",27.2,0,1200,10128000,"B"
"HPG","13:59:15",27.25,0.05,11600,10126800,"S"
"HPG","13:59:11",27.2,0,300,10115200,"B"
"HPG","13:59:09",27.2,0,400,10114900,"B"
"HPG","13:59:04",27.2,0,4000,10114500,"B"
"HPG","13:58:57",27.2,0,50000,10110500,"B"
"HPG","13:58:45",27.2,0,1200,10060500,"B"
"HPG","13:58:33",27.25,0.05,1000,10059300,"S"
"HPG","13:58:32",27.25,0.05,8700,10058300,"S"
"HPG","13:58:32",27.25,0.05,2600,10049600,"S"
"HPG","13:58:31",27.2,0,100,10047000,"B"
"HPG","13:58:17",27.25,0.05,200,10046900,"S"
"HPG","13:58:15",27.2,0,1200,10046700,"B"
"HPG","13:58:03",27.2,0,200,10045500,"B"
"HPG","13:58:01",27.25,0.05,900,10045300,"S"
"HPG","13:58:00",27.25,0.05,1000,10044400,"S"
"HPG","13:57:55",27.2,0,1700,10043400,"B"
"HPG","13:57:50",27.25,0.05,11300,10041700,"S"
"HPG","13:57:48",27.25,0.05,200,10030400,"S"
"HPG","13:57:46",27.25,0.05,1000,10030200,"S"
"HPG","13:57:45",27.2,0,1200,10029200,"B"
"HPG","13:57:43",27.2,0,200,10028000,"B"
"HPG","13:57:42",27.25,0.05,300,10027800,"S"
"HPG","13:57:41",27.25,0.05,200,10027500,"S"
"HPG","13:57:38",27.25,0.05,100,10027300,"S"
"HPG","13:57:36",27.25,0.05,1500,10027200,"S"
"HPG","13:57:35",27.25,0.05,1000,10025700,"S"
"HPG","13:57:27",27.25,0.05,2000,10024700,"S"
"HPG","13:57:24",27.25,0.05,200,10022700,"S"
"HPG","13:57:24",27.25,0.05,5200,10022500,"S"
"HPG","13:57:23",27.25,0.05,100,10017300,"S"
"HPG","13:57:22",27.25,0.05,500,10017200,"S"
"HPG","13:57:20",27.25,0.05,400,10016700,"S"
"HPG","13:57:15",27.25,0.05,400,10016300,"S"
"HPG","13:57:15",27.2,0,1200,10015900,"B"
"HPG","13:57:15",27.25,0.05,1000,10014700,"S"
"HPG","13:57:12",27.25,0.05,19900,10013700,"B"
"HPG","13:57:10",27.25,0.05,3500,9993800,"B"
"HPG","13:57:09",27.3,0.1,1000,9978400,"S"
"HPG","13:57:09",27.25,0.05,30500,9977400,"S"
"HPG","13:57:06",27.25,0.05,500,9946900,"S"
"HPG","13:57:05",27.25,0.05,300,9946400,"S"
"HPG","13:57:03",27.25,0.05,10000,9946100,"S"
"HPG","13:56:58",27.25,0.05,3600,9936100,"S"
"HPG","13:56:58",27.25,0.05,100,9932500,"S"
"HPG","13:56:57",27.25,0.05,200,9932400,"S"
"HPG","13:56:54",27.25,0.05,1400,9932200,"B"
"HPG","13:56:54",27.25,0.05,5500,9930800,"B"
"HPG","13:56:53",27.25,0.05,50000,9925300,"B"
"HPG","13:56:53",27.25,0.05,200,9875300,"B"
"HPG","13:56:51",27.25,0.05,10000,9875100,"B"
"HPG","13:56:50",27.25,0.05,1500,9865100,"B"
"HPG","13:56:49",27.25,0.05,10000,9863600,"B"
"HPG","13:56:48",27.25,0.05,11400,9853600,"B"
"HPG","13:56:47",27.25,0.05,1000,9842200,"B"
"HPG","13:56:46",27.25,0.05,50000,9841200,"B"
"HPG","13:56:44",27.25,0.05,1200,9791200,"B"
"HPG","13:56:44",27.3,0.1,2000,9790000,"S"
"HPG","13:56:37",27.3,0.1,100,9788000,"S"
"HPG","13:56:31",27.25,0.05,100,9787900,"B"
"HPG","13:56:31",27.3,0.1,600,9787800,"S"
"HPG","13:56:26",27.3,0.1,11300,9787200,"S"
"HPG","13:56:18",27.25,0.05,200,9775900,"B"
"HPG","13:56:15",27.25,0.05,1200,9775700,"B"
"HPG","13:56:14",27.25,0.05,20000,9774500,"B"
"HPG","13:56:12",27.3,0.1,20000,9754500,"S"
"HPG","13:56:04",27.25,0.05,200,9734500,"B"
"HPG","13:56:03",27.3,0.1,500,9734300,"S"
"HPG","13:55:59",27.25,0.05,200,9733800,"B"
"HPG","13:55:58",27.3,0.1,2000,9733600,"S"
"HPG","13:55:51",27.3,0.1,200,9731600,"S"
"HPG","13:55:50",27.3,0.1,100,9731400,"S"
"HPG","13:55:46",27.3,0.1,10000,9731300,"S"
"HPG","13:55:46",27.3,0.1,500,9721300,"S"
"HPG","13:55:45",27.25,0.05,1200,9720800,"B"
"HPG","13:55:44",27.3,0.1,11700,9719600,"S"
"HPG","13:55:43",27.3,0.1,2000,9707900,"S"
"HPG","13:55:39",27.3,0.1,500,9705900,"S"
"HPG","13:55:36",27.3,0.1,100,9705400,"S"
"HPG","13:55:34",27.25,0.05,1000,9705300,"B"
"HPG","13:55:30",27.3,0.1,1600,9704300,"S"
"HPG","13:55:23",27.3,0.1,3700,9702700,"S"
"HPG","13:55:22",27.3,0.1,800,9699000,"S"
"HPG","13:55:19",27.3,0.1,20900,9698200,"S"
"HPG","13:55:14",27.25,0.05,1200,9677300,"B"
"HPG","13:55:10",27.3,0.1,1400,9676100,"S"
"HPG","13:55:08",27.25,0.05,200,9674700,"B"
"HPG","13:55:07",27.3,0.1,1000,9674500,"S"
"HPG","13:55:01",27.3,0.1,11300,9673500,"S"
"HPG","13:54:59",27.25,0.05,10000,9662200,"B"
"HPG","13:54:52",27.25,0.05,500,9652200,"B"
"HPG","13:54:48",27.25,0.05,100,9651700,"B"
"HPG","13:54:44",27.25,0.05,1200,9651600,"B"
"HPG","13:54:42",27.25,0.05,7700,9650400,"S"
"HPG","13:54:42",27.25,0.05,1000,9642700,"S"
"HPG","13:54:41",27.25,0.05,100,9641700,"S"
"HPG","13:54:40",27.25,0.05,8000,9641600,"S"
"HPG","13:54:39",27.25,0.05,30000,9633600,"S"
"HPG","13:54:37",27.25,0.05,10000,9603600,"S"
"HPG","13:54:36",27.2,0,100,9593600,"B"
"HPG","13:54:36",27.25,0.05,2000,9592900,"S"
"HPG","13:54:34",27.25,0.05,5000,9590900,"S"
"HPG","13:54:32",27.25,0.05,1000,9585900,"S"
"HPG","13:54:31",27.25,0.05,1100,9584500,"S"
"HPG","13:54:29",27.25,0.05,1300,9583400,"S"
"HPG","13:54:28",27.25,0.05,21800,9582100,"S"
"HPG","13:54:26",27.25,0.05,100000,9560300,"S"
"HPG","13:54:26",27.25,0.05,25400,9460300,"S"
"HPG","13:54:25",27.25,0.05,5600,9434900,"S"
"HPG","13:54:23",27.25,0.05,1000,9429300,"S"
"HPG","13:54:22",27.25,0.05,10500,9428300,"S"
"HPG","13:54:20",27.25,0.05,11900,9417800,"S"
"HPG","13:54:19",27.25,0.05,25000,9405900,"S"
"HPG","13:54:18",27.25,0.05,200,9380900,"S"
"HPG","13:54:18",27.25,0.05,1000,9380700,"S"
"HPG","13:54:16",27.2,0,1000,9379700,"B"
"HPG","13:54:14",27.2,0,1200,9378700,"B"
"HPG","13:54:14",27.25,0.05,10000,9377500,"S"
"HPG","13:54:11",27.25,0.05,1000,9367500,"S"
"HPG","13:54:09",27.25,0.05,500,9366500,"S"
"HPG","13:54:06",27.25,0.05,10000,9366000,"S"
"HPG","13:54:05",27.25,0.05,10000,9356000,"S"
"HPG","13:54:04",27.25,0.05,24500,9346000,"S"
"HPG","13:54:03",27.25,0.05,13600,9321500,"S"
"HPG","13:54:01",27.2,0,10000,9307900,"B"
"HPG","13:53:59",27.25,0.05,20000,9297900,"S"
"HPG","13:53:56",27.25,0.05,30000,9277900,"S"
"HPG","13:53:54",27.2,0,2300,9247900,"B"
"HPG","13:53:49",27.2,0,1300,9245600,"B"
"HPG","13:53:48",27.25,0.05,100,9244300,"S"
"HPG","13:53:44",27.2,0,1200,9244100,"B"
"HPG","13:53:39",27.25,0.05,2000,9242900,"S"
"HPG","13:53:38",27.25,0.05,1000,9240900,"S"
"HPG","13:53:36",27.25,0.05,11400,9239900,"S"
"HPG","13:53:35",27.2,0,6800,9228500,"B"
"HPG","13:53:32",27.2,0,75200,9221700,"S"
"HPG","13:53:31",27.2,0,100,9146500,"S"
"HPG","13:53:29",27.2,0,1700,9146400,"S"
"HPG","13:53:27",27.2,0,1000,9144700,"S"
"HPG","13:53:25",27.2,0,300,9143700,"S"
"HPG","13:53:24",27.2,0,2000,9143400,"S"
"HPG","13:53:21",27.2,0,7700,9141400,"S"
"HPG","13:53:17",27.2,0,100,9133700,"S"
"HPG","13:53:15",27.2,0,10000,9133600,"S"
"HPG","13:53:14",27.15,-0.05,1200,9123600,"B"
"HPG","13:53:12",27.2,0,2700,9122400,"S"
"HPG","13:53:10",27.2,0,200,9119700,"S"
"HPG","13:53:10",27.15,-0.05,15900,9119500,"B"
"HPG","13:53:10",27.2,0,10000,9103600,"S"
"HPG","13:53:07",27.2,0,150000,9093600,"S"
"HPG","13:53:04",27.2,0,200,8943600,"S"
"HPG","13:53:04",27.2,0,2000,8943400,"S"
"HPG","13:53:02",27.2,0,600,8941400,"S"
"HPG","13:53:01",27.2,0,1000,8940800,"S"
"HPG","13:53:00",27.15,-0.05,8000,8939800,"B"
"HPG","13:52:58",27.2,0,100,8931800,"S"
"HPG","13:52:56",27.2,0,10000,8931700,"S"
"HPG","13:52:54",27.2,0,11200,8921700,"S"
"HPG","13:52:53",27.2,0,10200,8910500,"S"
"HPG","13:52:50",27.2,0,1000,8900300,"S"
"HPG","13:52:48",27.2,0,200,8899300,"S"
"HPG","13:52:45",27.2,0,100,8899100,"S"
"HPG","13:52:44",27.15,-0.05,1200,8899000,"B"
"HPG","13:52:39",27.2,0,500,8897800,"S"
"HPG","13:52:37",27.15,-0.05,200,8897300,"B"
"HPG","13:52:37",27.2,0,200,8897100,"S"
"HPG","13:52:37",27.2,0,300,8896900,"S"
"HPG","13:52:36",27.2,0,500,8896600,"S"
"HPG","13:52:36",27.15,-0.05,1000,8896100,"B"
"HPG","13:52:33",27.2,0,100000,8895100,"S"
"HPG","13:52:32",27.2,0,300,8795100,"S"
"HPG","13:52:29",27.2,0,1000,8794800,"S"
"HPG","13:52:14",27.15,-0.05,1200,8793800,"B"
"HPG","13:52:12",27.2,0,11200,8792600,"S"
"HPG","13:52:11",27.2,0,100,8781400,"S"
"HPG","13:51:44",27.15,-0.05,1200,8781300,"B"
"HPG","13:51:31",27.2,0,11800,8780100,"S"
"HPG","13:51:16",27.15,-0.05,1000,8768300,"B"
"HPG","13:51:14",27.15,-0.05,1200,8767300,"B"
"HPG","13:51:13",27.15,-0.05,2000,8766100,"B"
"HPG","13:50:57",27.15,-0.05,300,8764100,"B"
"HPG","13:50:55",27.15,-0.05,1000,8763800,"B"
"HPG","13:50:48",27.2,0,11600,8762800,"S"
"HPG","13:50:43",27.15,-0.05,1200,8751200,"B"
"HPG","13:50:33",27.15,-0.05,1000,8750000,"B"
"HPG","13:50:22",27.15,-0.05,300,8749000,"B"
"HPG","13:50:14",27.15,-0.05,1200,8748700,"B"
"HPG","13:50:09",27.15,-0.05,200,8747500,"B"
"HPG","13:50:07",27.15,-0.05,100,8747300,"B"
"HPG","13:50:07",27.2,0,10600,8747200,"S"
"HPG","13:50:06",27.2,0,6500,8736600,"S"
"HPG","13:50:05",27.2,0,5100,8730100,"S"
"HPG","13:50:05",27.15,-0.05,100,8725000,"B"
"HPG","13:49:51",27.15,-0.05,5000,8724900,"B"
"HPG","13:49:47",27.2,0,10600,8719900,"S"
"HPG","13:49:43",27.15,-0.05,1200,8709300,"B"
"HPG","13:49:31",27.2,0,100,8708100,"S"
"HPG","13:49:22",27.15,-0.05,100,8708000,"B"
"HPG","13:49:13",27.15,-0.05,1200,8707900,"B"
"HPG","13:49:12",27.2,0,10600,8706700,"S"
"HPG","13:49:07",27.15,-0.05,1300,8696100,"B"
"HPG","13:48:45",27.15,-0.05,1000,8694800,"B"
"HPG","13:48:43",27.2,0,10600,8693800,"S"
"HPG","13:48:43",27.15,-0.05,2200,8683200,"B"
"HPG","13:48:33",27.15,-0.05,10000,8681000,"B"
"HPG","13:48:32",27.2,0,500,8671000,"S"
"HPG","13:48:27",27.15,-0.05,1000,8670500,"B"
"HPG","13:48:16",27.15,-0.05,1300,8669500,"B"
"HPG","13:48:14",27.2,0,300,8668200,"S"
"HPG","13:48:13",27.15,-0.05,5600,8667900,"B"
"HPG","13:47:49",27.15,-0.05,1800,8662300,"B"
"HPG","13:47:45",27.2,0,1000,8660500,"S"
"HPG","13:47:43",27.15,-0.05,1200,8659500,"B"
"HPG","13:47:33",27.2,0,400,8658300,"S"
"HPG","13:47:20",27.2,0,500,8657900,"S"
"HPG","13:47:13",27.15,-0.05,1200,8657400,"B"
"HPG","13:47:12",27.2,0,200,8656200,"S"
"HPG","13:47:08",27.2,0,1000,8656000,"S"
"HPG","13:46:59",27.2,0,4800,8655000,"S"
"HPG","13:46:56",27.2,0,200,8650200,"S"
"HPG","13:46:43",27.2,0,1000,8650000,"S"
"HPG","13:46:43",27.15,-0.05,1200,8649000,"B"
"HPG","13:46:39",27.2,0,1000,8647800,"S"
"HPG","13:46:19",27.2,0,1300,8646800,"S"
"HPG","13:46:12",27.15,-0.05,1200,8645500,"B"
"HPG","13:46:02",27.15,-0.05,10000,8644300,"B"
"HPG","13:45:58",27.2,0,500,8634300,"S"
"HPG","13:45:45",27.15,-0.05,1000,8633800,"B"
"HPG","13:45:43",27.15,-0.05,1200,8632800,"B"
"HPG","13:45:40",27.15,-0.05,1000,8631600,"B"
"HPG","13:45:34",27.2,0,1000,8630600,"S"
"HPG","13:45:24",27.15,-0.05,5000,8629600,"B"
"HPG","13:45:16",27.15,-0.05,200,8624600,"B"
"HPG","13:45:16",27.15,-0.05,34200,8624400,"S"
"HPG","13:45:14",27.15,-0.05,1000,8590200,"S"
"HPG","13:45:13",27.15,-0.05,2000,8589200,"S"
"HPG","13:45:13",27.1,-0.1,1200,8587200,"B"
"HPG","13:45:08",27.15,-0.05,1000,8586000,"S"
"HPG","13:45:07",27.15,-0.05,1000,8585000,"S"
"HPG","13:45:02",27.15,-0.05,5400,8584000,"S"
"HPG","13:45:01",27.15,-0.05,2000,8578600,"S"
"HPG","13:45:00",27.15,-0.05,500,8576600,"S"
"HPG","13:44:58",27.15,-0.05,25500,8576100,"S"
"HPG","13:44:54",27.15,-0.05,2100,8550600,"S"
"HPG","13:44:52",27.15,-0.05,10000,8548500,"S"
"HPG","13:44:51",27.15,-0.05,2000,8538500,"S"
"HPG","13:44:50",27.15,-0.05,400,8536500,"S"
"HPG","13:44:49",27.15,-0.05,20000,8536100,"S"
"HPG","13:44:46",27.15,-0.05,70000,8516100,"S"
"HPG","13:44:42",27.1,-0.1,1200,8446100,"B"
"HPG","13:44:40",27.15,-0.05,30000,8444900,"S"
"HPG","13:44:34",27.1,-0.1,1000,8414900,"B"
"HPG","13:44:27",27.1,-0.1,500,8413900,"B"
"HPG","13:44:21",27.1,-0.1,100,8413400,"B"
"HPG","13:44:20",27.15,-0.05,100,8413300,"S"
"HPG","13:44:17",27.15,-0.05,100,8413200,"S"
"HPG","13:44:13",27.15,-0.05,1000,8413100,"S"
"HPG","13:44:12",27.1,-0.1,1200,8412100,"B"
"HPG","13:44:10",27.15,-0.05,5000,8410900,"S"
"HPG","13:44:02",27.15,-0.05,2000,8405900,"S"
"HPG","13:44:00",27.15,-0.05,1000,8403900,"S"
"HPG","13:43:59",27.15,-0.05,10600,8402900,"S"
"HPG","13:43:58",27.15,-0.05,5300,8392300,"S"
"HPG","13:43:57",27.15,-0.05,5300,8387000,"S"
"HPG","13:43:56",27.15,-0.05,5300,8381700,"S"
"HPG","13:43:53",27.15,-0.05,3000,8376400,"S"
"HPG","13:43:42",27.1,-0.1,1200,8373400,"B"
"HPG","13:43:32",27.1,-0.1,1000,8372200,"B"
"HPG","13:43:32",27.15,-0.05,1800,8371200,"S"
"HPG","13:43:25",27.15,-0.05,700,8369400,"S"
"HPG","13:43:13",27.15,-0.05,100,8368700,"S"
"HPG","13:43:12",27.1,-0.1,1200,8368600,"B"
"HPG","13:43:05",27.15,-0.05,2000,8367400,"S"
"HPG","13:43:04",27.15,-0.05,500,8365400,"S"
"HPG","13:43:01",27.15,-0.05,98500,8364900,"S"
"HPG","13:42:52",27.15,-0.05,300,8266400,"S"
"HPG","13:42:50",27.1,-0.1,1000,8266100,"B"
"HPG","13:42:49",27.15,-0.05,1700,8265100,"S"
"HPG","13:42:48",27.1,-0.1,23000,8263400,"B"
"HPG","13:42:47",27.15,-0.05,100,8240400,"S"
"HPG","13:42:42",27.1,-0.1,1400,8240300,"B"
"HPG","13:42:35",27.15,-0.05,16500,8238900,"S"
"HPG","13:42:34",27.15,-0.05,33500,8222400,"S"
"HPG","13:42:32",27.1,-0.1,10000,8188900,"B"
"HPG","13:42:20",27.15,-0.05,50000,8178900,"S"
"HPG","13:42:12",27.1,-0.1,1200,8128900,"B"
"HPG","13:41:48",27.15,-0.05,23000,8127700,"S"
"HPG","13:41:48",27.1,-0.1,100,8104700,"B"
"HPG","13:41:47",27.15,-0.05,1100,8104600,"S"
"HPG","13:41:46",27.1,-0.1,100,8103500,"B"
"HPG","13:41:42",27.1,-0.1,1200,8103400,"B"
"HPG","13:41:31",27.1,-0.1,800,8102200,"B"
"HPG","13:41:23",27.1,-0.1,100,8101400,"B"
"HPG","13:41:12",27.1,-0.1,1200,8101300,"B"
"HPG","13:41:11",27.15,-0.05,1600,8100100,"S"
"HPG","13:41:02",27.1,-0.1,5500,8098500,"B"
"HPG","13:40:57",27.15,-0.05,300,8093000,"S"
"HPG","13:40:54",27.1,-0.1,20000,8092700,"B"
"HPG","13:40:43",27.1,-0.1,3000,8072700,"B"
"HPG","13:40:41",27.1,-0.1,1200,8069700,"B"
"HPG","13:40:31",27.1,-0.1,10000,8068500,"B"
"HPG","13:40:28",27.1,-0.1,2000,8058500,"B"
"HPG","13:40:12",27.1,-0.1,1200,8056500,"B"
"HPG","13:40:02",27.1,-0.1,36600,8055300,"S"
"HPG","13:40:01",27.1,-0.1,300,8018700,"S"
"HPG","13:40:00",27.1,-0.1,1000,8018400,"S"
"HPG","13:39:55",27.1,-0.1,11000,8017400,"S"
"HPG","13:39:48",27.1,-0.1,600,8006400,"S"
"HPG","13:39:46",27.1,-0.1,300,8005800,"S"
"HPG","13:39:42",27.1,-0.1,700,8005500,"S"
"HPG","13:39:41",27.05,-0.15,1200,8004800,"B"
"HPG","13:39:40",27.1,-0.1,500,8003600,"S"
"HPG","13:39:39",27.1,-0.1,100,8003100,"S"
"HPG","13:39:35",27.1,-0.1,1500,8003000,"S"
"HPG","13:39:34",27.1,-0.1,1500,8001500,"S"
"HPG","13:39:33",27.1,-0.1,100,8000000,"S"
"HPG","13:39:31",27.1,-0.1,10000,7999900,"S"
"HPG","13:39:30",27.1,-0.1,100,7989900,"S"
"HPG","13:39:27",27.05,-0.15,3800,7989800,"B"
"HPG","13:39:22",27.1,-0.1,25000,7985000,"S"
"HPG","13:39:21",27.1,-0.1,35800,7960000,"S"
"HPG","13:39:20",27.1,-0.1,1000,7924200,"S"
"HPG","13:39:17",27.1,-0.1,100,7923200,"S"
"HPG","13:39:16",27.1,-0.1,5000,7923100,"S"
"HPG","13:39:16",27.1,-0.1,900,7918100,"S"
"HPG","13:39:15",27.1,-0.1,5000,7917200,"S"
"HPG","13:39:12",27.1,-0.1,10000,7912200,"S"
"HPG","13:39:12",27.1,-0.1,1000,7902200,"S"
"HPG","13:39:11",27.05,-0.15,1200,7901200,"B"
"HPG","13:39:09",27.1,-0.1,25000,7900000,"S"
"HPG","13:39:06",27.1,-0.1,1000,7875000,"S"
"HPG","13:39:05",27.05,-0.15,3000,7874000,"B"
"HPG","13:39:02",27.1,-0.1,25000,7871000,"S"
"HPG","13:38:56",27.1,-0.1,25000,7846000,"S"
"HPG","13:38:52",27.05,-0.15,200,7821000,"B"
"HPG","13:38:50",27.05,-0.15,2000,7820800,"B"
"HPG","13:38:41",27.05,-0.15,1200,7818800,"B"
"HPG","13:38:40",27.1,-0.1,500,7817600,"S"
"HPG","13:38:13",27.1,-0.1,2500,7817100,"S"
"HPG","13:38:12",27.05,-0.15,2500,7814600,"B"
"HPG","13:38:11",27.05,-0.15,1200,7812100,"B"
"HPG","13:38:08",27.1,-0.1,2000,7810900,"S"
"HPG","13:38:00",27.1,-0.1,2500,7808900,"S"
"HPG","13:37:58",27.1,-0.1,1000,7806400,"S"
"HPG","13:37:50",27.1,-0.1,2500,7805400,"S"
"HPG","13:37:45",27.1,-0.1,30000,7802900,"S"
"HPG","13:37:41",27.05,-0.15,1200,7772900,"B"
"HPG","13:37:39",27.1,-0.1,2500,7771700,"S"
"HPG","13:37:31",27.05,-0.15,500,7769200,"B"
"HPG","13:37:30",27.1,-0.1,2500,7768700,"S"
"HPG","13:37:29",27.1,-0.1,2000,7766200,"S"
"HPG","13:37:18",27.1,-0.1,27500,7764200,"S"
"HPG","13:37:11",27.05,-0.15,1200,7736700,"B"
"HPG","13:37:09",27.1,-0.1,2500,7735500,"S"
"HPG","13:36:59",27.1,-0.1,2500,7733000,"S"
"HPG","13:36:41",27.05,-0.15,1200,7730500,"B"
"HPG","13:36:12",27.1,-0.1,1200,7729300,"S"
"HPG","13:36:11",27.05,-0.15,1200,7728100,"B"
"HPG","13:36:09",27.1,-0.1,200,7726900,"S"
"HPG","13:36:00",27.1,-0.1,2000,7726700,"S"
"HPG","13:35:59",27.05,-0.15,1000,7724700,"B"
"HPG","13:35:41",27.05,-0.15,1200,7723700,"B"
"HPG","13:35:39",27.05,-0.15,100,7722500,"B"
"HPG","13:35:36",27.1,-0.1,5000,7722400,"S"
"HPG","13:35:13",27.1,-0.1,2000,7717400,"S"
"HPG","13:35:11",27.05,-0.15,1200,7715400,"B"
"HPG","13:34:59",27.1,-0.1,300,7714200,"S"
"HPG","13:34:57",27.1,-0.1,2500,7713900,"S"
"HPG","13:34:55",27.1,-0.1,2000,7711400,"S"
"HPG","13:34:50",27.1,-0.1,300,7709400,"S"
"HPG","13:34:49",27.1,-0.1,100,7709100,"S"
"HPG","13:34:45",27.1,-0.1,2500,7709000,"S"
"HPG","13:34:43",27.05,-0.15,10000,7706500,"B"
"HPG","13:34:40",27.05,-0.15,1200,7696500,"B"
"HPG","13:34:34",27.1,-0.1,2500,7695300,"S"
"HPG","13:34:31",27.05,-0.15,100,7692800,"B"
"HPG","13:34:31",27.1,-0.1,1700,7692700,"S"
"HPG","13:34:29",27.1,-0.1,100,7691000,"S"
"HPG","13:34:25",27.1,-0.1,2500,7690900,"S"
"HPG","13:34:14",27.1,-0.1,2500,7688400,"S"
"HPG","13:34:10",27.05,-0.15,1200,7685900,"B"
"HPG","13:34:05",27.1,-0.1,100,7684700,"S"
"HPG","13:34:04",27.05,-0.15,99900,7684600,"B"
"HPG","13:34:03",27.1,-0.1,4500,7584700,"S"
"HPG","13:34:00",27.1,-0.1,20000,7580200,"S"
"HPG","13:33:55",27.1,-0.1,2500,7560200,"S"
"HPG","13:33:40",27.05,-0.15,1200,7557700,"B"
"HPG","13:33:39",27.1,-0.1,300,7556500,"S"
"HPG","13:33:39",27.1,-0.1,1000,7556200,"S"
"HPG","13:33:29",27.1,-0.1,200,7555200,"S"
"HPG","13:33:24",27.1,-0.1,5300,7555000,"S"
"HPG","13:33:16",27.1,-0.1,100,7549700,"S"
"HPG","13:33:14",27.1,-0.1,300,7549600,"S"
"HPG","13:33:10",27.05,-0.15,1200,7549300,"B"
"HPG","13:33:08",27.1,-0.1,5300,7548100,"S"
"HPG","13:32:56",27.1,-0.1,5300,7542800,"S"
"HPG","13:32:40",27.05,-0.15,1200,7537500,"B"
"HPG","13:32:37",27.1,-0.1,5300,7536300,"S"
"HPG","13:32:15",27.1,-0.1,5000,7531000,"S"
"HPG","13:32:10",27.05,-0.15,1200,7526000,"B"
"HPG","13:31:46",27.1,-0.1,5000,7524800,"S"
"HPG","13:31:40",27.05,-0.15,200,7519800,"B"
"HPG","13:31:39",27.05,-0.15,1000,7519600,"B"
"HPG","13:31:32",27.05,-0.15,1000,7518600,"B"
"HPG","13:31:28",27.1,-0.1,6500,7517600,"S"
"HPG","13:31:26",27.05,-0.15,8000,7511100,"B"
"HPG","13:31:25",27.05,-0.15,2000,7503100,"B"
"HPG","13:31:10",27.05,-0.15,1200,7501100,"B"
"HPG","13:30:43",27.1,-0.1,100,7499900,"S"
"HPG","13:30:39",27.05,-0.15,1200,7499800,"B"
"HPG","13:30:32",27.05,-0.15,500,7498600,"B"
"HPG","13:30:26",27.1,-0.1,1800,7498100,"S"
"HPG","13:30:16",27.05,-0.15,5100,7496300,"B"
"HPG","13:30:09",27.05,-0.15,1200,7491200,"B"
"HPG","13:30:02",27.1,-0.1,500,7490000,"S"
"HPG","13:30:02",27.1,-0.1,500,7489500,"S"
"HPG","13:30:00",27.1,-0.1,200,7489000,"S"
"HPG","13:29:49",27.1,-0.1,5000,7488800,"S"
"HPG","13:29:47",27.1,-0.1,500,7483800,"S"
"HPG","13:29:40",27.1,-0.1,2000,7483300,"S"
"HPG","13:29:39",27.05,-0.15,1200,7481300,"B"
"HPG","13:29:36",27.1,-0.1,100,7480100,"S"
"HPG","13:29:34",27.1,-0.1,200,7480000,"S"
"HPG","13:29:32",27.1,-0.1,5000,7479800,"S"
"HPG","13:29:32",27.1,-0.1,4000,7474800,"S"
"HPG","13:29:25",27.1,-0.1,1000,7470800,"S"
"HPG","13:29:19",27.1,-0.1,300,7469800,"S"
"HPG","13:29:10",27.1,-0.1,100,7469500,"S"
"HPG","13:29:09",27.05,-0.15,1200,7469400,"B"
"HPG","13:29:09",27.1,-0.1,200,7468200,"S"
"HPG","13:29:07",27.1,-0.1,300,7468000,"S"
"HPG","13:28:49",27.1,-0.1,5000,7467700,"S"
"HPG","13:28:43",27.1,-0.1,200,7462700,"S"
"HPG","13:28:41",27.1,-0.1,100,7462500,"S"
"HPG","13:28:39",27.05,-0.15,1200,7462400,"B"
"HPG","13:28:28",27.1,-0.1,1000,7461200,"S"
"HPG","13:28:17",27.1,-0.1,300,7460200,"S"
"HPG","13:28:17",27.1,-0.1,200,7459900,"S"
"HPG","13:28:09",27.05,-0.15,1200,7459700,"B"
"HPG","13:27:52",27.1,-0.1,200,7458500,"S"
"HPG","13:27:43",27.1,-0.1,100,7458300,"S"
"HPG","13:27:40",27.1,-0.1,4000,7458200,"S"
"HPG","13:27:39",27.05,-0.15,1200,7454200,"B"
"HPG","13:27:34",27.1,-0.1,100,7453000,"S"
"HPG","13:27:26",27.1,-0.1,700,7452900,"S"
"HPG","13:27:18",27.1,-0.1,1800,7452200,"S"
"HPG","13:27:18",27.05,-0.15,1000,7450400,"B"
"HPG","13:27:15",27.1,-0.1,200,7449400,"S"
"HPG","13:27:09",27.05,-0.15,1200,7449200,"B"
"HPG","13:27:08",27.1,-0.1,1000,7448000,"S"
"HPG","13:27:05",27.1,-0.1,2000,7447000,"S"
"HPG","13:27:00",27.1,-0.1,200,7445000,"S"
"HPG","13:26:51",27.1,-0.1,10000,7444800,"S"
"HPG","13:26:51",27.1,-0.1,6500,7434800,"S"
"HPG","13:26:48",27.05,-0.15,2200,7428300,"B"
"HPG","13:26:44",27.1,-0.1,300,7426100,"S"
"HPG","13:26:38",27.05,-0.15,1200,7425800,"B"
"HPG","13:26:36",27.1,-0.1,1000,7424600,"S"
"HPG","13:26:35",27.1,-0.1,200,7423600,"S"
"HPG","13:26:34",27.1,-0.1,300,7423400,"S"
"HPG","13:26:34",27.1,-0.1,3200,7423100,"B"
"HPG","13:26:29",27.15,-0.05,20000,7419900,"S"
"HPG","13:26:27",27.15,-0.05,200,7399900,"S"
"HPG","13:26:26",27.1,-0.1,300,7399700,"B"
"HPG","13:26:21",27.1,-0.1,10000,7399400,"B"
"HPG","13:26:09",27.1,-0.1,1200,7389400,"B"
"HPG","13:26:09",27.15,-0.05,200,7388200,"S"
"HPG","13:26:02",27.1,-0.1,500,7388000,"S"
"HPG","13:25:58",27.1,-0.1,100,7387500,"S"
"HPG","13:25:49",27.1,-0.1,500,7387400,"S"
"HPG","13:25:43",27.15,-0.05,200,7386900,"S"
"HPG","13:25:42",27.1,-0.1,300,7386700,"S"
"HPG","13:25:42",27.1,-0.1,700,7386400,"S"
"HPG","13:25:41",27.1,-0.1,500,7385700,"S"
"HPG","13:25:41",27.05,-0.15,100,7385200,"B"
"HPG","13:25:38",27.05,-0.15,1200,7385100,"B"
"HPG","13:25:34",27.1,-0.1,500,7383900,"S"
"HPG","13:25:30",27.1,-0.1,3400,7383400,"B"
"HPG","13:25:18",27.15,-0.05,200,7380000,"S"
"HPG","13:25:16",27.1,-0.1,3800,7379800,"S"
"HPG","13:25:16",27.1,-0.1,86200,7376000,"B"
"HPG","13:25:10",27.15,-0.05,400,7289800,"S"
"HPG","13:25:08",27.1,-0.1,1200,7289400,"B"
"HPG","13:25:06",27.1,-0.1,400,7288200,"B"
"HPG","13:25:04",27.15,-0.05,1000,7287800,"S"
"HPG","13:25:00",27.1,-0.1,4500,7286800,"B"
"HPG","13:24:52",27.15,-0.05,200,7282300,"S"
"HPG","13:24:50",27.1,-0.1,5200,7282100,"B"
"HPG","13:24:49",27.15,-0.05,12600,7276900,"S"
"HPG","13:24:38",27.1,-0.1,1200,7264300,"B"
"HPG","13:24:27",27.15,-0.05,200,7263100,"S"
"HPG","13:24:22",27.15,-0.05,500,7262900,"S"
"HPG","13:24:10",27.1,-0.1,1200,7262400,"B"
"HPG","13:24:05",27.15,-0.05,3000,7261200,"S"
"HPG","13:24:01",27.15,-0.05,200,7258200,"S"
"HPG","13:23:43",27.1,-0.1,900,7258000,"B"
"HPG","13:23:35",27.15,-0.05,200,7257100,"S"
"HPG","13:23:35",27.1,-0.1,1200,7256900,"B"
"HPG","13:23:34",27.1,-0.1,22100,7255700,"S"
"HPG","13:23:33",27.1,-0.1,1100,7233600,"S"
"HPG","13:23:31",27.1,-0.1,9900,7232500,"S"
"HPG","13:23:31",27.1,-0.1,2600,7222600,"S"
"HPG","13:23:28",27.1,-0.1,3000,7220000,"S"
"HPG","13:23:28",27.1,-0.1,100,7217000,"S"
"HPG","13:23:22",27.1,-0.1,2300,7216900,"S"
"HPG","13:23:22",27.1,-0.1,1000,7214600,"S"
"HPG","13:23:21",27.1,-0.1,200,7213600,"S"
"HPG","13:23:18",27.1,-0.1,10000,7213400,"S"
"HPG","13:23:17",27.1,-0.1,28100,7203400,"S"
"HPG","13:23:11",27.1,-0.1,5000,7175300,"S"
"HPG","13:23:10",27.1,-0.1,100,7170300,"S"
"HPG","13:23:10",27.1,-0.1,200,7170200,"S"
"HPG","13:23:07",27.1,-0.1,20000,7170000,"S"
"HPG","13:23:06",27.1,-0.1,12000,7150000,"S"
"HPG","13:23:05",27.1,-0.1,5000,7138000,"S"
"HPG","13:23:05",27.05,-0.15,1200,7133000,"B"
"HPG","13:23:03",27.1,-0.1,700,7131800,"S"
"HPG","13:23:00",27.1,-0.1,25000,7101800,"S"
"HPG","13:22:55",27.1,-0.1,40200,7076800,"S"
"HPG","13:22:51",27.1,-0.1,20000,7036600,"S"
"HPG","13:22:46",27.1,-0.1,2500,7016600,"S"
"HPG","13:22:45",27.1,-0.1,20000,7014100,"S"
"HPG","13:22:44",27.1,-0.1,200,6994100,"S"
"HPG","13:22:42",27.1,-0.1,1000,6993900,"S"
"HPG","13:22:36",27.1,-0.1,1000,6992900,"S"
"HPG","13:22:35",27.1,-0.1,30000,6991900,"S"
"HPG","13:22:35",27.05,-0.15,1200,6961900,"B"
"HPG","13:22:22",27.1,-0.1,400,6960700,"S"
"HPG","13:22:18",27.1,-0.1,200,6960300,"S"
"HPG","13:22:16",27.1,-0.1,2000,6960100,"S"
"HPG","13:22:09",27.1,-0.1,2500,6958100,"S"
"HPG","13:22:04",27.05,-0.15,1200,6955600,"B"
"HPG","13:21:57",27.1,-0.1,2500,6954400,"S"
"HPG","13:21:54",27.1,-0.1,100,6951900,"S"
"HPG","13:21:53",27.1,-0.1,200,6951800,"S"
"HPG","13:21:46",27.1,-0.1,2500,6951600,"S"
"HPG","13:21:44",27.1,-0.1,300,6949100,"S"
"HPG","13:21:42",27.1,-0.1,10000,6948800,"S"
"HPG","13:21:37",27.1,-0.1,3500,6938800,"S"
"HPG","13:21:34",27.05,-0.15,1200,6935300,"B"
"HPG","13:21:27",27.1,-0.1,200,6934100,"S"
"HPG","13:21:26",27.1,-0.1,2500,6933900,"S"
"HPG","13:21:17",27.1,-0.1,2500,6931400,"S"
"HPG","13:21:16",27.1,-0.1,1000,6928900,"S"
"HPG","13:21:08",27.1,-0.1,2500,6927900,"S"
"HPG","13:21:05",27.05,-0.15,2000,6925400,"B"
"HPG","13:21:04",27.05,-0.15,1200,6923400,"B"
"HPG","13:21:03",27.05,-0.15,12900,6922200,"B"
"HPG","13:21:02",27.1,-0.1,100,6909300,"S"
"HPG","13:21:01",27.1,-0.1,200,6909200,"S"
"HPG","13:20:56",27.1,-0.1,2500,6909000,"S"
"HPG","13:20:54",27.05,-0.15,100,6906500,"B"
"HPG","13:20:46",27.1,-0.1,2500,6906400,"S"
"HPG","13:20:46",27.1,-0.1,2500,6903900,"S"
"HPG","13:20:36",27.1,-0.1,200,6901400,"S"
"HPG","13:20:35",27.1,-0.1,2500,6901200,"S"
"HPG","13:20:35",27.05,-0.15,1200,6898700,"B"
"HPG","13:20:29",27.1,-0.1,2500,6897500,"S"
"HPG","13:20:21",27.05,-0.15,1700,6895000,"B"
"HPG","13:20:17",27.1,-0.1,2500,6893300,"S"
"HPG","13:20:13",27.1,-0.1,100,6890800,"S"
"HPG","13:20:12",27.1,-0.1,500,6890700,"S"
"HPG","13:20:10",27.1,-0.1,200,6890200,"S"
"HPG","13:20:07",27.1,-0.1,2500,6890000,"S"
"HPG","13:20:04",27.05,-0.15,1200,6887500,"B"
"HPG","13:19:56",27.1,-0.1,2500,6886300,"S"
"HPG","13:19:48",27.1,-0.1,6000,6883800,"S"
"HPG","13:19:46",27.1,-0.1,2500,6877800,"S"
"HPG","13:19:45",27.1,-0.1,100,6875300,"S"
"HPG","13:19:44",27.1,-0.1,200,6875200,"S"
"HPG","13:19:36",27.1,-0.1,2500,6875000,"S"
"HPG","13:19:34",27.05,-0.15,1200,6872500,"B"
"HPG","13:19:29",27.05,-0.15,15900,6871300,"B"
"HPG","13:19:25",27.1,-0.1,2500,6855400,"S"
"HPG","13:19:23",27.1,-0.1,5000,6852900,"S"
"HPG","13:19:19",27.1,-0.1,200,6847900,"S"
"HPG","13:19:15",27.1,-0.1,5600,6847700,"S"
"HPG","13:19:14",27.1,-0.1,500,6842100,"S"
"HPG","13:19:12",27.1,-0.1,1900,6841600,"S"
"HPG","13:19:04",27.05,-0.15,1200,6839700,"B"
"HPG","13:19:01",27.1,-0.1,2500,6838500,"S"
"HPG","13:19:00",27.1,-0.1,1100,6836000,"S"
"HPG","13:19:00",27.1,-0.1,3900,6834900,"S"
"HPG","13:18:54",27.05,-0.15,100,6831000,"B"
"HPG","13:18:53",27.1,-0.1,200,6830900,"S"
"HPG","13:18:37",27.05,-0.15,1200,6830700,"B"
"HPG","13:18:35",27.1,-0.1,200,6829500,"S"
"HPG","13:18:34",27.1,-0.1,100,6829300,"S"
"HPG","13:18:30",27.1,-0.1,2500,6829200,"S"
"HPG","13:18:27",27.1,-0.1,200,6826700,"S"
"HPG","13:18:19",27.1,-0.1,2500,6826500,"S"
"HPG","13:18:11",27.05,-0.15,1000,6824000,"B"
"HPG","13:18:10",27.1,-0.1,2500,6823000,"S"
"HPG","13:18:03",27.05,-0.15,1200,6820500,"B"
"HPG","13:18:02",27.05,-0.15,300,6819300,"B"
"HPG","13:17:58",27.1,-0.1,2500,6818800,"S"
"HPG","13:17:57",27.1,-0.1,1000,6816300,"S"
"HPG","13:17:49",27.1,-0.1,2500,6815300,"S"
"HPG","13:17:47",27.05,-0.15,100,6812800,"B"
"HPG","13:17:39",27.1,-0.1,2500,6812700,"S"
"HPG","13:17:38",27.05,-0.15,100,6810200,"B"
"HPG","13:17:36",27.1,-0.1,200,6810100,"S"
"HPG","13:17:34",27.05,-0.15,1200,6809900,"B"
"HPG","13:17:27",27.1,-0.1,2500,6808700,"S"
"HPG","13:17:27",27.05,-0.15,15900,6806200,"B"
"HPG","13:17:13",27.1,-0.1,2500,6790300,"S"
"HPG","13:17:09",27.1,-0.1,200,6787800,"S"
"HPG","13:17:03",27.05,-0.15,1200,6787600,"B"
"HPG","13:17:03",27.1,-0.1,2500,6786400,"S"
"HPG","13:17:00",27.1,-0.1,100,6783900,"S"
"HPG","13:16:53",27.1,-0.1,2500,6783800,"S"
"HPG","13:16:47",27.1,-0.1,500,6781300,"S"
"HPG","13:16:45",27.1,-0.1,2700,6780800,"S"
"HPG","13:16:42",27.05,-0.15,100000,6778100,"B"
"HPG","13:16:40",27.1,-0.1,2000,6678100,"S"
"HPG","13:16:35",27.05,-0.15,1200,6676100,"B"
"HPG","13:16:33",27.1,-0.1,2500,6674900,"S"
"HPG","13:16:32",27.05,-0.15,10000,6672400,"B"
"HPG","13:16:22",27.1,-0.1,2500,6662400,"S"
"HPG","13:16:20",27.05,-0.15,5000,6659900,"B"
"HPG","13:16:19",27.1,-0.1,200,6654900,"S"
"HPG","13:16:18",27.05,-0.15,30000,6654700,"B"
"HPG","13:16:02",27.05,-0.15,1200,6624700,"B"
"HPG","13:15:54",27.05,-0.15,1000,6623500,"B"
"HPG","13:15:53",27.1,-0.1,200,6622500,"S"
"HPG","13:15:49",27.05,-0.15,16700,6622300,"B"
"HPG","13:15:32",27.05,-0.15,17100,6605600,"B"
"HPG","13:15:30",27.1,-0.1,1000,6588500,"S"
"HPG","13:15:28",27.1,-0.1,200,6587500,"S"
"HPG","13:15:11",27.05,-0.15,500,6587300,"B"
"HPG","13:15:10",27.05,-0.15,400,6586800,"B"
"HPG","13:15:02",27.1,-0.1,100,6586400,"S"
"HPG","13:15:02",27.05,-0.15,1200,6586300,"B"
"HPG","13:15:02",27.1,-0.1,200,6585100,"S"
"HPG","13:15:01",27.1,-0.1,1500,6584900,"S"
"HPG","13:14:45",27.05,-0.15,3000,6583400,"B"
"HPG","13:14:37",27.1,-0.1,200,6580400,"S"
"HPG","13:14:34",27.05,-0.15,300,6580200,"B"
"HPG","13:14:32",27.05,-0.15,1200,6579900,"B"
"HPG","13:14:31",27.05,-0.15,1000,6578700,"B"
"HPG","13:14:28",27.1,-0.1,300,6577700,"S"
"HPG","13:14:23",27.05,-0.15,1300,6577400,"B"
"HPG","13:14:19",27.05,-0.15,1000,6576100,"B"
"HPG","13:14:11",27.1,-0.1,200,6575100,"S"
"HPG","13:14:02",27.05,-0.15,1200,6574900,"B"
"HPG","13:13:45",27.1,-0.1,200,6573700,"S"
"HPG","13:13:31",27.05,-0.15,1200,6573500,"B"
"HPG","13:13:20",27.1,-0.1,200,6572300,"S"
"HPG","13:13:05",27.05,-0.15,300,6572100,"B"
"HPG","13:13:04",27.1,-0.1,100,6571800,"S"
"HPG","13:13:01",27.05,-0.15,1200,6571700,"B"
"HPG","13:12:54",27.1,-0.1,200,6570500,"S"
"HPG","13:12:39",27.1,-0.1,500,6570300,"S"
"HPG","13:12:32",27.05,-0.15,1200,6569800,"B"
"HPG","13:12:31",27.05,-0.15,4600,6568600,"B"
"HPG","13:12:28",27.1,-0.1,2700,6564000,"S"
"HPG","13:12:26",27.05,-0.15,3900,6561300,"B"
"HPG","13:12:26",27.05,-0.15,700,6557400,"B"
"HPG","13:12:19",27.05,-0.15,100,6556700,"B"
"HPG","13:12:17",27.1,-0.1,2500,6556600,"S"
"HPG","13:12:08",27.05,-0.15,5000,6554100,"B"
"HPG","13:12:08",27.05,-0.15,5100,6549100,"B"
"HPG","13:12:03",27.1,-0.1,200,6544000,"S"
"HPG","13:12:01",27.05,-0.15,1200,6543800,"B"
"HPG","13:11:58",27.1,-0.1,2500,6542600,"S"
"HPG","13:11:50",27.05,-0.15,30700,6540100,"B"
"HPG","13:11:50",27.1,-0.1,500,6509400,"S"
"HPG","13:11:37",27.1,-0.1,200,6508900,"S"
"HPG","13:11:31",27.05,-0.15,1200,6508700,"B"
"HPG","13:11:22",27.05,-0.15,300,6507500,"B"
"HPG","13:11:19",27.05,-0.15,100,6507200,"B"
"HPG","13:11:14",27.1,-0.1,1200,6507100,"S"
"HPG","13:11:11",27.1,-0.1,200,6505900,"S"
"HPG","13:11:08",27.1,-0.1,200,6505700,"S"
"HPG","13:11:01",27.1,-0.1,8000,6505500,"S"
"HPG","13:11:01",27.05,-0.15,1200,6497500,"B"
"HPG","13:10:46",27.1,-0.1,200,6496300,"S"
"HPG","13:10:31",27.05,-0.15,1100,6496100,"B"
"HPG","13:10:20",27.1,-0.1,200,6495000,"S"
"HPG","13:10:15",27.1,-0.1,200,6494800,"S"
"HPG","13:10:01",27.05,-0.15,2600,6494600,"B"
"HPG","13:09:56",27.05,-0.15,20000,6492000,"B"
"HPG","13:09:54",27.1,-0.1,200,6472000,"S"
"HPG","13:09:31",27.05,-0.15,1100,6471800,"B"
"HPG","13:09:29",27.1,-0.1,200,6470700,"S"
"HPG","13:09:13",27.1,-0.1,2500,6470500,"S"
"HPG","13:09:03",27.1,-0.1,200,6468000,"S"
"HPG","13:09:01",27.05,-0.15,1100,6467800,"B"
"HPG","13:09:00",27.1,-0.1,500,6466700,"S"
"HPG","13:08:45",27.1,-0.1,100,6466200,"S"
"HPG","13:08:44",27.05,-0.15,5000,6466100,"B"
"HPG","13:08:37",27.1,-0.1,200,6461100,"S"
"HPG","13:08:36",27.1,-0.1,100,6460900,"S"
"HPG","13:08:36",27.05,-0.15,5000,6460800,"B"
"HPG","13:08:31",27.05,-0.15,1100,6455800,"B"
"HPG","13:08:28",27.05,-0.15,5000,6454700,"B"
"HPG","13:08:25",27.05,-0.15,13400,6449700,"B"
"HPG","13:08:25",27.05,-0.15,300,6436300,"B"
"HPG","13:08:19",27.05,-0.15,5000,6436000,"B"
"HPG","13:08:18",27.05,-0.15,200,6431000,"B"
"HPG","13:08:16",27.05,-0.15,5000,6430800,"B"
"HPG","13:08:15",27.05,-0.15,1000,6425800,"B"
"HPG","13:08:12",27.05,-0.15,2000,6424800,"B"
"HPG","13:08:12",27.1,-0.1,200,6422800,"S"
"HPG","13:08:10",27.05,-0.15,5000,6422600,"B"
"HPG","13:08:08",27.05,-0.15,2000,6417600,"B"
"HPG","13:08:06",27.05,-0.15,2000,6415600,"B"
"HPG","13:08:01",27.05,-0.15,1100,6413600,"B"
"HPG","13:07:57",27.1,-0.1,2500,6412500,"S"
"HPG","13:07:46",27.05,-0.15,9200,6410000,"B"
"HPG","13:07:46",27.1,-0.1,200,6400800,"S"
"HPG","13:07:39",27.1,-0.1,2500,6400600,"S"
"HPG","13:07:31",27.05,-0.15,1100,6398100,"B"
"HPG","13:07:27",27.1,-0.1,2500,6397000,"S"
"HPG","13:07:24",27.1,-0.1,200,6394500,"S"
"HPG","13:07:21",27.1,-0.1,200,6394300,"S"
"HPG","13:07:20",27.1,-0.1,200,6394100,"S"
"HPG","13:07:19",27.1,-0.1,2500,6393900,"S"
"HPG","13:07:07",27.1,-0.1,2500,6391400,"S"
"HPG","13:07:01",27.05,-0.15,1100,6388900,"B"
"HPG","13:06:59",27.1,-0.1,2500,6387800,"S"
"HPG","13:06:55",27.1,-0.1,200,6385300,"S"
"HPG","13:06:47",27.1,-0.1,2500,6385100,"S"
"HPG","13:06:46",27.05,-0.15,3500,6382600,"B"
"HPG","13:06:38",27.1,-0.1,2500,6379100,"S"
"HPG","13:06:32",27.05,-0.15,500,6376600,"B"
"HPG","13:06:31",27.05,-0.15,1100,6376100,"B"
"HPG","13:06:29",27.1,-0.1,200,6375000,"S"
"HPG","13:06:28",27.1,-0.1,2500,6374800,"S"
"HPG","13:06:18",27.1,-0.1,2500,6372300,"S"
"HPG","13:06:07",27.1,-0.1,2500,6369800,"S"
"HPG","13:06:03",27.1,-0.1,200,6367300,"S"
"HPG","13:06:00",27.05,-0.15,1100,6367100,"B"
"HPG","13:05:57",27.1,-0.1,2500,6366000,"S"
"HPG","13:05:38",27.1,-0.1,200,6363500,"S"
"HPG","13:05:33",27.1,-0.1,2500,6363300,"S"
"HPG","13:05:30",27.05,-0.15,1100,6360800,"B"
"HPG","13:05:15",27.1,-0.1,500,6359700,"S"
"HPG","13:05:12",27.1,-0.1,200,6359200,"S"
"HPG","13:05:00",27.05,-0.15,1100,6359000,"B"
"HPG","13:04:58",27.05,-0.15,500,6357900,"B"
"HPG","13:04:47",27.1,-0.1,200,6357400,"S"
"HPG","13:04:38",27.1,-0.1,2000,6357200,"S"
"HPG","13:04:38",27.05,-0.15,1000,6355200,"B"
"HPG","13:04:30",27.05,-0.15,1100,6353700,"B"
"HPG","13:04:21",27.1,-0.1,200,6352600,"S"
"HPG","13:04:13",27.05,-0.15,100,6352400,"B"
"HPG","13:04:00",27.05,-0.15,1100,6352300,"B"
"HPG","13:03:55",27.1,-0.1,200,6351200,"S"
"HPG","13:03:52",27.1,-0.1,500,6351000,"S"
"HPG","13:03:45",27.1,-0.1,10300,6350500,"S"
"HPG","13:03:38",27.1,-0.1,100,6340200,"S"
"HPG","13:03:30",27.1,-0.1,200,6340100,"S"
"HPG","13:03:30",27.05,-0.15,1100,6339900,"B"
"HPG","13:03:04",27.1,-0.1,200,6338800,"S"
"HPG","13:03:00",27.05,-0.15,1100,6338600,"B"
"HPG","13:02:56",27.1,-0.1,2500,6337500,"S"
"HPG","13:02:45",27.05,-0.15,100,6335000,"S"
"HPG","13:02:44",27.05,-0.15,35100,6334900,"S"
"HPG","13:02:43",27.05,-0.15,500,6299800,"S"
"HPG","13:02:41",27.05,-0.15,300,6299300,"S"
"HPG","13:02:40",27.05,-0.15,4500,6299000,"S"
"HPG","13:02:38",27.05,-0.15,2200,6294500,"S"
"HPG","13:02:36",27.05,-0.15,30000,6292300,"S"
"HPG","13:02:34",27.05,-0.15,100,6262300,"S"
"HPG","13:02:33",27.05,-0.15,1000,6262200,"S"
"HPG","13:02:30",27,-0.2,1100,6261200,"B"
"HPG","13:02:30",27.05,-0.15,2500,6260100,"S"
"HPG","13:02:28",27.05,-0.15,10000,6257600,"S"
"HPG","13:02:27",27.05,-0.15,400,6247600,"S"
"HPG","13:02:22",27.05,-0.15,1000,6247200,"S"
"HPG","13:02:20",27.05,-0.15,2500,6246200,"S"
"HPG","13:02:18",27.05,-0.15,10000,6243700,"S"
"HPG","13:02:15",27.05,-0.15,2800,6233700,"S"
"HPG","13:02:14",27.05,-0.15,500,6230900,"S"
"HPG","13:02:13",27.05,-0.15,200,6230400,"S"
"HPG","13:02:09",27.05,-0.15,2500,6230200,"S"
"HPG","13:02:08",27.05,-0.15,1000,6227700,"S"
"HPG","13:02:04",27.05,-0.15,2500,6226700,"S"
"HPG","13:02:02",27.05,-0.15,2500,6224200,"S"
"HPG","13:02:00",27,-0.2,1100,6221700,"B"
"HPG","13:01:56",27.05,-0.15,500,6220600,"S"
"HPG","13:01:47",27.05,-0.15,200,6220100,"S"
"HPG","13:01:31",27.05,-0.15,4000,6219900,"S"
"HPG","13:01:30",27,-0.2,1100,6215900,"B"
"HPG","13:01:24",27.05,-0.15,2500,6214800,"S"
"HPG","13:01:21",27.05,-0.15,200,6212300,"S"
"HPG","13:01:13",27,-0.2,2100,6212100,"B"
"HPG","13:01:13",27.05,-0.15,500,6210000,"S"
"HPG","13:01:09",27.05,-0.15,200,6209500,"S"
"HPG","13:01:06",27,-0.2,100,6209300,"B"
"HPG","13:01:00",27,-0.2,1200,6209200,"B"
"HPG","13:00:56",27.05,-0.15,200,6208000,"S"
"HPG","13:00:50",27.05,-0.15,5000,6207800,"S"
"HPG","13:00:38",27.05,-0.15,1000,6202800,"S"
"HPG","13:00:30",27.05,-0.15,200,6201800,"S"
"HPG","13:00:26",27.05,-0.15,2000,6201600,"S"
"HPG","13:00:26",27,-0.2,1000,6199600,"B"
"HPG","13:00:15",27.05,-0.15,500,6198600,"S"
"HPG","13:00:14",27.05,-0.15,500,6198100,"S"
"HPG","13:00:13",27.05,-0.15,100,6197600,"S"
"HPG","13:00:12",27.05,-0.15,2000,6197500,"S"
"HPG","13:00:10",27.05,-0.15,300,6195500,"S"
"HPG","13:00:10",27.05,-0.15,1300,6195200,"S"
"HPG","13:00:09",27.05,-0.15,1600,6193900,"S"
"HPG","13:00:07",27.05,-0.15,400,6192300,"S"
"HPG","13:00:06",27.05,-0.15,500,6191900,"S"
"HPG","13:00:06",27.05,-0.15,900,6191400,"S"
"HPG","13:00:05",27.05,-0.15,49100,6190500,"B"
"HPG","13:00:05",27.05,-0.15,100,6141400,"B"
"HPG","13:00:04",27.05,-0.15,200,6141300,"B"
"HPG","13:00:04",27.05,-0.15,500,6141100,"B"
"HPG","13:00:03",27.05,-0.15,200,6140600,"B"
"HPG","13:00:02",27.05,-0.15,4500,6140400,"B"
"HPG","13:00:01",27.05,-0.15,10800,6135900,"B"
"HPG","13:00:01",27.1,-0.1,200,6125100,"S"
"HPG","13:00:00",27.05,-0.15,6400,6124900,"S"
"HPG","11:29:55",27.05,-0.15,1300,6118500,"S"
"HPG","11:29:51",27.05,-0.15,1000,6117200,"S"
"HPG","11:29:42",27.05,-0.15,100,6116200,"S"
"HPG","11:29:42",27.05,-0.15,300,6116100,"S"
"HPG","11:29:40",27.05,-0.15,500,6115800,"S"
"HPG","11:29:38",27.05,-0.15,400,6115300,"S"
"HPG","11:29:37",27.05,-0.15,200,6114900,"S"
"HPG","11:29:24",27.05,-0.15,1300,6114700,"S"
"HPG","11:29:21",27.05,-0.15,600,6113400,"S"
"HPG","11:29:16",27.05,-0.15,100,6112800,"B"
"HPG","11:28:48",27.05,-0.15,700,6112700,"B"
"HPG","11:28:40",27.05,-0.15,4200,6112000,"S"
"HPG","11:28:39",27.05,-0.15,1100,6107800,"S"
"HPG","11:28:35",27.05,-0.15,600,6106700,"S"
"HPG","11:28:23",27.05,-0.15,2000,6106100,"S"
"HPG","11:28:18",27,-0.2,700,6104100,"B"
"HPG","11:28:15",27.05,-0.15,32900,6103400,"S"
"HPG","11:28:05",27.05,-0.15,100,6070500,"S"
"HPG","11:28:03",27.05,-0.15,100,6070400,"S"
"HPG","11:28:00",27.05,-0.15,500,6070300,"S"
"HPG","11:28:00",27.05,-0.15,300,6069800,"S"
"HPG","11:27:56",27.05,-0.15,300,6069500,"S"
"HPG","11:27:55",27.05,-0.15,200,6069200,"S"
"HPG","11:27:51",27.05,-0.15,900,6069000,"S"
"HPG","11:27:48",27,-0.2,700,6068100,"B"
"HPG","11:27:44",27.05,-0.15,500,6067400,"S"
"HPG","11:27:43",27.05,-0.15,5300,6066900,"S"
"HPG","11:27:43",27.05,-0.15,5300,6061600,"S"
"HPG","11:27:42",27,-0.2,45000,6056300,"B"
"HPG","11:27:38",27.05,-0.15,100,6011300,"S"
"HPG","11:27:32",27.05,-0.15,200,6011200,"S"
"HPG","11:27:18",27,-0.2,700,6011000,"B"
"HPG","11:27:04",27.05,-0.15,200,6010300,"S"
"HPG","11:27:03",27.05,-0.15,500,6010100,"S"
"HPG","11:27:02",27.05,-0.15,700,6009600,"S"
"HPG","11:26:55",27.05,-0.15,1100,6008900,"S"
"HPG","11:26:54",27.05,-0.15,100,6007800,"S"
"HPG","11:26:48",27,-0.2,700,6007700,"B"
"HPG","11:26:43",27.05,-0.15,500,6007000,"S"
"HPG","11:26:36",27.05,-0.15,200,6006500,"S"
"HPG","11:26:25",27.05,-0.15,1800,6006300,"S"
"HPG","11:26:24",27.05,-0.15,2100,6004500,"S"
"HPG","11:26:18",27,-0.2,700,6002400,"B"
"HPG","11:26:17",27.05,-0.15,100,6001700,"S"
"HPG","11:26:08",27.05,-0.15,1200,6001600,"S"
"HPG","11:26:06",27.05,-0.15,5000,6000400,"S"
"HPG","11:26:04",27.05,-0.15,800,5995400,"S"
"HPG","11:25:59",27.05,-0.15,100,5994600,"S"
"HPG","11:25:51",27.05,-0.15,700,5994500,"S"
"HPG","11:25:48",27,-0.2,700,5993800,"B"
"HPG","11:25:40",27.05,-0.15,200,5993100,"S"
"HPG","11:25:28",27.05,-0.15,10000,5992900,"S"
"HPG","11:25:18",27,-0.2,20700,5982900,"B"
"HPG","11:25:14",27.05,-0.15,2900,5962200,"B"
"HPG","11:25:13",27.1,-0.1,200,5959300,"S"
"HPG","11:25:12",27.1,-0.1,200,5959100,"S"
"HPG","11:25:08",27.05,-0.15,23000,5958900,"B"
"HPG","11:24:57",27.05,-0.15,20000,5935900,"B"
"HPG","11:24:48",27.05,-0.15,700,5915900,"B"
"HPG","11:24:44",27.1,-0.1,200,5915200,"S"
"HPG","11:24:19",27.1,-0.1,1000,5915000,"S"
"HPG","11:24:17",27.05,-0.15,700,5914000,"B"
"HPG","11:24:17",27.1,-0.1,200,5913300,"S"
"HPG","11:24:16",27.1,-0.1,200,5913100,"S"
"HPG","11:23:58",27.1,-0.1,3000,5912900,"S"
"HPG","11:23:54",27.1,-0.1,100,5909900,"S"
"HPG","11:23:48",27.1,-0.1,200,5909800,"S"
"HPG","11:23:47",27.05,-0.15,700,5909600,"B"
"HPG","11:23:20",27.1,-0.1,200,5908900,"S"
"HPG","11:23:17",27.05,-0.15,700,5908700,"B"
"HPG","11:23:04",27.05,-0.15,200,5908000,"B"
"HPG","11:22:52",27.1,-0.1,200,5907800,"S"
"HPG","11:22:47",27.05,-0.15,700,5907600,"B"
"HPG","11:22:36",27.05,-0.15,900,5906900,"B"
"HPG","11:22:24",27.1,-0.1,200,5906000,"S"
"HPG","11:22:17",27.05,-0.15,700,5905800,"B"
"HPG","11:22:14",27.05,-0.15,100,5905100,"B"
"HPG","11:22:12",27.1,-0.1,100,5905000,"S"
"HPG","11:21:56",27.1,-0.1,18600,5904900,"S"
"HPG","11:21:47",27.05,-0.15,700,5886300,"B"
"HPG","11:21:44",27.1,-0.1,400,5885600,"S"
"HPG","11:21:28",27.1,-0.1,200,5885200,"S"
"HPG","11:21:17",27.05,-0.15,700,5885000,"B"
"HPG","11:21:15",27.1,-0.1,200,5884300,"S"
"HPG","11:21:00",27.1,-0.1,200,5884100,"S"
"HPG","11:20:51",27.1,-0.1,100,5883900,"S"
"HPG","11:20:47",27.05,-0.15,700,5883800,"B"
"HPG","11:20:32",27.1,-0.1,200,5883100,"S"
"HPG","11:20:16",27.05,-0.15,700,5882900,"B"
"HPG","11:20:03",27.05,-0.15,200,5882200,"S"
"HPG","11:19:59",27.05,-0.15,500,5882000,"S"
"HPG","11:19:47",27.05,-0.15,300,5881500,"S"
"HPG","11:19:46",27,-0.2,700,5881200,"B"
"HPG","11:19:45",27.05,-0.15,100,5880500,"S"
"HPG","11:19:36",27.05,-0.15,200,5880400,"S"
"HPG","11:19:33",27.05,-0.15,2500,5880200,"S"
"HPG","11:19:32",27.05,-0.15,1000,5877700,"S"
"HPG","11:19:29",27.05,-0.15,13800,5876700,"B"
"HPG","11:19:28",27.05,-0.15,1500,5862900,"B"
"HPG","11:19:25",27.05,-0.15,5000,5861400,"B"
"HPG","11:19:22",27.05,-0.15,5000,5856400,"B"
"HPG","11:19:17",27.05,-0.15,700,5851400,"B"
"HPG","11:19:11",27.05,-0.15,20000,5850700,"B"
"HPG","11:19:09",27.05,-0.15,6500,5830700,"B"
"HPG","11:19:08",27.05,-0.15,13500,5824200,"B"
"HPG","11:18:47",27.05,-0.15,700,5810500,"B"
"HPG","11:18:41",27.1,-0.1,200,5809800,"S"
"HPG","11:18:16",27.05,-0.15,700,5809600,"B"
"HPG","11:18:13",27.1,-0.1,200,5808900,"S"
"HPG","11:18:12",27.05,-0.15,10000,5808700,"B"
"HPG","11:18:07",27.05,-0.15,20000,5798700,"B"
"HPG","11:17:46",27.05,-0.15,700,5778700,"B"
"HPG","11:17:45",27.1,-0.1,200,5778000,"S"
"HPG","11:17:22",27.1,-0.1,100,5777800,"S"
"HPG","11:17:17",27.1,-0.1,200,5777700,"S"
"HPG","11:17:16",27.05,-0.15,700,5777500,"B"
"HPG","11:17:12",27.1,-0.1,3000,5776800,"S"
"HPG","11:17:04",27.1,-0.1,3000,5773800,"S"
"HPG","11:16:58",27.1,-0.1,1000,5770800,"S"
"HPG","11:16:51",27.05,-0.15,100,5769800,"B"
"HPG","11:16:49",27.1,-0.1,200,5769700,"S"
"HPG","11:16:46",27.05,-0.15,700,5769500,"B"
"HPG","11:16:43",27.1,-0.1,500,5768800,"S"
"HPG","11:16:21",27.1,-0.1,200,5768300,"S"
"HPG","11:16:16",27.05,-0.15,700,5768100,"B"
"HPG","11:15:53",27.1,-0.1,200,5767400,"S"
"HPG","11:15:47",27.05,-0.15,400,5767200,"B"
"HPG","11:15:46",27.05,-0.15,700,5766800,"B"
"HPG","11:15:25",27.1,-0.1,200,5766100,"S"
"HPG","11:15:17",27.05,-0.15,5000,5765900,"B"
"HPG","11:15:16",27.05,-0.15,700,5760900,"B"
"HPG","11:14:57",27.1,-0.1,200,5760200,"S"
"HPG","11:14:49",27.05,-0.15,23000,5760000,"B"
"HPG","11:14:45",27.05,-0.15,700,5737000,"B"
"HPG","11:14:41",27.1,-0.1,1000,5736300,"S"
"HPG","11:14:29",27.1,-0.1,200,5735300,"S"
"HPG","11:14:24",27.1,-0.1,100,5735100,"S"
"HPG","11:14:22",27.05,-0.15,31000,5735000,"B"
"HPG","11:14:20",27.1,-0.1,1500,5704000,"S"
"HPG","11:14:16",27.1,-0.1,40000,5702500,"S"
"HPG","11:14:16",27.05,-0.15,700,5662500,"B"
"HPG","11:14:01",27.1,-0.1,300,5661800,"S"
"HPG","11:13:57",27.1,-0.1,100,5661500,"S"
"HPG","11:13:52",27.1,-0.1,300,5661400,"S"
"HPG","11:13:47",27.1,-0.1,300,5661100,"S"
"HPG","11:13:46",27.05,-0.15,700,5660800,"B"
"HPG","11:13:41",27.1,-0.1,10000,5660100,"S"
"HPG","11:13:33",27.1,-0.1,200,5650100,"S"
"HPG","11:13:28",27.05,-0.15,3000,5649900,"B"
"HPG","11:13:15",27.05,-0.15,700,5646900,"B"
"HPG","11:13:05",27.1,-0.1,300,5646200,"S"
"HPG","11:13:03",27.1,-0.1,100,5645900,"S"
"HPG","11:12:45",27.05,-0.15,700,5645800,"B"
"HPG","11:12:37",27.1,-0.1,200,5645100,"S"
"HPG","11:12:33",27.1,-0.1,2000,5644900,"S"
"HPG","11:12:24",27.1,-0.1,600,5642900,"S"
"HPG","11:12:20",27.1,-0.1,500,5642300,"S"
"HPG","11:12:15",27.05,-0.15,600,5641800,"B"
"HPG","11:12:12",27.1,-0.1,300,5641200,"S"
"HPG","11:12:09",27.1,-0.1,300,5640900,"S"
"HPG","11:11:59",27.1,-0.1,24100,5640600,"S"
"HPG","11:11:45",27.05,-0.15,600,5616500,"B"
"HPG","11:11:41",27.1,-0.1,200,5615900,"S"
"HPG","11:11:16",27.1,-0.1,2500,5615700,"S"
"HPG","11:11:15",27.05,-0.15,600,5613200,"B"
"HPG","11:11:13",27.1,-0.1,200,5612600,"S"
"HPG","11:11:12",27.1,-0.1,100,5612400,"S"
"HPG","11:11:08",27.1,-0.1,1900,5612300,"B"
"HPG","11:10:54",27.1,-0.1,5000,5610400,"B"
"HPG","11:10:45",27.1,-0.1,600,5605400,"B"
"HPG","11:10:45",27.15,-0.05,200,5604800,"S"
"HPG","11:10:40",27.1,-0.1,20000,5604600,"B"
"HPG","11:10:17",27.15,-0.05,200,5584600,"S"
"HPG","11:10:15",27.1,-0.1,600,5584400,"B"
"HPG","11:09:49",27.15,-0.05,200,5583800,"S"
"HPG","11:09:45",27.1,-0.1,600,5583600,"B"
"HPG","11:09:27",27.1,-0.1,10000,5583000,"B"
"HPG","11:09:21",27.15,-0.05,200,5573000,"S"
"HPG","11:09:14",27.1,-0.1,600,5572800,"B"
"HPG","11:08:53",27.15,-0.05,200,5572200,"S"
"HPG","11:08:44",27.1,-0.1,600,5572000,"B"
"HPG","11:08:25",27.15,-0.05,200,5571400,"S"
"HPG","11:08:15",27.1,-0.1,300,5571200,"B"
"HPG","11:08:14",27.1,-0.1,600,5570900,"B"
"HPG","11:07:57",27.1,-0.1,500,5570300,"S"
"HPG","11:07:48",27.1,-0.1,1000,5569800,"S"
"HPG","11:07:44",27.05,-0.15,600,5568800,"B"
"HPG","11:07:34",27.1,-0.1,700,5568200,"S"
"HPG","11:07:30",27.1,-0.1,1000,5567500,"S"
"HPG","11:07:29",27.1,-0.1,200,5566500,"S"
"HPG","11:07:26",27.1,-0.1,9000,5566300,"B"
"HPG","11:07:17",27.1,-0.1,42000,5557300,"S"
"HPG","11:07:14",27.05,-0.15,600,5515300,"B"
"HPG","11:07:10",27.1,-0.1,200,5514700,"S"
"HPG","11:07:09",27.1,-0.1,3000,5514500,"S"
"HPG","11:07:01",27.1,-0.1,200,5511500,"S"
"HPG","11:06:56",27.1,-0.1,100,5511300,"S"
"HPG","11:06:54",27.1,-0.1,20000,5511200,"S"
"HPG","11:06:44",27.05,-0.15,600,5491200,"B"
"HPG","11:06:42",27.1,-0.1,5000,5490600,"S"
"HPG","11:06:33",27.1,-0.1,200,5485600,"S"
"HPG","11:06:32",27.1,-0.1,900,5485400,"S"
"HPG","11:06:28",27.1,-0.1,10000,5484500,"S"
"HPG","11:06:22",27.1,-0.1,2000,5474500,"S"
"HPG","11:06:22",27.1,-0.1,35000,5472500,"S"
"HPG","11:06:18",27.1,-0.1,2200,5437500,"S"
"HPG","11:06:14",27.05,-0.15,600,5435300,"B"
"HPG","11:06:07",27.1,-0.1,2000,5434700,"S"
"HPG","11:06:05",27.1,-0.1,200,5432700,"S"
"HPG","11:06:03",27.1,-0.1,2500,5432500,"S"
"HPG","11:06:01",27.1,-0.1,2000,5430000,"S"
"HPG","11:05:50",27.1,-0.1,2500,5428000,"S"
"HPG","11:05:45",27.1,-0.1,2000,5425500,"S"
"HPG","11:05:44",27.05,-0.15,600,5423500,"B"
"HPG","11:05:37",27.1,-0.1,200,5422900,"S"
"HPG","11:05:26",27.1,-0.1,7000,5422700,"S"
"HPG","11:05:24",27.1,-0.1,2200,5415700,"S"
"HPG","11:05:14",27.05,-0.15,600,5413500,"B"
"HPG","11:05:09",27.1,-0.1,200,5412900,"S"
"HPG","11:04:44",27.1,-0.1,200,5412700,"S"
"HPG","11:04:44",27.05,-0.15,600,5412500,"B"
"HPG","11:04:42",27.1,-0.1,500,5411900,"S"
"HPG","11:04:41",27.1,-0.1,5300,5411400,"S"
"HPG","11:04:39",27.1,-0.1,100,5406100,"S"
"HPG","11:04:28",27.1,-0.1,20000,5406000,"S"
"HPG","11:04:20",27.1,-0.1,100,5386000,"S"
"HPG","11:04:17",27.1,-0.1,1000,5385900,"S"
"HPG","11:04:14",27.05,-0.15,600,5384900,"B"
"HPG","11:04:13",27.1,-0.1,200,5384300,"S"
"HPG","11:04:11",27.1,-0.1,100,5384100,"S"
"HPG","11:04:08",27.1,-0.1,200,5384000,"S"
"HPG","11:04:07",27.1,-0.1,500,5383800,"S"
"HPG","11:03:53",27.1,-0.1,136600,5383300,"B"
"HPG","11:03:45",27.15,-0.05,200,5246700,"S"
"HPG","11:03:44",27.1,-0.1,600,5246500,"B"
"HPG","11:03:36",27.1,-0.1,100,5245900,"B"
"HPG","11:03:23",27.1,-0.1,4500,5245800,"B"
"HPG","11:03:17",27.15,-0.05,200,5241300,"S"
"HPG","11:03:14",27.1,-0.1,600,5241100,"B"
"HPG","11:03:03",27.1,-0.1,7600,5240500,"B"
"HPG","11:02:58",27.1,-0.1,7300,5232900,"B"
"HPG","11:02:49",27.15,-0.05,200,5225600,"S"
"HPG","11:02:46",27.15,-0.05,600,5225400,"S"
"HPG","11:02:43",27.1,-0.1,600,5224800,"B"
"HPG","11:02:30",27.15,-0.05,200,5224200,"S"
"HPG","11:02:27",27.15,-0.05,200,5224000,"S"
"HPG","11:02:21",27.15,-0.05,200,5223800,"S"
"HPG","11:02:13",27.1,-0.1,600,5223600,"B"
"HPG","11:02:11",27.15,-0.05,100,5223000,"S"
"HPG","11:02:11",27.1,-0.1,2000,5222900,"B"
"HPG","11:02:09",27.15,-0.05,100,5220900,"S"
"HPG","11:01:53",27.15,-0.05,200,5220800,"S"
"HPG","11:01:43",27.1,-0.1,600,5220600,"B"
"HPG","11:01:42",27.15,-0.05,2000,5220000,"S"
"HPG","11:01:25",27.15,-0.05,200,5218000,"S"
"HPG","11:01:13",27.1,-0.1,600,5217800,"B"
"HPG","11:01:09",27.15,-0.05,2000,5217200,"S"
"HPG","11:01:04",27.15,-0.05,100,5215200,"S"
"HPG","11:00:58",27.15,-0.05,200,5215100,"S"
"HPG","11:00:57",27.15,-0.05,1800,5214900,"S"
"HPG","11:00:57",27.15,-0.05,200,5213100,"S"
"HPG","11:00:53",27.15,-0.05,700,5212900,"S"
"HPG","11:00:52",27.15,-0.05,3300,5212200,"S"
"HPG","11:00:44",27.15,-0.05,1000,5208900,"S"
"HPG","11:00:43",27.1,-0.1,600,5207900,"B"
"HPG","11:00:36",27.15,-0.05,1000,5207300,"S"
"HPG","11:00:30",27.15,-0.05,200,5206300,"S"
"HPG","11:00:15",27.15,-0.05,700,5206100,"S"
"HPG","11:00:13",27.1,-0.1,600,5205400,"B"
"HPG","11:00:02",27.15,-0.05,200,5204800,"S"
"HPG","10:59:48",27.15,-0.05,100,5204600,"S"
"HPG","10:59:48",27.1,-0.1,15900,5204500,"B"
"HPG","10:59:43",27.1,-0.1,600,5188600,"B"
"HPG","10:59:34",27.15,-0.05,200,5188000,"S"
"HPG","10:59:34",27.1,-0.1,2000,5187800,"B"
"HPG","10:59:16",27.15,-0.05,100,5185800,"S"
"HPG","10:59:14",27.15,-0.05,1000,5185700,"S"
"HPG","10:59:13",27.1,-0.1,600,5184700,"B"
"HPG","10:59:09",27.1,-0.1,2000,5184100,"B"
"HPG","10:59:08",27.15,-0.05,500,5182100,"S"
"HPG","10:59:06",27.15,-0.05,200,5181600,"S"
"HPG","10:59:00",27.1,-0.1,100,5181400,"B"
"HPG","10:58:47",27.15,-0.05,200,5181300,"S"
"HPG","10:58:46",27.15,-0.05,1000,5181100,"S"
"HPG","10:58:43",27.1,-0.1,600,5180100,"B"
"HPG","10:58:42",27.15,-0.05,1000,5179500,"S"
"HPG","10:58:38",27.15,-0.05,200,5178500,"S"
"HPG","10:58:29",27.15,-0.05,10000,5178300,"S"
"HPG","10:58:23",27.1,-0.1,500,5168300,"B"
"HPG","10:58:17",27.1,-0.1,100,5167800,"B"
"HPG","10:58:14",27.15,-0.05,200,5167700,"S"
"HPG","10:58:13",27.1,-0.1,100,5167500,"B"
"HPG","10:58:10",27.15,-0.05,200,5166800,"S"
"HPG","10:58:00",27.15,-0.05,100,5166600,"S"
"HPG","10:57:59",27.1,-0.1,200,5166500,"B"
"HPG","10:57:43",27.1,-0.1,600,5166300,"B"
"HPG","10:57:42",27.15,-0.05,200,5165700,"S"
"HPG","10:57:37",27.1,-0.1,1000,5165500,"B"
"HPG","10:57:27",27.1,-0.1,5000,5164500,"B"
"HPG","10:57:26",27.1,-0.1,300,5159500,"B"
"HPG","10:57:24",27.1,-0.1,5000,5159200,"B"
"HPG","10:57:16",27.1,-0.1,5000,5154200,"B"
"HPG","10:57:14",27.15,-0.05,300,5149200,"S"
"HPG","10:57:13",27.1,-0.1,600,5148900,"B"
"HPG","10:57:12",27.15,-0.05,1500,5148300,"S"
"HPG","10:57:07",27.1,-0.1,2000,5146800,"B"
"HPG","10:56:47",27.1,-0.1,1000,5144800,"B"
"HPG","10:56:46",27.15,-0.05,200,5143800,"S"
"HPG","10:56:43",27.1,-0.1,600,5143600,"B"
"HPG","10:56:37",27.15,-0.05,200,5143000,"S"
"HPG","10:56:18",27.15,-0.05,200,5142800,"S"
"HPG","10:56:12",27.1,-0.1,600,5142600,"B"
"HPG","10:56:06",27.1,-0.1,4600,5142000,"B"
"HPG","10:55:58",27.15,-0.05,100,5137400,"S"
"HPG","10:55:50",27.15,-0.05,200,5137300,"S"
"HPG","10:55:42",27.1,-0.1,600,5137100,"B"
"HPG","10:55:35",27.1,-0.1,15900,5136500,"B"
"HPG","10:55:32",27.15,-0.05,8000,5120600,"S"
"HPG","10:55:22",27.15,-0.05,200,5112600,"S"
"HPG","10:55:17",27.15,-0.05,2100,5112400,"S"
"HPG","10:55:15",27.15,-0.05,2000,5110300,"S"
"HPG","10:55:12",27.1,-0.1,600,5108300,"B"
"HPG","10:54:54",27.15,-0.05,200,5107700,"S"
"HPG","10:54:42",27.1,-0.1,600,5107500,"B"
"HPG","10:54:36",27.15,-0.05,1000,5106900,"S"
"HPG","10:54:31",27.15,-0.05,100,5105900,"S"
"HPG","10:54:30",27.15,-0.05,300,5105800,"S"
"HPG","10:54:26",27.15,-0.05,200,5105500,"S"
"HPG","10:54:22",27.15,-0.05,10000,5105300,"S"
"HPG","10:54:14",27.15,-0.05,1200,5095300,"S"
"HPG","10:54:12",27.1,-0.1,600,5094100,"B"
"HPG","10:54:02",27.15,-0.05,5000,5093500,"S"
"HPG","10:54:02",27.15,-0.05,200,5088500,"S"
"HPG","10:53:58",27.15,-0.05,200,5088300,"S"
"HPG","10:53:51",27.15,-0.05,400,5088100,"S"
"HPG","10:53:46",27.1,-0.1,2000,5087700,"B"
"HPG","10:53:45",27.15,-0.05,1900,5085700,"S"
"HPG","10:53:42",27.1,-0.1,600,5083800,"B"
"HPG","10:53:40",27.15,-0.05,300,5083200,"S"
"HPG","10:53:37",27.15,-0.05,100,5082900,"S"
"HPG","10:53:30",27.15,-0.05,200,5082800,"S"
"HPG","10:53:24",27.15,-0.05,5700,5082600,"S"
"HPG","10:53:12",27.1,-0.1,600,5076300,"B"
"HPG","10:53:09",27.15,-0.05,100,5075700,"S"
"HPG","10:53:04",27.15,-0.05,1000,5075600,"S"
"HPG","10:53:02",27.15,-0.05,200,5074600,"S"
"HPG","10:53:01",27.15,-0.05,2000,5074400,"S"
"HPG","10:52:56",27.15,-0.05,1100,5072400,"S"
"HPG","10:52:52",27.15,-0.05,500,5071300,"S"
"HPG","10:52:50",27.1,-0.1,46400,5070800,"B"
"HPG","10:52:42",27.15,-0.05,400,5024400,"S"
"HPG","10:52:42",27.1,-0.1,600,5024000,"B"
"HPG","10:52:42",27.15,-0.05,300,5023400,"S"
"HPG","10:52:35",27.15,-0.05,2000,5023100,"S"
"HPG","10:52:34",27.15,-0.05,200,5021100,"S"
"HPG","10:52:32",27.15,-0.05,500,5020900,"S"
"HPG","10:52:26",27.15,-0.05,1000,5020400,"S"
"HPG","10:52:19",27.15,-0.05,400,5019400,"S"
"HPG","10:52:14",27.15,-0.05,1000,5019000,"S"
"HPG","10:52:12",27.1,-0.1,600,5018000,"B"
"HPG","10:52:06",27.15,-0.05,200,5017400,"S"
"HPG","10:52:05",27.15,-0.05,600,5017200,"S"
"HPG","10:52:02",27.15,-0.05,800,5016600,"S"
"HPG","10:51:59",27.15,-0.05,1200,5015800,"S"
"HPG","10:51:52",27.15,-0.05,100,5014600,"S"
"HPG","10:51:46",27.15,-0.05,100,5014500,"S"
"HPG","10:51:45",27.15,-0.05,300,5014400,"S"
"HPG","10:51:44",27.15,-0.05,15000,5014100,"S"
"HPG","10:51:42",27.15,-0.05,1100,4999100,"S"
"HPG","10:51:42",27.1,-0.1,600,4998000,"B"
"HPG","10:51:41",27.15,-0.05,5000,4997400,"S"
"HPG","10:51:40",27.15,-0.05,5000,4992400,"S"
"HPG","10:51:38",27.15,-0.05,200,4987400,"S"
"HPG","10:51:37",27.15,-0.05,1000,4987200,"S"
"HPG","10:51:30",27.15,-0.05,500,4986200,"S"
"HPG","10:51:29",27.15,-0.05,200,4985700,"S"
"HPG","10:51:28",27.15,-0.05,1500,4985500,"S"
"HPG","10:51:22",27.15,-0.05,1000,4984000,"S"
"HPG","10:51:18",27.15,-0.05,2000,4983000,"S"
"HPG","10:51:17",27.15,-0.05,2000,4981000,"S"
"HPG","10:51:14",27.15,-0.05,2000,4979000,"S"
"HPG","10:51:12",27.1,-0.1,600,4977000,"B"
"HPG","10:51:10",27.15,-0.05,200,4976400,"S"
"HPG","10:51:07",27.15,-0.05,500,4976200,"S"
"HPG","10:51:07",27.1,-0.1,3000,4975700,"B"
"HPG","10:51:05",27.15,-0.05,29000,4972700,"B"
"HPG","10:51:04",27.15,-0.05,500,4943700,"B"
"HPG","10:51:03",27.15,-0.05,4600,4943200,"B"
"HPG","10:51:00",27.15,-0.05,10000,4938600,"B"
"HPG","10:50:57",27.15,-0.05,4600,4928600,"B"
"HPG","10:50:52",27.15,-0.05,4600,4924000,"B"
"HPG","10:50:45",27.15,-0.05,4600,4919400,"B"
"HPG","10:50:43",27.2,0,200,4914800,"S"
"HPG","10:50:42",27.15,-0.05,2000,4914600,"B"
"HPG","10:50:42",27.2,0,200,4912600,"S"
"HPG","10:50:41",27.15,-0.05,600,4912400,"B"
"HPG","10:50:41",27.2,0,100,4911800,"S"
"HPG","10:50:29",27.15,-0.05,10000,4911700,"B"
"HPG","10:50:22",27.15,-0.05,2000,4901700,"B"
"HPG","10:50:18",27.2,0,3000,4899700,"S"
"HPG","10:50:14",27.2,0,200,4896700,"S"
"HPG","10:50:13",27.2,0,1000,4896500,"S"
"HPG","10:50:12",27.15,-0.05,600,4895500,"B"
"HPG","10:50:08",27.2,0,1000,4894900,"S"
"HPG","10:50:05",27.2,0,6000,4893900,"S"
"HPG","10:50:03",27.2,0,3000,4887900,"S"
"HPG","10:50:00",27.2,0,14900,4884900,"S"
"HPG","10:50:00",27.2,0,15400,4870000,"S"
"HPG","10:49:55",27.15,-0.05,100,4854600,"B"
"HPG","10:49:54",27.2,0,2000,4854500,"S"
"HPG","10:49:47",27.2,0,2200,4852500,"S"
"HPG","10:49:46",27.2,0,300,4850300,"S"
"HPG","10:49:45",27.2,0,1500,4850000,"S"
"HPG","10:49:45",27.2,0,1700,4848500,"S"
"HPG","10:49:43",27.2,0,1000,4846800,"S"
"HPG","10:49:41",27.15,-0.05,600,4845800,"B"
"HPG","10:49:37",27.2,0,200,4845200,"S"
"HPG","10:49:36",27.2,0,500,4845000,"S"
"HPG","10:49:35",27.2,0,100,4844500,"S"
"HPG","10:49:32",27.2,0,1100,4844400,"S"
"HPG","10:49:27",27.2,0,2400,4843300,"S"
"HPG","10:49:26",27.2,0,1000,4840900,"S"
"HPG","10:49:25",27.2,0,5100,4839900,"S"
"HPG","10:49:22",27.2,0,3500,4834800,"S"
"HPG","10:49:21",27.2,0,100,4831300,"S"
"HPG","10:49:19",27.2,0,1100,4831200,"S"
"HPG","10:49:18",27.2,0,200,4830100,"S"
"HPG","10:49:17",27.2,0,6000,4829900,"S"
"HPG","10:49:17",27.2,0,5000,4823900,"S"
"HPG","10:49:16",27.2,0,300,4818900,"S"
"HPG","10:49:14",27.2,0,1000,4818600,"S"
"HPG","10:49:14",27.2,0,200,4817600,"S"
"HPG","10:49:13",27.2,0,2300,4817400,"S"
"HPG","10:49:12",27.2,0,5100,4815100,"S"
"HPG","10:49:11",27.15,-0.05,600,4810000,"B"
"HPG","10:49:11",27.2,0,2000,4809400,"S"
"HPG","10:49:10",27.2,0,5000,4807400,"S"
"HPG","10:49:10",27.2,0,10000,4802400,"S"
"HPG","10:49:09",27.2,0,1700,4792400,"S"
"HPG","10:49:08",27.2,0,2100,4790700,"S"
"HPG","10:49:08",27.2,0,1000,4788600,"S"
"HPG","10:49:07",27.2,0,2000,4787600,"S"
"HPG","10:49:06",27.2,0,200,4785600,"S"
"HPG","10:49:05",27.2,0,6400,4785400,"S"
"HPG","10:49:05",27.2,0,7600,4779000,"S"
"HPG","10:49:01",27.2,0,33100,4771400,"S"
"HPG","10:48:59",27.2,0,4300,4738300,"S"
"HPG","10:48:58",27.2,0,1300,4734000,"S"
"HPG","10:48:56",27.2,0,2200,4732700,"S"
"HPG","10:48:55",27.2,0,1000,4730500,"S"
"HPG","10:48:53",27.2,0,10000,4729500,"S"
"HPG","10:48:50",27.2,0,200,4719500,"S"
"HPG","10:48:48",27.2,0,4200,4719300,"S"
"HPG","10:48:46",27.2,0,1000,4715100,"S"
"HPG","10:48:45",27.2,0,1400,4714100,"S"
"HPG","10:48:45",27.2,0,200,4712700,"S"
"HPG","10:48:44",27.2,0,5000,4712500,"S"
"HPG","10:48:43",27.2,0,300,4707500,"S"
"HPG","10:48:42",27.2,0,500,4707200,"S"
"HPG","10:48:41",27.15,-0.05,600,4706700,"B"
"HPG","10:48:39",27.2,0,22000,4706100,"S"
"HPG","10:48:38",27.2,0,700,4684100,"S"
"HPG","10:48:37",27.2,0,1000,4683400,"S"
"HPG","10:48:36",27.2,0,22000,4682400,"S"
"HPG","10:48:34",27.2,0,3000,4660400,"S"
"HPG","10:48:32",27.2,0,15200,4657400,"S"
"HPG","10:48:31",27.2,0,4500,4642200,"S"
"HPG","10:48:29",27.2,0,14500,4637700,"S"
"HPG","10:48:28",27.2,0,21200,4623200,"S"
"HPG","10:48:27",27.2,0,900,4602000,"S"
"HPG","10:48:26",27.2,0,1000,4601100,"S"
"HPG","10:48:25",27.2,0,500,4600100,"S"
"HPG","10:48:24",27.2,0,17300,4599600,"S"
"HPG","10:48:22",27.2,0,300,4582300,"S"
"HPG","10:48:22",27.2,0,400,4582000,"S"
"HPG","10:48:21",27.2,0,12000,4581600,"S"
"HPG","10:48:20",27.2,0,10000,4569600,"S"
"HPG","10:48:17",27.2,0,30000,4559600,"S"
"HPG","10:48:17",27.2,0,2500,4529600,"S"
"HPG","10:48:16",27.2,0,1000,4527100,"S"
"HPG","10:48:14",27.2,0,2000,4526100,"S"
"HPG","10:48:13",27.2,0,100,4524100,"S"
"HPG","10:48:12",27.2,0,400,4524000,"S"
"HPG","10:48:11",27.2,0,2000,4523600,"S"
"HPG","10:48:11",27.15,-0.05,600,4521600,"B"
"HPG","10:48:09",27.2,0,3000,4521000,"S"
"HPG","10:48:07",27.2,0,1000,4518000,"S"
"HPG","10:48:07",27.2,0,7500,4517000,"S"
"HPG","10:48:06",27.2,0,100,4509500,"S"
"HPG","10:47:54",27.2,0,5000,4509400,"S"
"HPG","10:47:54",27.2,0,200,4504400,"S"
"HPG","10:47:52",27.2,0,500,4504200,"S"
"HPG","10:47:43",27.2,0,1000,4503700,"S"
"HPG","10:47:41",27.15,-0.05,600,4502700,"B"
"HPG","10:47:39",27.2,0,10000,4502100,"S"
"HPG","10:47:37",27.2,0,100,4492100,"S"
"HPG","10:47:34",27.2,0,100,4492000,"S"
"HPG","10:47:33",27.2,0,1000,4491900,"S"
"HPG","10:47:31",27.15,-0.05,5000,4490900,"B"
"HPG","10:47:26",27.2,0,200,4485900,"S"
"HPG","10:47:25",27.2,0,100,4485700,"S"
"HPG","10:47:24",27.2,0,5000,4485600,"S"
"HPG","10:47:11",27.15,-0.05,600,4480600,"B"
"HPG","10:47:10",27.15,-0.05,32600,4480000,"S"
"HPG","10:47:09",27.15,-0.05,3000,4447400,"S"
"HPG","10:47:07",27.15,-0.05,6400,4444400,"S"
"HPG","10:47:07",27.15,-0.05,5000,4438000,"S"
"HPG","10:47:06",27.15,-0.05,20000,4433000,"S"
"HPG","10:47:04",27.15,-0.05,5500,4413000,"S"
"HPG","10:47:02",27.15,-0.05,4000,4407500,"S"
"HPG","10:47:01",27.15,-0.05,800,4403500,"S"
"HPG","10:47:01",27.15,-0.05,1000,4402700,"S"
"HPG","10:47:00",27.15,-0.05,2000,4401700,"S"
"HPG","10:46:59",27.15,-0.05,500,4399700,"S"
"HPG","10:46:58",27.15,-0.05,200,4399200,"S"
"HPG","10:46:56",27.15,-0.05,4900,4399000,"S"
"HPG","10:46:55",27.15,-0.05,15100,4394100,"S"
"HPG","10:46:53",27.15,-0.05,5000,4379000,"S"
"HPG","10:46:52",27.15,-0.05,2700,4374000,"S"
"HPG","10:46:51",27.15,-0.05,100,4371300,"S"
"HPG","10:46:48",27.15,-0.05,25100,4371200,"S"
"HPG","10:46:44",27.15,-0.05,500,4346100,"S"
"HPG","10:46:41",27.1,-0.1,600,4345600,"B"
"HPG","10:46:34",27.15,-0.05,500,4345000,"S"
"HPG","10:46:32",27.15,-0.05,1000,4344500,"S"
"HPG","10:46:30",27.15,-0.05,200,4343500,"S"
"HPG","10:46:26",27.15,-0.05,100,4343300,"S"
"HPG","10:46:15",27.15,-0.05,12100,4343200,"S"
"HPG","10:46:11",27.1,-0.1,600,4331100,"B"
"HPG","10:46:09",27.1,-0.1,13400,4330500,"S"
"HPG","10:46:08",27.1,-0.1,8300,4317100,"S"
"HPG","10:46:08",27.1,-0.1,12800,4308800,"S"
"HPG","10:46:05",27.1,-0.1,10000,4296000,"S"
"HPG","10:46:04",27.1,-0.1,3600,4286000,"S"
"HPG","10:46:03",27.1,-0.1,1400,4282400,"S"
"HPG","10:46:02",27.1,-0.1,50200,4281000,"S"
"HPG","10:46:01",27.1,-0.1,13300,4230800,"S"
"HPG","10:45:59",27.1,-0.1,6000,4217500,"S"
"HPG","10:45:58",27.1,-0.1,2000,4211500,"S"
"HPG","10:45:57",27.1,-0.1,1000,4209500,"S"
"HPG","10:45:56",27.1,-0.1,15300,4208500,"S"
"HPG","10:45:54",27.1,-0.1,1000,4193200,"S"
"HPG","10:45:53",27.1,-0.1,10000,4192200,"S"
"HPG","10:45:52",27.1,-0.1,500,4182200,"S"
"HPG","10:45:51",27.1,-0.1,500,4181700,"S"
"HPG","10:45:49",27.1,-0.1,200,4181200,"S"
"HPG","10:45:47",27.1,-0.1,400,4181000,"S"
"HPG","10:45:44",27.1,-0.1,12400,4180600,"S"
"HPG","10:45:43",27.1,-0.1,500,4168200,"S"
"HPG","10:45:41",27.1,-0.1,1500,4167700,"S"
"HPG","10:45:41",27.05,-0.15,600,4166200,"B"
"HPG","10:45:39",27.1,-0.1,1000,4165600,"S"
"HPG","10:45:38",27.1,-0.1,22700,4164600,"S"
"HPG","10:45:37",27.1,-0.1,300,4141900,"S"
"HPG","10:45:36",27.1,-0.1,1100,4141600,"S"
"HPG","10:45:35",27.1,-0.1,1000,4140500,"S"
"HPG","10:45:34",27.1,-0.1,200,4139500,"S"
"HPG","10:45:32",27.1,-0.1,4700,4139300,"S"
"HPG","10:45:30",27.1,-0.1,100,4134600,"S"
"HPG","10:45:28",27.1,-0.1,500,4134500,"S"
"HPG","10:45:27",27.1,-0.1,6200,4134000,"S"
"HPG","10:45:25",27.1,-0.1,1500,4127800,"S"
"HPG","10:45:25",27.05,-0.15,200,4126300,"B"
"HPG","10:45:25",27.1,-0.1,1000,4126100,"S"
"HPG","10:45:22",27.1,-0.1,300,4125100,"S"
"HPG","10:45:20",27.1,-0.1,10200,4124800,"S"
"HPG","10:45:19",27.1,-0.1,3000,4114600,"S"
"HPG","10:45:16",27.1,-0.1,900,4111600,"S"
"HPG","10:45:15",27.1,-0.1,200,4110700,"S"
"HPG","10:45:13",27.1,-0.1,1000,4110500,"S"
"HPG","10:45:12",27.1,-0.1,1900,4109500,"S"
"HPG","10:45:10",27.05,-0.15,600,4107600,"B"
"HPG","10:45:07",27.1,-0.1,300,4107000,"S"
"HPG","10:45:02",27.1,-0.1,500,4106500,"S"
"HPG","10:45:01",27.1,-0.1,1000,4106000,"S"
"HPG","10:44:55",27.1,-0.1,1000,4105000,"S"
"HPG","10:44:54",27.1,-0.1,14500,4104000,"S"
"HPG","10:44:52",27.1,-0.1,10100,4089500,"S"
"HPG","10:44:50",27.1,-0.1,3000,4079400,"S"
"HPG","10:44:49",27.1,-0.1,100,4076400,"S"
"HPG","10:44:48",27.1,-0.1,1500,4076300,"S"
"HPG","10:44:47",27.1,-0.1,6500,4074800,"S"
"HPG","10:44:46",27.1,-0.1,100,4068300,"S"
"HPG","10:44:44",27.1,-0.1,1000,4062200,"S"
"HPG","10:44:42",27.1,-0.1,18000,4061200,"S"
"HPG","10:44:41",27.1,-0.1,100,4043200,"S"
"HPG","10:44:41",27.1,-0.1,2000,4043100,"S"
"HPG","10:44:40",27.05,-0.15,600,4041100,"B"
"HPG","10:44:40",27.1,-0.1,15000,4040500,"S"
"HPG","10:44:38",27.1,-0.1,200,4025500,"S"
"HPG","10:44:37",27.1,-0.1,100,4025300,"S"
"HPG","10:44:29",27.1,-0.1,100,4025200,"S"
"HPG","10:44:28",27.1,-0.1,100,4025100,"S"
"HPG","10:44:23",27.1,-0.1,200,4023000,"S"
"HPG","10:44:18",27.1,-0.1,2200,4022800,"S"
"HPG","10:44:15",27.1,-0.1,100,4020600,"S"
"HPG","10:44:10",27.05,-0.15,600,4020500,"B"
"HPG","10:44:10",27.1,-0.1,200,4019900,"S"
"HPG","10:44:09",27.1,-0.1,2000,4019700,"S"
"HPG","10:44:06",27.1,-0.1,1000,4017700,"S"
"HPG","10:44:02",27.1,-0.1,1000,4016700,"S"
"HPG","10:44:00",27.1,-0.1,100,4013700,"S"
"HPG","10:43:58",27.1,-0.1,3000,4013600,"S"
"HPG","10:43:56",27.1,-0.1,10600,4010600,"S"
"HPG","10:43:54",27.1,-0.1,1800,4000000,"S"
"HPG","10:43:52",27.1,-0.1,100,3998200,"S"
"HPG","10:43:51",27.05,-0.15,15900,3998100,"B"
"HPG","10:43:47",27.1,-0.1,3000,3982200,"S"
"HPG","10:43:45",27.1,-0.1,3400,3979200,"S"
"HPG","10:43:43",27.1,-0.1,300,3975800,"S"
"HPG","10:43:42",27.1,-0.1,200,3975500,"S"
"HPG","10:43:40",27.05,-0.15,600,3975300,"B"
"HPG","10:43:37",27.1,-0.1,3600,3974700,"S"
"HPG","10:43:36",27.1,-0.1,16400,3971100,"S"
"HPG","10:43:34",27.1,-0.1,10000,3954700,"S"
"HPG","10:43:32",27.1,-0.1,6000,3944700,"S"
"HPG","10:43:15",27.1,-0.1,200,3938700,"S"
"HPG","10:43:10",27.05,-0.15,600,3938500,"B"
"HPG","10:43:09",27.05,-0.15,94400,3937900,"S"
"HPG","10:43:08",27.05,-0.15,1400,3843500,"S"
"HPG","10:43:08",27.05,-0.15,10200,3842100,"S"
"HPG","10:43:07",27,-0.2,100,3831900,"B"
"HPG","10:43:07",27.05,-0.15,10000,3831800,"S"
"HPG","10:43:03",27.05,-0.15,2800,3821800,"S"
"HPG","10:43:03",27.05,-0.15,6200,3819000,"S"
"HPG","10:43:00",27.05,-0.15,20000,3812300,"S"
"HPG","10:42:59",27.05,-0.15,20000,3792300,"S"
"HPG","10:42:59",27,-0.2,300,3772300,"B"
"HPG","10:42:47",27.05,-0.15,200,3772000,"S"
"HPG","10:42:40",27,-0.2,600,3771600,"B"
"HPG","10:42:38",27,-0.2,17200,3771000,"S"
"HPG","10:42:37",27,-0.2,30600,3753800,"S"
"HPG","10:42:36",27,-0.2,24800,3723200,"S"
"HPG","10:42:36",27,-0.2,50000,3698400,"S"
"HPG","10:42:35",27,-0.2,10000,3648400,"S"
"HPG","10:42:34",27,-0.2,200000,3638400,"S"
"HPG","10:42:32",27,-0.2,54300,3438400,"S"
"HPG","10:42:27",27,-0.2,2000,3384100,"S"
"HPG","10:42:26",27,-0.2,2000,3382100,"S"
"HPG","10:42:26",27,-0.2,2000,3380100,"S"
"HPG","10:42:25",27,-0.2,1000,3378100,"S"
"HPG","10:42:21",27,-0.2,50000,3377100,"S"
"HPG","10:42:19",27,-0.2,3500,3327100,"S"
"HPG","10:42:19",27,-0.2,200,3323600,"S"
"HPG","10:42:17",27,-0.2,500,3323400,"S"
"HPG","10:42:14",27,-0.2,5000,3322900,"S"
"HPG","10:42:10",26.95,-0.25,600,3317900,"B"
"HPG","10:42:07",26.95,-0.25,100,3317300,"B"
"HPG","10:42:05",27,-0.2,5200,3317200,"S"
"HPG","10:42:02",27,-0.2,100,3312000,"S"
"HPG","10:41:55",27,-0.2,5000,3311900,"S"
"HPG","10:41:53",27,-0.2,1000,3306900,"S"
"HPG","10:41:53",27,-0.2,500,3305900,"S"
"HPG","10:41:51",27,-0.2,300,3305400,"S"
"HPG","10:41:40",26.95,-0.25,600,3305100,"B"
"HPG","10:41:39",27,-0.2,200,3304500,"S"
"HPG","10:41:35",27,-0.2,100,3304300,"S"
"HPG","10:41:33",27,-0.2,2000,3304200,"S"
"HPG","10:41:24",27,-0.2,2800,3302200,"S"
"HPG","10:41:23",27,-0.2,200,3299400,"S"
"HPG","10:41:15",27,-0.2,400,3299200,"S"
"HPG","10:41:14",26.95,-0.25,1900,3298800,"B"
"HPG","10:41:10",26.95,-0.25,600,3296900,"B"
"HPG","10:40:55",27,-0.2,200,3296300,"S"
"HPG","10:40:40",26.95,-0.25,600,3296100,"B"
"HPG","10:40:27",27,-0.2,700,3295500,"S"
"HPG","10:40:22",26.95,-0.25,30000,3294800,"B"
"HPG","10:40:10",26.95,-0.25,600,3264800,"B"
"HPG","10:40:09",27,-0.2,100,3264200,"S"
"HPG","10:39:59",27,-0.2,200,3264100,"S"
"HPG","10:39:43",26.95,-0.25,1500,3263900,"B"
"HPG","10:39:40",26.95,-0.25,600,3262400,"B"
"HPG","10:39:31",27,-0.2,200,3261800,"S"
"HPG","10:39:29",26.95,-0.25,500,3261600,"B"
"HPG","10:39:28",27,-0.2,100,3261100,"S"
"HPG","10:39:22",27,-0.2,2000,3261000,"S"
"HPG","10:39:10",26.95,-0.25,600,3259000,"B"
"HPG","10:39:07",26.95,-0.25,100,3258400,"B"
"HPG","10:39:03",27,-0.2,200,3258300,"S"
"HPG","10:38:59",26.95,-0.25,33000,3258100,"B"
"HPG","10:38:54",26.95,-0.25,700,3225100,"B"
"HPG","10:38:40",26.95,-0.25,600,3224400,"B"
"HPG","10:38:35",27,-0.2,200,3223800,"S"
"HPG","10:38:26",26.95,-0.25,15900,3223600,"B"
"HPG","10:38:15",26.95,-0.25,5300,3207700,"B"
"HPG","10:38:10",26.95,-0.25,600,3202400,"B"
"HPG","10:38:07",27,-0.2,200,3201800,"S"
"HPG","10:37:56",26.95,-0.25,13000,3201600,"B"
"HPG","10:37:39",26.95,-0.25,600,3188600,"B"
"HPG","10:37:39",27,-0.2,200,3188000,"S"
"HPG","10:37:29",27,-0.2,200,3187800,"S"
"HPG","10:37:11",27,-0.2,200,3187600,"S"
"HPG","10:37:09",26.95,-0.25,600,3187400,"B"
"HPG","10:37:05",27,-0.2,500,3186800,"S"
"HPG","10:36:43",27,-0.2,200,3186300,"S"
"HPG","10:36:39",26.95,-0.25,600,3186100,"B"
"HPG","10:36:34",26.95,-0.25,2000,3185500,"B"
"HPG","10:36:28",26.95,-0.25,100,3183500,"B"
"HPG","10:36:20",27,-0.2,600,3183400,"S"
"HPG","10:36:15",27,-0.2,200,3182800,"S"
"HPG","10:36:09",26.95,-0.25,600,3182600,"B"
"HPG","10:35:59",27,-0.2,200,3182000,"S"
"HPG","10:35:47",27,-0.2,200,3181800,"S"
"HPG","10:35:41",26.95,-0.25,600,3181600,"B"
"HPG","10:35:39",26.95,-0.25,1000,3181000,"B"
"HPG","10:35:30",26.95,-0.25,1000,3180000,"B"
"HPG","10:35:29",26.95,-0.25,2000,3179000,"B"
"HPG","10:35:19",27,-0.2,200,3177000,"S"
"HPG","10:35:17",27,-0.2,5000,3176800,"S"
"HPG","10:35:04",27,-0.2,500,3171800,"S"
"HPG","10:34:58",26.95,-0.25,600,3171300,"B"
"HPG","10:34:54",27,-0.2,500,3170700,"S"
"HPG","10:34:51",27,-0.2,200,3170200,"S"
"HPG","10:34:41",26.95,-0.25,700,3170000,"B"
"HPG","10:34:34",27,-0.2,1000,3169300,"S"
"HPG","10:34:31",26.95,-0.25,100,3168300,"B"
"HPG","10:34:28",27,-0.2,500,3168200,"S"
"HPG","10:34:28",26.95,-0.25,600,3167700,"B"
"HPG","10:34:25",26.95,-0.25,200,3167100,"B"
"HPG","10:34:23",27,-0.2,300,3166900,"S"
"HPG","10:34:20",26.95,-0.25,4600,3166600,"B"
"HPG","10:34:14",26.95,-0.25,4600,3162000,"B"
"HPG","10:34:09",26.95,-0.25,200,3157400,"B"
"HPG","10:33:58",26.95,-0.25,600,3157200,"B"
"HPG","10:33:55",27,-0.2,200,3156600,"S"
"HPG","10:33:51",27,-0.2,1500,3156400,"S"
"HPG","10:33:28",26.95,-0.25,600,3154900,"B"
"HPG","10:33:27",27,-0.2,200,3154300,"S"
"HPG","10:33:04",27,-0.2,500,3154100,"S"
"HPG","10:33:01",26.95,-0.25,400,3153600,"B"
"HPG","10:32:59",27,-0.2,200,3153200,"S"
"HPG","10:32:58",26.95,-0.25,600,3153000,"B"
"HPG","10:32:31",27,-0.2,200,3152400,"S"
"HPG","10:32:28",26.95,-0.25,600,3152200,"B"
"HPG","10:32:23",26.95,-0.25,1000,3151600,"B"
"HPG","10:32:18",27,-0.2,100,3150600,"S"
"HPG","10:32:09",26.95,-0.25,400,3150500,"B"
"HPG","10:32:03",27,-0.2,200,3150100,"S"
"HPG","10:31:57",26.95,-0.25,600,3149900,"B"
"HPG","10:31:43",27,-0.2,100,3149300,"S"
"HPG","10:31:43",27,-0.2,1000,3149200,"S"
"HPG","10:31:35",27,-0.2,200,3148200,"S"
"HPG","10:31:28",26.95,-0.25,600,3148000,"B"
"HPG","10:31:23",27,-0.2,100,3147400,"S"
"HPG","10:31:15",27,-0.2,100,3147300,"S"
"HPG","10:31:07",27,-0.2,2000,3147200,"S"
"HPG","10:31:02",27,-0.2,100,3145200,"S"
"HPG","10:30:57",26.95,-0.25,600,3145100,"B"
"HPG","10:30:53",27,-0.2,100,3144500,"S"
"HPG","10:30:39",27,-0.2,200,3144400,"S"
"HPG","10:30:28",27,-0.2,100,3144200,"S"
"HPG","10:30:27",26.95,-0.25,600,3144100,"B"
"HPG","10:30:19",27,-0.2,3800,3143500,"S"
"HPG","10:30:11",27,-0.2,200,3139700,"S"
"HPG","10:29:57",26.95,-0.25,600,3139500,"B"
"HPG","10:29:43",27,-0.2,200,3138900,"S"
"HPG","10:29:27",26.95,-0.25,600,3138700,"B"
"HPG","10:29:26",27,-0.2,500,3138100,"S"
"HPG","10:29:20",27,-0.2,300,3137600,"S"
"HPG","10:29:15",27,-0.2,700,3137300,"S"
"HPG","10:29:02",27,-0.2,1000,3136600,"S"
"HPG","10:28:59",26.95,-0.25,100,3135600,"B"
"HPG","10:28:57",26.95,-0.25,600,3135500,"B"
"HPG","10:28:56",26.95,-0.25,4600,3134900,"B"
"HPG","10:28:51",27,-0.2,1000,3130300,"S"
"HPG","10:28:51",26.95,-0.25,4600,3129300,"B"
"HPG","10:28:47",27,-0.2,200,3124700,"S"
"HPG","10:28:45",26.95,-0.25,4600,3124500,"B"
"HPG","10:28:33",27,-0.2,500,3119100,"S"
"HPG","10:28:27",26.95,-0.25,600,3118600,"B"
"HPG","10:28:19",27,-0.2,1000,3118000,"S"
"HPG","10:28:19",27,-0.2,200,3117000,"S"
"HPG","10:28:16",27,-0.2,2000,3116800,"S"
"HPG","10:28:11",27,-0.2,100,3114800,"S"
"HPG","10:28:00",27,-0.2,1100,3114700,"S"
"HPG","10:27:59",26.95,-0.25,600,3113600,"B"
"HPG","10:27:56",26.95,-0.25,15900,3113000,"B"
"HPG","10:27:56",27,-0.2,500,3097100,"S"
"HPG","10:27:51",27,-0.2,200,3096600,"S"
"HPG","10:27:49",27,-0.2,500,3096400,"S"
"HPG","10:27:40",27,-0.2,500,3095900,"S"
"HPG","10:27:26",27,-0.2,3700,3095400,"S"
"HPG","10:27:23",27,-0.2,200,3091700,"S"
"HPG","10:27:16",27,-0.2,50000,3091500,"S"
"HPG","10:27:14",26.95,-0.25,600,3041500,"B"
"HPG","10:26:55",27,-0.2,300,3040900,"S"
"HPG","10:26:43",26.95,-0.25,600,3040600,"B"
"HPG","10:26:36",26.95,-0.25,500,3040000,"B"
"HPG","10:26:27",27,-0.2,200,3039500,"S"
"HPG","10:26:20",27,-0.2,300,3039300,"S"
"HPG","10:26:16",26.95,-0.25,2000,3039000,"B"
"HPG","10:26:13",26.95,-0.25,600,3037000,"B"
"HPG","10:26:12",27,-0.2,500,3036400,"S"
"HPG","10:26:07",27,-0.2,100,3035900,"S"
"HPG","10:25:59",27,-0.2,200,3035800,"S"
"HPG","10:25:43",26.95,-0.25,600,3035600,"B"
"HPG","10:25:35",26.95,-0.25,100,3035000,"B"
"HPG","10:25:32",27,-0.2,200,3034900,"S"
"HPG","10:25:13",26.95,-0.25,600,3034700,"B"
"HPG","10:25:05",27,-0.2,2800,3034100,"S"
"HPG","10:25:04",27,-0.2,200,3031300,"S"
"HPG","10:25:02",27,-0.2,10000,3031100,"S"
"HPG","10:24:59",27,-0.2,500,3021100,"S"
"HPG","10:24:52",27,-0.2,500,3020600,"S"
"HPG","10:24:50",27,-0.2,100,3020100,"S"
"HPG","10:24:44",26.95,-0.25,300,3020000,"B"
"HPG","10:24:42",26.95,-0.25,600,3019700,"B"
"HPG","10:24:42",27,-0.2,500,3019100,"S"
"HPG","10:24:36",27,-0.2,200,3018600,"S"
"HPG","10:24:29",26.95,-0.25,20000,3018400,"B"
"HPG","10:24:12",26.95,-0.25,600,2998400,"B"
"HPG","10:24:08",27,-0.2,200,2997800,"S"
"HPG","10:23:44",26.95,-0.25,600,2997600,"B"
"HPG","10:23:42",26.95,-0.25,4000,2997000,"B"
"HPG","10:23:40",27,-0.2,200,2993000,"S"
"HPG","10:23:36",27,-0.2,1000,2992800,"S"
"HPG","10:23:35",27,-0.2,2000,2991800,"S"
"HPG","10:23:29",27,-0.2,300,2989800,"S"
"HPG","10:23:18",27,-0.2,2200,2989500,"S"
"HPG","10:23:12",27,-0.2,200,2987300,"S"
"HPG","10:23:09",26.95,-0.25,2000,2987100,"B"
"HPG","10:23:05",27,-0.2,100,2985100,"S"
"HPG","10:23:03",26.95,-0.25,600,2985000,"B"
"HPG","10:22:59",27,-0.2,100,2984400,"S"
"HPG","10:22:49",27,-0.2,100,2984300,"S"
"HPG","10:22:44",27,-0.2,200,2984200,"S"
"HPG","10:22:37",27,-0.2,600,2984000,"S"
"HPG","10:22:33",26.95,-0.25,600,2983400,"B"
"HPG","10:22:19",27,-0.2,500,2982800,"S"
"HPG","10:22:16",27,-0.2,200,2982300,"S"
"HPG","10:22:07",27,-0.2,300,2982100,"S"
"HPG","10:22:03",26.95,-0.25,600,2981800,"B"
"HPG","10:21:57",27,-0.2,500,2981200,"S"
"HPG","10:21:56",27,-0.2,100,2980700,"S"
"HPG","10:21:54",27,-0.2,100,2980600,"S"
"HPG","10:21:53",27,-0.2,300,2980500,"S"
"HPG","10:21:50",27,-0.2,1000,2980200,"S"
"HPG","10:21:48",27,-0.2,200,2979200,"S"
"HPG","10:21:45",27,-0.2,300,2979000,"S"
"HPG","10:21:41",27,-0.2,100,2978700,"S"
"HPG","10:21:35",27,-0.2,100,2978600,"S"
"HPG","10:21:32",26.95,-0.25,600,2978500,"B"
"HPG","10:21:21",26.95,-0.25,500,2977900,"B"
"HPG","10:21:20",27,-0.2,200,2977400,"S"
"HPG","10:21:02",27,-0.2,500,2977200,"S"
"HPG","10:21:02",26.95,-0.25,600,2976700,"B"
"HPG","10:20:52",27,-0.2,200,2976100,"S"
"HPG","10:20:44",26.95,-0.25,300,2975900,"B"
"HPG","10:20:36",27,-0.2,100,2975600,"S"
"HPG","10:20:32",26.95,-0.25,600,2975500,"B"
"HPG","10:20:24",27,-0.2,200,2974900,"S"
"HPG","10:20:02",26.95,-0.25,600,2974700,"B"
"HPG","10:19:56",27,-0.2,200,2974100,"S"
"HPG","10:19:53",26.95,-0.25,400,2973900,"B"
"HPG","10:19:41",27,-0.2,100,2973500,"S"
"HPG","10:19:39",26.95,-0.25,200,2973400,"B"
"HPG","10:19:32",26.95,-0.25,600,2973200,"B"
"HPG","10:19:28",27,-0.2,200,2972600,"S"
"HPG","10:19:19",27,-0.2,100,2972400,"S"
"HPG","10:19:02",26.95,-0.25,600,2972300,"B"
"HPG","10:19:00",27,-0.2,300,2971700,"S"
"HPG","10:18:32",27,-0.2,200,2971400,"S"
"HPG","10:18:32",26.95,-0.25,600,2971200,"B"
"HPG","10:18:16",26.95,-0.25,2700,2970600,"B"
"HPG","10:18:04",27,-0.2,200,2967900,"S"
"HPG","10:18:02",26.95,-0.25,600,2967700,"B"
"HPG","10:17:36",27,-0.2,200,2967100,"S"
"HPG","10:17:35",27,-0.2,100,2966900,"S"
"HPG","10:17:32",26.95,-0.25,600,2966800,"B"
"HPG","10:17:08",27,-0.2,200,2966200,"S"
"HPG","10:17:02",26.95,-0.25,600,2966000,"B"
"HPG","10:16:40",27,-0.2,200,2965400,"S"
"HPG","10:16:34",26.95,-0.25,100,2965200,"B"
"HPG","10:16:32",26.95,-0.25,600,2965100,"B"
"HPG","10:16:12",27,-0.2,200,2964500,"S"
"HPG","10:16:09",27,-0.2,200,2964300,"S"
"HPG","10:16:02",26.95,-0.25,600,2964100,"B"
"HPG","10:16:00",27,-0.2,1000,2963500,"S"
"HPG","10:15:54",26.95,-0.25,200,2962500,"B"
"HPG","10:15:44",27,-0.2,200,2962300,"S"
"HPG","10:15:41",26.95,-0.25,15900,2962100,"B"
"HPG","10:15:31",26.95,-0.25,600,2946200,"B"
"HPG","10:15:29",27,-0.2,100,2945600,"S"
"HPG","10:15:16",27,-0.2,200,2945500,"S"
"HPG","10:15:13",26.95,-0.25,1700,2945300,"B"
"HPG","10:15:09",26.95,-0.25,100,2933100,"B"
"HPG","10:15:01",26.95,-0.25,600,2933000,"B"
"HPG","10:14:59",27,-0.2,1500,2932400,"S"
"HPG","10:14:57",26.95,-0.25,15900,2930900,"B"
"HPG","10:14:48",27,-0.2,200,2915000,"S"
"HPG","10:14:45",27,-0.2,1000,2914800,"S"
"HPG","10:14:36",27,-0.2,200,2913800,"S"
"HPG","10:14:31",26.95,-0.25,600,2913600,"B"
"HPG","10:14:20",27,-0.2,200,2913000,"S"
"HPG","10:14:01",26.95,-0.25,600,2912800,"B"
"HPG","10:14:00",26.95,-0.25,15900,2912200,"B"
"HPG","10:13:52",27,-0.2,200,2896300,"S"
"HPG","10:13:48",27,-0.2,200,2896100,"S"
"HPG","10:13:36",26.95,-0.25,100,2895900,"B"
"HPG","10:13:34",26.95,-0.25,200,2895800,"B"
