"id","symbol","truncTime","matchType","matchVol","matchPrice","accumulatedVolume","createdAt","updatedAt"
158160869,"AAS","1702540776","b","200","8500","958800","2023-12-14T07:59:38.472Z","2023-12-14T07:59:38.472Z"
158160810,"AAS","1702540733","b","1100","8500","958600","2023-12-14T07:58:55.469Z","2023-12-14T07:58:55.469Z"
158160780,"AAS","1702540701","b","100","8500","957500","2023-12-14T07:58:23.470Z","2023-12-14T07:58:23.470Z"
158160750,"AAS","1702540673","b","100","8500","957400","2023-12-14T07:57:54.466Z","2023-12-14T07:57:54.466Z"
158160739,"AAS","1702540655","b","100","8500","957300","2023-12-14T07:57:36.465Z","2023-12-14T07:57:36.465Z"
158160728,"AAS","1702540642","s","700","8400","957200","2023-12-14T07:57:23.465Z","2023-12-14T07:57:23.465Z"
158160637,"AAS","1702540487","b","100","8500","956500","2023-12-14T07:54:49.469Z","2023-12-14T07:54:49.469Z"
158160599,"AAS","1702540443","b","1300","8500","956400","2023-12-14T07:54:04.461Z","2023-12-14T07:54:04.461Z"
158160551,"AAS","1702540366","s","8400","8500","955100","2023-12-14T07:52:47.462Z","2023-12-14T07:52:47.462Z"
158160446,"AAS","1702540198","s","4600","8500","946700","2023-12-14T07:50:00.459Z","2023-12-14T07:50:00.459Z"
158160441,"AAS","1702540193","b","500","8500","942100","2023-12-14T07:49:55.459Z","2023-12-14T07:49:55.459Z"
158160412,"AAS","1702540173","s","3000","8500","941600","2023-12-14T07:49:34.459Z","2023-12-14T07:49:34.459Z"
158160384,"AAS","1702540138","s","100","8500","938600","2023-12-14T07:49:00.462Z","2023-12-14T07:49:00.462Z"
158160379,"AAS","1702540133","s","1100","8500","938500","2023-12-14T07:48:54.459Z","2023-12-14T07:48:54.459Z"
158160362,"AAS","1702540106","s","27400","8500","937400","2023-12-14T07:48:28.458Z","2023-12-14T07:48:28.458Z"
158160335,"AAS","1702540064","b","400","8500","910000","2023-12-14T07:47:45.458Z","2023-12-14T07:47:45.458Z"
158160325,"AAS","1702540046","b","400","8500","909600","2023-12-14T07:47:28.459Z","2023-12-14T07:47:28.459Z"
158160298,"AAS","1702539997","b","5000","8500","909200","2023-12-14T07:46:39.456Z","2023-12-14T07:46:39.456Z"
158160289,"AAS","1702539981","b","1300","8500","904200","2023-12-14T07:46:23.456Z","2023-12-14T07:46:23.456Z"
158159672,"AAS","1702539823","b","500","8500","902900","2023-12-14T07:43:45.455Z","2023-12-14T07:43:45.455Z"
158159603,"AAS","1702539683","s","25500","8400","902400","2023-12-14T07:41:25.452Z","2023-12-14T07:41:25.452Z"
158159595,"AAS","1702539664","s","100","8500","876900","2023-12-14T07:41:06.451Z","2023-12-14T07:41:06.451Z"
158159544,"AAS","1702539559","s","300","8500","876800","2023-12-14T07:39:21.456Z","2023-12-14T07:39:21.456Z"
158159537,"AAS","1702539549","b","500","8500","876500","2023-12-14T07:39:11.450Z","2023-12-14T07:39:11.450Z"
158159524,"AAS","1702539513","s","6000","8400","876000","2023-12-14T07:38:35.448Z","2023-12-14T07:38:35.448Z"
158159512,"AAS","1702539474","s","100","8500","870000","2023-12-14T07:37:55.450Z","2023-12-14T07:37:55.450Z"
158159466,"AAS","1702539401","s","700","8500","869900","2023-12-14T07:36:43.448Z","2023-12-14T07:36:43.448Z"
158159447,"AAS","1702539365","s","300","8500","869200","2023-12-14T07:36:07.449Z","2023-12-14T07:36:07.449Z"
158159411,"AAS","1702539311","b","1200","8500","868900","2023-12-14T07:35:13.447Z","2023-12-14T07:35:13.447Z"
158159392,"AAS","1702539283","b","15000","8500","867700","2023-12-14T07:34:45.446Z","2023-12-14T07:34:45.446Z"
158159386,"AAS","1702539266","s","1000","8400","852700","2023-12-14T07:34:28.447Z","2023-12-14T07:34:28.447Z"
158159345,"AAS","1702539182","s","100","8400","851700","2023-12-14T07:33:03.447Z","2023-12-14T07:33:03.447Z"
158159339,"AAS","1702539173","b","2100","8500","851600","2023-12-14T07:32:54.444Z","2023-12-14T07:32:54.444Z"
158159333,"AAS","1702539162","b","100","8500","849500","2023-12-14T07:32:43.445Z","2023-12-14T07:32:43.445Z"
158159323,"AAS","1702539149","b","200","8500","849400","2023-12-14T07:32:30.446Z","2023-12-14T07:32:30.446Z"
158159296,"AAS","1702539107","s","1400","8500","849200","2023-12-14T07:31:49.444Z","2023-12-14T07:31:49.444Z"
158159273,"AAS","1702539070","s","2000","8500","847800","2023-12-14T07:31:12.444Z","2023-12-14T07:31:12.444Z"
158159261,"AAS","1702539056","s","1000","8500","845800","2023-12-14T07:30:58.447Z","2023-12-14T07:30:58.447Z"
158157970,"AAS","1702538981","s","1200","8500","844800","2023-12-14T07:29:42.509Z","2023-12-14T07:29:42.509Z"
158157579,"AAS","1702538975","b","1400","8500","843600","2023-12-14T07:29:37.500Z","2023-12-14T07:29:37.500Z"
158155776,"AAS","1702538945","b","5400","8500","842200","2023-12-14T07:29:07.464Z","2023-12-14T07:29:07.464Z"
158155451,"AAS","1702538939","s","2200","8500","836800","2023-12-14T07:29:01.469Z","2023-12-14T07:29:01.469Z"
158153947,"AAS","1702538913","s","5000","8500","834600","2023-12-14T07:28:35.466Z","2023-12-14T07:28:35.466Z"
158152740,"AAS","1702538893","s","800","8500","829600","2023-12-14T07:28:15.466Z","2023-12-14T07:28:15.466Z"
158152482,"AAS","1702538888","b","10000","8500","828800","2023-12-14T07:28:10.476Z","2023-12-14T07:28:10.476Z"
158152203,"AAS","1702538883","b","2000","8500","818800","2023-12-14T07:28:05.534Z","2023-12-14T07:28:05.534Z"
158151985,"AAS","1702538880","b","3000","8500","816800","2023-12-14T07:28:02.551Z","2023-12-14T07:28:02.551Z"
158151927,"AAS","1702538879","b","300","8500","813800","2023-12-14T07:28:01.457Z","2023-12-14T07:28:01.457Z"
158149153,"AAS","1702538840","b","2000","8500","813500","2023-12-14T07:27:22.502Z","2023-12-14T07:27:22.502Z"
158146782,"AAS","1702538808","b","5000","8500","811500","2023-12-14T07:26:50.468Z","2023-12-14T07:26:50.468Z"
158144381,"AAS","1702538779","b","200","8500","806500","2023-12-14T07:26:20.503Z","2023-12-14T07:26:20.503Z"
158144152,"AAS","1702538777","b","5000","8500","806300","2023-12-14T07:26:18.494Z","2023-12-14T07:26:18.494Z"
158134623,"AAS","1702538673","s","200","8400","801300","2023-12-14T07:24:34.477Z","2023-12-14T07:24:34.477Z"
158132800,"AAS","1702538653","b","200","8500","801100","2023-12-14T07:24:15.486Z","2023-12-14T07:24:15.486Z"
158131487,"AAS","1702538642","b","200","8500","800900","2023-12-14T07:24:03.459Z","2023-12-14T07:24:03.459Z"
158130610,"AAS","1702538630","s","2100","8400","800700","2023-12-14T07:23:51.459Z","2023-12-14T07:23:51.459Z"
158129176,"AAS","1702538614","s","5000","8400","798600","2023-12-14T07:23:36.482Z","2023-12-14T07:23:36.482Z"
158119346,"AAS","1702538512","b","100","8500","793600","2023-12-14T07:21:54.552Z","2023-12-14T07:21:54.552Z"
158111993,"AAS","1702538453","b","600","8500","793500","2023-12-14T07:20:55.451Z","2023-12-14T07:20:55.451Z"
158105620,"AAS","1702538409","b","100","8500","792900","2023-12-14T07:20:11.450Z","2023-12-14T07:20:11.450Z"
158099034,"AAS","1702538311","s","2900","8500","792800","2023-12-14T07:18:32.522Z","2023-12-14T07:18:32.522Z"
158098388,"AAS","1702538298","s","200","8500","789900","2023-12-14T07:18:20.463Z","2023-12-14T07:18:20.463Z"
158094692,"AAS","1702538207","b","100","8500","789700","2023-12-14T07:16:48.439Z","2023-12-14T07:16:48.439Z"
158093932,"AAS","1702538191","b","700","8500","789600","2023-12-14T07:16:32.481Z","2023-12-14T07:16:32.481Z"
158093464,"AAS","1702538184","s","400","8500","788900","2023-12-14T07:16:25.534Z","2023-12-14T07:16:25.534Z"
158092311,"AAS","1702538161","b","2000","8500","788500","2023-12-14T07:16:02.495Z","2023-12-14T07:16:02.495Z"
158091620,"AAS","1702538145","b","1000","8500","786500","2023-12-14T07:15:46.468Z","2023-12-14T07:15:46.468Z"
158091012,"AAS","1702538122","b","3000","8500","785500","2023-12-14T07:15:24.447Z","2023-12-14T07:15:24.447Z"
158089693,"AAS","1702538061","b","500","8500","782500","2023-12-14T07:14:22.447Z","2023-12-14T07:14:22.447Z"
158089664,"AAS","1702538060","s","23100","8500","782000","2023-12-14T07:14:21.484Z","2023-12-14T07:14:21.484Z"
158089004,"AAS","1702538032","s","1400","8500","758900","2023-12-14T07:13:53.448Z","2023-12-14T07:13:53.448Z"
158085111,"AAS","1702537849","s","8500","8500","757500","2023-12-14T07:10:50.468Z","2023-12-14T07:10:50.468Z"
158084896,"AAS","1702537839","b","5000","8500","749000","2023-12-14T07:10:40.481Z","2023-12-14T07:10:40.481Z"
158084784,"AAS","1702537834","b","1100","8500","744000","2023-12-14T07:10:35.434Z","2023-12-14T07:10:35.434Z"
158084606,"AAS","1702537827","b","2100","8500","742900","2023-12-14T07:10:28.452Z","2023-12-14T07:10:28.452Z"
158084447,"AAS","1702537819","b","2000","8500","740800","2023-12-14T07:10:20.442Z","2023-12-14T07:10:20.442Z"
158084254,"AAS","1702537811","b","100","8500","738800","2023-12-14T07:10:12.435Z","2023-12-14T07:10:12.435Z"
158084175,"AAS","1702537809","b","1000","8500","738700","2023-12-14T07:10:10.447Z","2023-12-14T07:10:10.447Z"
158083964,"AAS","1702537801","b","1000","8500","737700","2023-12-14T07:10:02.447Z","2023-12-14T07:10:02.447Z"
158083925,"AAS","1702537800","b","13800","8500","736700","2023-12-14T07:10:01.465Z","2023-12-14T07:10:01.465Z"
158083791,"AAS","1702537796","b","500","8500","722900","2023-12-14T07:09:57.441Z","2023-12-14T07:09:57.441Z"
158083271,"AAS","1702537778","b","200","8500","722400","2023-12-14T07:09:39.444Z","2023-12-14T07:09:39.444Z"
158082634,"AAS","1702537757","b","500","8500","722200","2023-12-14T07:09:18.470Z","2023-12-14T07:09:18.470Z"
158082015,"AAS","1702537743","b","200","8500","721700","2023-12-14T07:09:04.473Z","2023-12-14T07:09:04.473Z"
158081383,"AAS","1702537722","b","500","8500","721500","2023-12-14T07:08:43.438Z","2023-12-14T07:08:43.438Z"
158081254,"AAS","1702537717","b","1000","8500","721000","2023-12-14T07:08:38.438Z","2023-12-14T07:08:38.438Z"
158081122,"AAS","1702537711","b","200","8500","720000","2023-12-14T07:08:32.442Z","2023-12-14T07:08:32.442Z"
158080540,"AAS","1702537690","b","200","8500","719800","2023-12-14T07:08:12.460Z","2023-12-14T07:08:12.460Z"
158080311,"AAS","1702537681","b","100","8500","719600","2023-12-14T07:08:03.506Z","2023-12-14T07:08:03.506Z"
158079784,"AAS","1702537667","s","10900","8500","719500","2023-12-14T07:07:47.450Z","2023-12-14T07:07:47.450Z"
158079422,"AAS","1702537654","s","66000","8500","708600","2023-12-14T07:07:35.466Z","2023-12-14T07:07:35.466Z"
158078964,"AAS","1702537642","s","90800","8500","642600","2023-12-14T07:07:23.521Z","2023-12-14T07:07:23.521Z"
158077873,"AAS","1702537608","s","1000","8500","551800","2023-12-14T07:06:50.433Z","2023-12-14T07:06:50.433Z"
158075074,"AAS","1702537532","s","20000","8500","550800","2023-12-14T07:05:33.438Z","2023-12-14T07:05:33.438Z"
158053223,"AAS","1702537088","b","200","8600","530800","2023-12-14T06:58:10.429Z","2023-12-14T06:58:10.429Z"
158048849,"AAS","1702536930","b","100","8600","530600","2023-12-14T06:55:32.428Z","2023-12-14T06:55:32.428Z"
158048111,"AAS","1702536901","b","500","8600","530500","2023-12-14T06:55:02.420Z","2023-12-14T06:55:02.420Z"
158046213,"AAS","1702536828","s","400","8500","530000","2023-12-14T06:53:49.428Z","2023-12-14T06:53:49.428Z"
158046118,"AAS","1702536825","s","300","8500","529600","2023-12-14T06:53:46.425Z","2023-12-14T06:53:46.425Z"
158045427,"AAS","1702536804","s","300","8500","529300","2023-12-14T06:53:26.434Z","2023-12-14T06:53:26.434Z"
