"id","symbol","truncTime","matchType","matchVol","matchPrice","accumulatedVolume","createdAt","updatedAt"
158159844,"KDH","1702539891","unknown","94800","30650","1547400","2023-12-14T07:45:04.491Z","2023-12-14T07:45:04.491Z"
158156405,"KDH","1702538944","s","7400","30200","1443600","2023-12-14T07:29:16.490Z","2023-12-14T07:29:16.490Z"
158156404,"KDH","1702538944","s","1200","30200","1443600","2023-12-14T07:29:16.490Z","2023-12-14T07:29:16.490Z"
158156403,"KDH","1702538944","s","400","30300","1443600","2023-12-14T07:29:16.490Z","2023-12-14T07:29:16.490Z"
158156260,"KDH","1702538942","b","900","30600","1443600","2023-12-14T07:29:15.463Z","2023-12-14T07:29:15.463Z"
158156259,"KDH","1702538942","b","500","30600","1443600","2023-12-14T07:29:15.463Z","2023-12-14T07:29:15.463Z"
158156258,"KDH","1702538942","b","500","30450","1443600","2023-12-14T07:29:15.463Z","2023-12-14T07:29:15.463Z"
158156257,"KDH","1702538942","b","100","30400","1443600","2023-12-14T07:29:15.463Z","2023-12-14T07:29:15.463Z"
158156068,"KDH","1702538938","b","12200","30300","1441600","2023-12-14T07:29:11.466Z","2023-12-14T07:29:11.466Z"
158156067,"KDH","1702538938","b","400","30250","1441600","2023-12-14T07:29:11.466Z","2023-12-14T07:29:11.466Z"
158155921,"KDH","1702538936","b","200","30250","1429000","2023-12-14T07:29:09.461Z","2023-12-14T07:29:09.461Z"
158155839,"KDH","1702538935","s","200","30250","1428800","2023-12-14T07:29:08.473Z","2023-12-14T07:29:08.473Z"
158155838,"KDH","1702538935","s","100","30250","1428800","2023-12-14T07:29:08.473Z","2023-12-14T07:29:08.473Z"
158155837,"KDH","1702538935","s","300","30250","1428800","2023-12-14T07:29:08.473Z","2023-12-14T07:29:08.473Z"
158155836,"KDH","1702538935","s","1000","30250","1428800","2023-12-14T07:29:08.473Z","2023-12-14T07:29:08.473Z"
158155835,"KDH","1702538935","s","800","30250","1428800","2023-12-14T07:29:08.473Z","2023-12-14T07:29:08.473Z"
158155794,"KDH","1702538934","s","300","30250","1426100","2023-12-14T07:29:07.464Z","2023-12-14T07:29:07.464Z"
158155735,"KDH","1702538933","b","500","30300","1425600","2023-12-14T07:29:06.492Z","2023-12-14T07:29:06.492Z"
158155133,"KDH","1702538922","b","1100","30300","1425600","2023-12-14T07:28:56.518Z","2023-12-14T07:28:56.518Z"
158154973,"KDH","1702538919","s","900","30250","1424500","2023-12-14T07:28:51.458Z","2023-12-14T07:28:51.458Z"
158154971,"KDH","1702538918","b","200","30300","1423600","2023-12-14T07:28:51.458Z","2023-12-14T07:28:51.458Z"
158154899,"KDH","1702538917","b","1000","30300","1423400","2023-12-14T07:28:50.462Z","2023-12-14T07:28:50.462Z"
158154544,"KDH","1702538912","b","900","30300","1421400","2023-12-14T07:28:45.511Z","2023-12-14T07:28:45.511Z"
158154543,"KDH","1702538912","b","100","30300","1421400","2023-12-14T07:28:45.511Z","2023-12-14T07:28:45.511Z"
158154437,"KDH","1702538912","b","300","30300","1421400","2023-12-14T07:28:45.511Z","2023-12-14T07:28:45.511Z"
158153864,"KDH","1702538900","b","100","30300","1421100","2023-12-14T07:28:34.492Z","2023-12-14T07:28:34.492Z"
158153712,"KDH","1702538898","b","200","30300","1421000","2023-12-14T07:28:31.510Z","2023-12-14T07:28:31.510Z"
158153402,"KDH","1702538893","b","200","30300","1420600","2023-12-14T07:28:26.481Z","2023-12-14T07:28:26.481Z"
158153163,"KDH","1702538888","b","600","30400","1420600","2023-12-14T07:28:21.454Z","2023-12-14T07:28:21.454Z"
158152251,"KDH","1702538872","b","100","30400","1420000","2023-12-14T07:28:06.456Z","2023-12-14T07:28:06.456Z"
158152250,"KDH","1702538872","b","900","30350","1420000","2023-12-14T07:28:06.456Z","2023-12-14T07:28:06.456Z"
158151828,"KDH","1702538866","b","100","30350","1419000","2023-12-14T07:27:59.487Z","2023-12-14T07:27:59.487Z"
158151295,"KDH","1702538858","s","100","30400","1414900","2023-12-14T07:27:51.449Z","2023-12-14T07:27:51.449Z"
158151294,"KDH","1702538858","s","3900","30400","1414900","2023-12-14T07:27:51.449Z","2023-12-14T07:27:51.449Z"
158151283,"KDH","1702538858","b","1000","30600","1414900","2023-12-14T07:27:51.449Z","2023-12-14T07:27:51.449Z"
158151282,"KDH","1702538858","b","100","30600","1414900","2023-12-14T07:27:51.449Z","2023-12-14T07:27:51.449Z"
158151281,"KDH","1702538858","b","200","30600","1414900","2023-12-14T07:27:51.449Z","2023-12-14T07:27:51.449Z"
158151280,"KDH","1702538858","b","900","30600","1414900","2023-12-14T07:27:51.449Z","2023-12-14T07:27:51.449Z"
158151279,"KDH","1702538858","b","200","30600","1414900","2023-12-14T07:27:51.449Z","2023-12-14T07:27:51.449Z"
158151278,"KDH","1702538858","b","1000","30600","1414900","2023-12-14T07:27:51.449Z","2023-12-14T07:27:51.449Z"
158151277,"KDH","1702538858","b","1500","30600","1414900","2023-12-14T07:27:51.449Z","2023-12-14T07:27:51.449Z"
158151276,"KDH","1702538858","b","800","30450","1414900","2023-12-14T07:27:51.449Z","2023-12-14T07:27:51.449Z"
158150337,"KDH","1702538844","s","1100","30400","1409200","2023-12-14T07:27:38.468Z","2023-12-14T07:27:38.468Z"
158150336,"KDH","1702538844","s","3100","30400","1409200","2023-12-14T07:27:38.468Z","2023-12-14T07:27:38.468Z"
158150335,"KDH","1702538844","s","100","30400","1409200","2023-12-14T07:27:38.468Z","2023-12-14T07:27:38.468Z"
158150334,"KDH","1702538844","s","2000","30400","1409200","2023-12-14T07:27:38.468Z","2023-12-14T07:27:38.468Z"
158150333,"KDH","1702538844","s","200","30400","1409200","2023-12-14T07:27:38.468Z","2023-12-14T07:27:38.468Z"
158149777,"KDH","1702538836","b","100","30450","1402600","2023-12-14T07:27:28.483Z","2023-12-14T07:27:28.483Z"
158149759,"KDH","1702538835","s","100","30450","1402600","2023-12-14T07:27:28.483Z","2023-12-14T07:27:28.483Z"
158149758,"KDH","1702538835","s","1500","30450","1402600","2023-12-14T07:27:28.483Z","2023-12-14T07:27:28.483Z"
158149613,"KDH","1702538834","s","1000","30450","1400000","2023-12-14T07:27:27.477Z","2023-12-14T07:27:27.477Z"
158147895,"KDH","1702538813","b","500","30600","1400000","2023-12-14T07:27:06.536Z","2023-12-14T07:27:06.536Z"
158147788,"KDH","1702538812","s","2700","30450","1399500","2023-12-14T07:27:05.551Z","2023-12-14T07:27:05.551Z"
158147714,"KDH","1702538811","s","1000","30450","1393500","2023-12-14T07:27:03.510Z","2023-12-14T07:27:03.510Z"
158147713,"KDH","1702538811","s","1000","30450","1393500","2023-12-14T07:27:03.510Z","2023-12-14T07:27:03.510Z"
158147712,"KDH","1702538811","s","300","30450","1393500","2023-12-14T07:27:03.510Z","2023-12-14T07:27:03.510Z"
158147711,"KDH","1702538811","s","800","30500","1393500","2023-12-14T07:27:03.510Z","2023-12-14T07:27:03.510Z"
158147710,"KDH","1702538811","s","200","30500","1393500","2023-12-14T07:27:03.510Z","2023-12-14T07:27:03.510Z"
158146931,"KDH","1702538799","s","100","30500","1393500","2023-12-14T07:26:52.467Z","2023-12-14T07:26:52.467Z"
158146750,"KDH","1702538796","s","2000","30500","1393400","2023-12-14T07:26:50.468Z","2023-12-14T07:26:50.468Z"
158146353,"KDH","1702538792","s","800","30450","1391400","2023-12-14T07:26:44.479Z","2023-12-14T07:26:44.479Z"
158146352,"KDH","1702538792","s","200","30500","1391400","2023-12-14T07:26:44.479Z","2023-12-14T07:26:44.479Z"
158146122,"KDH","1702538789","s","200","30500","1390400","2023-12-14T07:26:42.483Z","2023-12-14T07:26:42.483Z"
158145761,"KDH","1702538785","b","500","30500","1390200","2023-12-14T07:26:38.473Z","2023-12-14T07:26:38.473Z"
158145760,"KDH","1702538785","b","100","30500","1390200","2023-12-14T07:26:38.473Z","2023-12-14T07:26:38.473Z"
158143340,"KDH","1702538758","b","1000","30450","1389600","2023-12-14T07:26:10.523Z","2023-12-14T07:26:10.523Z"
158143339,"KDH","1702538758","b","500","30450","1389600","2023-12-14T07:26:10.523Z","2023-12-14T07:26:10.523Z"
158143338,"KDH","1702538758","b","400","30450","1389600","2023-12-14T07:26:10.523Z","2023-12-14T07:26:10.523Z"
158142457,"KDH","1702538747","b","1600","30450","1385900","2023-12-14T07:26:00.462Z","2023-12-14T07:26:00.462Z"
158142456,"KDH","1702538747","b","200","30450","1385900","2023-12-14T07:26:00.462Z","2023-12-14T07:26:00.462Z"
158140238,"KDH","1702538721","b","100","30450","1385800","2023-12-14T07:25:34.511Z","2023-12-14T07:25:34.511Z"
158139771,"KDH","1702538715","s","1400","30200","1385800","2023-12-14T07:25:28.514Z","2023-12-14T07:25:28.514Z"
158139770,"KDH","1702538715","s","600","30200","1385800","2023-12-14T07:25:28.514Z","2023-12-14T07:25:28.514Z"
158139567,"KDH","1702538714","s","200","30200","1383600","2023-12-14T07:25:27.502Z","2023-12-14T07:25:27.502Z"
158139529,"KDH","1702538713","s","400","30200","1383200","2023-12-14T07:25:25.503Z","2023-12-14T07:25:25.503Z"
158138697,"KDH","1702538704","b","100","30200","1382400","2023-12-14T07:25:17.577Z","2023-12-14T07:25:17.577Z"
158138696,"KDH","1702538704","b","700","30200","1382400","2023-12-14T07:25:17.577Z","2023-12-14T07:25:17.577Z"
158138289,"KDH","1702538702","s","1100","30150","1382400","2023-12-14T07:25:15.460Z","2023-12-14T07:25:15.460Z"
158138048,"KDH","1702538699","b","300","30200","1381300","2023-12-14T07:25:12.482Z","2023-12-14T07:25:12.482Z"
158138046,"KDH","1702538699","s","500","30200","1381300","2023-12-14T07:25:12.482Z","2023-12-14T07:25:12.482Z"
158138045,"KDH","1702538699","s","200","30200","1381300","2023-12-14T07:25:12.482Z","2023-12-14T07:25:12.482Z"
158138044,"KDH","1702538699","s","100","30200","1381300","2023-12-14T07:25:12.482Z","2023-12-14T07:25:12.482Z"
158138043,"KDH","1702538699","s","100","30200","1381300","2023-12-14T07:25:12.482Z","2023-12-14T07:25:12.482Z"
158138042,"KDH","1702538699","s","200","30200","1381300","2023-12-14T07:25:12.482Z","2023-12-14T07:25:12.482Z"
158138041,"KDH","1702538699","s","7900","30200","1381300","2023-12-14T07:25:12.482Z","2023-12-14T07:25:12.482Z"
158137872,"KDH","1702538696","b","500","30250","1371500","2023-12-14T07:25:09.515Z","2023-12-14T07:25:09.515Z"
158137863,"KDH","1702538695","s","2000","30200","1371500","2023-12-14T07:25:09.515Z","2023-12-14T07:25:09.515Z"
158137706,"KDH","1702538693","b","300","30250","1369200","2023-12-14T07:25:06.470Z","2023-12-14T07:25:06.470Z"
158136732,"KDH","1702538684","s","1000","30200","1368200","2023-12-14T07:24:57.633Z","2023-12-14T07:24:57.633Z"
158136587,"KDH","1702538682","s","2000","30200","1368200","2023-12-14T07:24:55.507Z","2023-12-14T07:24:55.507Z"
158135764,"KDH","1702538674","s","1000","30200","1366200","2023-12-14T07:24:47.500Z","2023-12-14T07:24:47.500Z"
158135662,"KDH","1702538673","s","1000","30200","1365200","2023-12-14T07:24:47.500Z","2023-12-14T07:24:47.500Z"
158135319,"KDH","1702538669","s","100","30200","1364100","2023-12-14T07:24:42.447Z","2023-12-14T07:24:42.447Z"
158135147,"KDH","1702538666","b","600","30250","1362900","2023-12-14T07:24:39.479Z","2023-12-14T07:24:39.479Z"
158135092,"KDH","1702538666","s","600","30150","1361900","2023-12-14T07:24:38.512Z","2023-12-14T07:24:38.512Z"
158135091,"KDH","1702538666","s","400","30150","1361900","2023-12-14T07:24:38.512Z","2023-12-14T07:24:38.512Z"
158135090,"KDH","1702538666","s","100","30200","1361900","2023-12-14T07:24:38.512Z","2023-12-14T07:24:38.512Z"
158135089,"KDH","1702538666","s","500","30200","1361900","2023-12-14T07:24:38.512Z","2023-12-14T07:24:38.512Z"
158134352,"KDH","1702538657","s","2200","30150","1361900","2023-12-14T07:24:30.450Z","2023-12-14T07:24:30.450Z"
158134153,"KDH","1702538655","s","1800","30150","1359700","2023-12-14T07:24:28.626Z","2023-12-14T07:24:28.626Z"
