"id","symbol","truncTime","matchType","matchVol","matchPrice","accumulatedVolume","createdAt","updatedAt"
158159815,"LGL","1702539891","unknown","1000","4090","45700","2023-12-14T07:45:04.491Z","2023-12-14T07:45:04.491Z"
158159213,"LGL","1702538989","s","200","4060","45700","2023-12-14T07:30:02.494Z","2023-12-14T07:30:02.494Z"
158159212,"LGL","1702538989","s","200","4060","45700","2023-12-14T07:30:02.494Z","2023-12-14T07:30:02.494Z"
158159211,"LGL","1702538989","s","100","4060","45700","2023-12-14T07:30:02.494Z","2023-12-14T07:30:02.494Z"
158153348,"LGL","1702538892","b","100","4070","45100","2023-12-14T07:28:25.496Z","2023-12-14T07:28:25.496Z"
158150368,"LGL","1702538845","b","100","4070","45100","2023-12-14T07:27:38.468Z","2023-12-14T07:27:38.468Z"
158146960,"LGL","1702538799","b","100","4070","45000","2023-12-14T07:26:53.466Z","2023-12-14T07:26:53.466Z"
158141758,"LGL","1702538740","s","200","4070","44900","2023-12-14T07:25:53.620Z","2023-12-14T07:25:53.620Z"
158141757,"LGL","1702538740","s","200","4070","44900","2023-12-14T07:25:53.620Z","2023-12-14T07:25:53.620Z"
158083100,"LGL","1702537759","b","200","4100","44300","2023-12-14T07:09:32.450Z","2023-12-14T07:09:32.450Z"
158060993,"LGL","1702537299","b","100","4110","44200","2023-12-14T07:01:52.447Z","2023-12-14T07:01:52.447Z"
158052632,"LGL","1702537060","s","100","4070","37500","2023-12-14T06:57:53.428Z","2023-12-14T06:57:53.428Z"
158052631,"LGL","1702537060","s","3600","4070","37500","2023-12-14T06:57:53.428Z","2023-12-14T06:57:53.428Z"
158052625,"LGL","1702537060","s","3000","4070","37500","2023-12-14T06:57:52.428Z","2023-12-14T06:57:52.428Z"
158050520,"LGL","1702536987","b","1000","4080","36500","2023-12-14T06:56:40.435Z","2023-12-14T06:56:40.435Z"
158047063,"LGL","1702536846","b","800","4080","35700","2023-12-14T06:54:19.417Z","2023-12-14T06:54:19.417Z"
158046472,"LGL","1702536828","s","600","4070","31800","2023-12-14T06:54:02.432Z","2023-12-14T06:54:02.432Z"
158046469,"LGL","1702536828","s","3300","4070","31800","2023-12-14T06:54:02.432Z","2023-12-14T06:54:02.432Z"
158041782,"LGL","1702536646","s","300","4070","31200","2023-12-14T06:51:00.416Z","2023-12-14T06:51:00.416Z"
158041781,"LGL","1702536646","s","200","4070","31200","2023-12-14T06:51:00.416Z","2023-12-14T06:51:00.416Z"
158041780,"LGL","1702536646","s","100","4070","31200","2023-12-14T06:51:00.416Z","2023-12-14T06:51:00.416Z"
158038353,"LGL","1702536476","b","1000","4080","30200","2023-12-14T06:48:09.424Z","2023-12-14T06:48:09.424Z"
158037414,"LGL","1702536425","b","300","4080","29900","2023-12-14T06:47:18.410Z","2023-12-14T06:47:18.410Z"
158036797,"LGL","1702536392","b","100","4080","29800","2023-12-14T06:46:45.414Z","2023-12-14T06:46:45.414Z"
158028733,"LGL","1702535969","b","200","4090","29800","2023-12-14T06:39:42.394Z","2023-12-14T06:39:42.394Z"
158026570,"LGL","1702535862","b","800","4090","28800","2023-12-14T06:37:55.418Z","2023-12-14T06:37:55.418Z"
158001324,"LGL","1702534715","s","500","4070","28300","2023-12-14T06:18:48.401Z","2023-12-14T06:18:48.401Z"
157999117,"LGL","1702534605","s","400","4070","27600","2023-12-14T06:16:58.385Z","2023-12-14T06:16:58.385Z"
157999116,"LGL","1702534605","s","100","4070","27600","2023-12-14T06:16:58.385Z","2023-12-14T06:16:58.385Z"
157999115,"LGL","1702534605","s","200","4070","27600","2023-12-14T06:16:58.385Z","2023-12-14T06:16:58.385Z"
157995619,"LGL","1702534420","s","100","4080","27500","2023-12-14T06:13:53.392Z","2023-12-14T06:13:53.392Z"
157995365,"LGL","1702534408","s","200","4080","25000","2023-12-14T06:13:41.387Z","2023-12-14T06:13:41.387Z"
157995364,"LGL","1702534408","s","2300","4080","25000","2023-12-14T06:13:41.387Z","2023-12-14T06:13:41.387Z"
157983165,"LGL","1702533738","s","100","4090","22900","2023-12-14T06:02:30.377Z","2023-12-14T06:02:30.377Z"
157983164,"LGL","1702533738","s","2000","4090","22900","2023-12-14T06:02:30.377Z","2023-12-14T06:02:30.377Z"
157975803,"LGL","1702528001","b","100","4110","22800","2023-12-14T04:26:54.279Z","2023-12-14T04:26:54.279Z"
157971763,"LGL","1702527717","b","2700","4080","20100","2023-12-14T04:22:10.269Z","2023-12-14T04:22:10.269Z"
157969922,"LGL","1702527608","b","1000","4080","19100","2023-12-14T04:20:21.271Z","2023-12-14T04:20:21.271Z"
157968473,"LGL","1702527530","b","100","4080","19000","2023-12-14T04:19:03.293Z","2023-12-14T04:19:03.293Z"
157968366,"LGL","1702527523","b","1000","4080","18000","2023-12-14T04:18:56.269Z","2023-12-14T04:18:56.269Z"
157966959,"LGL","1702527461","s","200","4080","14800","2023-12-14T04:17:53.274Z","2023-12-14T04:17:53.274Z"
157966958,"LGL","1702527461","s","500","4080","14800","2023-12-14T04:17:53.274Z","2023-12-14T04:17:53.274Z"
157966957,"LGL","1702527461","s","500","4080","14800","2023-12-14T04:17:53.274Z","2023-12-14T04:17:53.274Z"
157966956,"LGL","1702527461","s","500","4080","14800","2023-12-14T04:17:53.274Z","2023-12-14T04:17:53.274Z"
157966955,"LGL","1702527461","s","400","4080","14800","2023-12-14T04:17:53.274Z","2023-12-14T04:17:53.274Z"
157966954,"LGL","1702527461","s","1100","4090","14800","2023-12-14T04:17:53.274Z","2023-12-14T04:17:53.274Z"
157963983,"LGL","1702527318","s","1000","4090","14800","2023-12-14T04:15:31.268Z","2023-12-14T04:15:31.268Z"
157929004,"LGL","1702525195","s","100","4090","13800","2023-12-14T03:40:08.230Z","2023-12-14T03:40:08.230Z"
157929003,"LGL","1702525195","s","100","4090","13800","2023-12-14T03:40:08.230Z","2023-12-14T03:40:08.230Z"
157928892,"LGL","1702525189","s","100","4100","13500","2023-12-14T03:40:02.243Z","2023-12-14T03:40:02.243Z"
157927311,"LGL","1702525068","b","400","4110","13500","2023-12-14T03:38:01.227Z","2023-12-14T03:38:01.227Z"
157922245,"LGL","1702524781","b","500","4110","12600","2023-12-14T03:33:14.217Z","2023-12-14T03:33:14.217Z"
157917640,"LGL","1702524533","s","100","4110","12600","2023-12-14T03:29:06.248Z","2023-12-14T03:29:06.248Z"
157911998,"LGL","1702524302","b","100","4120","12400","2023-12-14T03:25:15.229Z","2023-12-14T03:25:15.229Z"
157910607,"LGL","1702524249","s","100","4100","12300","2023-12-14T03:24:22.221Z","2023-12-14T03:24:22.221Z"
157906003,"LGL","1702524083","s","1600","4080","12300","2023-12-14T03:21:36.224Z","2023-12-14T03:21:36.224Z"
157906002,"LGL","1702524083","s","100","4080","12300","2023-12-14T03:21:36.224Z","2023-12-14T03:21:36.224Z"
157906001,"LGL","1702524083","s","100","4090","12300","2023-12-14T03:21:36.224Z","2023-12-14T03:21:36.224Z"
157905365,"LGL","1702524066","s","100","4080","10400","2023-12-14T03:21:19.252Z","2023-12-14T03:21:19.252Z"
157904384,"LGL","1702524037","s","700","4090","10400","2023-12-14T03:20:50.244Z","2023-12-14T03:20:50.244Z"
157904383,"LGL","1702524037","s","200","4090","10400","2023-12-14T03:20:50.244Z","2023-12-14T03:20:50.244Z"
157894244,"LGL","1702523766","s","2000","4100","9500","2023-12-14T03:16:19.239Z","2023-12-14T03:16:19.239Z"
157887985,"LGL","1702523608","s","100","4090","7400","2023-12-14T03:13:41.289Z","2023-12-14T03:13:41.289Z"
157879667,"LGL","1702523356","b","1200","4090","7400","2023-12-14T03:09:29.209Z","2023-12-14T03:09:29.209Z"
157878278,"LGL","1702523293","s","100","4090","6200","2023-12-14T03:08:26.222Z","2023-12-14T03:08:26.222Z"
157878277,"LGL","1702523293","s","500","4090","6200","2023-12-14T03:08:26.222Z","2023-12-14T03:08:26.222Z"
157878276,"LGL","1702523293","s","300","4090","6200","2023-12-14T03:08:26.222Z","2023-12-14T03:08:26.222Z"
157878275,"LGL","1702523293","s","100","4100","6200","2023-12-14T03:08:26.222Z","2023-12-14T03:08:26.222Z"
157873367,"LGL","1702523045","b","200","4130","4900","2023-12-14T03:04:19.218Z","2023-12-14T03:04:19.218Z"
157873366,"LGL","1702523045","b","100","4130","4900","2023-12-14T03:04:19.218Z","2023-12-14T03:04:19.218Z"
157852546,"LGL","1702521950","b","100","4130","4700","2023-12-14T02:46:03.177Z","2023-12-14T02:46:03.177Z"
157852545,"LGL","1702521950","b","100","4130","4700","2023-12-14T02:46:03.177Z","2023-12-14T02:46:03.177Z"
157851991,"LGL","1702521919","b","100","4130","4600","2023-12-14T02:45:32.195Z","2023-12-14T02:45:32.195Z"
157851451,"LGL","1702521890","b","3000","4120","4600","2023-12-14T02:45:03.186Z","2023-12-14T02:45:03.186Z"
157851450,"LGL","1702521890","b","1000","4120","4600","2023-12-14T02:45:03.186Z","2023-12-14T02:45:03.186Z"
157851449,"LGL","1702521890","b","200","4120","4600","2023-12-14T02:45:03.186Z","2023-12-14T02:45:03.186Z"
157813223,"LGL","1702520466","b","100","4120","400","2023-12-14T02:21:19.173Z","2023-12-14T02:21:19.173Z"
157808657,"LGL","1702520332","s","300","4090","0","2023-12-14T02:19:05.201Z","2023-12-14T02:19:05.201Z"
