"id","symbol","truncTime","matchType","matchVol","matchPrice","accumulatedVolume","createdAt","updatedAt"
158160916,"NAB","1702540797","b","1000","14400","745500","2023-12-14T07:59:58.478Z","2023-12-14T07:59:58.478Z"
158160903,"NAB","1702540792","s","5100","14300","744500","2023-12-14T07:59:53.470Z","2023-12-14T07:59:53.470Z"
158160360,"NAB","1702540106","b","100","14300","739400","2023-12-14T07:48:27.457Z","2023-12-14T07:48:27.457Z"
158160248,"NAB","1702539931","b","2000","14300","739300","2023-12-14T07:45:34.461Z","2023-12-14T07:45:34.461Z"
158159675,"NAB","1702539830","b","5000","14300","737300","2023-12-14T07:43:51.453Z","2023-12-14T07:43:51.453Z"
158159597,"NAB","1702539666","b","5000","14300","732300","2023-12-14T07:41:08.453Z","2023-12-14T07:41:08.453Z"
158159491,"NAB","1702539437","s","200","14200","727300","2023-12-14T07:37:19.450Z","2023-12-14T07:37:19.450Z"
158159486,"NAB","1702539426","s","30000","14200","727100","2023-12-14T07:37:08.448Z","2023-12-14T07:37:08.448Z"
158159470,"NAB","1702539407","s","100","14200","697100","2023-12-14T07:36:49.448Z","2023-12-14T07:36:49.448Z"
158159452,"NAB","1702539370","s","100","14200","697000","2023-12-14T07:36:12.448Z","2023-12-14T07:36:12.448Z"
158159433,"NAB","1702539351","s","100","14200","696900","2023-12-14T07:35:52.446Z","2023-12-14T07:35:52.446Z"
158159287,"NAB","1702539090","s","100","14200","696800","2023-12-14T07:31:32.447Z","2023-12-14T07:31:32.447Z"
158143140,"NAB","1702538766","s","100","14200","696700","2023-12-14T07:26:08.439Z","2023-12-14T07:26:08.439Z"
158127933,"NAB","1702538597","s","1900","14300","696600","2023-12-14T07:23:18.485Z","2023-12-14T07:23:18.485Z"
158122701,"NAB","1702538542","s","1100","14300","694700","2023-12-14T07:22:24.578Z","2023-12-14T07:22:24.578Z"
158083640,"NAB","1702537790","b","100","14300","693600","2023-12-14T07:09:52.470Z","2023-12-14T07:09:52.470Z"
158083127,"NAB","1702537772","b","100","14300","693500","2023-12-14T07:09:33.436Z","2023-12-14T07:09:33.436Z"
158081650,"NAB","1702537731","b","1400","14300","693400","2023-12-14T07:08:52.449Z","2023-12-14T07:08:52.449Z"
158077479,"NAB","1702537594","s","2600","14300","692000","2023-12-14T07:06:36.448Z","2023-12-14T07:06:36.448Z"
158074929,"NAB","1702537528","s","5000","14300","689400","2023-12-14T07:05:29.446Z","2023-12-14T07:05:29.446Z"
158073448,"NAB","1702537498","s","5000","14300","684400","2023-12-14T07:04:59.450Z","2023-12-14T07:04:59.450Z"
158061930,"NAB","1702537326","s","12300","14300","679400","2023-12-14T07:02:08.445Z","2023-12-14T07:02:08.445Z"
158057239,"NAB","1702537231","s","37700","14300","667100","2023-12-14T07:00:33.430Z","2023-12-14T07:00:33.430Z"
158048547,"NAB","1702536921","s","1000","14300","629400","2023-12-14T06:55:22.420Z","2023-12-14T06:55:22.420Z"
158047953,"NAB","1702536894","b","1000","14400","628400","2023-12-14T06:54:55.426Z","2023-12-14T06:54:55.426Z"
158047036,"NAB","1702536856","b","800","14400","627400","2023-12-14T06:54:17.426Z","2023-12-14T06:54:17.426Z"
158011301,"NAB","1702535203","b","5000","14400","626600","2023-12-14T06:26:45.389Z","2023-12-14T06:26:45.389Z"
158008812,"NAB","1702535094","s","300","14300","621600","2023-12-14T06:24:56.393Z","2023-12-14T06:24:56.393Z"
158000141,"NAB","1702534669","s","1000","14300","621300","2023-12-14T06:17:51.385Z","2023-12-14T06:17:51.385Z"
157997862,"NAB","1702534552","s","200","14300","620300","2023-12-14T06:15:54.427Z","2023-12-14T06:15:54.427Z"
157994262,"NAB","1702534359","s","6000","14300","620100","2023-12-14T06:12:41.384Z","2023-12-14T06:12:41.384Z"
157982409,"NAB","1702533708","s","100","14300","614100","2023-12-14T06:01:49.375Z","2023-12-14T06:01:49.375Z"
157980736,"NAB","1702533613","s","200","14300","614000","2023-12-14T06:00:15.422Z","2023-12-14T06:00:15.422Z"
157980068,"NAB","1702533608","s","1800","14300","613800","2023-12-14T06:00:10.464Z","2023-12-14T06:00:10.464Z"
157979338,"NAB","1702533606","s","4100","14300","612000","2023-12-14T06:00:08.438Z","2023-12-14T06:00:08.438Z"
157966376,"NAB","1702527443","b","20000","14300","607900","2023-12-14T04:17:25.297Z","2023-12-14T04:17:25.297Z"
157965371,"NAB","1702527392","b","20000","14400","587900","2023-12-14T04:16:33.280Z","2023-12-14T04:16:33.280Z"
157963871,"NAB","1702527324","b","21500","14400","567900","2023-12-14T04:15:26.284Z","2023-12-14T04:15:26.284Z"
157957774,"NAB","1702526885","s","100","14300","546400","2023-12-14T04:08:07.284Z","2023-12-14T04:08:07.284Z"
157956512,"NAB","1702526795","b","33100","14300","546300","2023-12-14T04:06:37.271Z","2023-12-14T04:06:37.271Z"
157953921,"NAB","1702526627","b","10000","14300","513200","2023-12-14T04:03:48.250Z","2023-12-14T04:03:48.250Z"
157951581,"NAB","1702526487","b","20000","14300","503200","2023-12-14T04:01:29.256Z","2023-12-14T04:01:29.256Z"
157942291,"NAB","1702525974","b","5000","14300","483200","2023-12-14T03:52:55.299Z","2023-12-14T03:52:55.299Z"
157937492,"NAB","1702525719","b","5000","14300","478200","2023-12-14T03:48:40.230Z","2023-12-14T03:48:40.230Z"
157934036,"NAB","1702525528","s","7600","14300","473200","2023-12-14T03:45:29.223Z","2023-12-14T03:45:29.223Z"
157918623,"NAB","1702524586","b","3600","14300","465600","2023-12-14T03:29:48.223Z","2023-12-14T03:29:48.223Z"
157916023,"NAB","1702524471","b","1000","14300","462000","2023-12-14T03:27:53.228Z","2023-12-14T03:27:53.228Z"
157903291,"NAB","1702524018","b","6800","14300","461000","2023-12-14T03:20:20.284Z","2023-12-14T03:20:20.284Z"
157894805,"NAB","1702523797","s","500","14300","454200","2023-12-14T03:16:39.215Z","2023-12-14T03:16:39.215Z"
157894339,"NAB","1702523781","s","500","14300","453700","2023-12-14T03:16:23.217Z","2023-12-14T03:16:23.217Z"
157883827,"NAB","1702523511","s","20000","14300","453200","2023-12-14T03:11:52.213Z","2023-12-14T03:11:52.213Z"
157879079,"NAB","1702523338","s","2200","14300","433200","2023-12-14T03:08:59.261Z","2023-12-14T03:08:59.261Z"
157878553,"NAB","1702523314","s","2800","14300","431000","2023-12-14T03:08:35.212Z","2023-12-14T03:08:35.212Z"
157877658,"NAB","1702523275","s","500","14300","428200","2023-12-14T03:07:56.210Z","2023-12-14T03:07:56.210Z"
157875438,"NAB","1702523179","s","1000","14300","427700","2023-12-14T03:06:21.212Z","2023-12-14T03:06:21.212Z"
157872039,"NAB","1702523003","s","1000","14300","426700","2023-12-14T03:03:25.223Z","2023-12-14T03:03:25.223Z"
157871981,"NAB","1702522999","s","35000","14300","425700","2023-12-14T03:03:21.200Z","2023-12-14T03:03:21.200Z"
157865981,"NAB","1702522711","s","1100","14300","390700","2023-12-14T02:58:32.195Z","2023-12-14T02:58:32.195Z"
157865673,"NAB","1702522693","s","100","14300","389600","2023-12-14T02:58:14.222Z","2023-12-14T02:58:14.222Z"
157864051,"NAB","1702522598","s","500","14300","389500","2023-12-14T02:56:39.194Z","2023-12-14T02:56:39.194Z"
157861866,"NAB","1702522477","s","10000","14300","389000","2023-12-14T02:54:39.192Z","2023-12-14T02:54:39.192Z"
157860172,"NAB","1702522380","b","3000","14400","379000","2023-12-14T02:53:02.188Z","2023-12-14T02:53:02.188Z"
157859091,"NAB","1702522322","unknown","2000","14400","376000","2023-12-14T02:52:04.193Z","2023-12-14T02:52:04.193Z"
157858201,"NAB","1702522269","s","700","14400","374000","2023-12-14T02:51:11.190Z","2023-12-14T02:51:11.190Z"
157857520,"NAB","1702522230","s","7300","14400","373300","2023-12-14T02:50:33.197Z","2023-12-14T02:50:33.197Z"
157856275,"NAB","1702522159","b","6500","14400","366000","2023-12-14T02:49:21.184Z","2023-12-14T02:49:21.184Z"
157856256,"NAB","1702522158","s","2000","14400","359500","2023-12-14T02:49:20.184Z","2023-12-14T02:49:20.184Z"
157856233,"NAB","1702522157","s","1200","14400","357500","2023-12-14T02:49:19.186Z","2023-12-14T02:49:19.186Z"
157855959,"NAB","1702522139","s","10000","14400","356300","2023-12-14T02:49:02.193Z","2023-12-14T02:49:02.193Z"
157855392,"NAB","1702522103","s","80300","14400","346300","2023-12-14T02:48:25.189Z","2023-12-14T02:48:25.189Z"
157855323,"NAB","1702522098","s","5000","14300","266000","2023-12-14T02:48:20.188Z","2023-12-14T02:48:20.188Z"
157852174,"NAB","1702521940","b","5000","14400","261000","2023-12-14T02:45:42.180Z","2023-12-14T02:45:42.180Z"
157842939,"NAB","1702521545","b","2700","14400","256000","2023-12-14T02:39:07.202Z","2023-12-14T02:39:07.202Z"
157842721,"NAB","1702521538","b","1000","14400","253300","2023-12-14T02:39:00.179Z","2023-12-14T02:39:00.179Z"
157840886,"NAB","1702521467","b","2000","14400","252300","2023-12-14T02:37:49.178Z","2023-12-14T02:37:49.178Z"
157838096,"NAB","1702521374","b","3900","14400","250300","2023-12-14T02:36:16.182Z","2023-12-14T02:36:16.182Z"
157837357,"NAB","1702521343","s","35000","14400","246400","2023-12-14T02:35:45.188Z","2023-12-14T02:35:45.188Z"
157837179,"NAB","1702521336","s","1000","14400","211400","2023-12-14T02:35:38.172Z","2023-12-14T02:35:38.172Z"
157836898,"NAB","1702521323","s","200","14400","210400","2023-12-14T02:35:25.197Z","2023-12-14T02:35:25.197Z"
157835910,"NAB","1702521289","s","100","14400","210200","2023-12-14T02:34:51.183Z","2023-12-14T02:34:51.183Z"
157835333,"NAB","1702521268","s","100","14400","210100","2023-12-14T02:34:29.175Z","2023-12-14T02:34:29.175Z"
157834141,"NAB","1702521212","s","200","14400","210000","2023-12-14T02:33:34.186Z","2023-12-14T02:33:34.186Z"
157833323,"NAB","1702521178","s","500","14400","209800","2023-12-14T02:33:00.182Z","2023-12-14T02:33:00.182Z"
157833291,"NAB","1702521177","s","600","14400","209300","2023-12-14T02:32:59.196Z","2023-12-14T02:32:59.196Z"
157832517,"NAB","1702521144","s","20000","14400","208700","2023-12-14T02:32:26.175Z","2023-12-14T02:32:26.175Z"
157831944,"NAB","1702521119","s","3000","14400","188700","2023-12-14T02:32:01.170Z","2023-12-14T02:32:01.170Z"
157829879,"NAB","1702521035","b","600","14500","185700","2023-12-14T02:30:37.177Z","2023-12-14T02:30:37.177Z"
157829795,"NAB","1702521032","s","300","14400","185100","2023-12-14T02:30:34.194Z","2023-12-14T02:30:34.194Z"
157829469,"NAB","1702521018","b","700","14400","184800","2023-12-14T02:30:19.178Z","2023-12-14T02:30:19.178Z"
157829247,"NAB","1702521010","b","500","14400","184100","2023-12-14T02:30:12.190Z","2023-12-14T02:30:12.190Z"
157828728,"NAB","1702520994","b","1000","14400","183600","2023-12-14T02:29:56.190Z","2023-12-14T02:29:56.190Z"
157828550,"NAB","1702520989","s","17800","14400","182600","2023-12-14T02:29:51.194Z","2023-12-14T02:29:51.194Z"
157828212,"NAB","1702520978","b","2200","14400","164800","2023-12-14T02:29:40.177Z","2023-12-14T02:29:40.177Z"
157827311,"NAB","1702520948","b","15000","14400","162600","2023-12-14T02:29:10.200Z","2023-12-14T02:29:10.200Z"
157826476,"NAB","1702520915","b","15000","14400","147600","2023-12-14T02:28:37.173Z","2023-12-14T02:28:37.173Z"
157826451,"NAB","1702520914","s","18000","14400","132600","2023-12-14T02:28:36.174Z","2023-12-14T02:28:36.174Z"
157825771,"NAB","1702520887","s","100","14400","114600","2023-12-14T02:28:08.175Z","2023-12-14T02:28:08.175Z"
157824874,"NAB","1702520850","b","81900","14400","114500","2023-12-14T02:27:31.200Z","2023-12-14T02:27:31.200Z"
157817739,"NAB","1702520627","b","400","14200","32600","2023-12-14T02:23:49.171Z","2023-12-14T02:23:49.171Z"
157816506,"NAB","1702520583","b","2800","14200","32200","2023-12-14T02:23:05.182Z","2023-12-14T02:23:05.182Z"
