"id","symbol","truncTime","matchType","matchVol","matchPrice","accumulatedVolume","createdAt","updatedAt"
158160069,"PVT","1702539895","unknown","108500","25300","3367600","2023-12-14T07:45:08.499Z","2023-12-14T07:45:08.499Z"
158159134,"PVT","1702538988","s","1500","25350","3365600","2023-12-14T07:30:01.494Z","2023-12-14T07:30:01.494Z"
158159133,"PVT","1702538988","s","500","25350","3365600","2023-12-14T07:30:01.494Z","2023-12-14T07:30:01.494Z"
158158828,"PVT","1702538983","b","4500","25350","3361100","2023-12-14T07:29:56.479Z","2023-12-14T07:29:56.479Z"
158158746,"PVT","1702538982","b","3000","25350","3361100","2023-12-14T07:29:55.525Z","2023-12-14T07:29:55.525Z"
158158583,"PVT","1702538979","s","900","25300","3351200","2023-12-14T07:29:53.467Z","2023-12-14T07:29:53.467Z"
158158582,"PVT","1702538979","s","5000","25300","3351200","2023-12-14T07:29:53.467Z","2023-12-14T07:29:53.467Z"
158158581,"PVT","1702538979","s","200","25300","3351200","2023-12-14T07:29:53.467Z","2023-12-14T07:29:53.467Z"
158158580,"PVT","1702538979","s","500","25300","3351200","2023-12-14T07:29:53.467Z","2023-12-14T07:29:53.467Z"
158158579,"PVT","1702538979","s","300","25300","3351200","2023-12-14T07:29:53.467Z","2023-12-14T07:29:53.467Z"
158158153,"PVT","1702538973","b","300","25350","3351200","2023-12-14T07:29:45.466Z","2023-12-14T07:29:45.466Z"
158157871,"PVT","1702538968","b","700","25350","3350900","2023-12-14T07:29:41.541Z","2023-12-14T07:29:41.541Z"
158156931,"PVT","1702538952","s","100","25350","3343700","2023-12-14T07:29:25.534Z","2023-12-14T07:29:25.534Z"
158156930,"PVT","1702538952","s","300","25350","3343700","2023-12-14T07:29:25.534Z","2023-12-14T07:29:25.534Z"
158156929,"PVT","1702538952","s","1000","25350","3343700","2023-12-14T07:29:25.534Z","2023-12-14T07:29:25.534Z"
158156928,"PVT","1702538952","s","200","25350","3343700","2023-12-14T07:29:25.534Z","2023-12-14T07:29:25.534Z"
158156927,"PVT","1702538952","s","2000","25350","3343700","2023-12-14T07:29:25.534Z","2023-12-14T07:29:25.534Z"
158156926,"PVT","1702538952","s","2900","25350","3343700","2023-12-14T07:29:25.534Z","2023-12-14T07:29:25.534Z"
158156719,"PVT","1702538948","s","5000","25350","3343700","2023-12-14T07:29:21.525Z","2023-12-14T07:29:21.525Z"
158156249,"PVT","1702538942","b","500","25400","3338200","2023-12-14T07:29:15.463Z","2023-12-14T07:29:15.463Z"
158155765,"PVT","1702538934","b","200","25350","3338200","2023-12-14T07:29:07.464Z","2023-12-14T07:29:07.464Z"
158155764,"PVT","1702538934","b","1200","25350","3338200","2023-12-14T07:29:07.464Z","2023-12-14T07:29:07.464Z"
158155763,"PVT","1702538934","b","700","25350","3338200","2023-12-14T07:29:07.464Z","2023-12-14T07:29:07.464Z"
158155371,"PVT","1702538926","b","1000","25350","3335100","2023-12-14T07:28:59.466Z","2023-12-14T07:28:59.466Z"
158155302,"PVT","1702538924","b","1000","25350","3334100","2023-12-14T07:28:58.484Z","2023-12-14T07:28:58.484Z"
158155104,"PVT","1702538922","b","300","25350","3334100","2023-12-14T07:28:55.450Z","2023-12-14T07:28:55.450Z"
158154970,"PVT","1702538918","s","700","25300","3332800","2023-12-14T07:28:51.458Z","2023-12-14T07:28:51.458Z"
158154969,"PVT","1702538918","s","300","25300","3332800","2023-12-14T07:28:51.458Z","2023-12-14T07:28:51.458Z"
158154031,"PVT","1702538903","s","200","25300","3332800","2023-12-14T07:28:36.491Z","2023-12-14T07:28:36.491Z"
158154030,"PVT","1702538903","s","200","25300","3332800","2023-12-14T07:28:36.491Z","2023-12-14T07:28:36.491Z"
158154029,"PVT","1702538903","s","100","25300","3332800","2023-12-14T07:28:36.491Z","2023-12-14T07:28:36.491Z"
158154028,"PVT","1702538903","s","500","25300","3332800","2023-12-14T07:28:36.491Z","2023-12-14T07:28:36.491Z"
158153649,"PVT","1702538897","s","2000","25350","3331800","2023-12-14T07:28:31.510Z","2023-12-14T07:28:31.510Z"
158152957,"PVT","1702538885","b","10000","25350","3319800","2023-12-14T07:28:17.468Z","2023-12-14T07:28:17.468Z"
158152723,"PVT","1702538881","s","200","25350","3315400","2023-12-14T07:28:14.453Z","2023-12-14T07:28:14.453Z"
158152722,"PVT","1702538881","s","3000","25350","3315400","2023-12-14T07:28:14.453Z","2023-12-14T07:28:14.453Z"
158152721,"PVT","1702538881","s","100","25350","3315400","2023-12-14T07:28:14.453Z","2023-12-14T07:28:14.453Z"
158152720,"PVT","1702538881","s","1000","25350","3315400","2023-12-14T07:28:14.453Z","2023-12-14T07:28:14.453Z"
158152719,"PVT","1702538881","s","100","25350","3315400","2023-12-14T07:28:14.453Z","2023-12-14T07:28:14.453Z"
158152502,"PVT","1702538877","b","100","25400","3315300","2023-12-14T07:28:10.476Z","2023-12-14T07:28:10.476Z"
158152194,"PVT","1702538871","b","800","25400","3314500","2023-12-14T07:28:05.534Z","2023-12-14T07:28:05.534Z"
158152139,"PVT","1702538870","b","300","25400","3314200","2023-12-14T07:28:03.541Z","2023-12-14T07:28:03.541Z"
158151806,"PVT","1702538866","b","100","25400","3314100","2023-12-14T07:27:59.487Z","2023-12-14T07:27:59.487Z"
158151706,"PVT","1702538865","s","200","25400","3314100","2023-12-14T07:27:57.517Z","2023-12-14T07:27:57.517Z"
158151705,"PVT","1702538865","s","3000","25400","3314100","2023-12-14T07:27:57.517Z","2023-12-14T07:27:57.517Z"
158151704,"PVT","1702538865","s","2000","25400","3314100","2023-12-14T07:27:57.517Z","2023-12-14T07:27:57.517Z"
158151703,"PVT","1702538865","s","1600","25400","3314100","2023-12-14T07:27:57.517Z","2023-12-14T07:27:57.517Z"
158150848,"PVT","1702538852","s","1700","25400","3307300","2023-12-14T07:27:45.537Z","2023-12-14T07:27:45.537Z"
158150847,"PVT","1702538852","s","300","25400","3307300","2023-12-14T07:27:45.537Z","2023-12-14T07:27:45.537Z"
158150729,"PVT","1702538851","b","200","25450","3305100","2023-12-14T07:27:44.538Z","2023-12-14T07:27:44.538Z"
158149098,"PVT","1702538828","s","200","25400","3304900","2023-12-14T07:27:21.553Z","2023-12-14T07:27:21.553Z"
158147987,"PVT","1702538814","s","300","25400","3304600","2023-12-14T07:27:07.494Z","2023-12-14T07:27:07.494Z"
158147609,"PVT","1702538809","b","900","25400","3285400","2023-12-14T07:27:02.495Z","2023-12-14T07:27:02.495Z"
158147608,"PVT","1702538809","b","8000","25400","3285400","2023-12-14T07:27:02.495Z","2023-12-14T07:27:02.495Z"
158147607,"PVT","1702538809","b","4000","25400","3285400","2023-12-14T07:27:02.495Z","2023-12-14T07:27:02.495Z"
158147606,"PVT","1702538809","b","2700","25400","3285400","2023-12-14T07:27:02.495Z","2023-12-14T07:27:02.495Z"
158147605,"PVT","1702538809","b","3600","25400","3285400","2023-12-14T07:27:02.495Z","2023-12-14T07:27:02.495Z"
158147288,"PVT","1702538805","b","300","25400","3285100","2023-12-14T07:26:58.536Z","2023-12-14T07:26:58.536Z"
158146758,"PVT","1702538796","b","100","25400","3284900","2023-12-14T07:26:50.468Z","2023-12-14T07:26:50.468Z"
158146757,"PVT","1702538796","b","100","25400","3284900","2023-12-14T07:26:50.468Z","2023-12-14T07:26:50.468Z"
158145806,"PVT","1702538786","b","900","25350","3284000","2023-12-14T07:26:39.516Z","2023-12-14T07:26:39.516Z"
158145515,"PVT","1702538782","b","100","25350","3283100","2023-12-14T07:26:35.483Z","2023-12-14T07:26:35.483Z"
158145512,"PVT","1702538782","s","500","25300","3283100","2023-12-14T07:26:35.483Z","2023-12-14T07:26:35.483Z"
158145511,"PVT","1702538782","s","300","25300","3283100","2023-12-14T07:26:35.483Z","2023-12-14T07:26:35.483Z"
158145040,"PVT","1702538776","b","1000","25350","3282100","2023-12-14T07:26:29.470Z","2023-12-14T07:26:29.470Z"
158144955,"PVT","1702538775","s","2500","25300","3279600","2023-12-14T07:26:28.456Z","2023-12-14T07:26:28.456Z"
158144201,"PVT","1702538766","b","200","25300","3279600","2023-12-14T07:26:19.600Z","2023-12-14T07:26:19.600Z"
158143762,"PVT","1702538762","s","800","25250","3276700","2023-12-14T07:26:15.619Z","2023-12-14T07:26:15.619Z"
158143761,"PVT","1702538762","s","100","25250","3276700","2023-12-14T07:26:15.619Z","2023-12-14T07:26:15.619Z"
158143760,"PVT","1702538762","s","500","25250","3276700","2023-12-14T07:26:15.619Z","2023-12-14T07:26:15.619Z"
158143759,"PVT","1702538762","s","1000","25250","3276700","2023-12-14T07:26:15.619Z","2023-12-14T07:26:15.619Z"
158143758,"PVT","1702538762","s","200","25250","3276700","2023-12-14T07:26:15.619Z","2023-12-14T07:26:15.619Z"
158143757,"PVT","1702538762","s","100","25250","3276700","2023-12-14T07:26:15.619Z","2023-12-14T07:26:15.619Z"
158143706,"PVT","1702538762","b","500","25300","3276700","2023-12-14T07:26:15.619Z","2023-12-14T07:26:15.619Z"
158143223,"PVT","1702538757","s","5200","25300","3271000","2023-12-14T07:26:09.469Z","2023-12-14T07:26:09.469Z"
158143172,"PVT","1702538756","b","300","25300","3271000","2023-12-14T07:26:09.469Z","2023-12-14T07:26:09.469Z"
158143171,"PVT","1702538756","b","2000","25300","3271000","2023-12-14T07:26:09.469Z","2023-12-14T07:26:09.469Z"
158143170,"PVT","1702538756","b","2000","25300","3271000","2023-12-14T07:26:09.469Z","2023-12-14T07:26:09.469Z"
158143169,"PVT","1702538756","b","500","25300","3271000","2023-12-14T07:26:09.469Z","2023-12-14T07:26:09.469Z"
158142656,"PVT","1702538750","b","200","25300","3265500","2023-12-14T07:26:03.466Z","2023-12-14T07:26:03.466Z"
158142655,"PVT","1702538750","b","500","25300","3265500","2023-12-14T07:26:03.466Z","2023-12-14T07:26:03.466Z"
158141995,"PVT","1702538741","b","200","25300","3265300","2023-12-14T07:25:55.538Z","2023-12-14T07:25:55.538Z"
158140973,"PVT","1702538730","b","100","25300","3264700","2023-12-14T07:25:43.454Z","2023-12-14T07:25:43.454Z"
158140972,"PVT","1702538730","b","500","25300","3264700","2023-12-14T07:25:43.454Z","2023-12-14T07:25:43.454Z"
158140836,"PVT","1702538728","b","500","25300","3264200","2023-12-14T07:25:41.453Z","2023-12-14T07:25:41.453Z"
158140235,"PVT","1702538721","s","100","25250","3264200","2023-12-14T07:25:34.511Z","2023-12-14T07:25:34.511Z"
158139907,"PVT","1702538717","b","2000","25300","3262100","2023-12-14T07:25:31.560Z","2023-12-14T07:25:31.560Z"
158138991,"PVT","1702538708","b","4000","25300","3262100","2023-12-14T07:25:21.550Z","2023-12-14T07:25:21.550Z"
158138990,"PVT","1702538708","b","7500","25300","3262100","2023-12-14T07:25:21.550Z","2023-12-14T07:25:21.550Z"
158138448,"PVT","1702538703","s","200","25250","3250400","2023-12-14T07:25:16.482Z","2023-12-14T07:25:16.482Z"
158137983,"PVT","1702538697","b","100","25300","3250200","2023-12-14T07:25:11.471Z","2023-12-14T07:25:11.471Z"
158137982,"PVT","1702538697","b","100","25300","3250200","2023-12-14T07:25:11.471Z","2023-12-14T07:25:11.471Z"
158137415,"PVT","1702538690","b","1000","25300","3249200","2023-12-14T07:25:03.551Z","2023-12-14T07:25:03.551Z"
158137323,"PVT","1702538689","b","100","25300","3249000","2023-12-14T07:25:02.553Z","2023-12-14T07:25:02.553Z"
158137322,"PVT","1702538689","b","100","25300","3249000","2023-12-14T07:25:02.553Z","2023-12-14T07:25:02.553Z"
158137162,"PVT","1702538688","s","1000","25250","3249000","2023-12-14T07:25:00.502Z","2023-12-14T07:25:00.502Z"
158136509,"PVT","1702538682","b","500","25300","3248000","2023-12-14T07:24:55.507Z","2023-12-14T07:24:55.507Z"
158136508,"PVT","1702538682","b","500","25300","3248000","2023-12-14T07:24:55.507Z","2023-12-14T07:24:55.507Z"
158136478,"PVT","1702538681","b","100","25300","3247000","2023-12-14T07:24:54.546Z","2023-12-14T07:24:54.546Z"
158136048,"PVT","1702538677","b","200","25300","3246700","2023-12-14T07:24:50.487Z","2023-12-14T07:24:50.487Z"
