"price","change","match_qtty","side","time","total_vol"
15.9,0.05,38300,"","14:45:00",1307900
16,0.15,3000,"sd","14:29:53",1269600
16,0.15,900,"bu","14:29:44",1266600
16,0.15,100,"sd","14:29:43",1265700
16,0.15,1000,"sd","14:29:39",1265600
16,0.15,16200,"sd","14:29:31",1264600
16,0.15,500,"sd","14:29:26",1248400
16,0.15,3000,"sd","14:29:16",1247900
16,0.15,1000,"sd","14:29:14",1244900
16,0.15,300,"sd","14:29:05",1243900
16.05,0.2,1400,"bu","14:28:45",1243600
16.05,0.2,10000,"sd","14:28:30",1242200
16.05,0.2,300,"sd","14:28:17",1232200
16.05,0.2,1000,"sd","14:28:14",1231900
16.05,0.2,3700,"sd","14:28:01",1230900
16.1,0.25,5500,"sd","14:27:56",1227200
16.1,0.25,500,"sd","14:27:51",1221700
16.1,0.25,100,"sd","14:27:50",1221200
16.1,0.25,1000,"sd","14:27:45",1221100
16.1,0.25,2000,"sd","14:27:44",1220100
16.1,0.25,5000,"sd","14:27:43",1218100
16.1,0.25,4000,"sd","14:27:35",1213100
16.15,0.3,100,"bu","14:27:27",1209100
16.15,0.3,700,"sd","14:26:59",1209000
16.15,0.3,500,"sd","14:26:58",1208300
16.2,0.35,900,"bu","14:26:38",1207800
16.2,0.35,5000,"bu","14:26:37",1206900
16.15,0.3,300,"sd","14:26:33",1201900
16.15,0.3,1600,"sd","14:26:29",1201600
16.15,0.3,2500,"sd","14:26:25",1200000
16.15,0.3,500,"sd","14:26:18",1197500
16.15,0.3,3000,"sd","14:26:17",1197000
16.15,0.3,100,"sd","14:26:09",1194000
16.15,0.3,500,"sd","14:26:08",1193900
16.15,0.3,500,"sd","14:26:02",1193400
16.15,0.3,5000,"sd","14:25:56",1192900
16.15,0.3,500,"sd","14:25:49",1187900
16.15,0.3,8800,"bu","14:25:48",1187400
16.15,0.3,1000,"bu","14:25:25",1178600
16.15,0.3,100,"sd","14:25:21",1177600
16.15,0.3,10000,"sd","14:25:20",1177500
16.15,0.3,100,"sd","14:25:18",1167500
16.15,0.3,10000,"sd","14:25:14",1167400
16.2,0.35,300,"bu","14:25:09",1157400
16.15,0.3,200,"sd","14:24:57",1157100
16.15,0.3,200,"sd","14:24:45",1156900
16.2,0.35,1000,"bu","14:24:23",1156700
16.15,0.3,500,"sd","14:24:21",1155700
16.15,0.3,1000,"sd","14:24:19",1155200
16.15,0.3,500,"sd","14:24:12",1154200
16.15,0.3,400,"sd","14:24:09",1153700
16.15,0.3,1000,"sd","14:24:03",1153300
16.15,0.3,1000,"sd","14:23:37",1152300
16.15,0.3,1100,"sd","14:23:18",1151300
16.15,0.3,1000,"sd","14:22:58",1150200
16.15,0.3,500,"sd","14:22:46",1149200
16.15,0.3,1000,"sd","14:22:45",1148700
16.15,0.3,1000,"sd","14:22:34",1147700
16.15,0.3,200,"sd","14:22:15",1146700
16.15,0.3,2500,"bu","14:22:08",1146500
16.15,0.3,2200,"bu","14:21:51",1144000
16.15,0.3,2000,"bu","14:21:39",1141800
16.15,0.3,500,"bu","14:21:36",1139800
16.15,0.3,10000,"bu","14:21:32",1139300
16.15,0.3,100,"bu","14:21:29",1129300
16.15,0.3,200,"bu","14:21:05",1129200
16.15,0.3,5000,"bu","14:20:56",1129000
16.1,0.25,500,"sd","14:20:46",1124000
16.1,0.25,5000,"sd","14:19:42",1123500
16.1,0.25,1000,"sd","14:19:31",1118500
16.1,0.25,4400,"sd","14:19:28",1117500
16.1,0.25,300,"bu","14:18:46",1113100
16.1,0.25,100,"bu","14:18:36",1112800
16.1,0.25,5000,"bu","14:18:26",1112700
16.1,0.25,500,"bu","14:18:23",1107700
16.1,0.25,100,"bu","14:18:22",1107200
16.1,0.25,10000,"bu","14:18:20",1107100
16.1,0.25,100,"bu","14:18:08",1097100
16.1,0.25,500,"bu","14:17:56",1097000
16.1,0.25,500,"bu","14:17:52",1096500
16.05,0.2,1000,"sd","14:16:34",1096000
16.05,0.2,500,"sd","14:16:20",1095000
16.1,0.25,300,"bu","14:15:58",1094500
16.05,0.2,300,"sd","14:15:34",1094200
16.1,0.25,5000,"bu","14:15:22",1093900
16.05,0.2,100,"sd","14:14:58",1088900
16.05,0.2,900,"sd","14:14:57",1088800
16.05,0.2,800,"bu","14:14:27",1087900
16.05,0.2,200,"sd","14:14:22",1087100
16.05,0.2,300,"sd","14:13:58",1086900
16.05,0.2,1000,"sd","14:13:49",1086600
16.05,0.2,1000,"sd","14:13:46",1085600
16.05,0.2,7200,"sd","14:13:43",1084600
16.05,0.2,200,"sd","14:12:57",1077400
16.05,0.2,200,"sd","14:12:38",1077200
16.05,0.2,3000,"sd","14:12:33",1077000
16.1,0.25,1300,"bu","14:12:06",1074000
16.1,0.25,100,"sd","14:11:54",1072700
16.1,0.25,2000,"sd","14:11:38",1072600
16.1,0.25,500,"sd","14:11:30",1070600
16.1,0.25,1000,"sd","14:11:28",1070100
16.15,0.3,300,"bu","14:11:08",1069100
16.15,0.3,500,"bu","14:10:40",1068800
16.15,0.3,2500,"sd","14:10:18",1068300
16.15,0.3,300,"sd","14:10:15",1065800
16.15,0.3,1000,"sd","14:10:15",1065500
16.15,0.3,2000,"sd","14:10:11",1064500
16.15,0.3,3200,"sd","14:10:10",1062500
16.15,0.3,2000,"sd","14:10:09",1059300
16.15,0.3,5300,"sd","14:09:45",1057300
16.15,0.3,5000,"sd","14:09:43",1052000
16.15,0.3,1900,"sd","14:09:39",1047000
16.15,0.3,100,"sd","14:09:20",1045100
16.15,0.3,1000,"sd","14:09:02",1045000
16.15,0.3,300,"sd","14:08:59",1044000
16.2,0.35,4700,"bu","14:08:58",1043700
16.15,0.3,1000,"sd","14:08:52",1039000
16.2,0.35,2000,"bu","14:08:14",1038000
16.15,0.3,600,"sd","14:08:04",1036000
16.15,0.3,1200,"sd","14:07:45",1035400
16.15,0.3,1100,"sd","14:07:32",1034200
16.2,0.35,500,"bu","14:07:05",1033100
16.2,0.35,1000,"bu","14:06:44",1032600
16.2,0.35,1000,"bu","14:06:23",1031600
16.2,0.35,1000,"bu","14:06:12",1030600
16.2,0.35,1000,"bu","14:05:49",1029600
16.2,0.35,20000,"bu","14:05:38",1028600
16.2,0.35,2900,"bu","14:05:15",1008600
16.15,0.3,6000,"sd","14:04:35",1005700
16.15,0.3,100,"sd","14:04:27",999700
16.15,0.3,500,"sd","14:04:22",999600
16.2,0.35,3000,"bu","14:04:08",999100
16.2,0.35,200,"bu","14:03:39",996100
16.2,0.35,200,"bu","14:03:31",995900
16.2,0.35,100,"bu","14:03:08",995700
16.15,0.3,100,"bu","14:03:08",995600
16.15,0.3,6100,"bu","14:03:04",995500
16.15,0.3,100,"bu","14:02:54",989400
16.15,0.3,100,"bu","14:02:52",989300
16.15,0.3,3000,"bu","14:02:51",989200
16.15,0.3,1600,"bu","14:02:46",986200
16.15,0.3,15000,"bu","14:02:43",984600
16.15,0.3,1000,"bu","14:02:36",969600
16.1,0.25,20000,"bu","14:02:33",968600
16.1,0.25,2700,"bu","14:02:33",948600
16.1,0.25,9200,"bu","14:02:32",945900
16.1,0.25,10000,"bu","14:02:31",936700
16.1,0.25,24900,"bu","14:02:28",926700
16.1,0.25,100,"bu","14:02:26",901800
16.05,0.2,1000,"sd","14:02:25",901700
16.1,0.25,200,"bu","14:02:21",900700
16.05,0.2,13400,"bu","14:02:05",900500
16.05,0.2,6300,"bu","14:02:04",887100
16.05,0.2,1000,"bu","14:01:59",880800
16.05,0.2,9200,"bu","14:01:57",879800
16.05,0.2,1000,"bu","14:01:57",870600
16.05,0.2,400,"bu","14:01:36",869600
16.05,0.2,2900,"bu","14:01:29",869200
16,0.15,600,"sd","14:00:10",866300
16.05,0.2,100,"bu","13:59:06",865700
16.05,0.2,2000,"bu","13:58:54",865600
16,0.15,500,"sd","13:58:42",863600
16,0.15,3800,"bu","13:58:29",863100
16,0.15,5000,"bu","13:58:28",859300
16,0.15,5000,"bu","13:58:23",854300
16,0.15,200,"bu","13:57:15",849300
15.95,0.1,1000,"sd","13:54:59",849100
15.95,0.1,2000,"sd","13:54:48",848100
15.95,0.1,3000,"sd","13:54:39",846100
15.95,0.1,700,"sd","13:54:25",843100
15.95,0.1,5300,"sd","13:54:25",842400
16,0.15,200,"bu","13:53:48",837100
16,0.15,4400,"sd","13:53:11",836900
16,0.15,10000,"sd","13:53:07",832500
16,0.15,500,"sd","13:52:37",822500
16,0.15,1000,"sd","13:51:46",822000
16,0.15,2000,"sd","13:51:44",821000
16,0.15,5000,"sd","13:51:13",819000
16,0.15,10000,"sd","13:50:49",814000
16,0.15,1000,"sd","13:49:55",804000
16,0.15,5000,"sd","13:48:34",803000
16.05,0.2,400,"sd","13:48:12",798000
16.05,0.2,5000,"sd","13:48:05",797600
16.05,0.2,100,"sd","13:46:47",792600
16.05,0.2,100,"sd","13:46:31",792500
16.05,0.2,100,"sd","13:46:25",792400
16.05,0.2,1000,"bu","13:45:25",792300
16.05,0.2,1000,"bu","13:45:14",791300
16,0.15,100,"sd","13:45:08",790300
16.05,0.2,1000,"bu","13:44:54",790200
16.05,0.2,100,"bu","13:44:51",789200
16.05,0.2,500,"bu","13:44:40",789100
16.05,0.2,300,"bu","13:44:33",788600
16,0.15,300,"sd","13:44:14",788300
16,0.15,600,"sd","13:43:26",788000
16.05,0.2,2600,"bu","13:43:25",787400
16,0.15,9700,"sd","13:41:39",784800
16.05,0.2,300,"sd","13:41:39",775100
16.05,0.2,1200,"bu","13:41:35",774800
16,0.15,100,"sd","13:41:30",773600
16,0.15,500,"sd","13:41:23",773500
16.05,0.2,800,"bu","13:41:17",773000
16.05,0.2,200,"sd","13:40:18",772200
16.05,0.2,800,"bu","13:40:16",772000
16.05,0.2,1200,"sd","13:39:47",771200
16.05,0.2,500,"sd","13:39:35",770000
16.05,0.2,500,"sd","13:39:31",769500
16.05,0.2,200,"sd","13:39:18",769000
16.05,0.2,700,"sd","13:39:07",768800
16.05,0.2,300,"sd","13:38:58",768100
16.05,0.2,1000,"sd","13:38:40",767800
16.05,0.2,2000,"sd","13:38:28",766800
16.05,0.2,500,"sd","13:38:14",764800
16.05,0.2,1900,"sd","13:38:13",764300
16.05,0.2,500,"sd","13:38:09",762400
16.05,0.2,1000,"sd","13:38:04",761900
16.05,0.2,1000,"sd","13:37:59",760900
16.05,0.2,3000,"sd","13:37:38",759900
16.05,0.2,200,"sd","13:37:02",756900
16.1,0.25,300,"bu","13:36:52",756700
16.1,0.25,100,"bu","13:36:22",756400
16.05,0.2,500,"sd","13:36:05",756300
16.05,0.2,1500,"sd","13:36:05",755800
16.05,0.2,900,"sd","13:36:02",754300
16.05,0.2,500,"sd","13:35:53",753400
16.05,0.2,500,"sd","13:35:26",752900
16.05,0.2,9700,"bu","13:34:56",752400
16.05,0.2,1300,"bu","13:34:53",742700
16.05,0.2,300,"bu","13:34:49",741400
16.05,0.2,200,"bu","13:33:57",741100
16.05,0.2,300,"bu","13:33:32",740900
16.05,0.2,500,"bu","13:33:01",740600
16.05,0.2,2000,"bu","13:32:56",740100
16.05,0.2,1200,"sd","13:32:33",738100
16.05,0.2,5000,"sd","13:32:28",736900
16.05,0.2,1500,"sd","13:32:24",731900
16.05,0.2,5000,"sd","13:32:21",730400
16.05,0.2,100,"sd","13:32:19",725400
16.05,0.2,200,"sd","13:32:04",725300
16.05,0.2,100,"sd","13:31:56",725100
16.05,0.2,5100,"sd","13:31:54",725000
16.05,0.2,300,"sd","13:31:53",719900
16.05,0.2,1000,"sd","13:31:42",719600
16.05,0.2,5800,"bu","13:31:36",718600
16.05,0.2,200,"bu","13:30:52",712800
16.05,0.2,1000,"bu","13:30:30",712600
16.05,0.2,400,"bu","13:30:19",711600
16.05,0.2,1000,"bu","13:29:53",711200
16.05,0.2,1200,"bu","13:29:17",710200
16.05,0.2,100,"bu","13:29:16",709000
16.05,0.2,1500,"bu","13:29:04",708900
16.05,0.2,200,"bu","13:28:34",707400
16.05,0.2,500,"bu","13:28:05",707200
16.05,0.2,1000,"sd","13:27:46",706700
16.05,0.2,100,"sd","13:26:43",705700
16.05,0.2,2600,"sd","13:26:20",705600
16.05,0.2,500,"sd","13:26:03",703000
16.05,0.2,1000,"bu","13:26:01",702500
16.05,0.2,300,"bu","13:25:57",701500
16.05,0.2,2000,"bu","13:25:40",701200
16.05,0.2,100,"bu","13:25:10",699200
16,0.15,2500,"bu","13:25:10",699100
16,0.15,2500,"sd","13:25:09",696600
16,0.15,200,"sd","13:25:08",694100
16.05,0.2,6000,"bu","13:25:06",693900
16,0.15,1000,"sd","13:24:58",687900
16,0.15,300,"bu","13:24:46",686900
16,0.15,100,"bu","13:24:43",686600
16,0.15,6000,"bu","13:24:40",686500
16,0.15,10000,"bu","13:24:40",680500
16,0.15,14000,"bu","13:24:38",670500
16,0.15,10000,"bu","13:24:29",656500
15.95,0.1,1700,"bu","13:24:11",646500
15.95,0.1,100,"bu","13:24:10",644800
15.95,0.1,9900,"bu","13:24:09",644700
15.95,0.1,100,"bu","13:24:07",634800
15.95,0.1,1400,"bu","13:24:06",634700
15.95,0.1,28000,"bu","13:24:04",633300
15.95,0.1,400,"bu","13:23:59",605300
15.95,0.1,2000,"bu","13:23:56",604900
15.95,0.1,2500,"bu","13:23:46",602900
15.9,0.05,15600,"bu","13:22:51",600400
15.9,0.05,400,"bu","13:22:40",584800
15.85,0,100,"sd","13:22:32",584400
15.85,0,5600,"sd","13:20:10",584300
15.85,0,100,"sd","13:20:03",578700
15.85,0,23000,"sd","13:17:24",578600
15.9,0.05,1300,"bu","13:17:14",555600
15.9,0.05,1900,"bu","13:16:39",554300
15.9,0.05,500,"bu","13:16:23",552400
15.9,0.05,500,"bu","13:16:14",551900
15.9,0.05,500,"bu","13:15:22",551400
15.9,0.05,500,"bu","13:15:09",550900
15.9,0.05,100,"bu","13:13:42",550400
15.9,0.05,100,"bu","13:13:11",550300
15.9,0.05,700,"bu","13:12:50",550200
15.9,0.05,1300,"bu","13:12:48",549500
15.9,0.05,1000,"bu","13:12:43",548200
15.9,0.05,200,"bu","13:12:24",547200
15.9,0.05,500,"bu","13:12:18",547000
15.9,0.05,100,"bu","13:12:05",546500
15.9,0.05,100,"bu","13:11:52",546400
15.9,0.05,7600,"sd","13:11:29",546300
15.9,0.05,700,"sd","13:11:29",538700
15.9,0.05,1000,"sd","13:11:06",538000
15.9,0.05,3300,"bu","13:09:42",537000
15.9,0.05,1000,"bu","13:09:40",533700
15.9,0.05,100,"bu","13:09:30",532700
15.9,0.05,600,"bu","13:09:10",532600
15.9,0.05,6700,"bu","13:08:59",532000
15.9,0.05,4000,"bu","13:08:55",525300
15.9,0.05,1000,"bu","13:08:51",521300
15.9,0.05,100,"bu","13:08:41",520300
15.9,0.05,2000,"bu","13:08:18",520200
15.9,0.05,1900,"bu","13:07:52",518200
15.9,0.05,1000,"bu","13:07:49",516300
15.9,0.05,600,"bu","13:07:35",515300
15.9,0.05,1000,"bu","13:07:33",514700
15.9,0.05,200,"bu","13:07:32",513700
15.9,0.05,100,"bu","13:07:27",513500
15.9,0.05,500,"bu","13:07:07",513400
15.9,0.05,1000,"bu","13:06:59",512900
15.9,0.05,1000,"bu","13:06:51",511900
15.9,0.05,100,"bu","13:06:37",510900
15.9,0.05,10000,"bu","13:06:33",510800
15.85,0,100,"sd","13:06:33",500800
15.9,0.05,3000,"bu","13:06:27",500700
15.9,0.05,1000,"bu","13:05:17",497700
15.85,0,1000,"sd","13:05:11",496700
15.85,0,1000,"sd","13:04:09",495700
15.85,0,4000,"sd","13:03:09",494700
15.85,0,2100,"bu","13:02:56",490700
15.85,0,100,"sd","13:02:53",488600
15.85,0,1900,"bu","13:02:51",488500
15.85,0,1000,"bu","13:02:33",486600
15.85,0,100,"bu","13:02:29",485600
15.85,0,8000,"bu","13:02:27",485500
15.85,0,12000,"bu","13:02:13",477500
15.85,0,4000,"bu","13:02:02",465500
15.85,0,11500,"sd","13:01:53",461500
15.85,0,13000,"sd","13:01:39",450000
15.85,0,500,"sd","13:01:07",437000
15.9,0.05,10000,"bu","13:00:53",436500
15.9,0.05,1200,"bu","13:00:34",426500
15.85,0,1000,"sd","13:00:18",425300
15.85,0,2100,"sd","13:00:16",424300
15.85,0,1900,"sd","13:00:15",422200
15.85,0,200,"sd","13:00:09",420300
15.85,0,1000,"sd","13:00:06",420100
15.85,0,3000,"sd","13:00:02",419100
15.85,0,2000,"sd","13:00:01",416100
15.9,0.05,100,"bu","13:00:00",414100
15.9,0.05,300,"bu","11:28:49",414000
15.9,0.05,500,"bu","11:28:43",413700
15.85,0,200,"sd","11:27:39",413200
15.85,0,6000,"bu","11:26:50",413000
15.85,0,500,"bu","11:26:46",407000
15.85,0,18500,"sd","11:26:27",406500
15.85,0,1800,"bu","11:25:55",388000
15.85,0,1000,"bu","11:25:53",386200
15.85,0,7200,"sd","11:24:54",385200
15.85,0,17200,"bu","11:23:08",378000
15.85,0,100,"bu","11:22:57",360800
15.85,0,2000,"bu","11:22:48",360700
15.85,0,500,"bu","11:22:45",358700
15.85,0,1200,"bu","11:22:34",358200
15.85,0,1000,"bu","11:22:25",357000
15.8,-0.05,500,"sd","11:18:10",356000
15.8,-0.05,100,"sd","11:16:50",355500
15.8,-0.05,300,"sd","11:16:49",355400
15.8,-0.05,300,"sd","11:15:57",355100
15.8,-0.05,4600,"sd","11:15:31",354800
15.8,-0.05,3000,"sd","11:14:14",350200
15.8,-0.05,2000,"sd","11:13:09",347200
15.8,-0.05,100,"sd","11:12:53",345200
15.8,-0.05,2000,"sd","11:11:48",345100
15.8,-0.05,100,"sd","11:10:32",343100
15.8,-0.05,200,"sd","11:10:22",343000
15.85,0,6700,"sd","11:07:42",342800
15.85,0,20000,"sd","11:07:38",336100
15.85,0,20000,"sd","11:05:22",316100
15.85,0,4100,"sd","10:59:26",296100
15.85,0,2000,"sd","10:54:50",292000
15.85,0,100,"sd","10:54:38",290000
15.85,0,3000,"sd","10:54:23",289900
15.85,0,21900,"sd","10:53:15",286900
15.85,0,300,"sd","10:52:30",265000
15.85,0,6000,"sd","10:52:25",264700
15.85,0,5200,"bu","10:50:16",258700
15.85,0,2000,"bu","10:50:05",253500
15.8,-0.05,5000,"sd","10:48:49",251500
15.8,-0.05,10100,"sd","10:48:20",246500
15.85,0,1000,"bu","10:48:00",236400
15.85,0,400,"bu","10:47:25",235400
15.8,-0.05,300,"sd","10:46:32",235000
15.85,0,100,"bu","10:45:58",234700
15.85,0,700,"sd","10:45:26",234600
15.85,0,5000,"sd","10:45:13",233900
15.85,0,2500,"sd","10:42:20",228900
15.85,0,1000,"sd","10:42:06",226400
15.85,0,3000,"sd","10:41:15",225400
15.85,0,2600,"sd","10:40:29",222400
15.9,0.05,400,"bu","10:39:03",219800
15.9,0.05,4200,"bu","10:36:22",219400
15.9,0.05,2500,"bu","10:35:43",215200
15.85,0,100,"sd","10:33:31",212700
15.85,0,5700,"bu","10:33:09",212600
15.8,-0.05,5000,"sd","10:32:58",206900
15.85,0,500,"sd","10:31:59",201900
15.85,0,7000,"sd","10:31:50",201400
15.85,0,17500,"bu","10:30:58",194400
15.85,0,500,"bu","10:29:38",176900
15.8,-0.05,5000,"sd","10:28:57",176400
15.8,-0.05,900,"sd","10:26:17",171400
15.8,-0.05,15000,"sd","10:25:48",170500
15.8,-0.05,5000,"sd","10:24:14",155500
15.8,-0.05,100,"sd","10:22:50",150500
15.85,0,500,"bu","10:20:12",150400
15.8,-0.05,3000,"sd","10:20:06",149900
15.8,-0.05,500,"sd","10:19:58",146900
15.8,-0.05,500,"sd","10:18:18",146400
15.8,-0.05,1300,"sd","10:18:13",145900
15.8,-0.05,700,"sd","10:17:24",144600
15.85,0,100,"bu","10:13:47",143900
15.85,0,100,"bu","10:12:52",143800
15.85,0,700,"sd","10:12:14",143700
15.85,0,1000,"sd","10:11:42",143000
15.85,0,9500,"sd","10:11:11",142000
15.85,0,8000,"sd","10:09:28",132500
15.85,0,100,"sd","10:07:50",124500
15.9,0.05,2300,"bu","10:01:15",124400
15.9,0.05,1000,"bu","09:57:32",122100
15.85,0,2500,"sd","09:57:05",121100
15.9,0.05,500,"bu","09:56:38",118600
15.9,0.05,200,"bu","09:53:54",118100
15.9,0.05,400,"bu","09:52:40",117900
15.9,0.05,1000,"sd","09:51:58",117500
15.9,0.05,1000,"sd","09:51:35",116500
15.9,0.05,2000,"sd","09:50:18",115500
15.9,0.05,100,"sd","09:50:08",113500
15.9,0.05,1800,"sd","09:49:52",113400
15.9,0.05,500,"sd","09:49:45",111600
15.9,0.05,100,"sd","09:49:14",111100
15.9,0.05,100,"sd","09:49:04",111000
15.9,0.05,2000,"sd","09:48:59",110900
15.9,0.05,100,"sd","09:48:35",108900
15.95,0.1,1200,"bu","09:48:03",108800
15.9,0.05,400,"bu","09:47:57",107600
15.9,0.05,200,"sd","09:47:44",107200
15.9,0.05,600,"sd","09:47:43",107000
15.9,0.05,3000,"sd","09:47:21",106400
15.9,0.05,5000,"sd","09:46:05",103400
15.9,0.05,1000,"sd","09:45:41",98400
15.95,0.1,200,"bu","09:45:36",97400
15.9,0.05,1400,"bu","09:43:31",97200
15.9,0.05,1000,"bu","09:43:24",95800
15.9,0.05,200,"bu","09:43:20",94800
15.9,0.05,8000,"bu","09:42:52",94600
15.9,0.05,100,"bu","09:41:32",86600
15.9,0.05,200,"bu","09:41:18",86500
15.9,0.05,2000,"bu","09:41:14",86300
15.9,0.05,2000,"bu","09:40:45",84300
15.9,0.05,5000,"bu","09:40:36",82300
15.9,0.05,200,"bu","09:39:10",77300
15.85,0,2000,"sd","09:39:02",77100
15.85,0,300,"sd","09:39:01",75100
15.85,0,1700,"sd","09:37:56",74800
15.9,0.05,500,"bu","09:37:55",73100
15.9,0.05,1000,"bu","09:37:23",72600
15.9,0.05,400,"bu","09:36:21",71600
15.9,0.05,6000,"bu","09:36:10",71200
15.9,0.05,300,"bu","09:36:03",65200
15.9,0.05,100,"bu","09:35:56",64900
15.85,0,4200,"sd","09:35:41",64800
15.9,0.05,4000,"bu","09:35:19",60600
15.85,0,900,"bu","09:35:11",56600
15.85,0,300,"bu","09:33:48",55700
15.85,0,100,"bu","09:33:19",55400
15.8,-0.05,200,"sd","09:33:08",55300
15.85,0,5000,"bu","09:32:55",55100
15.8,-0.05,400,"bu","09:32:07",50100
15.8,-0.05,100,"bu","09:32:01",49700
15.8,-0.05,900,"bu","09:31:55",49600
15.8,-0.05,1000,"bu","09:31:44",48700
15.8,-0.05,2000,"bu","09:31:41",47700
15.8,-0.05,5000,"bu","09:31:38",45700
15.8,-0.05,500,"bu","09:31:28",40700
15.8,-0.05,100,"bu","09:31:17",40200
15.8,-0.05,1000,"bu","09:30:57",40100
15.8,-0.05,100,"bu","09:30:21",39100
15.8,-0.05,100,"bu","09:29:46",39000
15.8,-0.05,100,"bu","09:29:39",38900
15.8,-0.05,100,"bu","09:28:42",38800
15.8,-0.05,3000,"bu","09:28:35",38700
15.8,-0.05,500,"sd","09:28:08",35700
15.8,-0.05,4800,"bu","09:27:42",35200
15.8,-0.05,4200,"bu","09:27:20",30400
15.8,-0.05,1000,"bu","09:27:08",26200
15.8,-0.05,200,"bu","09:27:00",25200
15.8,-0.05,3000,"bu","09:26:27",25000
15.8,-0.05,100,"bu","09:26:15",22000
15.8,-0.05,2000,"sd","09:25:55",21900
15.8,-0.05,2000,"sd","09:25:07",19900
15.8,-0.05,6300,"sd","09:24:10",17900
15.8,-0.05,100,"sd","09:23:09",11600
15.8,-0.05,1200,"sd","09:23:03",11500
15.85,0,100,"bu","09:21:54",10300
15.85,0,200,"bu","09:21:12",10200
15.85,0,100,"bu","09:21:05",10000
15.85,0,100,"sd","09:19:53",9900
15.85,0,4600,"sd","09:19:38",9800
15.9,0.05,300,"bu","09:18:12",5200
15.85,0,600,"sd","09:17:31",4900
15.85,0,3000,"sd","09:17:26",4300
15.85,0,200,"sd","09:17:24",1300
15.85,0,1100,"","09:15:00",1100
