"price","change","match_qtty","side","time","total_vol"
30.3,-0.25,60700,"","14:45:00",851000
30.4,-0.15,1000,"bu","14:29:58",790300
30.4,-0.15,400,"bu","14:29:56",789300
30.35,-0.2,5000,"sd","14:29:53",788900
30.35,-0.2,1000,"sd","14:29:46",783900
30.4,-0.15,300,"sd","14:29:38",782900
30.4,-0.15,700,"bu","14:29:33",782600
30.4,-0.15,100,"bu","14:29:31",781900
30.4,-0.15,2200,"sd","14:29:29",781800
30.45,-0.1,1300,"bu","14:29:16",779600
30.45,-0.1,700,"bu","14:28:44",778300
30.4,-0.15,10000,"sd","14:28:42",777600
30.4,-0.15,2000,"sd","14:28:39",767600
30.4,-0.15,1000,"sd","14:28:38",765600
30.45,-0.1,1000,"bu","14:28:35",764600
30.4,-0.15,100,"sd","14:28:35",763600
30.4,-0.15,15000,"sd","14:28:31",763500
30.45,-0.1,500,"bu","14:28:28",748500
30.45,-0.1,200,"bu","14:28:27",748000
30.45,-0.1,500,"bu","14:28:21",747800
30.45,-0.1,1100,"bu","14:28:17",747300
30.45,-0.1,500,"bu","14:28:09",746200
30.45,-0.1,2600,"bu","14:28:00",745700
30.45,-0.1,300,"sd","14:27:55",743100
30.45,-0.1,3500,"sd","14:27:51",742800
30.45,-0.1,100,"sd","14:27:40",739300
30.45,-0.1,300,"sd","14:27:33",739200
30.5,-0.05,3000,"bu","14:27:25",738900
30.5,-0.05,1300,"sd","14:27:23",735900
30.55,0,1000,"bu","14:27:00",734600
30.5,-0.05,4000,"sd","14:26:58",733600
30.5,-0.05,500,"sd","14:26:56",729600
30.5,-0.05,2400,"sd","14:26:32",729100
30.55,0,1600,"sd","14:26:32",726700
30.6,0.05,1000,"bu","14:26:19",725100
30.6,0.05,6600,"sd","14:26:19",724100
30.65,0.1,800,"bu","14:26:13",717500
30.65,0.1,2100,"sd","14:25:47",716700
30.65,0.1,200,"sd","14:25:34",714600
30.7,0.15,300,"bu","14:25:10",714400
30.7,0.15,1000,"bu","14:24:59",714100
30.7,0.15,400,"bu","14:24:50",713100
30.7,0.15,12700,"bu","14:24:12",712700
30.65,0.1,200,"sd","14:23:45",700000
30.65,0.1,2000,"sd","14:23:39",699800
30.7,0.15,3000,"bu","14:22:52",697800
30.7,0.15,500,"bu","14:22:01",694800
30.7,0.15,100,"bu","14:21:48",694300
30.7,0.15,2000,"bu","14:20:28",694200
30.65,0.1,1900,"bu","14:18:42",692200
30.65,0.1,500,"bu","14:18:36",690300
30.65,0.1,2200,"bu","14:18:26",689800
30.65,0.1,300,"bu","14:18:21",687600
30.65,0.1,400,"bu","14:18:18",687300
30.65,0.1,100,"bu","14:18:14",686900
30.6,0.05,100,"sd","14:18:14",686800
30.65,0.1,1500,"sd","14:17:20",686700
30.65,0.1,700,"bu","14:16:46",685200
30.65,0.1,5300,"sd","14:16:22",684500
30.7,0.15,1500,"bu","14:16:16",679200
30.7,0.15,100,"bu","14:15:31",677700
30.7,0.15,200,"bu","14:15:27",677600
30.7,0.15,100,"bu","14:15:25",677400
30.7,0.15,1000,"bu","14:14:52",677300
30.7,0.15,100,"bu","14:14:37",676300
30.7,0.15,3000,"bu","14:14:30",676200
30.7,0.15,500,"bu","14:14:29",673200
30.7,0.15,500,"bu","14:14:12",672700
30.7,0.15,200,"bu","14:14:12",672200
30.7,0.15,600,"bu","14:12:37",672000
30.65,0.1,500,"sd","14:12:35",671400
30.65,0.1,1000,"sd","14:12:04",670900
30.65,0.1,500,"sd","14:12:01",669900
30.65,0.1,1000,"sd","14:11:12",669400
30.7,0.15,2400,"bu","14:10:48",668400
30.7,0.15,12000,"sd","14:10:37",666000
30.8,0.25,300,"sd","14:10:12",654000
30.8,0.25,200,"sd","14:10:06",653700
30.8,0.25,100,"sd","14:09:37",653500
30.8,0.25,400,"sd","14:09:32",653400
30.8,0.25,5000,"sd","14:09:03",653000
30.85,0.3,200,"bu","14:09:02",648000
30.85,0.3,100,"sd","14:08:58",647800
30.85,0.3,500,"sd","14:08:17",647700
30.9,0.35,1400,"bu","14:07:56",647200
30.9,0.35,900,"bu","14:07:42",645800
30.9,0.35,4000,"sd","14:07:29",644900
30.9,0.35,6300,"bu","14:07:10",640900
30.85,0.3,200,"bu","14:07:02",634600
30.85,0.3,100,"bu","14:06:48",634400
30.8,0.25,600,"bu","14:06:28",634300
30.8,0.25,200,"bu","14:06:25",633700
30.8,0.25,200,"bu","14:06:22",633500
30.8,0.25,2700,"bu","14:06:15",633300
30.8,0.25,8000,"bu","14:06:13",630600
30.8,0.25,700,"bu","14:06:08",622600
30.8,0.25,4500,"bu","14:06:06",621900
30.8,0.25,200,"bu","14:05:59",617400
30.8,0.25,200,"bu","14:05:50",617200
30.8,0.25,1000,"bu","14:05:46",617000
30.8,0.25,800,"bu","14:05:43",616000
30.8,0.25,100,"bu","14:05:41",615200
30.8,0.25,500,"bu","14:05:38",615100
30.8,0.25,500,"bu","14:05:29",614600
30.8,0.25,100,"bu","14:05:26",614100
30.75,0.2,100,"sd","14:05:00",614000
30.75,0.2,100,"sd","14:04:39",613900
30.75,0.2,900,"bu","14:04:32",613800
30.7,0.15,3200,"bu","14:04:22",612900
30.7,0.15,2500,"bu","14:04:16",609700
30.7,0.15,12700,"bu","14:04:16",607200
30.7,0.15,100,"bu","14:04:09",594500
30.7,0.15,1300,"bu","14:04:08",594400
30.7,0.15,500,"bu","14:04:01",593100
30.7,0.15,500,"bu","14:03:55",592600
30.7,0.15,4400,"bu","14:03:54",592100
30.7,0.15,100,"bu","14:03:52",587700
30.7,0.15,200,"bu","14:03:46",587600
30.7,0.15,2000,"bu","14:03:41",587400
30.7,0.15,1700,"bu","14:03:35",585400
30.7,0.15,3000,"bu","14:03:20",583700
30.65,0.1,4000,"bu","14:02:51",580700
30.65,0.1,11800,"bu","14:02:47",575100
30.65,0.1,3000,"bu","14:02:42",563300
30.65,0.1,1000,"bu","14:02:25",560300
30.55,0,500,"sd","14:02:01",559300
30.55,0,500,"sd","14:01:50",558800
30.55,0,3300,"bu","13:59:53",558300
30.55,0,100,"bu","13:59:48",555000
30.55,0,100,"bu","13:59:43",554900
30.5,-0.05,1000,"sd","13:59:17",554800
30.55,0,500,"bu","13:59:09",553800
30.55,0,200,"bu","13:58:45",553300
30.55,0,200,"bu","13:58:36",553100
30.55,0,100,"bu","13:58:16",552900
30.55,0,1000,"bu","13:57:24",552800
30.55,0,2800,"sd","13:56:40",551800
30.55,0,3400,"bu","13:56:10",549000
30.55,0,400,"bu","13:56:05",545600
30.5,-0.05,2000,"sd","13:55:51",545200
30.55,0,200,"bu","13:54:18",543200
30.5,-0.05,400,"sd","13:52:50",543000
30.55,0,100,"bu","13:52:25",542600
30.55,0,900,"bu","13:52:06",542500
30.5,-0.05,200,"sd","13:52:01",541600
30.5,-0.05,9100,"bu","13:51:53",541400
30.5,-0.05,500,"bu","13:51:37",532300
30.5,-0.05,18000,"sd","13:51:14",531800
30.55,0,3600,"sd","13:50:41",502700
30.6,0.05,400,"sd","13:50:41",499100
30.6,0.05,100,"bu","13:50:33",498700
30.6,0.05,500,"bu","13:50:31",498600
30.55,0,100,"sd","13:50:04",498100
30.6,0.05,200,"sd","13:49:50",498000
30.6,0.05,300,"sd","13:49:47",497800
30.6,0.05,500,"sd","13:49:44",497500
30.6,0.05,100,"sd","13:48:28",497000
30.6,0.05,200,"sd","13:48:15",496900
30.6,0.05,300,"bu","13:47:52",496700
30.6,0.05,200,"sd","13:47:27",496400
30.6,0.05,800,"sd","13:46:24",496200
30.6,0.05,500,"bu","13:44:54",495400
30.6,0.05,100,"bu","13:44:48",494900
30.6,0.05,300,"sd","13:44:39",494800
30.6,0.05,200,"bu","13:43:58",494500
30.6,0.05,500,"bu","13:43:53",494300
30.6,0.05,1000,"bu","13:43:38",493800
30.6,0.05,100,"bu","13:43:31",492800
30.6,0.05,1000,"bu","13:43:05",492700
30.6,0.05,200,"bu","13:43:03",491700
30.6,0.05,300,"bu","13:42:41",491500
30.6,0.05,100,"bu","13:42:12",491200
30.6,0.05,700,"bu","13:41:52",491100
30.6,0.05,200,"bu","13:41:44",490400
30.6,0.05,7000,"sd","13:41:20",490200
30.65,0.1,100,"bu","13:41:14",483200
30.65,0.1,500,"bu","13:40:28",483100
30.65,0.1,100,"bu","13:39:44",482600
30.65,0.1,8100,"sd","13:38:33",482500
30.65,0.1,800,"sd","13:38:11",474400
30.7,0.15,1400,"bu","13:38:08",473600
30.65,0.1,100,"sd","13:37:52",472200
30.7,0.15,1000,"bu","13:37:29",472100
30.65,0.1,2500,"sd","13:37:25",471100
30.65,0.1,500,"sd","13:37:16",468600
30.7,0.15,100,"sd","13:36:49",468100
30.7,0.15,200,"bu","13:36:09",468000
30.7,0.15,100,"bu","13:36:04",467800
30.7,0.15,1500,"bu","13:35:56",467700
30.7,0.15,100,"bu","13:35:53",466200
30.7,0.15,200,"bu","13:35:45",466100
30.7,0.15,500,"bu","13:35:45",465900
30.7,0.15,2400,"bu","13:35:42",465400
30.7,0.15,2000,"bu","13:35:21",463000
30.7,0.15,1500,"bu","13:35:09",461000
30.7,0.15,4000,"bu","13:34:54",459500
30.7,0.15,600,"bu","13:34:31",455500
30.7,0.15,1500,"bu","13:33:34",454900
30.7,0.15,10700,"bu","13:33:15",453400
30.7,0.15,1600,"bu","13:33:08",442700
30.7,0.15,200,"bu","13:33:02",441100
30.7,0.15,1000,"bu","13:32:51",440900
30.7,0.15,10000,"bu","13:32:31",439900
30.65,0.1,800,"sd","13:32:23",429900
30.65,0.1,100,"sd","13:31:25",429100
30.65,0.1,1000,"sd","13:31:09",429000
30.7,0.15,1000,"bu","13:30:43",428000
30.65,0.1,200,"bu","13:30:34",427000
30.65,0.1,300,"sd","13:30:32",426800
30.65,0.1,1000,"sd","13:30:27",426500
30.65,0.1,500,"sd","13:30:07",425500
30.65,0.1,2200,"bu","13:29:39",425000
30.65,0.1,20000,"bu","13:28:57",422800
30.6,0.05,400,"sd","13:28:08",402800
30.6,0.05,200,"sd","13:27:19",402400
30.6,0.05,1600,"bu","13:26:39",402200
30.6,0.05,2400,"bu","13:26:39",400600
30.6,0.05,200,"bu","13:26:26",398200
30.6,0.05,2000,"bu","13:26:12",398000
30.6,0.05,9500,"bu","13:26:01",396000
30.55,0,100,"sd","13:25:52",386500
30.55,0,100,"sd","13:24:57",386400
30.5,-0.05,7000,"sd","13:24:15",386300
30.55,0,2800,"bu","13:24:07",379300
30.55,0,100,"bu","13:23:42",376500
30.55,0,5800,"bu","13:23:35",376400
30.5,-0.05,300,"sd","13:23:21",370600
30.55,0,2900,"bu","13:23:08",370300
30.55,0,100,"bu","13:22:53",367400
30.5,-0.05,900,"sd","13:22:11",367300
30.5,-0.05,2400,"bu","13:21:19",366400
30.5,-0.05,100,"bu","13:20:59",364000
30.5,-0.05,5000,"bu","13:19:46",363900
30.5,-0.05,100,"bu","13:19:30",358900
30.5,-0.05,400,"sd","13:18:20",358800
30.5,-0.05,100,"sd","13:18:10",358400
30.5,-0.05,1500,"bu","13:18:08",358300
30.5,-0.05,300,"bu","13:17:50",356800
30.5,-0.05,200,"sd","13:17:36",356500
30.5,-0.05,200,"sd","13:16:38",356300
30.5,-0.05,100,"sd","13:16:25",356100
30.55,0,500,"bu","13:15:53",356000
30.55,0,700,"bu","13:15:02",355500
30.5,-0.05,300,"bu","13:14:12",351700
30.5,-0.05,200,"sd","13:13:41",351400
30.5,-0.05,100,"sd","13:13:33",351200
30.5,-0.05,1000,"sd","13:13:12",351100
30.5,-0.05,1000,"sd","13:13:07",350100
30.5,-0.05,100,"bu","13:12:09",349100
30.5,-0.05,21000,"bu","13:12:04",349000
30.5,-0.05,100,"bu","13:11:57",328000
30.5,-0.05,100,"bu","13:11:54",327900
30.45,-0.1,500,"bu","13:11:24",327800
30.45,-0.1,500,"sd","13:11:14",327300
30.45,-0.1,1600,"sd","13:11:12",326800
30.45,-0.1,1000,"bu","13:09:49",325200
30.45,-0.1,2000,"bu","13:09:44",324200
30.45,-0.1,3000,"bu","13:09:29",322200
30.45,-0.1,5000,"bu","13:09:28",319200
30.45,-0.1,1000,"bu","13:09:27",314200
30.45,-0.1,5000,"bu","13:09:24",313200
30.45,-0.1,400,"bu","13:09:21",308200
30.45,-0.1,1000,"bu","13:09:20",307800
30.45,-0.1,100,"bu","13:09:16",306800
30.45,-0.1,2000,"bu","13:09:14",306700
30.45,-0.1,5000,"bu","13:09:10",304700
30.45,-0.1,1000,"bu","13:09:06",299600
30.45,-0.1,1000,"bu","13:08:26",298600
30.45,-0.1,100,"bu","13:08:21",297600
30.45,-0.1,100,"bu","13:08:19",297500
30.45,-0.1,3000,"bu","13:08:00",297400
30.4,-0.15,1000,"sd","13:07:44",294400
30.45,-0.1,1000,"bu","13:07:24",293400
30.4,-0.15,500,"sd","13:07:21",292400
30.4,-0.15,400,"sd","13:07:11",291900
30.4,-0.15,300,"sd","13:07:07",291500
30.4,-0.15,2000,"bu","13:06:29",291200
30.4,-0.15,100,"bu","13:06:28",289200
30.35,-0.2,3300,"sd","13:06:27",289100
30.4,-0.15,200,"bu","13:06:20",285800
30.4,-0.15,2000,"bu","13:06:12",285600
30.4,-0.15,200,"bu","13:05:21",283600
30.4,-0.15,300,"sd","13:05:05",283400
30.4,-0.15,100,"sd","13:05:01",283100
30.4,-0.15,1300,"bu","13:04:39",283000
30.4,-0.15,200,"bu","13:04:09",281700
30.4,-0.15,500,"bu","13:04:00",281500
30.4,-0.15,200,"sd","13:03:18",281000
30.45,-0.1,100,"bu","13:00:01",280800
30.45,-0.1,300,"bu","11:29:50",280700
30.35,-0.2,8300,"sd","11:29:34",280400
30.4,-0.15,100,"sd","11:29:34",272100
30.4,-0.15,300,"bu","11:28:49",272000
30.4,-0.15,100,"bu","11:28:47",271700
30.4,-0.15,3000,"bu","11:28:41",271600
30.35,-0.2,100,"sd","11:28:33",268600
30.35,-0.2,400,"bu","11:27:15",268500
30.35,-0.2,300,"sd","11:27:02",268100
30.35,-0.2,200,"bu","11:26:51",267800
30.4,-0.15,300,"bu","11:26:13",267600
30.4,-0.15,1800,"bu","11:25:05",267300
30.35,-0.2,100,"bu","11:25:05",265500
30.3,-0.25,3200,"bu","11:23:07",265400
30.3,-0.25,3000,"bu","11:23:04",262200
30.25,-0.3,2000,"bu","11:21:59",259200
30.25,-0.3,100,"bu","11:20:51",257200
30.25,-0.3,200,"bu","11:20:30",257100
30.25,-0.3,200,"bu","11:19:47",256900
30.25,-0.3,100,"bu","11:19:18",256700
30.25,-0.3,8300,"sd","11:18:48",256600
30.3,-0.25,1000,"bu","11:18:04",248300
30.3,-0.25,600,"bu","11:17:44",247300
30.3,-0.25,200,"bu","11:16:57",246700
30.25,-0.3,3100,"sd","11:16:42",246500
30.25,-0.3,100,"sd","11:16:16",243400
30.25,-0.3,100,"sd","11:16:11",243300
30.25,-0.3,800,"sd","11:16:03",243200
30.3,-0.25,100,"bu","11:15:28",242400
30.25,-0.3,400,"sd","11:15:25",242300
30.3,-0.25,900,"sd","11:15:05",241900
30.3,-0.25,1000,"sd","11:14:42",241000
30.3,-0.25,200,"sd","11:14:36",240000
30.3,-0.25,5000,"sd","11:14:21",239800
30.35,-0.2,100,"sd","11:12:00",234800
30.3,-0.25,22600,"sd","11:05:57",234700
30.35,-0.2,6600,"sd","11:05:57",212100
30.4,-0.15,800,"sd","11:05:57",205500
30.4,-0.15,100,"sd","11:05:41",204700
30.4,-0.15,800,"sd","11:04:35",204600
30.4,-0.15,100,"sd","11:02:07",203800
30.4,-0.15,4000,"sd","11:01:04",203700
30.4,-0.15,200,"sd","10:59:38",199700
30.4,-0.15,300,"sd","10:57:17",199500
30.4,-0.15,600,"sd","10:56:56",199200
30.4,-0.15,1000,"sd","10:55:57",198600
30.45,-0.1,900,"bu","10:54:48",197600
30.45,-0.1,100,"bu","10:54:26",196700
30.4,-0.15,200,"bu","10:49:54",196600
30.4,-0.15,100,"bu","10:49:51",196400
30.4,-0.15,3000,"bu","10:49:00",196300
30.35,-0.2,100,"bu","10:48:06",193300
30.35,-0.2,100,"bu","10:47:54",193200
30.35,-0.2,400,"sd","10:47:45",193100
30.35,-0.2,2300,"sd","10:46:23",192700
30.35,-0.2,1000,"sd","10:45:42",190400
30.4,-0.15,200,"bu","10:45:30",189400
30.4,-0.15,1400,"bu","10:44:37",189200
30.4,-0.15,200,"bu","10:43:46",187800
30.4,-0.15,500,"bu","10:43:13",187600
30.4,-0.15,100,"bu","10:42:56",187100
30.4,-0.15,200,"bu","10:42:17",187000
30.4,-0.15,100,"bu","10:42:13",186800
30.4,-0.15,100,"sd","10:40:21",186700
30.4,-0.15,100,"sd","10:37:34",186600
30.45,-0.1,1000,"bu","10:35:26",186500
30.45,-0.1,1000,"bu","10:34:31",185500
30.45,-0.1,600,"bu","10:34:15",184500
30.45,-0.1,800,"bu","10:33:31",183900
30.35,-0.2,200,"bu","10:33:31",183100
30.3,-0.25,100,"sd","10:33:25",182900
30.35,-0.2,1700,"sd","10:33:24",182800
30.4,-0.15,500,"bu","10:33:09",181100
30.4,-0.15,500,"sd","10:32:56",180600
30.4,-0.15,100,"bu","10:32:11",180100
30.4,-0.15,100,"bu","10:30:56",180000
30.4,-0.15,800,"sd","10:30:36",179900
30.4,-0.15,5000,"sd","10:30:22",179100
30.4,-0.15,600,"sd","10:29:41",174100
30.4,-0.15,200,"sd","10:29:24",173500
30.4,-0.15,900,"sd","10:29:00",173300
30.4,-0.15,100,"sd","10:28:48",172400
30.4,-0.15,10000,"sd","10:28:34",172300
30.4,-0.15,3200,"sd","10:28:27",162300
30.45,-0.1,100,"bu","10:27:55",159100
30.45,-0.1,11000,"bu","10:27:36",159000
30.4,-0.15,1000,"sd","10:27:09",148000
30.45,-0.1,100,"bu","10:26:37",147000
30.45,-0.1,800,"sd","10:25:39",146900
30.45,-0.1,700,"bu","10:25:29",146100
30.45,-0.1,200,"bu","10:25:21",145400
30.45,-0.1,4100,"sd","10:24:33",145200
30.45,-0.1,300,"sd","10:24:31",141100
30.45,-0.1,100,"sd","10:24:07",140800
30.45,-0.1,1500,"sd","10:23:34",140700
30.5,-0.05,100,"bu","10:23:22",139200
30.5,-0.05,100,"bu","10:23:02",139100
30.5,-0.05,100,"bu","10:22:43",139000
30.45,-0.1,5900,"sd","10:22:24",138900
30.5,-0.05,7100,"sd","10:22:24",133000
30.5,-0.05,200,"sd","10:20:14",125900
30.55,0,200,"bu","10:20:03",125700
30.5,-0.05,500,"sd","10:16:26",125500
30.5,-0.05,1000,"sd","10:16:06",125000
30.5,-0.05,500,"sd","10:12:55",124000
30.5,-0.05,500,"sd","10:12:24",123500
30.5,-0.05,1000,"sd","10:11:15",123000
30.5,-0.05,1500,"sd","10:07:09",122000
30.5,-0.05,200,"sd","10:07:04",120500
30.5,-0.05,100,"sd","10:06:49",120300
30.5,-0.05,300,"sd","10:05:13",120200
30.5,-0.05,5000,"sd","10:04:51",119900
30.55,0,200,"bu","10:04:09",114900
30.55,0,1200,"bu","10:03:50",114700
30.55,0,100,"bu","10:03:34",113500
30.55,0,100,"bu","10:02:38",113400
30.5,-0.05,3400,"sd","10:01:11",113300
30.5,-0.05,100,"sd","10:00:15",109900
30.55,0,400,"sd","09:59:54",109800
30.55,0,200,"sd","09:59:00",109400
30.6,0.05,500,"bu","09:58:59",109200
30.55,0,200,"sd","09:58:46",108700
30.55,0,500,"sd","09:56:36",108500
30.55,0,100,"sd","09:56:34",108000
30.5,-0.05,200,"sd","09:53:56",107900
30.5,-0.05,1000,"sd","09:53:14",107700
30.5,-0.05,600,"sd","09:52:24",106700
30.55,0,400,"sd","09:52:24",106100
30.55,0,1000,"sd","09:52:23",105700
30.55,0,300,"sd","09:51:43",104700
30.55,0,10000,"sd","09:51:32",104400
30.55,0,1000,"sd","09:51:12",94400
30.6,0.05,200,"bu","09:49:55",93400
30.6,0.05,3500,"sd","09:49:01",93200
30.6,0.05,900,"sd","09:47:34",89700
30.6,0.05,200,"bu","09:46:23",88800
30.6,0.05,500,"bu","09:45:43",88600
30.6,0.05,800,"bu","09:45:22",88100
30.55,0,500,"sd","09:44:15",87300
30.55,0,800,"sd","09:43:35",86800
30.55,0,200,"sd","09:42:49",86000
30.6,0.05,300,"sd","09:42:48",85800
30.65,0.1,1000,"bu","09:42:31",85500
30.65,0.1,3000,"bu","09:42:29",84500
30.65,0.1,300,"bu","09:41:40",81500
30.65,0.1,4200,"sd","09:41:04",81200
30.7,0.15,100,"bu","09:40:59",77000
30.7,0.15,600,"sd","09:40:53",76900
30.7,0.15,800,"sd","09:40:52",76300
30.7,0.15,400,"bu","09:40:29",75500
30.7,0.15,300,"bu","09:40:29",75100
30.7,0.15,300,"bu","09:40:20",74800
30.7,0.15,500,"bu","09:39:49",74500
30.7,0.15,3800,"bu","09:39:31",74000
30.65,0.1,300,"sd","09:38:36",70200
30.7,0.15,500,"bu","09:38:35",69900
30.7,0.15,200,"bu","09:38:12",69400
30.65,0.1,1800,"bu","09:38:12",69200
30.65,0.1,200,"sd","09:37:54",67400
30.7,0.15,500,"bu","09:37:43",67200
30.65,0.1,100,"bu","09:37:31",66700
30.65,0.1,4200,"bu","09:37:14",66600
30.65,0.1,1000,"bu","09:37:01",62400
30.6,0.05,300,"bu","09:36:34",61400
30.6,0.05,100,"bu","09:36:26",61100
30.6,0.05,500,"bu","09:36:21",61000
30.6,0.05,100,"bu","09:36:07",60500
30.55,0,500,"sd","09:36:07",60400
30.55,0,100,"sd","09:35:46",59900
30.55,0,200,"bu","09:34:00",59800
30.55,0,100,"bu","09:33:56",59600
30.55,0,100,"bu","09:33:52",59500
30.55,0,300,"sd","09:33:48",59400
30.55,0,200,"bu","09:33:47",59100
30.55,0,600,"bu","09:32:58",58900
30.5,-0.05,1000,"sd","09:32:15",58300
30.45,-0.1,500,"bu","09:31:19",57300
30.45,-0.1,500,"bu","09:31:15",56800
30.4,-0.15,1300,"sd","09:31:15",56300
30.5,-0.05,100,"bu","09:31:03",55000
30.4,-0.15,2200,"sd","09:30:35",54900
30.4,-0.15,1000,"sd","09:30:21",52700
30.4,-0.15,800,"sd","09:30:16",51700
30.45,-0.1,200,"sd","09:30:16",50900
30.5,-0.05,200,"bu","09:29:43",50700
30.5,-0.05,100,"bu","09:29:41",50500
30.5,-0.05,2100,"sd","09:29:25",50400
30.5,-0.05,1100,"sd","09:29:19",48300
30.5,-0.05,8200,"sd","09:29:12",47200
30.5,-0.05,6100,"bu","09:27:58",39000
30.5,-0.05,100,"bu","09:27:34",32900
30.5,-0.05,300,"bu","09:27:29",32800
30.5,-0.05,3500,"sd","09:27:27",32500
30.5,-0.05,2200,"sd","09:27:19",29000
30.55,0,200,"sd","09:27:08",26800
30.55,0,1500,"sd","09:26:48",26600
30.6,0.05,300,"bu","09:26:37",25100
30.55,0,1000,"sd","09:26:32",24800
30.6,0.05,1100,"bu","09:26:18",23800
30.6,0.05,100,"bu","09:25:56",22700
30.5,-0.05,5000,"sd","09:25:56",22600
30.55,0,100,"sd","09:25:55",17600
30.55,0,300,"sd","09:24:44",17500
30.6,0.05,500,"bu","09:22:39",17200
30.55,0,10000,"sd","09:22:10",16700
30.6,0.05,200,"bu","09:22:08",6700
30.6,0.05,100,"bu","09:21:35",6500
30.6,0.05,100,"sd","09:20:06",6400
30.65,0.1,100,"bu","09:19:48",6300
30.65,0.1,100,"bu","09:19:40",6200
30.6,0.05,300,"sd","09:19:19",6100
30.65,0.1,100,"sd","09:19:00",5800
30.65,0.1,900,"bu","09:17:38",5700
30.55,0,100,"sd","09:17:05",4800
30.55,0,4700,"","09:15:00",4700
