"price","change","match_qtty","side","time","total_vol"
41.5,-0.1,2300,"","14:45:00",59600
41.6,0,400,"bu","14:29:43",57300
41.3,-0.3,100,"sd","14:25:32",56900
41.4,-0.2,300,"bu","14:24:19",56800
41.3,-0.3,100,"sd","14:23:17",56500
41.3,-0.3,100,"sd","14:22:13",56400
41.25,-0.35,800,"sd","14:21:43",56300
41.3,-0.3,1200,"sd","14:21:43",55500
41.3,-0.3,100,"sd","14:21:12",54300
41.3,-0.3,100,"sd","14:20:11",54200
41.3,-0.3,100,"sd","14:19:11",54100
41.4,-0.2,1500,"bu","14:19:04",54000
41.3,-0.3,1000,"sd","14:18:18",52500
41.3,-0.3,100,"sd","14:18:13",51500
41.3,-0.3,100,"sd","14:17:15",51400
41.4,-0.2,500,"bu","14:17:00",51300
41.3,-0.3,100,"sd","14:16:17",50800
41.3,-0.3,100,"sd","14:15:19",50700
41.3,-0.3,100,"sd","14:14:23",50600
41.3,-0.3,100,"sd","14:13:27",50500
41.3,-0.3,100,"sd","14:12:31",50400
41.3,-0.3,100,"sd","14:11:37",50300
41.3,-0.3,100,"sd","14:10:41",50200
41.3,-0.3,100,"sd","14:09:47",50100
41.3,-0.3,100,"sd","14:08:53",50000
41.25,-0.35,100,"sd","14:07:59",49900
41.25,-0.35,100,"sd","14:07:05",49800
41.3,-0.3,100,"sd","14:06:12",49700
41.3,-0.3,100,"sd","14:05:18",49600
41.3,-0.3,2000,"sd","14:04:36",49500
41.3,-0.3,100,"sd","14:04:26",47500
41.3,-0.3,100,"sd","14:03:34",47400
41.3,-0.3,100,"sd","14:02:43",47300
41.3,-0.3,100,"sd","14:01:48",47200
41.3,-0.3,100,"sd","14:00:55",47100
41.3,-0.3,100,"sd","14:00:05",47000
41.3,-0.3,100,"sd","13:59:12",46900
41.3,-0.3,100,"sd","13:58:21",46800
41.3,-0.3,100,"sd","13:57:30",46700
41.3,-0.3,100,"sd","13:56:39",46600
41.3,-0.3,100,"sd","13:55:47",46500
41.3,-0.3,100,"sd","13:54:57",46400
41.3,-0.3,100,"sd","13:54:06",46300
41.3,-0.3,100,"sd","13:53:15",46200
41.3,-0.3,100,"sd","13:52:25",46100
41.3,-0.3,100,"sd","13:51:35",46000
41.3,-0.3,100,"sd","13:50:45",45900
41.3,-0.3,100,"sd","13:49:54",45800
41.3,-0.3,1000,"sd","13:49:42",45700
41.3,-0.3,100,"sd","13:49:05",44700
41.3,-0.3,100,"sd","13:48:15",44600
41.3,-0.3,2000,"sd","13:48:04",44500
41.3,-0.3,100,"sd","13:47:26",42500
41.3,-0.3,100,"sd","13:46:36",42400
41.3,-0.3,1000,"sd","13:46:22",42300
41.3,-0.3,100,"sd","13:45:46",41300
41.3,-0.3,100,"sd","13:44:57",41200
41.3,-0.3,100,"sd","13:44:08",41100
41.35,-0.25,100,"sd","13:43:19",41000
41.35,-0.25,100,"sd","13:42:29",40900
41.35,-0.25,100,"sd","13:41:40",40800
41.35,-0.25,100,"sd","13:40:53",40700
41.35,-0.25,100,"sd","13:40:03",40600
41.35,-0.25,100,"sd","13:39:15",40500
41.3,-0.3,100,"sd","13:38:27",40400
41.3,-0.3,1200,"sd","13:38:10",40300
41.35,-0.25,200,"sd","13:38:10",39100
41.4,-0.2,600,"sd","13:38:10",38900
41.4,-0.2,100,"sd","13:37:38",38300
41.4,-0.2,100,"sd","13:36:49",38200
41.4,-0.2,100,"sd","13:36:01",38100
41.4,-0.2,1000,"sd","13:35:54",38000
41.4,-0.2,100,"sd","13:35:13",37000
41.4,-0.2,100,"sd","13:34:25",36900
41.4,-0.2,100,"sd","13:33:37",36800
41.4,-0.2,100,"sd","13:32:50",36700
41.5,-0.1,500,"bu","13:31:36",36600
41.4,-0.2,1000,"sd","13:31:29",36100
41.4,-0.2,100,"sd","13:31:14",35100
41.4,-0.2,100,"sd","13:30:26",35000
41.4,-0.2,100,"sd","13:29:38",34900
41.4,-0.2,100,"sd","13:28:52",34800
41.4,-0.2,100,"sd","13:28:04",34700
41.4,-0.2,100,"sd","13:27:16",34600
41.5,-0.1,500,"bu","13:26:45",34500
41.4,-0.2,100,"sd","13:26:28",34000
41.5,-0.1,100,"sd","13:25:42",33900
41.5,-0.1,100,"sd","13:24:55",33800
41.4,-0.2,100,"sd","13:24:07",33700
41.3,-0.3,100,"sd","13:23:20",33600
41.3,-0.3,100,"sd","13:23:13",33500
41.35,-0.25,100,"sd","13:23:13",33400
41.4,-0.2,300,"sd","13:23:13",33300
41.5,-0.1,500,"sd","13:23:13",33000
41.5,-0.1,100,"sd","13:22:34",32500
41.5,-0.1,100,"sd","13:21:47",32400
41.5,-0.1,100,"sd","13:21:00",32300
41.5,-0.1,100,"sd","13:20:12",32200
41.5,-0.1,100,"sd","13:19:25",32100
41.5,-0.1,100,"sd","13:18:39",32000
41.5,-0.1,100,"sd","13:17:52",31900
41.5,-0.1,100,"sd","13:17:05",31800
41.5,-0.1,100,"sd","13:16:44",31700
41.5,-0.1,100,"sd","13:16:19",31600
41.5,-0.1,100,"sd","13:15:33",31500
41.5,-0.1,100,"sd","13:14:46",31400
41.5,-0.1,100,"sd","13:14:00",31300
41.5,-0.1,100,"sd","13:13:13",31200
41.5,-0.1,100,"sd","13:12:27",31100
41.5,-0.1,100,"sd","13:11:41",31000
41.5,-0.1,100,"sd","13:10:55",30900
41.5,-0.1,100,"sd","13:10:09",30800
41.5,-0.1,100,"sd","13:09:23",30700
41.5,-0.1,100,"sd","13:08:37",30600
41.5,-0.1,100,"sd","13:07:51",30500
41.5,-0.1,900,"sd","13:07:41",30400
41.5,-0.1,1000,"sd","13:07:28",29500
41.5,-0.1,500,"bu","13:06:42",28500
41.35,-0.25,100,"sd","13:06:20",28000
41.35,-0.25,100,"sd","13:05:34",27900
41.35,-0.25,100,"sd","13:05:11",27800
41.35,-0.25,100,"sd","13:04:48",27700
41.35,-0.25,100,"sd","13:04:02",27600
41.35,-0.25,100,"sd","13:03:16",27500
41.35,-0.25,100,"sd","13:02:31",27400
41.35,-0.25,100,"sd","13:01:45",27300
41.35,-0.25,100,"sd","13:01:02",27200
41.5,-0.1,100,"sd","11:25:32",27100
41.5,-0.1,200,"bu","11:25:31",27000
41.35,-0.25,100,"sd","11:23:57",26800
41.5,-0.1,700,"sd","11:22:34",26700
41.5,-0.1,100,"sd","11:22:24",26000
41.5,-0.1,1000,"sd","11:21:59",25900
41.5,-0.1,100,"sd","11:21:30",24900
41.5,-0.1,100,"sd","11:21:17",24800
41.5,-0.1,100,"sd","11:20:49",24700
41.35,-0.25,300,"sd","11:19:35",24600
41.35,-0.25,100,"sd","11:19:16",24300
41.35,-0.25,300,"sd","11:18:24",24200
41.4,-0.2,700,"sd","11:18:24",23900
41.4,-0.2,100,"sd","11:17:42",23200
41.4,-0.2,100,"sd","11:16:09",23100
41.4,-0.2,200,"bu","11:13:08",23000
41.35,-0.25,100,"sd","11:13:02",22800
41.4,-0.2,900,"sd","11:12:13",22700
41.4,-0.2,100,"sd","11:11:28",21800
41.4,-0.2,500,"bu","11:08:24",21700
41.35,-0.25,100,"sd","11:08:22",21200
41.4,-0.2,900,"sd","11:07:04",21100
41.4,-0.2,100,"sd","11:06:49",20200
41.35,-0.25,100,"sd","11:05:16",20100
41.35,-0.25,100,"sd","11:03:43",20000
41.35,-0.25,100,"sd","11:02:09",19900
41.35,-0.25,100,"sd","11:00:37",19800
41.35,-0.25,100,"sd","10:59:04",19700
41.35,-0.25,100,"sd","10:57:31",19600
41.35,-0.25,100,"sd","10:55:59",19500
41.35,-0.25,100,"sd","10:54:27",19400
41.35,-0.25,100,"sd","10:52:54",19300
41.3,-0.3,100,"sd","10:51:22",19200
41.3,-0.3,500,"sd","10:50:37",19100
41.35,-0.25,500,"sd","10:50:37",18600
41.35,-0.25,100,"sd","10:49:49",18100
41.35,-0.25,100,"sd","10:48:17",18000
41.35,-0.25,100,"sd","10:46:45",17900
41.35,-0.25,100,"sd","10:45:13",17800
41.35,-0.25,100,"sd","10:43:41",17700
41.35,-0.25,100,"sd","10:42:09",17600
41.35,-0.25,100,"sd","10:40:37",17500
41.5,-0.1,1500,"bu","10:37:56",17400
41.35,-0.25,100,"sd","10:37:34",15900
41.35,-0.25,100,"sd","10:36:02",15800
41.35,-0.25,100,"sd","10:34:30",15700
41.35,-0.25,1000,"sd","10:34:03",15600
41.35,-0.25,100,"sd","10:32:59",14600
41.35,-0.25,100,"sd","10:31:27",14500
41.5,-0.1,100,"sd","10:30:36",14400
41.5,-0.1,400,"bu","10:28:51",14300
41.35,-0.25,100,"sd","10:28:24",13900
41.35,-0.25,100,"sd","10:26:53",13800
41.5,-0.1,1500,"bu","10:26:33",13700
41.35,-0.25,100,"sd","10:25:22",12200
41.35,-0.25,100,"sd","10:23:51",12100
41.35,-0.25,100,"sd","10:22:20",12000
41.35,-0.25,100,"sd","10:20:49",11900
41.35,-0.25,100,"sd","10:19:18",11800
41.35,-0.25,1000,"sd","10:19:05",11700
41.35,-0.25,100,"sd","10:17:47",10700
41.35,-0.25,100,"sd","10:16:16",10600
41.35,-0.25,200,"bu","10:13:59",10500
41.3,-0.3,100,"sd","10:13:15",10300
41.3,-0.3,100,"sd","10:11:44",10200
41.35,-0.25,100,"bu","10:11:36",10100
41.35,-0.25,100,"sd","10:11:12",10000
41.35,-0.25,100,"sd","10:10:14",9900
41.4,-0.2,100,"sd","10:08:43",9800
41.4,-0.2,800,"sd","10:07:15",9700
41.5,-0.1,200,"sd","10:07:15",8900
41.5,-0.1,100,"sd","10:07:13",8700
41.5,-0.1,100,"sd","10:05:42",8600
41.5,-0.1,200,"sd","10:04:31",8500
41.5,-0.1,100,"sd","10:04:18",8300
41.5,-0.1,100,"sd","10:04:11",8200
41.5,-0.1,100,"sd","10:02:41",8100
41.5,-0.1,100,"sd","10:01:20",8000
41.4,-0.2,100,"sd","10:01:11",7900
41.6,0,100,"bu","10:00:08",7800
41.3,-0.3,100,"sd","09:59:41",7700
41.3,-0.3,100,"sd","09:58:11",7600
41.3,-0.3,100,"sd","09:56:41",7500
41.3,-0.3,100,"sd","09:55:11",7400
41.3,-0.3,100,"sd","09:53:41",7300
41.3,-0.3,100,"sd","09:52:38",7200
41.3,-0.3,100,"sd","09:52:11",7100
41.3,-0.3,1000,"sd","09:50:57",7000
41.3,-0.3,100,"sd","09:50:41",6000
41.3,-0.3,300,"sd","09:49:39",5900
41.3,-0.3,100,"sd","09:49:11",5600
41.3,-0.3,100,"sd","09:47:41",5500
41.3,-0.3,100,"sd","09:46:12",5400
41.3,-0.3,100,"sd","09:44:42",5300
41.3,-0.3,100,"sd","09:43:13",5200
41.3,-0.3,100,"sd","09:41:43",5100
41.3,-0.3,100,"sd","09:40:13",5000
41.3,-0.3,100,"sd","09:38:44",4900
41.3,-0.3,100,"sd","09:37:15",4800
41.3,-0.3,100,"sd","09:35:46",4700
41.3,-0.3,100,"sd","09:34:25",4600
41.3,-0.3,100,"sd","09:34:16",4500
41.3,-0.3,1000,"sd","09:33:30",4400
41.3,-0.3,100,"sd","09:32:47",3400
41.3,-0.3,100,"sd","09:31:18",3300
41.3,-0.3,100,"sd","09:29:49",3200
41.3,-0.3,100,"sd","09:28:20",3100
41.3,-0.3,100,"sd","09:26:51",3000
41.3,-0.3,100,"sd","09:25:22",2900
41.5,-0.1,100,"sd","09:24:07",2800
41.5,-0.1,100,"sd","09:23:53",2700
41.5,-0.1,100,"sd","09:22:24",2600
41.5,-0.1,100,"sd","09:20:55",2500
41.5,-0.1,1000,"sd","09:20:47",2400
41.5,-0.1,100,"sd","09:19:26",1400
41.5,-0.1,1000,"sd","09:18:17",1300
41.6,0,100,"bu","09:17:26",300
41.55,-0.05,100,"sd","09:16:29",200
41.6,0,100,"","09:15:00",100
