"price","change","match_qtty","side","time","total_vol"
15.1,0.05,145300,"","14:45:01",4990300
15.1,0.05,3700,"bu","14:29:50",4845000
15.1,0.05,1000,"bu","14:29:43",4841300
15.05,0,20000,"sd","14:29:36",4840300
15.1,0.05,5300,"sd","14:29:35",4820300
15.1,0.05,4700,"bu","14:29:34",4815000
15.1,0.05,100,"bu","14:29:30",4810300
15.1,0.05,100,"bu","14:29:29",4810200
15.1,0.05,1100,"sd","14:29:27",4810100
15.15,0.1,500,"bu","14:29:23",4809000
15.1,0.05,6000,"sd","14:29:20",4808500
15.15,0.1,10000,"bu","14:29:18",4802500
15.1,0.05,1000,"sd","14:29:15",4792500
15.1,0.05,400,"sd","14:29:12",4791500
15.1,0.05,15000,"sd","14:29:09",4791100
15.1,0.05,3000,"sd","14:29:06",4776100
15.1,0.05,5500,"sd","14:29:05",4773100
15.1,0.05,100,"sd","14:29:04",4767600
15.1,0.05,3000,"sd","14:29:01",4767500
15.1,0.05,11000,"sd","14:28:56",4764500
15.1,0.05,3000,"sd","14:28:53",4753500
15.1,0.05,700,"sd","14:28:53",4750500
15.1,0.05,600,"sd","14:28:46",4749800
15.1,0.05,800,"sd","14:28:42",4749200
15.1,0.05,5000,"sd","14:28:40",4748400
15.15,0.1,100,"bu","14:28:27",4743400
15.1,0.05,500,"sd","14:28:22",4743300
15.15,0.1,100,"bu","14:28:21",4742800
15.1,0.05,50000,"sd","14:28:20",4742700
15.15,0.1,100,"bu","14:28:19",4692700
15.15,0.1,6500,"bu","14:28:18",4692600
15.15,0.1,100,"bu","14:28:12",4686100
15.15,0.1,1000,"bu","14:28:11",4686000
15.1,0.05,2000,"sd","14:28:08",4685000
15.15,0.1,1000,"bu","14:28:03",4683000
15.15,0.1,200,"bu","14:28:00",4682000
15.1,0.05,100,"sd","14:27:53",4681800
15.15,0.1,1900,"sd","14:27:44",4681700
15.15,0.1,8600,"bu","14:27:43",4679800
15.15,0.1,300,"bu","14:27:36",4671200
15.15,0.1,1000,"bu","14:27:32",4670900
15.1,0.05,1000,"sd","14:27:32",4669900
15.15,0.1,500,"bu","14:27:31",4668900
15.15,0.1,2900,"sd","14:27:24",4668400
15.15,0.1,100,"bu","14:27:22",4665500
15.15,0.1,5900,"sd","14:27:20",4665400
15.15,0.1,500,"sd","14:27:17",4659500
15.15,0.1,5000,"sd","14:27:14",4659000
15.15,0.1,4400,"sd","14:27:13",4654000
15.15,0.1,2000,"sd","14:27:12",4649600
15.15,0.1,2000,"sd","14:27:08",4647600
15.15,0.1,5000,"sd","14:27:01",4645600
15.15,0.1,3100,"sd","14:26:53",4640600
15.15,0.1,8300,"sd","14:26:49",4637500
15.15,0.1,2000,"sd","14:26:47",4629200
15.2,0.15,1000,"bu","14:26:43",4627200
15.2,0.15,10000,"bu","14:26:20",4626200
15.15,0.1,1000,"sd","14:26:18",4616200
15.2,0.15,9000,"sd","14:26:02",4615200
15.2,0.15,200,"sd","14:25:58",4606200
15.2,0.15,9900,"sd","14:25:55",4606000
15.2,0.15,1000,"sd","14:25:41",4596100
15.2,0.15,2000,"sd","14:25:28",4595100
15.2,0.15,18000,"sd","14:25:27",4593100
15.2,0.15,30000,"sd","14:25:26",4575100
15.2,0.15,15000,"sd","14:25:22",4545100
15.2,0.15,5000,"sd","14:25:18",4530100
15.2,0.15,5000,"sd","14:25:15",4525100
15.2,0.15,3000,"sd","14:25:10",4520100
15.25,0.2,10000,"bu","14:24:59",4517100
15.25,0.2,1000,"bu","14:24:56",4507100
15.2,0.15,10000,"sd","14:24:44",4506100
15.25,0.2,2800,"bu","14:24:30",4496100
15.25,0.2,8800,"sd","14:24:16",4493300
15.3,0.25,200,"bu","14:24:14",4484500
15.25,0.2,10000,"sd","14:23:56",4484300
15.25,0.2,2000,"sd","14:23:50",4474300
15.25,0.2,100,"sd","14:23:46",4472300
15.25,0.2,100,"sd","14:23:43",4472200
15.25,0.2,5000,"sd","14:23:38",4472100
15.25,0.2,10000,"sd","14:23:21",4467100
15.25,0.2,5000,"sd","14:23:14",4457100
15.25,0.2,300,"sd","14:23:01",4452100
15.25,0.2,5000,"sd","14:22:56",4451800
15.25,0.2,10000,"sd","14:22:33",4446800
15.25,0.2,10000,"sd","14:22:19",4436800
15.3,0.25,5000,"bu","14:21:55",4426800
15.3,0.25,100,"bu","14:21:50",4421800
15.25,0.2,2000,"sd","14:21:37",4421700
15.25,0.2,200,"sd","14:21:35",4419700
15.3,0.25,2000,"bu","14:21:32",4419500
15.25,0.2,200,"sd","14:21:16",4417500
15.25,0.2,9800,"sd","14:21:15",4417300
15.25,0.2,5000,"sd","14:21:14",4407500
15.25,0.2,200,"sd","14:21:13",4402500
15.25,0.2,1000,"sd","14:21:01",4402300
15.25,0.2,10000,"sd","14:20:58",4401300
15.25,0.2,300,"sd","14:20:54",4391300
15.25,0.2,2000,"sd","14:20:27",4391000
15.25,0.2,10000,"sd","14:20:25",4389000
15.25,0.2,900,"sd","14:19:36",4379000
15.25,0.2,200,"sd","14:19:01",4378100
15.25,0.2,1000,"sd","14:18:53",4377900
15.25,0.2,1100,"bu","14:18:51",4376900
15.25,0.2,10000,"bu","14:18:47",4375800
15.25,0.2,1000,"bu","14:18:46",4365800
15.25,0.2,100,"bu","14:18:45",4364800
15.25,0.2,100,"bu","14:18:41",4364700
15.25,0.2,500,"bu","14:18:40",4364600
15.25,0.2,3000,"bu","14:18:35",4364100
15.25,0.2,1000,"bu","14:18:29",4361100
15.25,0.2,2000,"bu","14:18:25",4360100
15.25,0.2,400,"bu","14:18:22",4358100
15.25,0.2,11000,"sd","14:18:18",4357700
15.3,0.25,10000,"bu","14:18:15",4346700
15.25,0.2,10000,"sd","14:18:15",4336700
15.25,0.2,1000,"sd","14:18:08",4326700
15.3,0.25,500,"bu","14:18:06",4325700
15.25,0.2,1100,"sd","14:17:36",4325200
15.25,0.2,300,"bu","14:17:27",4324100
15.25,0.2,500,"bu","14:17:22",4323800
15.25,0.2,300,"bu","14:17:21",4323300
15.25,0.2,700,"bu","14:17:08",4323000
15.25,0.2,100,"bu","14:17:03",4322300
15.25,0.2,600,"sd","14:16:57",4322200
15.25,0.2,3400,"sd","14:16:49",4321600
15.25,0.2,300,"sd","14:16:46",4318200
15.25,0.2,1000,"sd","14:16:35",4317900
15.25,0.2,4000,"sd","14:16:13",4316900
15.25,0.2,500,"sd","14:16:09",4312900
15.25,0.2,7000,"bu","14:16:00",4312400
15.25,0.2,300,"bu","14:15:57",4305400
15.25,0.2,100,"bu","14:15:47",4305100
15.25,0.2,200,"bu","14:15:44",4305000
15.25,0.2,20000,"bu","14:15:43",4304800
15.25,0.2,1000,"bu","14:15:34",4284800
15.25,0.2,5000,"bu","14:15:32",4283800
15.25,0.2,500,"bu","14:15:28",4278800
15.25,0.2,400,"sd","14:15:00",4278300
15.25,0.2,100,"sd","14:14:54",4277900
15.25,0.2,200,"sd","14:14:49",4277800
15.25,0.2,2000,"sd","14:14:48",4277600
15.25,0.2,100,"sd","14:14:33",4275600
15.25,0.2,1500,"sd","14:14:29",4275500
15.25,0.2,15700,"bu","14:14:25",4274000
15.25,0.2,100,"bu","14:14:08",4258300
15.25,0.2,1000,"bu","14:13:50",4258200
15.25,0.2,28000,"sd","14:13:44",4257200
15.25,0.2,1100,"sd","14:13:43",4229200
15.25,0.2,100,"sd","14:13:36",4228100
15.25,0.2,200,"sd","14:13:16",4228000
15.25,0.2,400,"sd","14:13:10",4227800
15.25,0.2,400,"sd","14:13:06",4227400
15.25,0.2,1000,"sd","14:13:04",4227000
15.25,0.2,100,"sd","14:12:54",4226000
15.25,0.2,700,"sd","14:12:50",4225900
15.25,0.2,2000,"sd","14:12:46",4225200
15.25,0.2,100,"sd","14:12:32",4223200
15.25,0.2,300,"sd","14:12:28",4223100
15.25,0.2,100,"sd","14:12:27",4222800
15.25,0.2,5000,"sd","14:12:21",4222700
15.25,0.2,5000,"sd","14:12:10",4217700
15.3,0.25,500,"bu","14:12:09",4212700
15.25,0.2,500,"sd","14:11:58",4212200
15.3,0.25,1800,"bu","14:11:54",4211700
15.3,0.25,700,"bu","14:11:30",4209900
15.25,0.2,200,"sd","14:11:19",4209200
15.25,0.2,1000,"sd","14:11:17",4209000
15.25,0.2,1000,"sd","14:10:58",4208000
15.25,0.2,700,"sd","14:10:55",4207000
15.25,0.2,3000,"sd","14:10:29",4206300
15.3,0.25,1000,"bu","14:10:24",4203300
15.25,0.2,1000,"sd","14:10:21",4202300
15.3,0.25,1000,"bu","14:10:02",4201300
15.3,0.25,1500,"bu","14:09:52",4200300
15.3,0.25,500,"bu","14:09:49",4198800
15.3,0.25,2500,"sd","14:09:43",4198300
15.3,0.25,10000,"sd","14:09:41",4195800
15.3,0.25,10000,"sd","14:09:26",4185800
15.3,0.25,100,"sd","14:09:11",4175800
15.3,0.25,1000,"sd","14:09:10",4175700
15.35,0.3,200,"bu","14:09:08",4174700
15.3,0.25,800,"sd","14:09:02",4174500
15.3,0.25,300,"sd","14:09:01",4173700
15.3,0.25,900,"sd","14:08:49",4173400
15.3,0.25,3000,"sd","14:08:43",4172500
15.3,0.25,100,"sd","14:08:33",4169500
15.3,0.25,2000,"sd","14:08:29",4169400
15.35,0.3,400,"bu","14:08:25",4167400
15.35,0.3,2000,"bu","14:08:12",4167000
15.35,0.3,300,"bu","14:08:07",4165000
15.35,0.3,1000,"bu","14:08:03",4164700
15.3,0.25,1000,"sd","14:07:48",4163700
15.3,0.25,200,"sd","14:07:30",4162700
15.35,0.3,2000,"bu","14:07:29",4162500
15.35,0.3,45300,"sd","14:07:27",4160500
15.35,0.3,300,"sd","14:07:20",4115200
15.35,0.3,200,"sd","14:07:14",4114900
15.35,0.3,1500,"sd","14:07:07",4114700
15.35,0.3,2000,"sd","14:07:05",4113200
15.35,0.3,1000,"sd","14:07:00",4111200
15.35,0.3,2000,"sd","14:06:56",4110200
15.4,0.35,3000,"bu","14:06:55",4108200
15.35,0.3,2000,"sd","14:06:53",4105200
15.35,0.3,1500,"sd","14:06:16",4103200
15.4,0.35,2500,"bu","14:06:15",4101700
15.4,0.35,300,"bu","14:06:08",4099200
15.35,0.3,107300,"bu","14:05:45",4098900
15.3,0.25,46500,"bu","14:05:45",3991600
15.3,0.25,5000,"bu","14:05:39",3945100
15.3,0.25,1200,"bu","14:05:28",3940100
15.3,0.25,11000,"bu","14:05:21",3938900
15.3,0.25,3100,"bu","14:05:18",3927900
15.3,0.25,2000,"bu","14:05:17",3924800
15.3,0.25,200,"bu","14:05:10",3922800
15.3,0.25,20000,"bu","14:05:08",3922600
15.3,0.25,500,"bu","14:05:06",3902600
15.3,0.25,500,"bu","14:04:55",3902100
15.3,0.25,4000,"bu","14:04:53",3901600
15.3,0.25,2800,"bu","14:04:51",3897600
15.3,0.25,200,"bu","14:04:50",3894800
15.3,0.25,5000,"bu","14:04:50",3894600
15.25,0.2,2000,"sd","14:04:47",3889600
15.3,0.25,1000,"bu","14:04:46",3887600
15.3,0.25,2000,"bu","14:04:43",3886600
15.3,0.25,3900,"bu","14:04:39",3884600
15.3,0.25,4100,"bu","14:04:38",3880700
15.3,0.25,1000,"bu","14:04:38",3876600
15.3,0.25,3000,"bu","14:04:35",3875600
15.3,0.25,100,"bu","14:04:33",3872600
15.3,0.25,300,"bu","14:04:26",3872500
15.3,0.25,500,"bu","14:04:22",3872200
15.3,0.25,500,"bu","14:04:18",3871700
15.25,0.2,5000,"sd","14:04:18",3871200
15.25,0.2,2000,"sd","14:04:15",3866200
15.3,0.25,8500,"bu","14:04:13",3864200
15.3,0.25,1000,"bu","14:04:11",3855700
15.3,0.25,1000,"bu","14:04:10",3854700
15.3,0.25,500,"bu","14:04:08",3853700
15.3,0.25,3000,"bu","14:04:03",3853200
15.3,0.25,5000,"bu","14:04:02",3850200
15.3,0.25,200,"bu","14:03:58",3845200
15.3,0.25,50000,"bu","14:03:45",3845000
15.25,0.2,200,"sd","14:03:42",3795000
15.3,0.25,3000,"bu","14:03:39",3794800
15.25,0.2,2000,"sd","14:03:35",3791800
15.25,0.2,200,"bu","14:03:28",3789800
15.25,0.2,11000,"bu","14:03:27",3789600
15.25,0.2,54000,"bu","14:03:24",3778600
15.25,0.2,2000,"bu","14:03:21",3724600
15.25,0.2,300,"bu","14:03:20",3722600
15.25,0.2,1000,"bu","14:03:18",3722300
15.25,0.2,2000,"bu","14:03:17",3721300
15.25,0.2,2000,"bu","14:03:14",3719300
15.25,0.2,2000,"bu","14:03:08",3717300
15.25,0.2,1000,"bu","14:03:05",3715300
15.25,0.2,3000,"bu","14:03:04",3714300
15.25,0.2,2000,"bu","14:03:02",3711300
15.25,0.2,14500,"bu","14:02:57",3709300
15.25,0.2,5000,"bu","14:02:55",3694800
15.2,0.15,1000,"sd","14:02:43",3689800
15.2,0.15,1500,"bu","14:02:31",3688800
15.15,0.1,200,"sd","14:02:29",3687300
15.2,0.15,2000,"bu","14:02:28",3687100
15.2,0.15,50000,"bu","14:02:25",3685100
15.2,0.15,1100,"bu","14:02:19",3635100
15.2,0.15,25000,"bu","14:02:17",3634000
15.2,0.15,4800,"bu","14:02:13",3609000
15.2,0.15,700,"bu","14:02:04",3604200
15.2,0.15,1000,"bu","14:01:59",3603500
15.2,0.15,9000,"bu","14:01:57",3602500
15.2,0.15,10000,"bu","14:01:41",3593500
15.2,0.15,400,"bu","14:01:33",3583500
15.15,0.1,200,"sd","14:01:10",3583100
15.15,0.1,6500,"sd","14:00:41",3582900
15.15,0.1,200,"sd","13:59:35",3576400
15.2,0.15,400,"bu","13:59:17",3576200
15.15,0.1,400,"sd","13:59:09",3575800
15.15,0.1,200,"sd","13:59:08",3575400
15.15,0.1,5000,"sd","13:58:56",3575200
15.2,0.15,1000,"bu","13:58:54",3570200
15.15,0.1,1000,"sd","13:58:09",3569200
15.15,0.1,6500,"bu","13:58:08",3568200
15.15,0.1,2900,"bu","13:58:02",3561700
15.15,0.1,2000,"bu","13:58:00",3558800
15.15,0.1,300,"bu","13:57:59",3556800
15.15,0.1,5000,"bu","13:57:54",3556500
15.15,0.1,1000,"bu","13:57:51",3551500
15.15,0.1,1000,"bu","13:57:46",3550500
15.15,0.1,500,"bu","13:57:45",3549500
15.15,0.1,1000,"bu","13:57:40",3549000
15.15,0.1,2000,"bu","13:57:27",3548000
15.15,0.1,1000,"bu","13:57:25",3546000
15.15,0.1,500,"bu","13:57:23",3545000
15.15,0.1,100,"bu","13:56:44",3544500
15.15,0.1,1000,"bu","13:56:32",3544400
15.1,0.05,200,"sd","13:56:19",3543400
15.1,0.05,1000,"sd","13:55:46",3543200
15.1,0.05,1000,"sd","13:55:15",3542200
15.15,0.1,1700,"bu","13:55:09",3541200
15.1,0.05,400,"sd","13:55:00",3539500
15.1,0.05,15000,"sd","13:54:28",3539100
15.15,0.1,500,"bu","13:54:26",3524100
15.1,0.05,25000,"sd","13:54:20",3523600
15.1,0.05,15000,"sd","13:54:20",3498600
15.1,0.05,2000,"sd","13:54:09",3483600
15.1,0.05,4000,"sd","13:53:53",3481600
15.1,0.05,100,"sd","13:53:29",3477600
15.15,0.1,1000,"bu","13:53:26",3477500
15.15,0.1,500,"bu","13:53:21",3476500
15.1,0.05,300,"sd","13:53:04",3476000
15.1,0.05,300,"sd","13:52:28",3475700
15.15,0.1,1000,"bu","13:52:25",3475400
15.1,0.05,6000,"sd","13:52:17",3474400
15.15,0.1,5000,"bu","13:52:10",3468400
15.1,0.05,2800,"sd","13:52:09",3463400
15.1,0.05,100,"sd","13:51:55",3460600
15.15,0.1,300,"bu","13:51:45",3460500
15.1,0.05,600,"sd","13:51:43",3460200
15.1,0.05,2000,"sd","13:51:39",3459600
15.1,0.05,3000,"sd","13:51:33",3457600
15.15,0.1,100,"bu","13:51:14",3454600
15.15,0.1,1000,"bu","13:51:00",3454500
15.15,0.1,100,"bu","13:50:53",3453500
15.1,0.05,5000,"sd","13:50:43",3453400
15.15,0.1,1000,"bu","13:50:40",3448400
15.1,0.05,100,"sd","13:50:38",3447400
15.15,0.1,1000,"bu","13:50:05",3447300
15.15,0.1,100,"bu","13:49:58",3446300
15.15,0.1,100,"bu","13:49:50",3445200
15.1,0.05,300,"sd","13:49:40",3445100
15.15,0.1,6000,"bu","13:49:31",3444800
15.15,0.1,1000,"bu","13:49:27",3438800
15.15,0.1,3000,"bu","13:49:18",3437800
15.15,0.1,68100,"sd","13:49:10",3434800
15.2,0.15,100,"bu","13:48:41",3366700
15.2,0.15,2000,"bu","13:48:15",3366600
15.2,0.15,100,"bu","13:47:39",3364600
15.2,0.15,700,"bu","13:47:36",3364500
15.2,0.15,1000,"bu","13:47:20",3363800
15.2,0.15,200,"bu","13:47:19",3362800
15.2,0.15,10000,"bu","13:47:06",3362600
15.2,0.15,10000,"bu","13:47:06",3352600
15.2,0.15,100,"bu","13:46:52",3342600
15.15,0.1,5000,"sd","13:46:49",3342500
15.15,0.1,100,"sd","13:46:14",3337500
15.15,0.1,1000,"sd","13:45:41",3337400
15.2,0.15,5000,"bu","13:45:29",3336400
15.15,0.1,700,"sd","13:45:06",3331400
15.15,0.1,300,"sd","13:45:06",3330700
15.2,0.15,500,"bu","13:44:21",3330400
15.2,0.15,500,"bu","13:44:16",3329900
15.2,0.15,100,"bu","13:44:05",3329400
15.2,0.15,2000,"bu","13:43:45",3329300
15.2,0.15,500,"bu","13:43:26",3327300
15.2,0.15,23100,"sd","13:42:59",3326800
15.2,0.15,1000,"sd","13:42:44",3303700
15.2,0.15,3000,"sd","13:42:43",3302700
15.2,0.15,100,"sd","13:42:31",3299700
15.2,0.15,1000,"sd","13:42:00",3299600
15.2,0.15,500,"sd","13:41:59",3298600
15.2,0.15,3500,"sd","13:41:58",3298100
15.2,0.15,4000,"sd","13:41:57",3294600
15.2,0.15,20600,"bu","13:41:41",3290600
15.2,0.15,600,"bu","13:41:34",3270000
15.2,0.15,500,"bu","13:41:32",3269400
15.2,0.15,300,"bu","13:40:55",3268900
15.15,0.1,15000,"sd","13:40:47",3268600
15.2,0.15,20000,"bu","13:40:47",3253600
15.15,0.1,400,"sd","13:40:43",3233600
15.15,0.1,1500,"sd","13:40:29",3233200
15.15,0.1,500,"sd","13:40:28",3231700
15.15,0.1,200,"sd","13:40:12",3231200
15.2,0.15,7500,"bu","13:40:11",3231000
15.2,0.15,500,"bu","13:39:56",3223500
15.15,0.1,2000,"sd","13:39:55",3223000
15.15,0.1,800,"sd","13:39:29",3221000
15.2,0.15,1700,"bu","13:39:26",3220200
15.2,0.15,500,"bu","13:39:17",3218500
15.15,0.1,5500,"sd","13:38:47",3218000
15.15,0.1,6000,"sd","13:38:16",3212500
15.2,0.15,3000,"bu","13:38:00",3206500
15.2,0.15,5000,"bu","13:37:48",3203500
15.2,0.15,100,"bu","13:37:31",3198500
15.2,0.15,2300,"bu","13:37:24",3198400
15.2,0.15,2000,"bu","13:37:22",3196100
15.2,0.15,500,"bu","13:37:04",3194100
15.2,0.15,5000,"bu","13:36:46",3193600
15.2,0.15,700,"bu","13:36:39",3188600
15.2,0.15,1500,"bu","13:36:06",3187900
15.15,0.1,500,"sd","13:35:47",3186400
15.2,0.15,28000,"bu","13:35:46",3185900
15.15,0.1,1000,"sd","13:35:35",3157900
15.15,0.1,500,"sd","13:35:24",3156900
15.15,0.1,300,"sd","13:34:44",3156400
15.2,0.15,100,"bu","13:34:33",3156100
15.2,0.15,1000,"bu","13:33:57",3156000
15.2,0.15,500,"bu","13:33:39",3155000
15.2,0.15,800,"bu","13:33:20",3154500
15.2,0.15,100,"bu","13:33:05",3153700
15.2,0.15,100,"bu","13:32:38",3153600
15.2,0.15,100,"bu","13:32:31",3153500
15.2,0.15,500,"bu","13:32:19",3153400
15.2,0.15,2000,"bu","13:32:13",3152900
15.2,0.15,39500,"sd","13:32:10",3150900
15.2,0.15,1400,"sd","13:32:08",3111400
15.2,0.15,10000,"sd","13:32:05",3110000
15.2,0.15,200,"sd","13:32:02",3100000
15.2,0.15,1000,"sd","13:31:59",3099800
15.2,0.15,1000,"sd","13:31:58",3098800
15.2,0.15,1500,"sd","13:31:57",3097800
15.2,0.15,200,"sd","13:31:55",3096300
15.2,0.15,300,"sd","13:31:53",3096100
15.2,0.15,1000,"sd","13:31:51",3094800
15.2,0.15,5800,"sd","13:31:44",3093800
15.2,0.15,5000,"sd","13:31:42",3088000
15.25,0.2,3000,"bu","13:31:41",3083000
15.2,0.15,1000,"sd","13:31:16",3080000
15.25,0.2,200,"bu","13:30:54",3079000
15.25,0.2,1000,"bu","13:30:39",3078800
15.2,0.15,2000,"sd","13:30:36",3077800
15.25,0.2,100,"bu","13:30:18",3075800
15.25,0.2,300,"bu","13:30:16",3075700
15.25,0.2,20000,"bu","13:30:13",3075400
15.2,0.15,3000,"sd","13:30:06",3055400
15.25,0.2,3000,"bu","13:30:02",3052400
15.2,0.15,1000,"sd","13:29:49",3049400
15.2,0.15,500,"sd","13:29:34",3048400
15.25,0.2,5000,"bu","13:29:31",3047900
15.2,0.15,200,"sd","13:29:29",3042900
15.25,0.2,1000,"bu","13:29:29",3042700
15.25,0.2,1000,"bu","13:29:28",3041700
15.25,0.2,5000,"bu","13:29:23",3040700
15.25,0.2,200,"bu","13:29:20",3035700
15.2,0.15,200,"sd","13:29:17",3035500
15.25,0.2,1000,"bu","13:29:12",3035300
15.2,0.15,300,"sd","13:29:05",3034300
15.2,0.15,500,"sd","13:29:05",3034000
15.2,0.15,500,"sd","13:28:55",3033500
15.2,0.15,1000,"sd","13:28:42",3033000
15.25,0.2,1000,"bu","13:28:29",3032000
15.25,0.2,500,"bu","13:28:11",3031000
15.25,0.2,1000,"bu","13:28:00",3030500
15.2,0.15,1000,"sd","13:27:57",3029500
15.2,0.15,100,"sd","13:27:54",3028500
15.2,0.15,300,"sd","13:27:46",3028400
15.2,0.15,200,"sd","13:27:32",3028100
15.2,0.15,20900,"bu","13:27:23",3027900
15.2,0.15,2000,"bu","13:27:22",3007000
15.2,0.15,9300,"bu","13:27:21",3005000
15.2,0.15,46700,"bu","13:27:17",2995700
15.2,0.15,3300,"bu","13:27:17",2949000
15.2,0.15,50000,"bu","13:27:15",2945700
15.2,0.15,500,"bu","13:27:14",2895700
15.2,0.15,3300,"bu","13:27:08",2895200
15.15,0.1,100,"sd","13:27:07",2891900
15.2,0.15,200,"bu","13:27:06",2891800
15.2,0.15,25800,"bu","13:26:59",2891600
15.2,0.15,5000,"bu","13:26:05",2865800
15.15,0.1,1000,"sd","13:26:05",2860800
15.15,0.1,10000,"sd","13:25:48",2859800
15.15,0.1,25900,"bu","13:25:34",2849800
15.15,0.1,2000,"bu","13:25:32",2823900
15.15,0.1,5000,"bu","13:25:31",2821900
15.15,0.1,200,"bu","13:25:28",2816900
15.15,0.1,7000,"bu","13:25:20",2816700
15.15,0.1,20000,"bu","13:25:19",2809700
15.15,0.1,300,"bu","13:25:18",2789700
15.15,0.1,500,"bu","13:25:18",2789400
15.15,0.1,200,"bu","13:24:59",2788900
15.15,0.1,10000,"bu","13:24:55",2788700
15.1,0.05,1000,"sd","13:24:33",2778700
15.1,0.05,100,"sd","13:24:27",2777700
15.1,0.05,13000,"bu","13:24:24",2777600
15.1,0.05,3000,"bu","13:24:22",2764600
15.1,0.05,3000,"bu","13:24:20",2761600
15.1,0.05,1300,"bu","13:24:17",2758600
15.1,0.05,100,"bu","13:24:14",2757300
15.1,0.05,1000,"bu","13:24:06",2757200
15.1,0.05,95400,"bu","13:24:03",2756200
15.1,0.05,100,"bu","13:24:02",2660800
15.1,0.05,500,"bu","13:23:59",2660700
15.1,0.05,100,"bu","13:23:51",2660200
15.05,0,5000,"sd","13:23:50",2660100
15.1,0.05,6000,"bu","13:23:46",2655100
15.1,0.05,300,"bu","13:23:45",2649100
15.05,0,12600,"sd","13:23:40",2648800
15.05,0,100,"sd","13:23:37",2636200
15.05,0,2500,"sd","13:22:38",2636100
15.05,0,16000,"sd","13:22:12",2633600
15.05,0,7300,"sd","13:21:59",2617600
15.05,0,500,"sd","13:21:48",2610300
15.1,0.05,500,"bu","13:21:27",2609800
15.1,0.05,5000,"bu","13:21:26",2609300
15.05,0,4000,"sd","13:21:24",2604300
15.05,0,13200,"sd","13:21:22",2600300
15.05,0,22800,"sd","13:21:22",2587100
15.1,0.05,10000,"bu","13:21:17",2564300
15.1,0.05,500,"bu","13:21:13",2554300
15.1,0.05,1800,"bu","13:21:06",2553800
15.1,0.05,1000,"bu","13:21:01",2552000
15.1,0.05,4000,"bu","13:20:58",2551000
15.05,0,1200,"sd","13:20:58",2547000
15.05,0,1000,"sd","13:20:56",2545800
15.05,0,13300,"sd","13:20:50",2544800
15.05,0,100,"sd","13:20:30",2531500
15.05,0,100,"sd","13:20:08",2531400
15.1,0.05,5000,"bu","13:19:45",2531300
15.1,0.05,5000,"bu","13:19:17",2526300
15.1,0.05,500,"bu","13:19:13",2521300
15.1,0.05,1000,"bu","13:17:41",2520800
15.05,0,500,"sd","13:17:13",2519800
15.05,0,300,"sd","13:17:05",2519300
15.1,0.05,1000,"bu","13:17:01",2519000
15.1,0.05,600,"bu","13:16:41",2518000
15.1,0.05,900,"bu","13:15:55",2517400
15.1,0.05,100,"bu","13:15:54",2516500
15.1,0.05,100,"bu","13:15:53",2516400
15.05,0,70000,"sd","13:15:45",2516300
15.1,0.05,1000,"bu","13:15:27",2446300
15.1,0.05,100,"bu","13:15:20",2445300
15.1,0.05,1000,"bu","13:14:51",2445200
15.1,0.05,3000,"bu","13:14:37",2444200
15.1,0.05,500,"bu","13:14:36",2441200
15.1,0.05,500,"bu","13:14:35",2440700
15.1,0.05,5000,"bu","13:14:15",2440200
15.1,0.05,10000,"bu","13:13:57",2435200
15.1,0.05,600,"bu","13:13:52",2425200
15.1,0.05,3900,"bu","13:13:51",2424600
15.1,0.05,500,"bu","13:13:39",2420700
15.1,0.05,500,"bu","13:13:37",2420200
15.1,0.05,100,"bu","13:13:31",2419700
15.1,0.05,800,"sd","13:13:28",2419600
15.1,0.05,200,"bu","13:13:27",2418800
15.1,0.05,100,"bu","13:13:18",2418600
15.1,0.05,5000,"bu","13:13:14",2418500
15.1,0.05,200,"bu","13:13:13",2413500
15.1,0.05,200,"bu","13:13:10",2413300
15.1,0.05,10000,"bu","13:13:07",2413100
15.1,0.05,500,"bu","13:13:04",2403100
15.1,0.05,1200,"bu","13:13:02",2402600
15.1,0.05,100,"bu","13:12:53",2401400
15.1,0.05,100,"bu","13:12:53",2401300
15.05,0,16000,"sd","13:12:48",2401200
15.1,0.05,100,"bu","13:12:35",2385200
15.1,0.05,1000,"bu","13:12:33",2385100
15.1,0.05,32700,"sd","13:12:32",2384100
15.15,0.1,500,"bu","13:12:28",2351400
15.1,0.05,14300,"bu","13:11:53",2350900
15.1,0.05,18900,"bu","13:11:52",2336600
15.1,0.05,17000,"bu","13:11:50",2317700
15.1,0.05,100,"bu","13:11:48",2300700
15.1,0.05,600,"bu","13:11:47",2300600
15.1,0.05,2000,"bu","13:11:43",2300000
15.1,0.05,2000,"bu","13:11:42",2298000
15.1,0.05,100,"bu","13:11:40",2296000
15.1,0.05,20100,"bu","13:11:38",2295900
15.1,0.05,10000,"bu","13:11:36",2275800
15.05,0,800,"sd","13:11:35",2265800
15.1,0.05,100000,"bu","13:11:34",2265000
15.1,0.05,1200,"bu","13:11:27",2165000
15.1,0.05,3500,"bu","13:11:26",2163800
15.1,0.05,200,"bu","13:11:10",2160300
15.1,0.05,1000,"bu","13:11:02",2160100
15.1,0.05,100,"bu","13:10:58",2159100
15.1,0.05,600,"bu","13:10:35",2159000
15.1,0.05,1000,"bu","13:10:35",2158400
15.1,0.05,1000,"bu","13:10:16",2157400
15.1,0.05,1000,"bu","13:10:06",2156400
15.1,0.05,3200,"bu","13:10:05",2155400
15.1,0.05,3500,"bu","13:10:02",2152200
15.1,0.05,2400,"bu","13:10:00",2148700
15.1,0.05,2300,"bu","13:09:55",2146300
15.1,0.05,100,"bu","13:09:27",2144000
15.1,0.05,100,"bu","13:09:15",2143900
15.1,0.05,100,"bu","13:09:02",2143800
15.1,0.05,200,"bu","13:08:57",2143700
15.1,0.05,2000,"bu","13:08:56",2143500
15.1,0.05,500,"bu","13:08:36",2141500
15.1,0.05,500,"bu","13:08:34",2141000
15.1,0.05,500,"bu","13:08:33",2140500
15.1,0.05,100,"bu","13:08:31",2140000
15.1,0.05,100,"bu","13:08:30",2139900
15.05,0,1000,"sd","13:08:27",2139800
15.05,0,3600,"sd","13:08:25",2138800
15.1,0.05,100,"bu","13:08:23",2135200
15.1,0.05,3000,"bu","13:08:18",2135100
15.1,0.05,5000,"bu","13:08:13",2132100
15.1,0.05,3000,"bu","13:08:12",2127100
15.1,0.05,500,"bu","13:08:11",2124100
15.1,0.05,900,"bu","13:08:01",2123600
15.1,0.05,100,"bu","13:07:49",2122700
15.05,0,20000,"sd","13:07:47",2122600
15.1,0.05,200,"bu","13:07:33",2102600
15.05,0,12000,"sd","13:07:32",2102400
15.1,0.05,200,"bu","13:07:29",2090400
15.05,0,8000,"sd","13:07:28",2090200
15.1,0.05,100,"bu","13:07:18",2082200
15.05,0,77000,"bu","13:05:53",2082100
15.05,0,4100,"bu","13:05:50",2005100
15.05,0,400,"bu","13:05:48",2001000
15.05,0,2000,"bu","13:05:47",2000600
15.05,0,3000,"bu","13:05:41",1998600
15.05,0,1000,"bu","13:05:33",1995600
15.05,0,2900,"bu","13:05:31",1994600
15.05,0,200,"bu","13:05:25",1991700
15.05,0,1000,"bu","13:05:10",1991500
15.05,0,2000,"bu","13:04:55",1990500
15.05,0,500,"bu","13:04:42",1988500
15,-0.05,100,"sd","13:04:23",1988000
15,-0.05,100,"sd","13:04:04",1987900
15.05,0,500,"bu","13:03:58",1987800
15,-0.05,100,"sd","13:03:54",1987300
15.05,0,100,"bu","13:03:10",1987200
15,-0.05,3000,"sd","13:02:42",1987100
15,-0.05,2000,"sd","13:02:36",1984100
15,-0.05,6000,"sd","13:02:33",1982100
15,-0.05,200,"sd","13:02:07",1976100
15,-0.05,3000,"sd","13:01:59",1975900
15,-0.05,900,"sd","13:01:32",1972900
15,-0.05,100,"sd","13:01:11",1972000
15.05,0,400,"bu","13:01:00",1971900
15.05,0,1300,"bu","13:00:55",1971500
15,-0.05,500,"sd","13:00:27",1970200
15.05,0,200,"bu","13:00:24",1969700
15.05,0,2000,"bu","13:00:19",1969500
15.05,0,200,"bu","13:00:19",1967500
15,-0.05,1100,"sd","13:00:16",1967300
15.05,0,800,"bu","13:00:16",1966200
15.05,0,100,"bu","13:00:14",1965400
15.05,0,1000,"bu","13:00:13",1965300
15.05,0,1000,"bu","13:00:05",1964300
15.05,0,500,"bu","13:00:04",1963300
15.05,0,100,"bu","13:00:02",1962800
15,-0.05,300,"sd","13:00:01",1962700
15.05,0,2700,"bu","13:00:00",1962400
15,-0.05,100,"sd","13:00:00",1959700
15,-0.05,200,"sd","13:00:00",1959600
15.05,0,100,"bu","11:29:57",1959400
15,-0.05,100,"sd","11:29:13",1959300
15.05,0,1400,"bu","11:29:11",1959200
15.05,0,200,"bu","11:28:34",1957800
15,-0.05,5000,"sd","11:27:59",1957600
15,-0.05,500,"sd","11:27:53",1952600
15,-0.05,1000,"sd","11:26:43",1952100
15,-0.05,1800,"sd","11:26:11",1951100
15,-0.05,200,"sd","11:26:07",1949300
15,-0.05,2500,"sd","11:25:56",1949100
15,-0.05,1000,"sd","11:25:40",1946600
15,-0.05,200,"sd","11:25:21",1945600
15,-0.05,400,"bu","11:25:20",1945400
15,-0.05,5000,"bu","11:25:19",1945000
15,-0.05,200,"bu","11:25:13",1940000
15,-0.05,100,"bu","11:25:12",1939800
15,-0.05,1300,"bu","11:25:11",1939700
15,-0.05,100,"bu","11:25:07",1938400
15,-0.05,2500,"bu","11:25:04",1938300
15,-0.05,1600,"bu","11:25:02",1935800
15,-0.05,5000,"bu","11:25:01",1934200
15,-0.05,6600,"bu","11:24:59",1929200
15,-0.05,100,"bu","11:24:54",1922600
15,-0.05,300,"bu","11:24:52",1922500
15,-0.05,2000,"bu","11:24:49",1922200
15,-0.05,100,"bu","11:24:48",1920200
15,-0.05,3000,"bu","11:24:46",1920100
15,-0.05,100,"bu","11:24:44",1917100
15,-0.05,1000,"bu","11:24:42",1917000
15,-0.05,5000,"bu","11:24:39",1916000
15,-0.05,1000,"bu","11:24:36",1911000
15,-0.05,1000,"bu","11:24:34",1910000
15,-0.05,1500,"bu","11:24:29",1909000
15,-0.05,3300,"bu","11:24:24",1907500
15,-0.05,100,"bu","11:24:18",1904200
15,-0.05,800,"bu","11:24:17",1904100
15,-0.05,300,"bu","11:24:14",1903300
15,-0.05,1000,"bu","11:24:01",1903000
15,-0.05,500,"bu","11:23:58",1902000
15,-0.05,200,"bu","11:23:56",1901500
15,-0.05,200,"bu","11:23:54",1901300
15,-0.05,200,"bu","11:23:53",1901100
15,-0.05,1000,"bu","11:23:52",1900900
15,-0.05,500,"bu","11:23:49",1899900
15,-0.05,2000,"bu","11:23:45",1899400
15,-0.05,5000,"bu","11:23:35",1897400
15,-0.05,500,"bu","11:23:29",1892400
15,-0.05,200,"bu","11:23:28",1891900
15,-0.05,100,"bu","11:23:20",1891700
15,-0.05,100,"bu","11:23:07",1891600
15,-0.05,200,"bu","11:23:05",1891500
15,-0.05,100,"bu","11:23:04",1891300
15,-0.05,500,"bu","11:23:02",1891200
15,-0.05,500,"bu","11:22:57",1890700
15,-0.05,500,"bu","11:22:56",1890200
15,-0.05,1900,"bu","11:22:36",1889700
15,-0.05,1000,"bu","11:22:28",1887800
15,-0.05,500,"bu","11:22:21",1886800
15,-0.05,1000,"bu","11:22:19",1886300
15,-0.05,200,"bu","11:22:11",1885300
15,-0.05,1000,"bu","11:22:08",1885100
15,-0.05,10000,"bu","11:22:00",1884100
15,-0.05,100,"bu","11:21:46",1874100
15,-0.05,500,"bu","11:21:40",1874000
15,-0.05,1000,"bu","11:21:35",1873500
15,-0.05,200,"bu","11:21:14",1872500
15,-0.05,200,"bu","11:21:08",1872300
15,-0.05,800,"bu","11:21:02",1872100
15,-0.05,1000,"bu","11:20:51",1871300
15,-0.05,400,"bu","11:20:44",1870300
15,-0.05,10000,"bu","11:20:40",1869900
15,-0.05,300,"bu","11:20:38",1859900
15,-0.05,100,"bu","11:20:38",1859600
15,-0.05,4000,"bu","11:20:32",1859500
14.95,-0.1,10000,"sd","11:20:21",1855500
15,-0.05,1000,"bu","11:20:00",1845500
15,-0.05,100,"bu","11:19:58",1844500
15,-0.05,100,"bu","11:19:46",1844400
15,-0.05,3100,"bu","11:19:40",1844300
15,-0.05,1000,"bu","11:19:18",1841200
15,-0.05,200,"bu","11:19:15",1840200
15,-0.05,1000,"bu","11:19:11",1840000
15,-0.05,500,"bu","11:19:03",1839000
15,-0.05,1000,"bu","11:19:00",1838500
15,-0.05,300,"bu","11:18:42",1837500
15,-0.05,200,"bu","11:18:38",1837200
15,-0.05,500,"bu","11:18:37",1837000
15,-0.05,100,"bu","11:18:31",1836500
15,-0.05,200,"bu","11:18:29",1836400
15,-0.05,100,"bu","11:18:12",1836200
15,-0.05,1000,"bu","11:18:00",1836100
15,-0.05,300,"bu","11:17:53",1835100
15,-0.05,100,"sd","11:17:50",1834800
15,-0.05,3000,"sd","11:17:49",1834700
15,-0.05,1000,"sd","11:17:47",1831700
15,-0.05,200,"sd","11:17:46",1830700
15,-0.05,1000,"sd","11:17:44",1830500
15,-0.05,3300,"bu","11:17:34",1829500
15,-0.05,48700,"sd","11:17:33",1826200
15,-0.05,7000,"sd","11:17:31",1777500
15,-0.05,700,"sd","11:17:29",1770500
15,-0.05,10000,"sd","11:17:27",1769800
15,-0.05,2000,"sd","11:17:22",1759800
15,-0.05,2000,"sd","11:17:19",1757800
15,-0.05,38500,"sd","11:17:11",1755800
15,-0.05,7000,"sd","11:17:07",1717300
15,-0.05,1000,"sd","11:17:07",1710300
15,-0.05,500,"sd","11:17:04",1709300
15,-0.05,100,"sd","11:16:50",1708800
15,-0.05,10000,"sd","11:16:47",1708700
15,-0.05,2000,"sd","11:16:34",1698700
15,-0.05,100,"sd","11:16:27",1696700
15,-0.05,1000,"sd","11:16:08",1696600
15,-0.05,85800,"sd","11:15:57",1695600
15,-0.05,200,"sd","11:15:54",1609800
15,-0.05,3700,"sd","11:15:29",1609600
15,-0.05,600,"sd","11:14:56",1605900
15,-0.05,1000,"sd","11:14:36",1605300
15.05,0,300,"bu","11:14:30",1604300
15,-0.05,10000,"sd","11:14:25",1604000
15,-0.05,2000,"sd","11:14:21",1594000
15,-0.05,1000,"sd","11:14:09",1592000
15,-0.05,1000,"sd","11:14:04",1591000
15,-0.05,400,"sd","11:13:50",1590000
15,-0.05,3600,"sd","11:13:12",1589600
15,-0.05,46300,"sd","11:13:11",1586000
15,-0.05,2100,"sd","11:12:55",1539700
15.05,0,1000,"bu","11:12:29",1537600
15.05,0,2900,"bu","11:12:24",1536600
15.05,0,5000,"bu","11:11:34",1533700
15.05,0,1000,"bu","11:10:54",1528700
15.05,0,10000,"bu","11:10:47",1527700
15,-0.05,800,"sd","11:10:43",1517700
15.05,0,200,"bu","11:10:31",1516900
15.05,0,500,"bu","11:09:31",1516700
15.05,0,500,"bu","11:09:15",1516200
15.05,0,2200,"sd","11:08:49",1515700
15.05,0,4000,"sd","11:08:45",1513500
15.05,0,4000,"sd","11:08:33",1509500
15.05,0,10000,"sd","11:08:26",1505500
15.05,0,5000,"sd","11:08:01",1495500
15.05,0,7900,"sd","11:07:52",1490500
15.05,0,1000,"sd","11:07:41",1482600
15.05,0,100,"sd","11:07:03",1481600
15.05,0,400,"sd","11:07:03",1481500
15.05,0,200,"sd","11:06:10",1481100
15.05,0,100,"sd","11:05:37",1480900
15.05,0,100,"sd","11:04:45",1480800
15.05,0,20000,"sd","11:04:00",1480700
15.05,0,300,"sd","11:03:15",1460700
15.05,0,500,"sd","11:03:00",1460400
15.05,0,2500,"sd","11:02:25",1459900
15.05,0,200,"sd","11:02:21",1457400
15.05,0,2700,"sd","11:01:53",1457200
15.05,0,200,"sd","11:00:46",1454500
15.05,0,22600,"sd","11:00:27",1454300
15.05,0,20000,"sd","11:00:25",1431700
15.05,0,2400,"sd","11:00:12",1411700
15.05,0,10000,"sd","10:59:52",1409300
15.05,0,2000,"sd","10:58:30",1399300
15.05,0,800,"sd","10:55:31",1397300
15.05,0,500,"sd","10:55:01",1396500
15.05,0,200,"sd","10:54:11",1396000
15.1,0.05,10000,"bu","10:53:50",1395800
15.1,0.05,700,"bu","10:53:29",1385800
15.1,0.05,1000,"bu","10:52:55",1385100
15.1,0.05,400,"bu","10:52:53",1384100
15.1,0.05,500,"bu","10:52:51",1383700
15.1,0.05,400,"bu","10:52:48",1383200
15.1,0.05,300,"bu","10:52:21",1382800
15.1,0.05,200,"bu","10:51:47",1382500
15.1,0.05,500,"bu","10:51:24",1382300
15.1,0.05,500,"bu","10:51:23",1381800
15.1,0.05,300,"bu","10:51:10",1381300
15.1,0.05,10000,"bu","10:51:07",1381000
15.1,0.05,200,"bu","10:50:27",1371000
15.1,0.05,500,"bu","10:49:24",1370800
15.1,0.05,500,"bu","10:48:57",1370300
15.1,0.05,500,"bu","10:48:49",1369800
15.1,0.05,100,"bu","10:48:09",1369300
15.05,0,1000,"sd","10:48:05",1369200
15.05,0,100,"sd","10:47:58",1368200
15.05,0,300,"bu","10:47:33",1368100
15.05,0,400,"bu","10:47:27",1367800
15.05,0,600,"bu","10:47:21",1367400
15.05,0,200,"bu","10:47:18",1366800
15.05,0,15000,"bu","10:47:12",1366600
15.05,0,1000,"bu","10:47:06",1351600
15.05,0,1000,"bu","10:47:05",1350600
15.05,0,1000,"bu","10:47:00",1349600
15.05,0,1000,"bu","10:46:55",1348600
15.05,0,1000,"bu","10:46:52",1347600
15.05,0,500,"bu","10:46:50",1346600
15.05,0,1000,"bu","10:46:46",1346100
15.05,0,2000,"bu","10:46:39",1345100
15.05,0,1000,"bu","10:46:27",1343100
15.05,0,1000,"bu","10:45:56",1342100
15,-0.05,300,"sd","10:45:56",1341100
15.05,0,1700,"bu","10:45:54",1340800
15.05,0,5000,"bu","10:44:24",1339100
15.05,0,1000,"bu","10:44:00",1334100
15.05,0,1900,"sd","10:43:41",1333100
15.05,0,3100,"bu","10:43:11",1331200
15.05,0,1000,"bu","10:43:11",1328100
15.05,0,100,"bu","10:43:07",1327100
15.05,0,9700,"bu","10:42:52",1327000
15.05,0,1000,"bu","10:42:47",1317300
15.05,0,2000,"bu","10:42:17",1316300
15.05,0,3000,"bu","10:41:58",1314300
15.05,0,1000,"bu","10:41:55",1311300
15.05,0,500,"bu","10:41:43",1310300
15.05,0,800,"bu","10:41:34",1309800
15.05,0,32500,"sd","10:41:12",1309000
15.05,0,200,"sd","10:40:31",1276500
15.05,0,2000,"sd","10:40:15",1276300
15.05,0,600,"sd","10:39:54",1274300
15.05,0,100,"sd","10:39:46",1273700
15.05,0,3000,"sd","10:39:22",1273600
15.05,0,5000,"sd","10:38:32",1270600
15.05,0,4000,"bu","10:38:16",1265600
15.05,0,10000,"bu","10:38:14",1261600
15.05,0,500,"bu","10:38:05",1251600
15.05,0,200,"bu","10:38:03",1251100
15.05,0,1400,"bu","10:38:00",1250900
15.05,0,11000,"bu","10:37:57",1249500
15.05,0,200,"bu","10:37:52",1238500
15.05,0,20000,"bu","10:37:41",1238300
15.05,0,5000,"bu","10:37:31",1218300
15.05,0,400,"bu","10:37:28",1213300
15.05,0,500,"bu","10:37:04",1212900
15.05,0,100,"bu","10:36:59",1212400
15.05,0,2000,"bu","10:36:29",1212300
15,-0.05,200,"sd","10:36:24",1210300
15,-0.05,300,"sd","10:36:24",1210100
15.05,0,6500,"bu","10:36:18",1209800
15.05,0,1000,"bu","10:36:16",1203300
15.05,0,20000,"bu","10:36:00",1202300
15.05,0,1000,"bu","10:35:41",1182300
15.05,0,5000,"bu","10:35:33",1181300
15.05,0,1300,"bu","10:35:21",1176300
15.05,0,3000,"bu","10:35:08",1175000
15.05,0,1000,"bu","10:35:00",1172000
15.05,0,3000,"bu","10:34:55",1171000
15.05,0,10000,"bu","10:34:45",1168000
15.05,0,300,"bu","10:34:30",1158000
15.05,0,1000,"bu","10:34:07",1157700
15.05,0,1600,"bu","10:32:43",1156700
15.05,0,1000,"bu","10:32:41",1155100
15.05,0,400,"bu","10:32:16",1154100
15,-0.05,500,"sd","10:32:13",1153700
15.05,0,3000,"bu","10:32:03",1153200
15.05,0,1000,"bu","10:31:31",1150200
15.05,0,200,"bu","10:31:14",1149200
15,-0.05,200,"sd","10:31:02",1149000
15,-0.05,100,"sd","10:30:38",1148800
15.05,0,100,"bu","10:30:38",1148700
15.05,0,1000,"bu","10:30:34",1148600
15.05,0,100,"bu","10:29:53",1147600
15.05,0,400,"bu","10:29:39",1147500
15.05,0,100,"bu","10:29:35",1147100
15.05,0,500,"bu","10:29:33",1147000
15.05,0,1300,"bu","10:29:31",1146500
15.05,0,500,"bu","10:28:56",1145200
15.05,0,100,"bu","10:28:45",1144700
15.05,0,5000,"bu","10:28:32",1144600
15.05,0,200,"bu","10:28:14",1139600
15.05,0,100,"bu","10:28:06",1139400
15,-0.05,1000,"sd","10:27:58",1139300
15.05,0,2000,"bu","10:27:11",1138300
15.05,0,1500,"bu","10:26:54",1136300
15,-0.05,100,"sd","10:26:39",1134800
15,-0.05,200,"sd","10:26:23",1134700
15,-0.05,700,"sd","10:26:08",1134500
15,-0.05,200,"sd","10:25:54",1133800
15.05,0,2000,"bu","10:25:49",1133600
15.05,0,800,"bu","10:25:18",1131600
15,-0.05,2000,"sd","10:25:17",1130800
15,-0.05,3100,"sd","10:24:48",1128800
15.05,0,1000,"bu","10:24:31",1125700
15.05,0,200,"bu","10:24:05",1124700
15.05,0,1000,"bu","10:23:53",1124500
15,-0.05,1000,"sd","10:23:41",1123500
15,-0.05,2000,"sd","10:23:35",1122500
15,-0.05,300,"sd","10:23:30",1120500
15.05,0,100,"bu","10:23:12",1120200
15,-0.05,100,"sd","10:22:47",1120100
15.05,0,200,"bu","10:22:31",1120000
15.05,0,2000,"bu","10:21:54",1119800
15.05,0,500,"bu","10:21:33",1117800
15,-0.05,300,"sd","10:21:30",1117300
15.05,0,1000,"bu","10:21:29",1117000
15.05,0,1000,"bu","10:21:25",1116000
15.05,0,1000,"bu","10:21:12",1115000
15.05,0,600,"bu","10:20:44",1114000
15,-0.05,2000,"sd","10:20:15",1113400
15.05,0,5000,"bu","10:20:15",1111400
15.05,0,1100,"bu","10:19:40",1106400
15.05,0,1000,"bu","10:19:33",1105300
15.05,0,100,"bu","10:19:20",1104300
15.05,0,500,"bu","10:18:48",1104200
15.05,0,100,"bu","10:18:42",1103700
15.05,0,100,"bu","10:18:31",1103600
15.05,0,3000,"bu","10:18:04",1103500
15.05,0,6000,"bu","10:17:49",1100500
15.05,0,2000,"bu","10:17:26",1094500
15.05,0,1000,"bu","10:17:18",1092500
15.05,0,3300,"bu","10:16:50",1091500
15.05,0,100,"bu","10:16:48",1088200
15.05,0,1500,"bu","10:16:35",1088100
15.05,0,5000,"bu","10:16:26",1086600
15.05,0,100,"bu","10:16:21",1081600
15.05,0,200,"bu","10:16:00",1081500
15.05,0,4000,"bu","10:15:53",1081300
15.05,0,3000,"bu","10:15:51",1077300
15,-0.05,600,"sd","10:15:43",1074300
15.05,0,1500,"bu","10:15:31",1073700
15,-0.05,1000,"sd","10:12:20",1072200
15.05,0,500,"bu","10:12:13",1071200
15.05,0,100,"bu","10:12:01",1070700
15.05,0,1000,"bu","10:11:51",1070600
15.05,0,400,"bu","10:11:48",1069600
15,-0.05,200,"sd","10:11:47",1069200
15.05,0,2000,"bu","10:11:46",1069000
15.05,0,400,"bu","10:11:22",1067000
15.05,0,1000,"bu","10:11:15",1066600
15.05,0,100,"bu","10:11:05",1065600
15.05,0,200,"bu","10:10:31",1065500
15.05,0,22200,"sd","10:10:22",1065300
15.1,0.05,100,"bu","10:10:08",1043100
15.05,0,200,"sd","10:09:52",1043000
15.05,0,300,"sd","10:09:18",1042800
15.05,0,500,"sd","10:09:09",1042500
15.1,0.05,300,"bu","10:08:42",1042000
15.05,0,1000,"sd","10:08:18",1041700
15.05,0,500,"sd","10:08:15",1040700
15.05,0,3800,"sd","10:08:00",1040200
15.1,0.05,200,"bu","10:07:10",1036400
15.1,0.05,1000,"bu","10:06:13",1036200
15.05,0,1000,"sd","10:06:01",1035200
15.05,0,5000,"sd","10:05:59",1034200
15.05,0,100,"sd","10:03:52",1029200
15.1,0.05,1000,"bu","10:03:42",1029100
15.1,0.05,1300,"bu","10:01:39",1028100
15.05,0,1700,"bu","10:01:18",1026800
15.05,0,2000,"bu","10:01:10",1025100
15.05,0,300,"bu","10:01:09",1023100
15.05,0,1000,"bu","10:01:04",1022800
15.05,0,2000,"bu","10:01:00",1021800
15.05,0,900,"bu","10:00:58",1019800
15.05,0,100,"bu","10:00:47",1018900
15.05,0,500,"bu","10:00:30",1018800
15.05,0,5000,"bu","10:00:12",1018300
15.05,0,600,"sd","10:00:08",1013300
15.05,0,400,"bu","10:00:03",1012700
15.05,0,700,"bu","09:59:37",1012300
15.05,0,49200,"sd","09:59:36",1011600
15.05,0,1000,"sd","09:59:13",962400
15.05,0,500,"sd","09:58:51",961400
15.05,0,2000,"sd","09:58:23",960900
15.05,0,1000,"sd","09:57:54",958900
15.1,0.05,100,"bu","09:57:34",957900
15.1,0.05,100,"bu","09:57:22",957800
15.1,0.05,200,"bu","09:57:06",957700
15.1,0.05,2800,"sd","09:56:18",957500
15.1,0.05,1000,"sd","09:56:16",954700
15.1,0.05,5000,"sd","09:56:07",953700
15.1,0.05,2000,"sd","09:55:59",948700
15.1,0.05,500,"sd","09:55:56",946700
15.1,0.05,5000,"sd","09:55:19",946200
15.1,0.05,3000,"sd","09:55:02",941200
15.1,0.05,1800,"sd","09:55:01",938200
15.1,0.05,100,"sd","09:54:31",936400
15.1,0.05,1500,"sd","09:53:45",936300
15.1,0.05,200,"sd","09:53:21",934800
15.1,0.05,11700,"bu","09:53:09",934600
15.05,0,300,"sd","09:53:08",922900
15.1,0.05,1000,"bu","09:52:48",922600
15.1,0.05,5000,"bu","09:52:43",921600
15.1,0.05,100,"bu","09:52:22",916600
15.1,0.05,2200,"sd","09:52:09",916500
15.1,0.05,1900,"sd","09:52:07",914300
15.1,0.05,3100,"sd","09:52:07",912400
15.1,0.05,1500,"sd","09:52:04",909300
15.1,0.05,1000,"sd","09:51:57",907800
15.1,0.05,10000,"sd","09:51:55",906800
15.1,0.05,3000,"sd","09:51:54",896800
15.1,0.05,1000,"sd","09:51:37",893800
15.1,0.05,600,"sd","09:51:29",892800
15.1,0.05,10000,"sd","09:51:11",892200
15.1,0.05,3000,"sd","09:51:05",882200
15.15,0.1,1000,"bu","09:50:26",879200
15.15,0.1,100,"bu","09:50:23",878200
15.15,0.1,100,"bu","09:49:58",878100
15.15,0.1,1000,"sd","09:49:33",878000
15.15,0.1,15200,"sd","09:49:32",877000
15.15,0.1,500,"sd","09:49:30",861800
15.15,0.1,2000,"sd","09:49:25",861300
15.15,0.1,1000,"sd","09:49:20",859300
15.15,0.1,500,"sd","09:49:06",858300
15.15,0.1,2000,"sd","09:48:47",857800
15.15,0.1,100,"sd","09:48:43",855800
15.15,0.1,1000,"sd","09:48:38",855700
15.15,0.1,2000,"sd","09:48:17",854700
15.2,0.15,100,"bu","09:48:01",852700
15.15,0.1,600,"sd","09:47:56",852600
15.15,0.1,3000,"sd","09:47:47",852000
15.2,0.15,200,"bu","09:47:45",849000
15.15,0.1,1700,"sd","09:47:37",848800
15.15,0.1,200,"sd","09:47:37",847100
15.15,0.1,500,"sd","09:47:14",846900
15.2,0.15,300,"bu","09:47:13",846400
15.15,0.1,1000,"sd","09:46:05",846100
15.15,0.1,6200,"bu","09:46:00",845100
15.15,0.1,1000,"bu","09:45:58",838900
15.15,0.1,100,"bu","09:45:44",837900
15.15,0.1,100,"bu","09:45:29",837800
15.15,0.1,200,"bu","09:45:24",837700
15.15,0.1,200,"bu","09:45:21",837500
15.15,0.1,10000,"bu","09:44:35",837300
15.15,0.1,1000,"bu","09:43:59",827300
15.15,0.1,1000,"bu","09:43:49",826300
15.15,0.1,2000,"bu","09:43:28",825300
15.1,0.05,200,"sd","09:42:59",823300
15.1,0.05,100,"sd","09:42:55",823100
15.1,0.05,1000,"sd","09:42:02",823000
15.1,0.05,2100,"bu","09:42:01",822000
15.1,0.05,500,"bu","09:41:59",819900
15.1,0.05,1000,"bu","09:41:57",819400
15.1,0.05,100,"bu","09:41:56",818400
15.1,0.05,100,"bu","09:41:44",818300
15.1,0.05,1000,"bu","09:41:36",818200
15.1,0.05,5000,"bu","09:41:25",817200
15.1,0.05,3000,"bu","09:41:23",812200
15.1,0.05,2000,"bu","09:41:22",809200
15.1,0.05,200,"bu","09:41:22",807200
15.1,0.05,100,"bu","09:41:16",807000
15.1,0.05,5000,"bu","09:41:14",806900
15.1,0.05,20000,"bu","09:41:10",801900
15.1,0.05,1000,"bu","09:40:56",781900
15.1,0.05,200,"bu","09:40:55",780900
15.1,0.05,500,"bu","09:40:16",780700
15.1,0.05,2000,"bu","09:39:34",780200
15.1,0.05,1000,"bu","09:39:27",778200
15.1,0.05,100,"bu","09:39:23",777200
15.1,0.05,2000,"bu","09:38:09",777100
15.1,0.05,100,"bu","09:36:42",775100
15.1,0.05,1000,"bu","09:36:41",775000
15.1,0.05,2000,"bu","09:36:30",774000
15.1,0.05,30000,"bu","09:36:19",772000
15.05,0,2200,"bu","09:36:06",742000
15.05,0,500,"bu","09:36:00",739800
15.05,0,100,"bu","09:35:59",739300
15.05,0,70000,"bu","09:35:57",739200
15.05,0,200,"bu","09:35:54",669200
15.05,0,500,"bu","09:35:53",669000
15.05,0,300,"bu","09:35:49",668500
15.05,0,1000,"bu","09:35:45",668200
15.05,0,1000,"bu","09:35:41",667200
15.05,0,1000,"bu","09:35:34",666200
15.05,0,2000,"bu","09:35:26",665200
15.05,0,1000,"bu","09:35:16",663200
15.05,0,2000,"bu","09:35:14",662200
15.05,0,200,"bu","09:35:11",660200
15.05,0,300,"bu","09:35:09",660000
15.05,0,1100,"bu","09:35:02",659700
15.05,0,100,"bu","09:34:43",658600
15,-0.05,4400,"bu","09:34:18",658500
15,-0.05,2000,"bu","09:34:16",654100
15,-0.05,200,"bu","09:34:11",652100
15,-0.05,2100,"bu","09:34:06",651900
15,-0.05,400,"bu","09:34:02",649800
15,-0.05,1200,"bu","09:34:00",649400
15,-0.05,200,"bu","09:33:54",648200
15,-0.05,5000,"bu","09:33:53",648000
15,-0.05,1000,"bu","09:33:51",643000
15,-0.05,500,"bu","09:33:46",642000
15,-0.05,100,"bu","09:33:45",641500
15,-0.05,400,"bu","09:33:41",641400
15,-0.05,300,"bu","09:33:40",641000
15,-0.05,3200,"sd","09:33:26",640700
15,-0.05,10000,"sd","09:33:10",637500
15.05,0,1000,"bu","09:33:05",627500
15,-0.05,1200,"sd","09:33:04",626500
15,-0.05,1300,"sd","09:33:01",625300
15,-0.05,10000,"sd","09:32:53",624000
15,-0.05,10000,"sd","09:32:44",614000
15,-0.05,2000,"sd","09:32:06",604000
15,-0.05,1500,"sd","09:32:05",602000
15,-0.05,2000,"sd","09:31:51",600500
15.05,0,100,"bu","09:31:48",598500
15,-0.05,13000,"sd","09:31:40",598400
15,-0.05,200,"sd","09:31:39",585400
15,-0.05,3000,"sd","09:31:32",585200
15,-0.05,400,"sd","09:31:26",582200
15,-0.05,2000,"sd","09:31:20",581800
15,-0.05,300,"sd","09:31:16",579800
15,-0.05,100,"sd","09:31:02",579500
15,-0.05,1000,"sd","09:31:01",579400
15,-0.05,2000,"sd","09:30:56",578400
15,-0.05,2800,"bu","09:30:47",576400
15,-0.05,100,"bu","09:30:46",573600
15,-0.05,1100,"bu","09:30:45",573500
15,-0.05,4900,"bu","09:30:43",572400
15,-0.05,5100,"bu","09:30:40",567500
15,-0.05,300,"bu","09:30:39",562400
15,-0.05,200,"bu","09:30:35",562100
15,-0.05,35500,"sd","09:30:34",561900
15,-0.05,4900,"sd","09:30:08",526400
15,-0.05,500,"sd","09:30:03",521500
15,-0.05,500,"sd","09:30:02",521000
15,-0.05,2400,"bu","09:30:00",520500
15,-0.05,400,"bu","09:29:59",518100
15,-0.05,1000,"bu","09:29:57",517700
15,-0.05,4000,"bu","09:29:56",516700
15,-0.05,100,"bu","09:29:45",512700
15,-0.05,500,"bu","09:29:40",512600
15,-0.05,50000,"bu","09:29:31",512100
14.95,-0.1,20000,"sd","09:29:13",462100
15,-0.05,1000,"bu","09:28:59",442100
15,-0.05,1000,"bu","09:28:36",441100
15,-0.05,2000,"bu","09:28:27",440100
14.95,-0.1,800,"bu","09:28:27",438100
14.95,-0.1,200,"sd","09:28:26",437300
14.95,-0.1,3000,"sd","09:28:24",437100
14.95,-0.1,500,"sd","09:28:17",434100
14.95,-0.1,1500,"sd","09:28:05",433600
14.95,-0.1,5500,"sd","09:28:02",432100
14.95,-0.1,400,"sd","09:28:00",426600
14.95,-0.1,6000,"sd","09:27:57",426200
14.95,-0.1,6400,"sd","09:27:57",420200
14.95,-0.1,800,"sd","09:27:47",413800
14.95,-0.1,1900,"bu","09:27:38",413000
14.95,-0.1,100,"sd","09:27:31",411100
14.95,-0.1,1800,"sd","09:27:31",411000
14.95,-0.1,6700,"sd","09:27:30",409200
15,-0.05,100,"bu","09:27:30",402500
15,-0.05,3100,"bu","09:27:28",402400
15,-0.05,1400,"bu","09:27:24",399300
15,-0.05,2000,"bu","09:27:20",397900
15,-0.05,100,"bu","09:27:15",395900
15,-0.05,800,"bu","09:27:05",395800
15,-0.05,600,"sd","09:27:02",395000
15,-0.05,5000,"sd","09:27:00",394400
15,-0.05,100000,"sd","09:26:58",389400
15,-0.05,100,"sd","09:26:56",289400
15,-0.05,5000,"sd","09:26:38",289300
15.05,0,8000,"bu","09:26:35",284300
15.05,0,200,"bu","09:26:27",276300
15,-0.05,300,"sd","09:26:23",276100
15,-0.05,500,"sd","09:26:18",275800
15.05,0,2200,"bu","09:26:11",275300
15.05,0,300,"bu","09:26:08",273100
15.05,0,1000,"bu","09:26:04",272800
15.05,0,200,"bu","09:26:02",271800
15.05,0,1300,"bu","09:25:57",271600
15,-0.05,2600,"sd","09:25:57",270300
15.05,0,6000,"bu","09:25:56",267700
15,-0.05,2000,"sd","09:25:56",261700
15.05,0,500,"bu","09:25:33",259700
15.05,0,43800,"sd","09:25:29",259200
15.05,0,2000,"sd","09:25:19",215400
15.1,0.05,200,"bu","09:25:05",213400
15.05,0,1000,"sd","09:25:04",213200
15.05,0,200,"sd","09:24:54",212200
15.05,0,100,"sd","09:24:41",212000
15.05,0,1000,"sd","09:24:32",211900
15.05,0,21000,"sd","09:24:23",210900
15.1,0.05,5000,"bu","09:24:21",189900
15.05,0,10000,"sd","09:24:13",184900
15.1,0.05,300,"bu","09:24:04",174900
15.1,0.05,500,"bu","09:23:51",174600
15.05,0,300,"sd","09:23:40",174100
15.05,0,1000,"sd","09:23:35",173800
15.05,0,2000,"sd","09:23:18",172800
15.05,0,100,"sd","09:22:45",170800
15.05,0,7000,"sd","09:22:35",170700
15.05,0,1000,"sd","09:22:23",163700
15.1,0.05,3000,"bu","09:22:23",162700
15.05,0,5000,"sd","09:22:10",159700
15.1,0.05,100,"bu","09:22:10",154700
15.1,0.05,200,"bu","09:22:09",154600
15.1,0.05,500,"bu","09:22:01",154400
15.1,0.05,100,"bu","09:21:53",153900
15.1,0.05,500,"bu","09:21:39",153800
15.1,0.05,500,"bu","09:21:27",153300
15.1,0.05,600,"bu","09:21:25",152800
15.1,0.05,1300,"bu","09:21:06",152200
15.1,0.05,1000,"bu","09:21:02",150900
15.1,0.05,100,"bu","09:21:02",149900
15.1,0.05,500,"bu","09:20:45",149800
15.1,0.05,100,"bu","09:20:43",149300
15.1,0.05,700,"bu","09:20:29",149200
15.1,0.05,46600,"bu","09:20:19",148500
15.05,0,5000,"sd","09:20:13",101900
15.05,0,100,"sd","09:19:28",96900
15.1,0.05,15300,"bu","09:19:26",96800
15.1,0.05,4700,"bu","09:19:25",81500
15.05,0,500,"sd","09:19:06",76800
15.1,0.05,100,"bu","09:19:00",76300
15.05,0,200,"sd","09:18:41",76200
15.05,0,2000,"sd","09:18:39",76000
15.1,0.05,1300,"bu","09:18:25",74000
15.1,0.05,8000,"bu","09:18:18",72700
15.1,0.05,200,"bu","09:17:26",64700
15.1,0.05,5000,"bu","09:17:08",64500
15.1,0.05,300,"bu","09:16:51",59500
15.1,0.05,3000,"bu","09:16:32",59200
15.1,0.05,500,"bu","09:16:29",56200
15.1,0.05,400,"bu","09:16:17",55700
15.1,0.05,15000,"bu","09:16:07",55300
15.05,0,3100,"sd","09:15:58",40300
15.1,0.05,2000,"bu","09:15:45",37200
15.1,0.05,500,"bu","09:15:14",35200
15.1,0.05,34700,"","09:15:00",34700
