"price","change","match_qtty","side","time","total_vol"
27,-0.2,1101800,"","14:45:02",2754200
27.2,0,200,"sd","14:29:58",1652400
27.3,0.1,300,"bu","14:29:54",1652200
27.2,0,900,"sd","14:29:13",1651900
27.25,0.05,100,"sd","14:29:13",1651000
27.2,0,600,"sd","14:28:55",1650900
27.25,0.05,200,"sd","14:28:55",1650300
27.3,0.1,200,"sd","14:28:55",1650100
27.2,0,2400,"sd","14:28:37",1649900
27.25,0.05,3600,"sd","14:28:37",1647500
27.25,0.05,14000,"sd","14:28:26",1643900
27.3,0.1,6000,"sd","14:28:26",1629900
27.3,0.1,100,"sd","14:28:17",1623900
27.3,0.1,100,"sd","14:27:58",1623800
27.3,0.1,700,"bu","14:27:43",1623700
27.3,0.1,200,"bu","14:27:40",1623000
27.3,0.1,200,"bu","14:27:26",1622800
27.3,0.1,300,"bu","14:27:16",1622600
27.3,0.1,2000,"bu","14:27:12",1622300
27.25,0.05,200,"sd","14:27:09",1620300
27.3,0.1,500,"bu","14:27:03",1620100
27.3,0.1,26900,"sd","14:26:53",1619600
27.35,0.15,11600,"sd","14:26:53",1592700
27.4,0.2,300,"bu","14:26:53",1581100
27.35,0.15,4700,"sd","14:26:26",1580800
27.35,0.15,300,"sd","14:26:25",1576100
27.35,0.15,100,"sd","14:26:23",1575800
27.35,0.15,1500,"sd","14:25:56",1575700
27.4,0.2,7500,"sd","14:25:56",1574200
27.45,0.25,5000,"sd","14:25:56",1566700
27.5,0.3,1000,"sd","14:25:56",1561700
27.5,0.3,500,"sd","14:25:50",1560700
27.5,0.3,400,"sd","14:25:42",1560200
27.55,0.35,200,"bu","14:25:34",1559800
27.5,0.3,700,"sd","14:25:29",1559600
27.5,0.3,400,"sd","14:25:27",1558900
27.55,0.35,1000,"bu","14:25:03",1558500
27.55,0.35,500,"bu","14:24:51",1557500
27.5,0.3,100,"sd","14:24:34",1557000
27.6,0.4,600,"bu","14:24:32",1556900
27.55,0.35,1200,"bu","14:24:32",1556300
27.6,0.4,500,"bu","14:24:05",1555100
27.6,0.4,500,"bu","14:23:58",1554600
27.6,0.4,1200,"bu","14:23:56",1554100
27.6,0.4,200,"bu","14:23:51",1552900
27.6,0.4,500,"bu","14:23:50",1552700
27.6,0.4,500,"bu","14:23:39",1552200
27.6,0.4,500,"bu","14:23:32",1551700
27.6,0.4,500,"bu","14:23:23",1551200
27.55,0.35,100,"sd","14:23:20",1550700
27.5,0.3,600,"sd","14:23:16",1550600
27.6,0.4,1000,"bu","14:23:09",1550000
27.6,0.4,2000,"bu","14:23:01",1549000
27.5,0.3,300,"sd","14:22:56",1547000
27.6,0.4,2500,"bu","14:22:55",1546700
27.55,0.35,7500,"bu","14:22:55",1544200
27.5,0.3,100,"sd","14:22:37",1536700
27.5,0.3,10000,"sd","14:22:32",1536600
27.5,0.3,200,"sd","14:22:31",1526600
27.5,0.3,200,"sd","14:21:39",1526400
27.5,0.3,200,"sd","14:21:27",1526200
27.5,0.3,1000,"sd","14:21:14",1526000
27.5,0.3,100,"sd","14:21:11",1525000
27.5,0.3,1100,"sd","14:20:30",1524900
27.5,0.3,1900,"bu","14:19:53",1523800
27.5,0.3,1000,"bu","14:19:20",1521900
27.45,0.25,1000,"sd","14:18:55",1520900
27.45,0.25,5000,"sd","14:18:31",1519900
27.45,0.25,100,"sd","14:17:41",1514900
27.45,0.25,1000,"sd","14:17:36",1514800
27.6,0.4,6600,"bu","14:17:31",1513800
27.55,0.35,15300,"bu","14:17:31",1507200
27.5,0.3,28100,"bu","14:17:31",1491900
27.45,0.25,100,"sd","14:17:23",1463800
27.45,0.25,10900,"sd","14:17:19",1463700
27.45,0.25,500,"sd","14:17:08",1452800
27.45,0.25,200,"bu","14:17:07",1452300
27.45,0.25,200,"bu","14:16:39",1452100
27.4,0.2,500,"sd","14:16:33",1451900
27.45,0.25,100,"sd","14:16:30",1451400
27.45,0.25,500,"sd","14:16:29",1451300
27.45,0.25,500,"sd","14:16:19",1450800
27.45,0.25,200,"sd","14:16:12",1450300
27.45,0.25,100,"sd","14:16:01",1450100
27.45,0.25,100,"sd","14:15:53",1450000
27.45,0.25,100,"sd","14:15:52",1449900
27.45,0.25,1200,"bu","14:15:50",1449800
27.45,0.25,100,"bu","14:15:20",1448600
27.45,0.25,10000,"bu","14:14:59",1448500
27.4,0.2,100,"sd","14:14:54",1438500
27.4,0.2,100,"sd","14:14:49",1438400
27.4,0.2,100,"sd","14:14:21",1438300
27.4,0.2,500,"sd","14:14:05",1438200
27.4,0.2,100,"sd","14:14:00",1437700
27.4,0.2,24000,"bu","14:13:41",1437600
27.35,0.15,2000,"sd","14:13:37",1413600
27.35,0.15,100,"sd","14:13:23",1411600
27.35,0.15,2700,"bu","14:12:59",1411500
27.35,0.15,500,"bu","14:12:54",1408800
27.35,0.15,200,"bu","14:12:36",1408300
27.35,0.15,100,"sd","14:12:23",1408100
27.35,0.15,600,"sd","14:12:22",1408000
27.35,0.15,100,"sd","14:12:18",1407400
27.35,0.15,800,"sd","14:12:02",1407300
27.35,0.15,100,"sd","14:11:56",1406500
27.35,0.15,2300,"sd","14:11:31",1406400
27.4,0.2,200,"bu","14:11:29",1404100
27.4,0.2,2000,"sd","14:10:59",1403900
27.4,0.2,100,"sd","14:10:54",1401900
27.4,0.2,1000,"sd","14:10:53",1401800
27.4,0.2,100,"sd","14:10:51",1400800
27.4,0.2,1500,"sd","14:10:39",1400700
27.4,0.2,200,"sd","14:10:36",1399200
27.45,0.25,500,"bu","14:09:40",1399000
27.45,0.25,5400,"sd","14:09:36",1398500
27.45,0.25,500,"sd","14:09:35",1393100
27.45,0.25,1000,"sd","14:09:15",1392600
27.45,0.25,100,"sd","14:08:47",1391600
27.45,0.25,500,"sd","14:08:42",1391500
27.45,0.25,800,"sd","14:08:28",1391000
27.45,0.25,1000,"sd","14:08:13",1390200
27.45,0.25,200,"sd","14:08:08",1389200
27.45,0.25,2000,"sd","14:08:02",1389000
27.5,0.3,5000,"bu","14:07:57",1387000
27.45,0.25,100,"sd","14:07:37",1382000
27.45,0.25,100,"sd","14:07:01",1381900
27.5,0.3,1600,"bu","14:06:56",1381800
27.45,0.25,300,"sd","14:06:52",1380200
27.5,0.3,200,"bu","14:06:41",1379900
27.5,0.3,2000,"bu","14:06:32",1379700
27.5,0.3,2300,"bu","14:06:25",1377700
27.5,0.3,1000,"bu","14:06:23",1375400
27.5,0.3,100,"bu","14:06:23",1374400
27.5,0.3,1800,"bu","14:06:19",1374300
27.5,0.3,3900,"bu","14:06:16",1372500
27.5,0.3,200,"bu","14:06:15",1368600
27.5,0.3,300,"bu","14:06:05",1368400
27.45,0.25,100,"sd","14:05:59",1368100
27.45,0.25,100,"sd","14:05:57",1368000
27.5,0.3,300,"bu","14:05:53",1367900
27.5,0.3,2000,"bu","14:05:50",1367600
27.5,0.3,700,"bu","14:05:49",1365600
27.5,0.3,100,"bu","14:05:47",1364900
27.45,0.25,100,"sd","14:05:46",1364800
27.5,0.3,1300,"bu","14:05:44",1364700
27.5,0.3,300,"bu","14:05:35",1363400
27.45,0.25,1000,"sd","14:05:24",1363100
27.45,0.25,300,"sd","14:05:05",1362100
27.45,0.25,2000,"sd","14:04:53",1361800
27.45,0.25,600,"sd","14:04:50",1359800
27.45,0.25,800,"sd","14:04:14",1359200
27.45,0.25,200,"sd","14:04:01",1358400
27.5,0.3,5700,"bu","14:03:59",1358200
27.45,0.25,30200,"bu","14:03:34",1347800
27.4,0.2,46100,"bu","14:03:34",1317600
27.35,0.15,13700,"bu","14:03:34",1271500
27.35,0.15,4000,"bu","14:03:32",1257800
27.35,0.15,1800,"bu","14:03:16",1253800
27.35,0.15,100,"bu","14:03:09",1252000
27.3,0.1,2000,"sd","14:03:00",1251900
27.15,-0.05,5100,"sd","14:02:18",1249900
27.2,0,27700,"sd","14:02:18",1244800
27.25,0.05,15500,"sd","14:02:18",1217100
27.3,0.1,7300,"bu","14:02:16",1199900
27.3,0.1,1000,"bu","14:02:07",1192600
27.3,0.1,1700,"sd","14:01:53",1191600
27.3,0.1,1200,"sd","14:01:40",1189900
27.35,0.15,2000,"bu","14:00:47",1188700
27.35,0.15,100,"bu","14:00:44",1186700
27.35,0.15,1000,"bu","14:00:40",1186600
27.35,0.15,100,"bu","13:59:35",1185600
27.3,0.1,10000,"sd","13:59:34",1185500
27.3,0.1,100,"sd","13:58:56",1175500
27.3,0.1,8000,"bu","13:58:31",1175400
27.25,0.05,500,"sd","13:58:23",1167400
27.3,0.1,500,"bu","13:58:08",1166900
27.3,0.1,100,"bu","13:56:51",1166400
27.3,0.1,100,"bu","13:56:42",1166300
27.25,0.05,11900,"sd","13:55:03",1166200
27.3,0.1,3100,"bu","13:54:49",1154300
27.3,0.1,300,"bu","13:54:45",1151200
27.3,0.1,1000,"sd","13:53:31",1150900
27.3,0.1,1300,"bu","13:53:24",1149900
27.3,0.1,100,"bu","13:52:06",1148600
27.25,0.05,1000,"sd","13:51:58",1148500
27.25,0.05,2200,"sd","13:51:38",1147500
27.3,0.1,300,"bu","13:51:27",1145300
27.25,0.05,300,"sd","13:51:21",1145000
27.25,0.05,100,"sd","13:50:47",1144700
27.25,0.05,7000,"sd","13:50:31",1144600
27.25,0.05,30000,"sd","13:50:30",1137600
27.25,0.05,200,"sd","13:50:29",1107600
27.25,0.05,2900,"sd","13:49:26",1107400
27.3,0.1,37100,"sd","13:49:26",1104500
27.3,0.1,5000,"sd","13:48:12",1067400
27.35,0.15,800,"bu","13:48:05",1062400
27.35,0.15,100,"bu","13:47:56",1061600
27.35,0.15,200,"bu","13:47:34",1061500
27.35,0.15,100,"bu","13:47:24",1061300
27.35,0.15,100,"bu","13:47:21",1061200
27.35,0.15,100,"bu","13:47:14",1061100
27.35,0.15,200,"bu","13:47:06",1061000
27.35,0.15,200,"bu","13:46:57",1060800
27.35,0.15,200,"bu","13:46:48",1060600
27.35,0.15,2000,"bu","13:46:37",1060400
27.35,0.15,2000,"sd","13:46:31",1058400
27.35,0.15,2000,"sd","13:46:26",1056400
27.35,0.15,5000,"sd","13:46:24",1054400
27.35,0.15,300,"sd","13:46:15",1049400
27.35,0.15,2000,"sd","13:46:11",1049100
27.35,0.15,500,"sd","13:46:07",1047100
27.35,0.15,500,"sd","13:45:59",1046600
27.35,0.15,400,"sd","13:45:50",1046100
27.35,0.15,1000,"sd","13:45:45",1045700
27.4,0.2,500,"bu","13:45:31",1044700
27.4,0.2,100,"bu","13:45:11",1044200
27.4,0.2,100,"bu","13:45:05",1044100
27.4,0.2,200,"bu","13:44:26",1044000
27.4,0.2,100,"bu","13:44:17",1043800
27.4,0.2,500,"bu","13:44:08",1043700
27.4,0.2,3000,"bu","13:43:45",1043200
27.35,0.15,100,"sd","13:43:39",1040200
27.35,0.15,2500,"sd","13:43:32",1040100
27.35,0.15,500,"sd","13:43:29",1037600
27.35,0.15,300,"sd","13:42:48",1037100
27.35,0.15,700,"sd","13:42:37",1036800
27.35,0.15,1000,"bu","13:42:15",1036100
27.35,0.15,200,"bu","13:42:13",1035100
27.35,0.15,1000,"bu","13:42:10",1034900
27.35,0.15,3800,"sd","13:41:52",1033900
27.35,0.15,500,"sd","13:41:47",1030100
27.35,0.15,1100,"bu","13:41:27",1029600
27.35,0.15,1000,"bu","13:41:17",1028500
27.35,0.15,10000,"bu","13:41:05",1027500
27.35,0.15,500,"bu","13:40:41",1017500
27.35,0.15,400,"bu","13:40:35",1017000
27.35,0.15,2000,"bu","13:40:00",1016600
27.35,0.15,500,"bu","13:39:48",1014600
27.35,0.15,300,"bu","13:39:42",1014100
27.35,0.15,600,"bu","13:39:40",1013800
27.35,0.15,4700,"bu","13:39:35",1013200
27.35,0.15,8000,"bu","13:39:26",1008500
27.3,0.1,500,"sd","13:38:36",1000500
27.3,0.1,2000,"sd","13:38:28",1000000
27.3,0.1,1100,"sd","13:36:28",998000
27.3,0.1,100,"bu","13:36:15",996900
27.3,0.1,200,"bu","13:36:09",996800
27.3,0.1,1000,"bu","13:36:08",996600
27.3,0.1,100,"bu","13:36:02",995600
27.3,0.1,500,"bu","13:35:53",995500
27.3,0.1,15800,"bu","13:34:53",995000
27.3,0.1,14500,"sd","13:34:50",979200
27.3,0.1,300,"sd","13:34:47",964700
27.3,0.1,2500,"sd","13:34:47",964400
27.3,0.1,2000,"sd","13:34:44",961900
27.3,0.1,200,"sd","13:34:32",959900
27.3,0.1,100,"sd","13:34:23",959700
27.3,0.1,10000,"sd","13:34:19",959600
27.3,0.1,200,"sd","13:34:16",949600
27.3,0.1,500,"sd","13:34:06",949400
27.3,0.1,2000,"sd","13:34:00",948900
27.3,0.1,200,"sd","13:33:46",946900
27.3,0.1,5000,"sd","13:33:44",946700
27.3,0.1,2000,"sd","13:33:33",941700
27.3,0.1,2000,"sd","13:32:47",939700
27.3,0.1,5000,"sd","13:32:35",937700
27.3,0.1,500,"sd","13:32:31",932700
27.35,0.15,100,"bu","13:32:08",932200
27.3,0.1,500,"sd","13:32:05",932100
27.3,0.1,1000,"sd","13:32:03",931600
27.3,0.1,300,"sd","13:32:02",930600
27.3,0.1,400,"sd","13:31:44",930300
27.3,0.1,3000,"sd","13:31:29",929900
27.35,0.15,1000,"bu","13:31:00",926900
27.35,0.15,2300,"bu","13:30:39",925900
27.35,0.15,100,"bu","13:30:38",923600
27.35,0.15,200,"bu","13:30:10",923500
27.35,0.15,3900,"sd","13:30:06",923300
27.35,0.15,700,"sd","13:30:02",919400
27.4,0.2,1000,"bu","13:29:56",918700
27.35,0.15,500,"sd","13:29:53",917700
27.35,0.15,100,"sd","13:29:45",917200
27.35,0.15,300,"sd","13:29:43",917100
27.35,0.15,4700,"bu","13:29:24",916800
27.3,0.1,10000,"sd","13:29:23",912100
27.35,0.15,6500,"bu","13:29:21",902100
27.3,0.1,1000,"sd","13:29:19",895600
27.3,0.1,100,"sd","13:29:12",894600
27.35,0.15,1000,"bu","13:28:59",894500
27.35,0.15,100,"bu","13:28:56",893500
27.35,0.15,7500,"bu","13:28:51",893400
27.35,0.15,5000,"bu","13:28:29",885900
27.35,0.15,100,"bu","13:28:23",880900
27.35,0.15,100,"bu","13:28:11",880800
27.35,0.15,20000,"bu","13:28:06",880700
27.35,0.15,10000,"bu","13:27:57",860700
27.35,0.15,1000,"bu","13:27:44",850700
27.3,0.1,3700,"bu","13:27:33",849700
27.3,0.1,900,"bu","13:27:28",846000
27.3,0.1,3700,"bu","13:27:27",845100
27.3,0.1,500,"bu","13:27:23",841400
27.3,0.1,100,"bu","13:27:10",840900
27.3,0.1,100,"bu","13:27:04",840800
27.3,0.1,30400,"bu","13:26:58",840700
27.3,0.1,900,"bu","13:26:51",810300
27.3,0.1,1000,"bu","13:26:49",809400
27.3,0.1,1000,"bu","13:26:47",808400
27.3,0.1,500,"bu","13:26:43",807400
27.25,0.05,300,"sd","13:26:34",806900
27.25,0.05,800,"bu","13:25:49",806600
27.25,0.05,6400,"bu","13:25:45",805800
27.25,0.05,400,"bu","13:25:43",799400
27.25,0.05,1000,"bu","13:25:42",799000
27.25,0.05,9000,"bu","13:25:40",798000
27.25,0.05,5000,"bu","13:25:31",789000
27.25,0.05,10000,"bu","13:25:17",784000
27.25,0.05,800,"bu","13:25:15",774000
27.25,0.05,1000,"bu","13:25:09",773200
27.25,0.05,100,"bu","13:25:07",772200
27.25,0.05,500,"bu","13:25:04",772100
27.2,0,100,"sd","13:25:00",771600
27.2,0,500,"bu","13:24:36",771500
27.2,0,100,"bu","13:24:34",771000
27.2,0,3900,"bu","13:24:33",770900
27.2,0,800,"bu","13:24:33",767000
27.2,0,200,"bu","13:24:29",766200
27.2,0,1000,"bu","13:24:18",766000
27.2,0,400,"bu","13:24:18",765000
27.2,0,4000,"bu","13:24:07",764600
27.2,0,200,"bu","13:23:38",760600
27.2,0,100,"bu","13:23:36",760400
27.2,0,800,"sd","13:23:26",760300
27.2,0,4500,"bu","13:22:48",759500
27.2,0,1600,"bu","13:22:46",755000
27.2,0,100,"bu","13:22:40",753400
27.2,0,500,"bu","13:22:25",753300
27.2,0,100,"bu","13:22:21",752800
27.2,0,500,"bu","13:22:04",752700
27.2,0,1000,"bu","13:21:58",752200
27.2,0,1000,"bu","13:21:35",751200
27.2,0,3000,"bu","13:21:28",750200
27.2,0,2000,"bu","13:20:23",747200
27.2,0,100,"bu","13:19:56",745200
27.2,0,300,"bu","13:19:48",745100
27.2,0,100,"bu","13:19:30",744800
27.2,0,100,"bu","13:18:58",744700
27.15,-0.05,1000,"sd","13:17:23",744600
27.15,-0.05,1000,"sd","13:17:06",743600
27.15,-0.05,500,"sd","13:17:03",742600
27.15,-0.05,1600,"sd","13:16:39",742100
27.15,-0.05,1000,"sd","13:16:17",740500
27.2,0,100,"bu","13:14:59",739500
27.2,0,4000,"bu","13:14:55",739400
27.2,0,200,"bu","13:14:45",735400
27.2,0,200,"bu","13:14:39",735200
27.2,0,300,"bu","13:14:17",735000
27.2,0,6700,"sd","13:14:14",734700
27.2,0,500,"sd","13:14:06",728000
27.2,0,1400,"sd","13:14:05",727500
27.2,0,5000,"sd","13:13:56",726100
27.2,0,100,"sd","13:13:51",721100
27.25,0.05,400,"bu","13:12:59",721000
27.25,0.05,500,"bu","13:12:09",720600
27.2,0,800,"bu","13:11:54",720100
27.2,0,100,"bu","13:11:48",719300
27.2,0,1500,"sd","13:11:46",719200
27.2,0,200,"sd","13:11:38",717700
27.2,0,2600,"bu","13:11:31",717500
27.2,0,800,"bu","13:11:30",714900
27.2,0,500,"bu","13:11:21",714100
27.2,0,1000,"bu","13:11:18",713600
27.2,0,1300,"bu","13:11:14",712600
27.2,0,400,"bu","13:11:04",711300
27.15,-0.05,2000,"sd","13:10:38",710900
27.2,0,1400,"bu","13:10:35",708900
27.2,0,600,"bu","13:10:32",707500
27.2,0,500,"bu","13:10:31",706900
27.2,0,100,"bu","13:10:28",706400
27.2,0,1000,"bu","13:10:24",706300
27.2,0,1000,"bu","13:10:18",705300
27.2,0,1000,"bu","13:10:15",704300
27.2,0,500,"bu","13:10:10",703300
27.2,0,10000,"bu","13:10:05",702800
27.2,0,100,"bu","13:09:55",692800
27.2,0,1000,"bu","13:09:53",692700
27.15,-0.05,700,"sd","13:09:38",691700
27.2,0,300,"bu","13:09:21",691000
27.2,0,500,"bu","13:09:16",690700
27.2,0,200,"bu","13:08:56",690200
27.2,0,100,"bu","13:08:42",690000
27.2,0,1000,"bu","13:08:28",689900
27.2,0,1000,"bu","13:06:51",688900
27.15,-0.05,100,"sd","13:06:38",687900
27.2,0,1000,"bu","13:06:31",687800
27.2,0,1000,"bu","13:06:18",686800
27.15,-0.05,600,"bu","13:06:03",685800
27.15,-0.05,100,"bu","13:06:00",685200
27.15,-0.05,6000,"bu","13:05:42",685100
27.15,-0.05,100,"bu","13:04:52",679100
27.15,-0.05,100,"bu","13:03:42",679000
27.15,-0.05,500,"bu","13:03:32",678900
27.15,-0.05,100,"bu","13:03:12",678400
27.15,-0.05,300,"bu","13:02:48",678300
27.15,-0.05,1000,"bu","13:01:58",678000
27.15,-0.05,1000,"bu","13:01:49",677000
27.1,-0.1,1000,"sd","13:01:45",676000
27.1,-0.1,300,"sd","13:00:27",675000
27.15,-0.05,500,"bu","13:00:24",674700
27.15,-0.05,500,"bu","13:00:16",674200
27.15,-0.05,100,"bu","13:00:08",673700
27.15,-0.05,100,"bu","13:00:08",673600
27.15,-0.05,100,"bu","13:00:07",673500
27.15,-0.05,1300,"sd","13:00:04",673400
27.15,-0.05,2000,"sd","13:00:02",672100
27.15,-0.05,1600,"sd","13:00:00",670100
27.15,-0.05,2000,"sd","13:00:00",668500
27.15,-0.05,500,"sd","11:29:35",666500
27.15,-0.05,2800,"bu","11:29:14",666000
27.15,-0.05,10000,"bu","11:29:06",663200
27.15,-0.05,1000,"bu","11:28:46",653200
27.15,-0.05,100,"bu","11:28:26",652200
27.15,-0.05,100,"bu","11:28:20",652100
27.15,-0.05,700,"bu","11:28:09",652000
27.15,-0.05,300,"bu","11:28:07",651300
27.15,-0.05,500,"bu","11:28:00",651000
27.15,-0.05,200,"bu","11:27:56",650500
27.15,-0.05,500,"bu","11:27:10",650300
27.15,-0.05,100,"bu","11:26:30",649800
27.15,-0.05,100,"bu","11:26:24",649700
27.15,-0.05,400,"bu","11:25:16",649600
27.15,-0.05,200,"bu","11:25:02",649200
27.1,-0.1,1100,"bu","11:23:40",649000
27.1,-0.1,500,"bu","11:23:34",647900
27.1,-0.1,200,"bu","11:23:26",647400
27.1,-0.1,20000,"bu","11:23:21",647200
27.1,-0.1,100,"bu","11:23:07",627200
27.05,-0.15,500,"sd","11:22:24",627100
27.1,-0.1,500,"bu","11:21:37",626600
27.1,-0.1,500,"bu","11:21:36",626100
27.05,-0.15,400,"sd","11:21:25",625600
27.1,-0.1,1000,"bu","11:19:22",625200
27.1,-0.1,100,"bu","11:19:00",624200
27.05,-0.15,700,"sd","11:18:57",624100
27.05,-0.15,6000,"sd","11:18:55",623400
27.1,-0.1,3700,"sd","11:18:47",617400
27.15,-0.05,500,"bu","11:18:16",613700
27.1,-0.1,15500,"sd","11:18:08",613200
27.1,-0.1,100,"sd","11:17:48",597700
27.1,-0.1,400,"sd","11:17:35",597600
27.1,-0.1,100,"sd","11:17:19",597200
27.1,-0.1,200,"sd","11:16:20",597100
27.1,-0.1,500,"sd","11:15:42",596900
27.1,-0.1,2000,"sd","11:15:26",596400
27.1,-0.1,2000,"sd","11:14:57",594400
27.1,-0.1,3000,"sd","11:14:31",592400
27.15,-0.05,400,"sd","11:14:07",589400
27.15,-0.05,500,"sd","11:13:58",589000
27.15,-0.05,20000,"sd","11:13:53",588500
27.15,-0.05,1000,"sd","11:12:42",568500
27.15,-0.05,600,"sd","11:12:35",567500
27.15,-0.05,1100,"sd","11:12:02",566900
27.15,-0.05,1000,"sd","11:11:37",565800
27.15,-0.05,900,"sd","11:11:24",564800
27.15,-0.05,6000,"sd","11:11:14",563900
27.15,-0.05,1000,"sd","11:08:40",557900
27.15,-0.05,2000,"sd","11:07:50",556900
27.15,-0.05,300,"sd","11:07:20",554900
27.15,-0.05,400,"sd","11:06:22",554600
27.2,0,2000,"bu","11:06:11",554200
27.2,0,500,"bu","11:05:12",552200
27.15,-0.05,900,"sd","11:05:03",551700
27.2,0,1000,"bu","11:05:02",550800
27.15,-0.05,100,"sd","11:01:59",549800
27.2,0,1000,"bu","11:01:14",549700
27.2,0,200,"bu","10:59:49",548700
27.2,0,1000,"sd","10:58:00",548500
27.2,0,9200,"bu","10:57:49",547500
27.2,0,1000,"bu","10:57:17",538300
27.2,0,5000,"bu","10:57:14",537300
27.2,0,11000,"bu","10:57:13",532300
27.2,0,1200,"bu","10:56:59",521300
27.2,0,3000,"bu","10:56:48",520100
27.2,0,200,"bu","10:56:20",517100
27.2,0,100,"bu","10:55:34",516900
27.15,-0.05,200,"sd","10:54:08",516800
27.15,-0.05,100,"sd","10:54:06",516600
27.15,-0.05,200,"sd","10:53:42",516500
27.15,-0.05,2200,"sd","10:52:44",516300
27.15,-0.05,7800,"sd","10:52:43",514100
27.2,0,100,"bu","10:52:32",506300
27.2,0,100,"bu","10:52:02",506200
27.2,0,4000,"bu","10:51:05",506100
27.2,0,500,"bu","10:51:03",502100
27.1,-0.1,100,"sd","10:46:21",501600
27.1,-0.1,100,"sd","10:45:54",501500
27.1,-0.1,4100,"bu","10:45:53",501400
27.1,-0.1,5500,"bu","10:45:53",497300
27.1,-0.1,1000,"bu","10:45:34",491800
27.1,-0.1,3500,"sd","10:45:22",490800
27.1,-0.1,1000,"sd","10:45:20",487300
27.1,-0.1,500,"sd","10:44:51",486300
27.2,0,500,"bu","10:44:15",485800
27.1,-0.1,17600,"sd","10:44:12",485300
27.15,-0.05,2400,"sd","10:44:12",467700
27.15,-0.05,300,"bu","10:43:20",465300
27.15,-0.05,1000,"sd","10:43:02",465000
27.15,-0.05,1000,"bu","10:42:52",464000
27.15,-0.05,100,"bu","10:42:01",463000
27.15,-0.05,1000,"bu","10:41:36",462900
27.15,-0.05,2000,"bu","10:41:03",461900
27.15,-0.05,5900,"sd","10:41:01",459900
27.2,0,1000,"bu","10:40:38",454000
27.15,-0.05,500,"sd","10:40:29",453000
27.15,-0.05,300,"sd","10:40:26",452500
27.15,-0.05,100,"sd","10:40:19",452200
27.2,0,31000,"bu","10:40:16",452100
27.15,-0.05,10400,"sd","10:40:03",421100
27.15,-0.05,500,"sd","10:39:55",410700
27.15,-0.05,1500,"sd","10:39:41",410200
27.15,-0.05,1000,"sd","10:39:27",408700
27.15,-0.05,200,"sd","10:39:26",407700
27.15,-0.05,100,"sd","10:39:17",407500
27.15,-0.05,100,"sd","10:39:11",407400
27.15,-0.05,200,"sd","10:39:08",407300
27.15,-0.05,300,"sd","10:38:59",407100
27.15,-0.05,5400,"bu","10:38:52",406800
27.1,-0.1,500,"sd","10:38:48",401400
27.1,-0.1,1000,"sd","10:38:42",400900
27.1,-0.1,1000,"sd","10:38:39",399900
27.1,-0.1,100,"sd","10:38:13",398900
27.1,-0.1,2000,"sd","10:37:09",398800
27.15,-0.05,1000,"bu","10:37:07",396800
27.15,-0.05,500,"bu","10:37:04",395800
27.15,-0.05,300,"bu","10:37:02",395300
27.15,-0.05,500,"bu","10:37:00",395000
27.15,-0.05,1000,"bu","10:36:22",394500
27.15,-0.05,100,"bu","10:36:04",393500
27.15,-0.05,300,"bu","10:36:01",393400
27.15,-0.05,1000,"bu","10:35:48",393100
27.15,-0.05,2000,"bu","10:35:48",392100
27.15,-0.05,100,"bu","10:35:26",390100
27.15,-0.05,100,"bu","10:35:10",390000
27.15,-0.05,200,"bu","10:35:08",389900
27.15,-0.05,100,"bu","10:35:02",389700
27.15,-0.05,3800,"sd","10:34:52",389600
27.15,-0.05,100,"sd","10:34:44",385800
27.15,-0.05,2000,"sd","10:33:07",385700
27.15,-0.05,1100,"sd","10:33:05",383700
27.15,-0.05,9100,"sd","10:32:54",382600
27.15,-0.05,1200,"sd","10:32:30",373500
27.15,-0.05,10000,"sd","10:31:05",372300
27.2,0,900,"bu","10:30:58",362300
27.2,0,100,"bu","10:30:50",361400
27.15,-0.05,1000,"sd","10:30:50",361300
27.15,-0.05,1200,"sd","10:30:10",360300
27.15,-0.05,300,"sd","10:29:25",359100
27.15,-0.05,300,"sd","10:29:08",358800
27.15,-0.05,500,"sd","10:28:56",358500
27.15,-0.05,2000,"sd","10:28:34",358000
27.15,-0.05,500,"sd","10:28:05",356000
27.15,-0.05,4600,"sd","10:26:09",355500
27.15,-0.05,10000,"sd","10:25:32",350900
27.2,0,200,"bu","10:25:22",340900
27.2,0,600,"bu","10:24:31",340700
27.2,0,3000,"bu","10:23:32",340100
27.2,0,1000,"bu","10:23:11",337100
27.2,0,100,"bu","10:21:44",336100
27.2,0,1000,"bu","10:21:00",336000
27.2,0,7000,"sd","10:20:50",335000
27.2,0,5000,"sd","10:17:09",328000
27.2,0,8900,"sd","10:17:00",323000
27.2,0,1000,"sd","10:16:52",314100
27.2,0,5000,"sd","10:16:38",313100
27.25,0.05,1000,"bu","10:12:29",308100
27.2,0,5000,"sd","10:11:35",307100
27.2,0,100,"sd","10:11:20",302100
27.2,0,500,"sd","10:11:06",302000
27.2,0,500,"sd","10:10:52",301500
27.2,0,2000,"sd","10:09:44",301000
27.2,0,10000,"sd","10:09:12",299000
27.25,0.05,2000,"bu","10:08:50",289000
27.25,0.05,1000,"bu","10:08:45",287000
27.25,0.05,5600,"sd","10:07:56",286000
27.3,0.1,3000,"bu","10:05:43",280400
27.25,0.05,200,"sd","10:02:47",277400
27.25,0.05,5600,"sd","10:01:31",277200
27.25,0.05,200,"sd","10:01:03",271600
27.25,0.05,900,"bu","10:00:56",271400
27.25,0.05,9100,"sd","10:00:26",270500
27.25,0.05,100,"sd","09:58:46",261400
27.3,0.1,600,"sd","09:56:04",261300
27.3,0.1,100,"bu","09:55:18",260700
27.3,0.1,500,"bu","09:53:57",260600
27.3,0.1,700,"sd","09:53:56",260100
27.25,0.05,5300,"sd","09:53:24",259400
27.3,0.1,500,"sd","09:52:58",254100
27.3,0.1,1000,"sd","09:52:55",253600
27.3,0.1,100,"sd","09:52:46",252600
27.3,0.1,400,"sd","09:52:34",252500
27.3,0.1,800,"sd","09:52:33",252100
27.3,0.1,800,"sd","09:51:16",251100
27.3,0.1,300,"sd","09:50:37",250300
27.3,0.1,300,"sd","09:50:11",250000
27.35,0.15,100,"bu","09:50:07",249700
27.3,0.1,1000,"sd","09:49:39",249600
27.35,0.15,3000,"bu","09:49:37",248600
27.3,0.1,500,"sd","09:49:16",245600
27.3,0.1,200,"sd","09:48:59",245100
27.3,0.1,3600,"sd","09:48:56",244900
27.3,0.1,2000,"sd","09:48:52",241300
27.3,0.1,3600,"sd","09:48:47",239300
27.3,0.1,300,"sd","09:48:46",235700
27.3,0.1,200,"sd","09:47:56",235400
27.3,0.1,2000,"sd","09:47:44",235200
27.3,0.1,400,"sd","09:47:09",233200
27.35,0.15,100,"bu","09:47:08",232800
27.35,0.15,1100,"bu","09:46:44",232700
27.35,0.15,100,"bu","09:46:08",231600
27.35,0.15,2800,"sd","09:45:43",231500
27.35,0.15,500,"sd","09:45:18",228700
27.35,0.15,400,"bu","09:45:09",228200
27.35,0.15,100,"sd","09:44:58",227800
27.35,0.15,1400,"bu","09:44:57",227700
27.35,0.15,500,"bu","09:44:32",226300
27.35,0.15,500,"bu","09:44:07",225800
27.3,0.1,1000,"sd","09:44:00",225300
27.35,0.15,6000,"bu","09:43:52",224300
27.35,0.15,3500,"bu","09:43:39",218300
27.35,0.15,1000,"bu","09:42:46",214800
27.3,0.1,1000,"sd","09:42:21",213800
27.3,0.1,500,"sd","09:41:47",212800
27.35,0.15,100,"bu","09:41:36",212300
27.35,0.15,500,"bu","09:41:34",212200
27.3,0.1,500,"sd","09:41:15",211700
27.3,0.1,2900,"sd","09:40:39",211200
27.35,0.15,100,"bu","09:40:00",208300
27.35,0.15,2000,"bu","09:39:55",208200
27.3,0.1,9900,"bu","09:39:41",206200
27.25,0.05,200,"sd","09:39:39",196300
27.3,0.1,3000,"bu","09:39:36",196100
27.3,0.1,100,"bu","09:39:34",193100
27.3,0.1,1000,"bu","09:39:14",193000
27.3,0.1,1000,"bu","09:39:06",192000
27.3,0.1,3000,"sd","09:39:00",191000
27.3,0.1,2700,"sd","09:38:26",188000
27.35,0.15,4000,"bu","09:38:26",185300
27.3,0.1,5000,"sd","09:38:20",181300
27.35,0.15,2000,"bu","09:38:18",176300
27.35,0.15,2000,"bu","09:38:08",174300
27.3,0.1,100,"sd","09:37:45",172300
27.3,0.1,7300,"bu","09:36:56",172200
27.3,0.1,500,"bu","09:36:55",164900
27.3,0.1,100,"bu","09:36:37",164400
27.3,0.1,200,"sd","09:36:31",164300
27.35,0.15,2000,"bu","09:36:14",164100
27.3,0.1,100,"sd","09:35:10",162100
27.3,0.1,1000,"sd","09:35:04",162000
27.3,0.1,100,"sd","09:35:02",161000
27.3,0.1,200,"sd","09:35:01",160900
27.3,0.1,800,"sd","09:34:44",160700
27.35,0.15,2000,"bu","09:34:19",159900
27.35,0.15,15800,"bu","09:33:49",157900
27.3,0.1,2200,"bu","09:33:49",142100
27.3,0.1,6500,"sd","09:33:21",139900
27.3,0.1,300,"sd","09:33:11",133400
27.3,0.1,3200,"bu","09:33:07",133100
27.3,0.1,10000,"bu","09:32:58",129900
27.25,0.05,100,"sd","09:32:50",119900
27.3,0.1,500,"bu","09:32:25",119800
27.3,0.1,1000,"bu","09:32:00",119300
27.25,0.05,300,"sd","09:31:50",118300
27.25,0.05,100,"sd","09:31:47",118000
27.25,0.05,3100,"sd","09:31:45",117900
27.25,0.05,300,"sd","09:31:20",114800
27.25,0.05,2700,"bu","09:31:19",114500
27.25,0.05,1000,"bu","09:31:16",111800
27.2,0,100,"sd","09:31:10",110800
27.2,0,1000,"sd","09:31:02",110700
27.25,0.05,1600,"bu","09:30:57",109700
27.2,0,100,"sd","09:30:30",108100
27.2,0,400,"sd","09:30:28",108000
27.2,0,100,"sd","09:30:20",107600
27.2,0,1000,"sd","09:30:19",107500
27.2,0,1400,"sd","09:30:10",106500
27.2,0,1000,"sd","09:30:07",105100
27.2,0,13000,"sd","09:30:00",104100
27.25,0.05,4800,"sd","09:29:38",91100
27.25,0.05,500,"sd","09:29:37",86300
27.25,0.05,1000,"sd","09:29:33",85800
27.25,0.05,200,"sd","09:29:30",84800
27.25,0.05,2000,"sd","09:29:21",84600
27.25,0.05,200,"sd","09:28:51",82600
27.3,0.1,7500,"sd","09:28:40",82400
27.3,0.1,500,"sd","09:28:20",74900
27.3,0.1,5800,"bu","09:28:16",74400
27.3,0.1,400,"bu","09:28:08",68600
27.3,0.1,800,"sd","09:27:53",68200
27.3,0.1,100,"sd","09:27:49",67400
27.3,0.1,100,"sd","09:27:38",67300
27.3,0.1,200,"sd","09:27:30",67200
27.3,0.1,2000,"bu","09:27:20",67000
27.3,0.1,100,"bu","09:27:12",65000
27.3,0.1,8800,"sd","09:26:47",64900
27.3,0.1,400,"sd","09:26:40",56100
27.3,0.1,4800,"bu","09:26:38",55700
27.25,0.05,100,"sd","09:26:18",50900
27.3,0.1,100,"bu","09:26:09",50800
27.3,0.1,10000,"bu","09:26:04",50700
27.25,0.05,300,"sd","09:25:48",40700
27.25,0.05,200,"sd","09:24:20",40400
27.25,0.05,500,"bu","09:24:18",40200
27.25,0.05,500,"sd","09:24:15",39700
27.25,0.05,1000,"sd","09:24:14",39200
27.25,0.05,200,"sd","09:24:00",38200
27.25,0.05,2000,"sd","09:23:53",38000
27.3,0.1,300,"bu","09:23:49",36000
27.25,0.05,10000,"sd","09:23:47",35700
27.3,0.1,400,"bu","09:23:29",25700
27.25,0.05,200,"sd","09:23:01",25300
27.25,0.05,200,"sd","09:22:01",25100
27.25,0.05,100,"sd","09:22:00",24900
27.25,0.05,1000,"sd","09:21:50",24800
27.25,0.05,300,"sd","09:21:20",23800
27.25,0.05,3200,"sd","09:21:12",23500
27.25,0.05,200,"sd","09:21:07",20300
27.25,0.05,200,"sd","09:20:45",20100
27.3,0.1,1400,"sd","09:20:14",19900
27.3,0.1,100,"sd","09:20:11",18500
27.3,0.1,1800,"sd","09:20:03",18400
27.3,0.1,200,"sd","09:18:47",16600
27.3,0.1,300,"sd","09:18:40",16400
27.3,0.1,3400,"bu","09:18:34",16100
27.3,0.1,500,"bu","09:18:01",12700
27.3,0.1,200,"bu","09:17:59",12200
27.3,0.1,200,"bu","09:17:34",12000
27.3,0.1,100,"bu","09:17:19",11800
27.3,0.1,200,"bu","09:17:00",11700
27.3,0.1,500,"bu","09:16:51",11500
27.3,0.1,2100,"sd","09:16:50",11000
27.4,0.2,1200,"bu","09:16:45",8900
27.3,0.1,100,"sd","09:16:23",7700
27.3,0.1,100,"sd","09:16:19",7600
27.4,0.2,700,"bu","09:15:37",7500
27.4,0.2,6800,"","09:15:00",6800
