"price","change","match_qtty","side","time","total_vol"
18.7,-0.3,1492900,"","14:45:11",12092300
18.65,-0.35,500,"sd","14:30:00",10599400
18.7,-0.3,14800,"bu","14:29:58",10598900
18.7,-0.3,2100,"bu","14:29:57",10584100
18.7,-0.3,200,"bu","14:29:56",10582000
18.7,-0.3,5000,"bu","14:29:56",10581800
18.7,-0.3,100,"bu","14:29:53",10576800
18.7,-0.3,1500,"bu","14:29:52",10576700
18.7,-0.3,600,"bu","14:29:51",10575200
18.7,-0.3,100,"bu","14:29:48",10574600
18.7,-0.3,500,"bu","14:29:48",10574500
18.7,-0.3,300,"bu","14:29:47",10574000
18.65,-0.35,2200,"sd","14:29:46",10573700
18.7,-0.3,100,"bu","14:29:43",10571500
18.7,-0.3,1000,"bu","14:29:39",10571400
18.65,-0.35,800,"sd","14:29:37",10570400
18.65,-0.35,1400,"sd","14:29:36",10569600
18.65,-0.35,3800,"sd","14:29:35",10568200
18.7,-0.3,100,"bu","14:29:28",10564400
18.65,-0.35,900,"sd","14:29:25",10564300
18.7,-0.3,9000,"bu","14:29:24",10563400
18.65,-0.35,400,"sd","14:29:23",10554400
18.7,-0.3,1000,"bu","14:29:22",10554000
18.7,-0.3,3000,"bu","14:29:22",10553000
18.7,-0.3,100,"bu","14:29:21",10550000
18.7,-0.3,600,"bu","14:29:20",10549900
18.65,-0.35,200,"sd","14:29:19",10549300
18.65,-0.35,2500,"sd","14:29:18",10549100
18.65,-0.35,200,"sd","14:29:16",10546600
18.7,-0.3,2000,"bu","14:29:16",10546400
18.65,-0.35,300,"sd","14:29:14",10544400
18.65,-0.35,3100,"sd","14:29:13",10544100
18.65,-0.35,1000,"sd","14:29:12",10541000
18.7,-0.3,5000,"bu","14:29:11",10540000
18.7,-0.3,5600,"bu","14:29:10",10535000
18.65,-0.35,500,"sd","14:29:08",10529400
18.65,-0.35,400,"sd","14:29:05",10528900
18.65,-0.35,4100,"sd","14:29:04",10528500
18.65,-0.35,200,"sd","14:29:03",10524400
18.7,-0.3,1100,"bu","14:29:03",10524200
18.65,-0.35,1000,"sd","14:29:02",10523100
18.65,-0.35,3800,"sd","14:29:02",10522100
18.65,-0.35,6400,"sd","14:29:01",10518300
18.65,-0.35,101100,"sd","14:29:00",10511900
18.7,-0.3,1200,"sd","14:29:00",10410800
18.7,-0.3,11800,"sd","14:28:59",10409600
18.7,-0.3,18800,"sd","14:28:58",10397800
18.7,-0.3,400,"sd","14:28:55",10379000
18.7,-0.3,4100,"sd","14:28:54",10378600
18.7,-0.3,10000,"sd","14:28:53",10374500
18.7,-0.3,100000,"sd","14:28:53",10364500
18.7,-0.3,6600,"sd","14:28:51",10264500
18.7,-0.3,15800,"sd","14:28:47",10257900
18.7,-0.3,100,"sd","14:28:46",10242100
18.7,-0.3,1500,"sd","14:28:46",10242000
18.7,-0.3,500,"sd","14:28:44",10240500
18.7,-0.3,100,"sd","14:28:42",10240000
18.7,-0.3,17300,"sd","14:28:41",10239900
18.7,-0.3,200,"sd","14:28:39",10222600
18.7,-0.3,2000,"sd","14:28:38",10222400
18.7,-0.3,8700,"sd","14:28:37",10220400
18.7,-0.3,100,"sd","14:28:36",10211700
18.7,-0.3,17300,"sd","14:28:35",10211600
18.7,-0.3,300,"sd","14:28:33",10194300
18.7,-0.3,5900,"sd","14:28:32",10194000
18.7,-0.3,100,"sd","14:28:31",10188100
18.75,-0.25,500,"bu","14:28:31",10188000
18.7,-0.3,200,"sd","14:28:30",10187500
18.75,-0.25,500,"bu","14:28:30",10187300
18.7,-0.3,1200,"sd","14:28:29",10186800
18.7,-0.3,100,"sd","14:28:29",10185600
18.75,-0.25,1000,"bu","14:28:29",10185500
18.7,-0.3,8700,"sd","14:28:28",10184500
18.75,-0.25,5000,"bu","14:28:28",10175800
18.7,-0.3,400,"sd","14:28:27",10170800
18.7,-0.3,28600,"sd","14:28:26",10170400
18.7,-0.3,30000,"sd","14:28:25",10141800
18.7,-0.3,3100,"sd","14:28:24",10111800
18.7,-0.3,100,"sd","14:28:23",10108700
18.75,-0.25,300,"bu","14:28:23",10108600
18.7,-0.3,1000,"sd","14:28:22",10108300
18.75,-0.25,10000,"bu","14:28:21",10107300
18.7,-0.3,400,"sd","14:28:16",10097300
18.7,-0.3,4300,"sd","14:28:15",10096900
18.7,-0.3,3500,"sd","14:28:14",10092600
18.7,-0.3,1500,"sd","14:28:13",10089100
18.7,-0.3,2000,"sd","14:28:13",10087600
18.75,-0.25,100,"bu","14:28:13",10085600
18.7,-0.3,14900,"sd","14:28:12",10085500
18.7,-0.3,800,"sd","14:28:11",10070600
18.75,-0.25,500,"bu","14:28:11",10069800
18.75,-0.25,500,"bu","14:28:10",10069300
18.7,-0.3,7500,"sd","14:28:10",10068800
18.7,-0.3,100,"sd","14:28:09",10061300
18.7,-0.3,1400,"sd","14:28:07",10061200
18.75,-0.25,1000,"bu","14:28:06",10059800
18.75,-0.25,100,"bu","14:28:05",10058800
18.7,-0.3,400,"sd","14:28:04",10058700
18.7,-0.3,4500,"sd","14:28:03",10058300
18.75,-0.25,100,"bu","14:28:02",10053800
18.75,-0.25,1000,"bu","14:28:01",10053700
18.7,-0.3,700,"sd","14:28:00",10052700
18.7,-0.3,7500,"sd","14:27:58",10052000
18.7,-0.3,500,"sd","14:27:53",10044500
18.7,-0.3,100,"sd","14:27:52",10044000
18.75,-0.25,1600,"sd","14:27:51",10043900
18.75,-0.25,4300,"sd","14:27:50",10042300
18.75,-0.25,4800,"sd","14:27:49",10038000
18.75,-0.25,3200,"sd","14:27:49",10033200
18.75,-0.25,45100,"sd","14:27:48",10030000
18.75,-0.25,1000,"sd","14:27:48",9984900
18.75,-0.25,10000,"sd","14:27:46",9983900
18.75,-0.25,100000,"sd","14:27:45",9973900
18.75,-0.25,500,"sd","14:27:43",9873900
18.75,-0.25,5000,"sd","14:27:43",9873400
18.75,-0.25,4100,"sd","14:27:39",9868400
18.75,-0.25,100,"sd","14:27:37",9864300
18.75,-0.25,1800,"sd","14:27:36",9864200
18.75,-0.25,18300,"sd","14:27:36",9862400
18.75,-0.25,3700,"sd","14:27:34",9844100
18.75,-0.25,300,"sd","14:27:28",9840400
18.75,-0.25,3900,"sd","14:27:27",9840100
18.75,-0.25,7500,"sd","14:27:26",9836200
18.75,-0.25,100,"sd","14:27:25",9828700
18.75,-0.25,1200,"sd","14:27:24",9828600
18.75,-0.25,2600,"sd","14:27:23",9827400
18.8,-0.2,200,"bu","14:27:22",9824800
18.75,-0.25,4800,"sd","14:27:18",9824600
18.75,-0.25,900,"sd","14:27:12",9819800
18.8,-0.2,9600,"bu","14:27:11",9818900
18.75,-0.25,100,"sd","14:27:10",9809300
18.75,-0.25,200,"sd","14:27:10",9809200
18.75,-0.25,1600,"sd","14:27:09",9809000
18.75,-0.25,15800,"sd","14:27:08",9807400
18.8,-0.2,1000,"bu","14:27:08",9791600
18.75,-0.25,200,"sd","14:27:04",9790600
18.75,-0.25,2900,"sd","14:27:03",9790400
18.75,-0.25,300,"sd","14:26:56",9787500
18.8,-0.2,100,"bu","14:26:54",9787200
18.75,-0.25,3500,"sd","14:26:54",9787100
18.75,-0.25,200,"sd","14:26:53",9783600
18.8,-0.2,100,"bu","14:26:49",9783400
18.75,-0.25,300,"sd","14:26:44",9783300
18.75,-0.25,200,"sd","14:26:44",9783000
18.75,-0.25,3200,"sd","14:26:43",9782800
18.75,-0.25,300,"sd","14:26:36",9779600
18.75,-0.25,300,"sd","14:26:35",9779300
18.75,-0.25,3400,"sd","14:26:33",9779000
18.8,-0.2,100,"bu","14:26:32",9775600
18.75,-0.25,300,"sd","14:26:26",9775500
18.8,-0.2,1000,"bu","14:26:25",9775200
18.75,-0.25,400,"sd","14:26:24",9774200
18.75,-0.25,4800,"sd","14:26:23",9773800
18.75,-0.25,4000,"sd","14:26:22",9769000
18.75,-0.25,3000,"sd","14:26:21",9765000
18.75,-0.25,200,"sd","14:26:18",9762000
18.75,-0.25,100,"sd","14:26:16",9761800
18.75,-0.25,800,"sd","14:26:15",9761700
18.8,-0.2,1000,"bu","14:26:15",9760900
18.75,-0.25,7500,"sd","14:26:14",9759900
18.8,-0.2,500,"bu","14:26:14",9752400
18.75,-0.25,300,"sd","14:26:11",9751900
18.75,-0.25,3800,"sd","14:26:10",9751600
18.75,-0.25,200,"sd","14:26:08",9747800
18.8,-0.2,200,"bu","14:26:04",9747600
18.75,-0.25,500,"sd","14:26:02",9747400
18.75,-0.25,5000,"sd","14:26:01",9746900
18.75,-0.25,3600,"sd","14:25:59",9741900
18.75,-0.25,1500,"sd","14:25:58",9738300
18.8,-0.2,15000,"bu","14:25:58",9736800
18.75,-0.25,100,"sd","14:25:53",9721800
18.75,-0.25,1500,"sd","14:25:52",9721700
18.75,-0.25,15800,"sd","14:25:51",9720200
18.75,-0.25,400,"sd","14:25:51",9704400
18.75,-0.25,2800,"sd","14:25:50",9704000
18.75,-0.25,100,"sd","14:25:48",9701200
18.75,-0.25,3500,"sd","14:25:45",9701100
18.75,-0.25,200,"sd","14:25:44",9697600
18.75,-0.25,2300,"sd","14:25:43",9697400
18.75,-0.25,200,"sd","14:25:43",9695100
18.75,-0.25,23700,"sd","14:25:42",9694900
18.75,-0.25,2600,"sd","14:25:41",9671200
18.8,-0.2,1000,"bu","14:25:41",9668600
18.75,-0.25,3500,"sd","14:25:40",9667600
18.75,-0.25,21500,"sd","14:25:40",9664100
18.75,-0.25,800,"sd","14:25:39",9642600
18.8,-0.2,20000,"bu","14:25:39",9641800
18.8,-0.2,100,"bu","14:25:37",9621800
18.75,-0.25,500,"sd","14:25:37",9621700
18.75,-0.25,5200,"sd","14:25:36",9621200
18.8,-0.2,100,"bu","14:25:34",9616000
18.75,-0.25,15800,"sd","14:25:33",9615900
18.75,-0.25,500,"sd","14:25:32",9600100
18.75,-0.25,200,"sd","14:25:32",9599600
18.8,-0.2,4900,"bu","14:25:31",9599400
18.75,-0.25,2400,"sd","14:25:30",9594500
18.75,-0.25,1100,"sd","14:25:29",9592100
18.75,-0.25,200,"sd","14:25:28",9591000
18.75,-0.25,2000,"sd","14:25:27",9590800
18.8,-0.2,100,"bu","14:25:26",9588800
18.75,-0.25,100,"sd","14:25:24",9588700
18.75,-0.25,200,"sd","14:25:24",9588600
18.75,-0.25,1600,"sd","14:25:23",9588400
18.8,-0.2,500,"bu","14:25:23",9586800
18.75,-0.25,15800,"sd","14:25:22",9586300
18.75,-0.25,400,"sd","14:25:20",9570500
18.75,-0.25,3100,"sd","14:25:20",9570100
18.75,-0.25,19900,"sd","14:25:19",9567000
18.75,-0.25,300,"sd","14:25:18",9547100
18.8,-0.2,3000,"bu","14:25:17",9546800
18.8,-0.2,500,"bu","14:25:14",9543800
18.75,-0.25,300,"sd","14:25:14",9543300
18.8,-0.2,100,"bu","14:25:14",9543000
18.8,-0.2,100,"bu","14:25:13",9542900
18.75,-0.25,1300,"sd","14:25:12",9542800
18.8,-0.2,500,"bu","14:25:11",9541500
18.75,-0.25,7300,"sd","14:25:11",9541000
18.75,-0.25,5900,"sd","14:25:11",9533700
18.8,-0.2,2000,"bu","14:25:11",9527800
18.75,-0.25,300,"sd","14:25:10",9525800
18.75,-0.25,3800,"sd","14:25:09",9525500
18.75,-0.25,300,"sd","14:25:06",9521700
18.8,-0.2,400,"bu","14:25:05",9521400
18.75,-0.25,300,"sd","14:25:04",9521000
18.75,-0.25,100,"sd","14:25:03",9520700
18.75,-0.25,3500,"sd","14:25:03",9520600
18.75,-0.25,1000,"sd","14:25:02",9517100
18.8,-0.2,35000,"bu","14:25:02",9516100
18.75,-0.25,10700,"sd","14:25:01",9481100
18.75,-0.25,200,"sd","14:24:58",9470400
18.75,-0.25,2900,"sd","14:24:58",9470200
18.75,-0.25,200,"sd","14:24:57",9467300
18.8,-0.2,100,"bu","14:24:56",9467100
18.75,-0.25,400,"sd","14:24:54",9467000
18.75,-0.25,200,"sd","14:24:52",9466600
18.75,-0.25,1500,"sd","14:24:51",9466400
18.8,-0.2,1000,"bu","14:24:51",9464900
18.75,-0.25,15300,"sd","14:24:51",9463900
18.75,-0.25,100,"sd","14:24:50",9448600
18.8,-0.2,100,"bu","14:24:50",9448500
18.75,-0.25,900,"sd","14:24:49",9448400
18.75,-0.25,3500,"sd","14:24:49",9447500
18.75,-0.25,6000,"sd","14:24:48",9444000
18.75,-0.25,300,"sd","14:24:47",9438000
18.75,-0.25,200,"sd","14:24:42",9437700
18.8,-0.2,2000,"bu","14:24:41",9437500
18.8,-0.2,100,"bu","14:24:41",9435500
18.75,-0.25,300,"sd","14:24:39",9435400
18.75,-0.25,3500,"sd","14:24:38",9435100
18.8,-0.2,100,"bu","14:24:34",9431600
18.75,-0.25,100,"sd","14:24:31",9431500
18.8,-0.2,1000,"bu","14:24:31",9431400
18.75,-0.25,200,"sd","14:24:29",9430400
18.75,-0.25,300,"sd","14:24:28",9430200
18.8,-0.2,100,"bu","14:24:28",9429900
18.75,-0.25,3200,"sd","14:24:27",9429800
18.75,-0.25,200,"sd","14:24:20",9426600
18.75,-0.25,400,"sd","14:24:18",9426400
18.75,-0.25,4400,"sd","14:24:17",9426000
18.75,-0.25,200,"sd","14:24:11",9421600
18.8,-0.2,100,"bu","14:24:10",9421400
18.8,-0.2,100,"bu","14:24:08",9421300
18.75,-0.25,400,"sd","14:24:04",9421200
18.75,-0.25,4600,"sd","14:24:03",9420800
18.8,-0.2,100,"bu","14:24:02",9416200
18.8,-0.2,500,"bu","14:23:59",9416100
18.75,-0.25,100,"sd","14:23:58",9415600
18.75,-0.25,1000,"sd","14:23:57",9415500
18.8,-0.2,10200,"bu","14:23:56",9414500
18.75,-0.25,100,"sd","14:23:55",9404300
18.8,-0.2,1000,"bu","14:23:54",9404200
18.75,-0.25,200,"sd","14:23:52",9403200
18.75,-0.25,100,"sd","14:23:50",9403000
18.8,-0.2,1200,"bu","14:23:49",9402900
18.75,-0.25,100,"sd","14:23:47",9401700
18.8,-0.2,1000,"bu","14:23:46",9401600
18.75,-0.25,400,"sd","14:23:43",9400600
18.8,-0.2,22300,"sd","14:23:42",9400200
18.8,-0.2,900,"sd","14:23:40",9351700
18.8,-0.2,500,"sd","14:23:40",9350800
18.8,-0.2,6000,"sd","14:23:39",9350300
18.8,-0.2,62700,"sd","14:23:39",9344300
18.8,-0.2,4900,"sd","14:23:38",9281600
18.8,-0.2,200,"sd","14:23:37",9276700
18.8,-0.2,400,"sd","14:23:34",9276500
18.8,-0.2,3700,"sd","14:23:33",9276100
18.8,-0.2,400,"sd","14:23:31",9272400
18.8,-0.2,4100,"sd","14:23:30",9272000
18.8,-0.2,200,"sd","14:23:28",9267900
18.85,-0.15,2000,"bu","14:23:27",9267700
18.8,-0.2,200,"sd","14:23:25",9265700
18.8,-0.2,400,"sd","14:23:21",9265500
18.8,-0.2,4000,"sd","14:23:20",9265100
18.8,-0.2,22500,"sd","14:23:20",9261100
18.8,-0.2,17700,"sd","14:23:19",9238600
18.8,-0.2,2400,"sd","14:23:18",9220900
18.85,-0.15,500,"bu","14:23:18",9218500
18.8,-0.2,5300,"sd","14:23:17",9218000
18.8,-0.2,5200,"sd","14:23:16",9212700
18.8,-0.2,2200,"sd","14:23:15",9207500
18.8,-0.2,300,"sd","14:23:13",9205300
18.8,-0.2,3000,"sd","14:23:11",9205000
18.8,-0.2,30000,"sd","14:23:10",9202000
18.8,-0.2,200,"sd","14:23:06",9172000
18.85,-0.15,100,"bu","14:23:05",9171800
18.8,-0.2,400,"sd","14:23:04",9171700
18.8,-0.2,500,"sd","14:23:03",9171300
18.8,-0.2,300,"sd","14:23:01",9167300
18.8,-0.2,2400,"sd","14:23:00",9167000
18.85,-0.15,700,"bu","14:23:00",9164600
18.8,-0.2,100,"sd","14:23:00",9163900
18.8,-0.2,200,"sd","14:22:57",9163800
18.8,-0.2,300,"sd","14:22:52",9163600
18.8,-0.2,3100,"sd","14:22:51",9163300
18.8,-0.2,200,"sd","14:22:48",9160200
18.8,-0.2,300,"sd","14:22:42",9160000
18.8,-0.2,3200,"sd","14:22:41",9159700
18.8,-0.2,200,"sd","14:22:39",9156500
18.8,-0.2,300,"sd","14:22:32",9156300
18.8,-0.2,2800,"sd","14:22:32",9156000
18.8,-0.2,200,"sd","14:22:31",9153200
18.8,-0.2,200,"sd","14:22:29",9153000
18.85,-0.15,700,"bu","14:22:29",9152800
18.8,-0.2,2300,"sd","14:22:29",9152100
18.8,-0.2,300,"sd","14:22:23",9149800
18.8,-0.2,3500,"sd","14:22:23",9149500
18.8,-0.2,200,"sd","14:22:21",9146000
18.8,-0.2,200,"sd","14:22:13",9145800
18.8,-0.2,3000,"sd","14:22:12",9145600
18.8,-0.2,4400,"sd","14:22:03",9142600
18.85,-0.15,200,"bu","14:22:01",9138200
18.8,-0.2,200,"sd","14:21:57",9138000
18.8,-0.2,2300,"sd","14:21:56",9137800
18.8,-0.2,200,"sd","14:21:55",9135500
18.8,-0.2,3800,"sd","14:21:52",9135300
18.85,-0.15,100,"bu","14:21:51",9131500
18.8,-0.2,200,"sd","14:21:49",9131400
18.8,-0.2,2000,"sd","14:21:48",9131200
18.8,-0.2,200,"sd","14:21:46",9129200
18.85,-0.15,100,"bu","14:21:46",9129000
18.8,-0.2,700,"sd","14:21:43",9128900
18.8,-0.2,7500,"sd","14:21:42",9128200
18.8,-0.2,300,"sd","14:21:42",9120700
18.8,-0.2,3800,"sd","14:21:40",9120400
18.8,-0.2,200,"sd","14:21:37",9116600
18.85,-0.15,100,"bu","14:21:36",9116400
18.8,-0.2,700,"sd","14:21:36",9116300
18.8,-0.2,7500,"sd","14:21:34",9115600
18.8,-0.2,200,"sd","14:21:29",9108100
18.8,-0.2,3100,"sd","14:21:28",9107900
18.8,-0.2,800,"sd","14:21:25",9104800
18.8,-0.2,2300,"sd","14:21:25",9104000
18.8,-0.2,6500,"sd","14:21:24",9101700
18.8,-0.2,65000,"sd","14:21:23",9095200
18.8,-0.2,300,"sd","14:21:20",9030200
18.8,-0.2,200,"sd","14:21:19",9029900
18.8,-0.2,3400,"sd","14:21:19",9029700
18.8,-0.2,2200,"sd","14:21:18",9026300
18.85,-0.15,20000,"bu","14:21:17",9024100
18.85,-0.15,1000,"bu","14:21:15",9004100
18.85,-0.15,300,"bu","14:21:11",9003100
18.8,-0.2,200,"sd","14:21:10",9002800
18.8,-0.2,3300,"sd","14:21:09",9002600
18.8,-0.2,200,"sd","14:21:00",8999300
18.8,-0.2,200,"sd","14:20:59",8999100
18.8,-0.2,2900,"sd","14:20:59",8998900
18.8,-0.2,300,"sd","14:20:53",8996000
18.8,-0.2,2300,"sd","14:20:53",8995700
18.8,-0.2,1000,"sd","14:20:52",8993400
18.8,-0.2,10300,"sd","14:20:52",8992400
18.8,-0.2,200,"sd","14:20:51",8982100
18.8,-0.2,3400,"sd","14:20:50",8981900
18.8,-0.2,200,"sd","14:20:47",8978500
18.85,-0.15,2000,"bu","14:20:47",8978300
18.8,-0.2,400,"sd","14:20:43",8976300
18.85,-0.15,2000,"bu","14:20:41",8975900
18.8,-0.2,300,"sd","14:20:40",8973900
18.8,-0.2,3500,"sd","14:20:39",8973600
18.8,-0.2,200,"sd","14:20:34",8970100
18.8,-0.2,600,"sd","14:20:33",8969900
18.8,-0.2,6000,"sd","14:20:32",8969300
18.8,-0.2,500,"sd","14:20:29",8963300
18.85,-0.15,100,"bu","14:20:29",8962800
18.8,-0.2,5700,"sd","14:20:28",8962700
18.8,-0.2,30000,"sd","14:20:28",8957000
18.8,-0.2,200,"sd","14:20:24",8927000
18.8,-0.2,100,"sd","14:20:22",8926800
18.8,-0.2,200,"sd","14:20:22",8926700
18.8,-0.2,1500,"sd","14:20:21",8926500
18.8,-0.2,2300,"sd","14:20:20",8925000
18.8,-0.2,200,"sd","14:20:17",8922700
18.8,-0.2,200,"sd","14:20:06",8922500
18.8,-0.2,200,"sd","14:19:57",8922300
18.8,-0.2,2500,"sd","14:19:49",8922100
18.8,-0.2,200,"sd","14:19:48",8919600
18.8,-0.2,200,"sd","14:19:40",8919400
18.85,-0.15,100,"bu","14:19:37",8919200
18.8,-0.2,300,"sd","14:19:36",8919100
18.85,-0.15,3000,"bu","14:19:36",8918800
18.85,-0.15,100,"bu","14:19:35",8915800
18.8,-0.2,100,"sd","14:19:34",8915700
18.8,-0.2,300,"sd","14:19:31",8915600
18.85,-0.15,100,"bu","14:19:24",8915300
18.8,-0.2,200,"sd","14:19:22",8915200
18.8,-0.2,200,"sd","14:19:17",8915000
18.8,-0.2,2300,"sd","14:19:17",8914800
18.8,-0.2,300,"sd","14:19:12",8912500
18.85,-0.15,100,"bu","14:19:04",8912200
18.8,-0.2,200,"sd","14:19:04",8912100
18.8,-0.2,100,"sd","14:19:03",8911900
18.85,-0.15,1000,"bu","14:19:03",8911800
18.85,-0.15,300,"bu","14:18:54",8910800
18.8,-0.2,200,"sd","14:18:54",8910500
18.8,-0.2,900,"sd","14:18:53",8910300
18.8,-0.2,200,"sd","14:18:46",8909400
18.8,-0.2,200,"sd","14:18:45",8909200
18.8,-0.2,2300,"sd","14:18:44",8909000
18.8,-0.2,200,"sd","14:18:36",8906700
18.85,-0.15,500,"bu","14:18:35",8906500
18.8,-0.2,300,"sd","14:18:27",8906000
18.8,-0.2,200,"sd","14:18:18",8905700
18.85,-0.15,700,"bu","14:18:18",8905500
18.8,-0.2,2500,"sd","14:18:12",8904800
18.85,-0.15,900,"bu","14:18:11",8902300
18.8,-0.2,200,"sd","14:18:09",8901400
18.8,-0.2,200,"sd","14:18:00",8901200
18.8,-0.2,100,"sd","14:17:56",8901000
18.8,-0.2,1200,"sd","14:17:55",8900900
18.8,-0.2,10000,"sd","14:17:54",8899700
18.85,-0.15,2000,"bu","14:17:54",8889700
18.8,-0.2,200,"sd","14:17:51",8887700
18.8,-0.2,200,"sd","14:17:49",8887500
18.85,-0.15,2000,"bu","14:17:49",8887300
18.8,-0.2,100,"sd","14:17:43",8885300
18.8,-0.2,200,"sd","14:17:42",8885200
18.85,-0.15,100,"bu","14:17:41",8885000
18.8,-0.2,200,"sd","14:17:41",8884900
18.8,-0.2,2300,"sd","14:17:40",8884700
18.8,-0.2,1500,"sd","14:17:35",8882400
18.8,-0.2,1000,"sd","14:17:34",8880900
18.8,-0.2,13400,"sd","14:17:33",8879900
18.8,-0.2,300,"sd","14:17:33",8866500
18.8,-0.2,300,"sd","14:17:24",8866200
18.8,-0.2,300,"sd","14:17:16",8865900
18.85,-0.15,100,"bu","14:17:11",8865600
18.8,-0.2,200,"sd","14:17:08",8865500
18.8,-0.2,2300,"sd","14:17:08",8865300
18.8,-0.2,300,"sd","14:17:06",8863000
18.8,-0.2,100,"sd","14:17:04",8862700
18.8,-0.2,1300,"sd","14:17:03",8862600
18.85,-0.15,13000,"bu","14:17:03",8861300
18.8,-0.2,300,"sd","14:16:57",8848300
18.8,-0.2,200,"sd","14:16:48",8848000
18.8,-0.2,200,"sd","14:16:38",8847800
18.8,-0.2,200,"sd","14:16:38",8847600
18.8,-0.2,2300,"sd","14:16:36",8847400
18.8,-0.2,800,"sd","14:16:32",8845100
18.8,-0.2,300,"sd","14:16:29",8844300
18.8,-0.2,300,"sd","14:16:21",8844000
18.85,-0.15,100,"bu","14:16:15",8843700
18.8,-0.2,300,"sd","14:16:12",8843600
18.8,-0.2,2500,"sd","14:16:04",8843300
18.8,-0.2,300,"sd","14:16:03",8840800
18.8,-0.2,300,"sd","14:16:01",8840500
18.8,-0.2,3000,"sd","14:16:00",8840200
18.8,-0.2,30000,"sd","14:15:59",8837200
18.8,-0.2,300,"sd","14:15:54",8807200
18.85,-0.15,100,"bu","14:15:48",8806900
18.8,-0.2,200,"sd","14:15:48",8806800
18.8,-0.2,2800,"sd","14:15:47",8806600
18.8,-0.2,300,"sd","14:15:44",8803800
18.8,-0.2,400,"sd","14:15:37",8803500
18.8,-0.2,200,"sd","14:15:36",8803100
18.85,-0.15,4000,"bu","14:15:36",8802900
18.85,-0.15,700,"bu","14:15:35",8798900
18.85,-0.15,100,"bu","14:15:33",8798200
18.85,-0.15,100,"bu","14:15:32",8798100
18.8,-0.2,300,"sd","14:15:31",8798000
18.8,-0.2,3000,"sd","14:15:30",8797700
18.8,-0.2,7500,"sd","14:15:29",8794700
18.8,-0.2,300,"sd","14:15:26",8787200
18.8,-0.2,300,"sd","14:15:17",8786900
18.8,-0.2,300,"sd","14:15:09",8786600
18.8,-0.2,200,"sd","14:15:00",8786300
18.8,-0.2,300,"sd","14:14:59",8786100
18.8,-0.2,2200,"sd","14:14:59",8785800
18.85,-0.15,100,"bu","14:14:53",8783600
18.85,-0.15,100,"bu","14:14:52",8783500
18.8,-0.2,300,"sd","14:14:51",8783400
18.8,-0.2,300,"sd","14:14:42",8783100
18.8,-0.2,500,"sd","14:14:38",8782800
18.8,-0.2,400,"sd","14:14:38",8782300
18.8,-0.2,5500,"sd","14:14:37",8781900
18.8,-0.2,300,"sd","14:14:32",8776400
18.8,-0.2,200,"sd","14:14:28",8776100
18.8,-0.2,2200,"sd","14:14:27",8775900
18.85,-0.15,100,"bu","14:14:26",8773700
18.8,-0.2,300,"sd","14:14:23",8773600
18.85,-0.15,500,"bu","14:14:23",8773300
18.8,-0.2,500,"sd","14:14:15",8772800
18.85,-0.15,5000,"bu","14:14:14",8772300
18.85,-0.15,300,"bu","14:14:14",8767300
18.8,-0.2,300,"sd","14:14:14",8767000
18.8,-0.2,300,"sd","14:14:06",8766700
18.8,-0.2,400,"sd","14:13:57",8766400
18.85,-0.15,2000,"bu","14:13:56",8766000
18.8,-0.2,2500,"sd","14:13:56",8764000
18.8,-0.2,200,"sd","14:13:52",8761500
18.8,-0.2,2000,"sd","14:13:50",8761300
18.8,-0.2,20700,"sd","14:13:49",8759300
18.8,-0.2,4500,"sd","14:13:48",8738600
18.8,-0.2,300,"sd","14:13:47",8734100
18.85,-0.15,200,"bu","14:13:44",8733800
18.8,-0.2,300,"sd","14:13:38",8733600
18.85,-0.15,100,"bu","14:13:38",8733300
18.8,-0.2,100,"sd","14:13:35",8733200
18.85,-0.15,1000,"bu","14:13:34",8733100
18.8,-0.2,300,"sd","14:13:29",8732100
18.8,-0.2,200,"sd","14:13:26",8731800
18.8,-0.2,2200,"sd","14:13:25",8731600
18.8,-0.2,300,"sd","14:13:20",8729400
18.8,-0.2,400,"sd","14:13:14",8729100
18.8,-0.2,4400,"sd","14:13:14",8728700
18.8,-0.2,300,"sd","14:13:11",8724300
18.85,-0.15,100,"bu","14:13:07",8724000
18.8,-0.2,100,"sd","14:13:05",8723900
18.85,-0.15,1000,"bu","14:13:04",8723800
18.8,-0.2,300,"sd","14:13:01",8722800
18.8,-0.2,200,"sd","14:12:55",8722500
18.8,-0.2,2200,"sd","14:12:54",8722300
18.85,-0.15,100,"bu","14:12:53",8720100
18.8,-0.2,300,"sd","14:12:53",8720000
18.8,-0.2,300,"sd","14:12:43",8719700
18.8,-0.2,400,"sd","14:12:40",8719400
18.8,-0.2,4400,"sd","14:12:39",8719000
18.8,-0.2,300,"sd","14:12:35",8714600
18.8,-0.2,300,"sd","14:12:27",8714300
18.8,-0.2,200,"sd","14:12:23",8714000
18.8,-0.2,2200,"sd","14:12:22",8713800
18.8,-0.2,300,"sd","14:12:16",8711600
18.85,-0.15,200,"bu","14:12:13",8711300
18.85,-0.15,100,"bu","14:12:10",8711100
18.8,-0.2,300,"sd","14:12:08",8711000
18.8,-0.2,400,"sd","14:12:06",8710700
18.8,-0.2,4400,"sd","14:12:06",8710300
18.8,-0.2,300,"sd","14:11:59",8705900
18.8,-0.2,700,"sd","14:11:56",8705600
18.8,-0.2,7500,"sd","14:11:55",8704900
18.8,-0.2,200,"sd","14:11:52",8697400
18.8,-0.2,2200,"sd","14:11:52",8697200
18.8,-0.2,300,"sd","14:11:50",8695000
18.8,-0.2,700,"sd","14:11:48",8694700
18.8,-0.2,7500,"sd","14:11:47",8694000
18.85,-0.15,300,"bu","14:11:47",8686500
18.8,-0.2,700,"sd","14:11:41",8686200
18.8,-0.2,7800,"sd","14:11:40",8685500
18.8,-0.2,200,"sd","14:11:38",8677700
18.85,-0.15,500,"bu","14:11:38",8677500
18.8,-0.2,2000,"sd","14:11:37",8677000
18.8,-0.2,20000,"sd","14:11:36",8675000
18.8,-0.2,200,"sd","14:11:33",8655000
18.85,-0.15,2600,"bu","14:11:32",8654800
18.8,-0.2,300,"sd","14:11:32",8652200
18.8,-0.2,300,"sd","14:11:31",8651900
18.8,-0.2,3700,"sd","14:11:30",8651600
18.8,-0.2,100,"sd","14:11:28",8647900
18.8,-0.2,300,"sd","14:11:23",8647800
18.8,-0.2,200,"sd","14:11:22",8647500
18.8,-0.2,2200,"sd","14:11:20",8647300
18.8,-0.2,300,"sd","14:11:13",8645100
18.85,-0.15,100,"bu","14:11:06",8644800
18.8,-0.2,300,"sd","14:11:04",8644700
18.85,-0.15,900,"bu","14:10:57",8644400
18.8,-0.2,300,"sd","14:10:56",8643500
18.8,-0.2,4000,"sd","14:10:55",8643200
18.8,-0.2,200,"sd","14:10:49",8639200
18.8,-0.2,2200,"sd","14:10:49",8639000
18.8,-0.2,300,"sd","14:10:47",8636800
18.85,-0.15,100,"bu","14:10:47",8636500
18.85,-0.15,400,"bu","14:10:44",8636400
18.8,-0.2,300,"sd","14:10:38",8636000
18.85,-0.15,500,"bu","14:10:33",8635700
18.8,-0.2,700,"sd","14:10:31",8635200
18.85,-0.15,5700,"bu","14:10:30",8634500
18.85,-0.15,1300,"bu","14:10:30",8628800
18.8,-0.2,300,"sd","14:10:28",8627500
18.8,-0.2,400,"sd","14:10:20",8627200
18.8,-0.2,4000,"sd","14:10:19",8626800
18.8,-0.2,200,"sd","14:10:18",8622800
18.8,-0.2,2100,"sd","14:10:18",8622600
18.8,-0.2,100,"sd","14:10:17",8620500
18.8,-0.2,1500,"sd","14:10:16",8620400
18.8,-0.2,15000,"sd","14:10:15",8618900
18.8,-0.2,300,"sd","14:10:10",8603900
18.8,-0.2,300,"sd","14:10:02",8603600
18.85,-0.15,500,"bu","14:10:01",8603300
18.8,-0.2,400,"sd","14:09:53",8602800
18.8,-0.2,1500,"sd","14:09:52",8602400
18.8,-0.2,15000,"sd","14:09:51",8600900
18.8,-0.2,200,"sd","14:09:48",8585900
18.8,-0.2,2100,"sd","14:09:46",8585700
18.8,-0.2,300,"sd","14:09:45",8583600
18.8,-0.2,3700,"sd","14:09:45",8583300
18.8,-0.2,300,"sd","14:09:43",8579600
18.8,-0.2,300,"sd","14:09:35",8579300
18.8,-0.2,300,"sd","14:09:25",8579000
18.8,-0.2,1900,"sd","14:09:24",8578700
18.8,-0.2,100,"sd","14:09:22",8576800
18.85,-0.15,18200,"sd","14:09:22",8576700
18.85,-0.15,1000,"sd","14:09:21",8558500
18.85,-0.15,4800,"sd","14:09:20",8557500
18.85,-0.15,100,"sd","14:09:17",8552700
18.85,-0.15,300,"sd","14:09:17",8552600
18.85,-0.15,200,"sd","14:09:16",8552300
18.85,-0.15,2100,"sd","14:09:15",8552100
18.85,-0.15,3900,"sd","14:09:10",8550000
18.85,-0.15,100,"sd","14:09:09",8546100
18.85,-0.15,16500,"sd","14:09:08",8546000
18.85,-0.15,300,"sd","14:09:07",8529500
18.85,-0.15,100,"sd","14:08:59",8529200
18.85,-0.15,300,"sd","14:08:58",8529100
18.85,-0.15,300,"sd","14:08:49",8528800
18.85,-0.15,200,"sd","14:08:48",8528500
18.85,-0.15,2600,"sd","14:08:47",8528300
18.85,-0.15,26800,"sd","14:08:46",8525700
18.85,-0.15,300,"sd","14:08:45",8498900
18.85,-0.15,3100,"sd","14:08:44",8498600
18.85,-0.15,10000,"sd","14:08:43",8495500
18.85,-0.15,100000,"sd","14:08:42",8485500
18.85,-0.15,300,"sd","14:08:40",8385500
18.9,-0.1,100,"bu","14:08:37",8385200
18.85,-0.15,300,"sd","14:08:35",8385100
18.85,-0.15,3600,"sd","14:08:35",8384800
18.85,-0.15,300,"sd","14:08:31",8381200
18.85,-0.15,300,"sd","14:08:22",8380900
18.85,-0.15,700,"sd","14:08:13",8380600
18.9,-0.1,2000,"bu","14:08:13",8379900
18.85,-0.15,2100,"sd","14:08:12",8377900
18.85,-0.15,300,"sd","14:08:05",8375800
18.85,-0.15,300,"sd","14:08:00",8375500
18.85,-0.15,3400,"sd","14:07:59",8375200
18.85,-0.15,300,"sd","14:07:55",8371800
18.85,-0.15,5500,"sd","14:07:48",8371500
18.85,-0.15,300,"sd","14:07:46",8366000
18.85,-0.15,200,"sd","14:07:42",8365700
18.85,-0.15,2100,"sd","14:07:41",8365500
18.85,-0.15,300,"sd","14:07:38",8363400
18.85,-0.15,300,"sd","14:07:29",8363100
18.85,-0.15,300,"sd","14:07:25",8362800
18.85,-0.15,3400,"sd","14:07:24",8362500
18.85,-0.15,900,"sd","14:07:22",8359100
18.85,-0.15,400,"sd","14:07:19",8358200
18.85,-0.15,200,"sd","14:07:19",8357800
18.85,-0.15,1200,"sd","14:07:18",8357600
18.85,-0.15,200,"sd","14:07:12",8356400
18.85,-0.15,2100,"sd","14:07:10",8356200
18.9,-0.1,2000,"bu","14:07:08",8354100
18.85,-0.15,1100,"sd","14:07:00",8352100
18.85,-0.15,92100,"bu","14:06:59",8351000
18.8,-0.2,100,"sd","14:06:59",8258900
18.85,-0.15,1000,"bu","14:06:58",8258800
18.8,-0.2,400,"sd","14:06:51",8257800
18.8,-0.2,300,"sd","14:06:51",8257400
18.8,-0.2,3400,"sd","14:06:50",8257100
18.85,-0.15,1400,"bu","14:06:50",8253700
18.85,-0.15,300,"bu","14:06:49",8252300
18.8,-0.2,200,"sd","14:06:48",8252000
18.85,-0.15,2300,"bu","14:06:47",8251800
18.8,-0.2,300,"sd","14:06:43",8249500
18.8,-0.2,200,"sd","14:06:41",8249200
18.8,-0.2,2100,"sd","14:06:39",8249000
18.85,-0.15,100,"bu","14:06:37",8246900
18.85,-0.15,400,"bu","14:06:36",8246800
18.85,-0.15,100,"bu","14:06:35",8246400
18.8,-0.2,300,"sd","14:06:33",8246300
18.85,-0.15,400,"bu","14:06:25",8246000
18.8,-0.2,300,"sd","14:06:24",8245600
18.8,-0.2,100,"sd","14:06:23",8245300
18.85,-0.15,1000,"bu","14:06:23",8245200
18.85,-0.15,100,"bu","14:06:21",8244200
18.8,-0.2,500,"sd","14:06:20",8244100
18.85,-0.15,5000,"bu","14:06:19",8243600
18.8,-0.2,100,"sd","14:06:18",8238600
18.8,-0.2,1000,"sd","14:06:18",8238500
18.85,-0.15,10000,"bu","14:06:16",8237500
18.8,-0.2,600,"sd","14:06:15",8227500
18.85,-0.15,300,"bu","14:06:14",8226900
18.8,-0.2,3300,"sd","14:06:14",8226600
18.8,-0.2,200,"sd","14:06:09",8223300
18.8,-0.2,2100,"sd","14:06:07",8223100
18.85,-0.15,600,"bu","14:06:07",8221000
18.8,-0.2,300,"sd","14:06:06",8220400
18.8,-0.2,300,"sd","14:05:57",8220100
18.85,-0.15,600,"bu","14:05:55",8219800
18.8,-0.2,300,"sd","14:05:48",8219200
18.85,-0.15,100,"bu","14:05:42",8218900
18.8,-0.2,300,"sd","14:05:41",8218800
18.8,-0.2,3300,"sd","14:05:40",8218500
18.8,-0.2,300,"sd","14:05:39",8215200
18.8,-0.2,200,"sd","14:05:38",8214900
18.8,-0.2,2100,"sd","14:05:36",8214700
18.8,-0.2,300,"sd","14:05:34",8212600
18.85,-0.15,2000,"bu","14:05:33",8212300
18.8,-0.2,1900,"sd","14:05:32",8210300
18.8,-0.2,300,"sd","14:05:29",8208400
18.8,-0.2,200,"sd","14:05:25",8208100
18.85,-0.15,2000,"bu","14:05:24",8207900
18.8,-0.2,300,"sd","14:05:21",8205900
18.85,-0.15,500,"bu","14:05:17",8205600
18.8,-0.2,300,"sd","14:05:12",8205100
18.8,-0.2,500,"sd","14:05:07",8204800
18.85,-0.15,5000,"bu","14:05:07",8204300
18.8,-0.2,200,"sd","14:05:07",8199300
18.8,-0.2,300,"sd","14:05:05",8199100
18.8,-0.2,2100,"sd","14:05:05",8198800
18.8,-0.2,100,"sd","14:05:04",8196700
18.8,-0.2,3300,"sd","14:05:04",8196600
18.85,-0.15,900,"sd","14:05:04",8193300
18.85,-0.15,300,"sd","14:05:03",8192400
18.8,-0.2,300,"sd","14:04:51",8192100
18.85,-0.15,200,"sd","14:04:51",8191800
18.85,-0.15,5500,"bu","14:04:50",8191600
18.8,-0.2,100,"sd","14:04:46",8186100
18.85,-0.15,1000,"bu","14:04:46",8186000
18.8,-0.2,100,"sd","14:04:45",8185000
18.85,-0.15,1000,"bu","14:04:44",8184900
18.8,-0.2,300,"sd","14:04:43",8183900
18.8,-0.2,100,"sd","14:04:36",8183600
18.8,-0.2,1000,"sd","14:04:35",8183500
18.85,-0.15,10000,"bu","14:04:35",8182500
18.8,-0.2,300,"sd","14:04:35",8172500
18.8,-0.2,200,"sd","14:04:34",8172200
18.8,-0.2,2100,"sd","14:04:33",8172000
18.85,-0.15,400,"bu","14:04:32",8169900
18.8,-0.2,300,"sd","14:04:30",8169500
18.8,-0.2,3200,"sd","14:04:30",8169200
18.8,-0.2,300,"sd","14:04:25",8165900
18.85,-0.15,100,"bu","14:04:24",8165600
18.8,-0.2,300,"sd","14:04:16",8165500
18.8,-0.2,400,"sd","14:04:15",8165200
18.85,-0.15,400,"bu","14:04:14",8164800
18.8,-0.2,4300,"sd","14:04:13",8164400
18.85,-0.15,14300,"sd","14:04:13",8160100
18.85,-0.15,29500,"sd","14:04:12",8145800
18.85,-0.15,300,"sd","14:04:10",8116300
18.9,-0.1,3000,"bu","14:04:09",8116000
18.85,-0.15,300,"sd","14:04:07",8113000
18.85,-0.15,200,"sd","14:04:03",8112700
18.85,-0.15,2100,"sd","14:04:02",8112500
18.85,-0.15,100,"sd","14:04:01",8110400
18.9,-0.1,1000,"bu","14:04:00",8110300
18.85,-0.15,300,"sd","14:03:58",8109300
18.85,-0.15,300,"sd","14:03:56",8109000
18.85,-0.15,3200,"sd","14:03:55",8108700
18.85,-0.15,400,"sd","14:03:52",8105500
18.9,-0.1,2000,"bu","14:03:52",8105100
18.85,-0.15,2000,"sd","14:03:51",8103100
18.85,-0.15,300,"sd","14:03:50",8101100
18.85,-0.15,400,"sd","14:03:47",8100800
18.85,-0.15,4000,"sd","14:03:45",8100400
18.85,-0.15,40000,"sd","14:03:44",8096400
18.85,-0.15,100,"sd","14:03:36",8056400
18.85,-0.15,200,"sd","14:03:31",8056300
18.85,-0.15,2100,"sd","14:03:30",8056100
18.85,-0.15,100,"sd","14:03:30",8054000
18.85,-0.15,1300,"sd","14:03:29",8053900
18.85,-0.15,300,"sd","14:03:29",8052600
18.85,-0.15,12800,"bu","14:03:28",8052300
18.8,-0.2,300,"sd","14:03:21",8039500
18.8,-0.2,300,"sd","14:03:20",8039200
18.8,-0.2,3200,"sd","14:03:19",8038900
18.8,-0.2,300,"sd","14:03:17",8035700
18.85,-0.15,3000,"bu","14:03:16",8035400
18.8,-0.2,100,"sd","14:03:16",8032400
18.8,-0.2,600,"sd","14:03:16",8032300
18.85,-0.15,5200,"bu","14:03:16",8031700
18.85,-0.15,1000,"bu","14:03:15",8026500
18.8,-0.2,300,"sd","14:03:11",8025500
18.8,-0.2,300,"sd","14:03:04",8025200
18.8,-0.2,100,"sd","14:03:01",8024900
18.8,-0.2,1000,"sd","14:03:00",8024800
18.8,-0.2,2100,"sd","14:03:00",8023800
18.85,-0.15,7900,"bu","14:02:59",8021700
18.8,-0.2,200,"sd","14:02:58",8013800
18.8,-0.2,2300,"sd","14:02:57",8013600
18.85,-0.15,23700,"bu","14:02:56",8011300
18.8,-0.2,300,"sd","14:02:54",7987600
18.85,-0.15,500,"bu","14:02:49",7987300
18.8,-0.2,500,"sd","14:02:45",7986800
18.8,-0.2,100,"sd","14:02:44",7986300
18.75,-0.25,3200,"sd","14:02:44",7986200
18.75,-0.25,200,"sd","14:02:43",7983000
18.75,-0.25,500,"sd","14:02:43",7982800
18.8,-0.2,1800,"sd","14:02:43",7982300
18.85,-0.15,23700,"bu","14:02:42",7980500
18.8,-0.2,300,"sd","14:02:39",7956800
18.8,-0.2,200,"sd","14:02:31",7956500
18.75,-0.25,1900,"sd","14:02:30",7956300
18.8,-0.2,500,"sd","14:02:30",7954400
18.85,-0.15,23700,"bu","14:02:29",7953900
18.75,-0.25,500,"sd","14:02:28",7930200
18.75,-0.25,4900,"sd","14:02:27",7929700
18.8,-0.2,100,"sd","14:02:27",7924800
18.8,-0.2,400,"sd","14:02:26",7924700
18.75,-0.25,2800,"sd","14:02:26",7924300
18.8,-0.2,47200,"sd","14:02:26",7921500
18.8,-0.2,1400,"sd","14:02:25",7874300
18.85,-0.15,14400,"bu","14:02:24",7872900
18.8,-0.2,200,"sd","14:02:13",7858500
18.75,-0.25,2000,"sd","14:02:12",7858300
18.75,-0.25,2600,"sd","14:02:11",7856300
18.85,-0.15,18100,"bu","14:02:11",7853700
18.85,-0.15,13300,"bu","14:02:11",7835600
18.8,-0.2,10400,"bu","14:02:11",7822300
18.75,-0.25,3200,"sd","14:02:10",7811900
18.8,-0.2,100,"bu","14:02:10",7808700
18.75,-0.25,300,"sd","14:02:08",7808600
18.75,-0.25,200,"sd","14:02:07",7808300
18.8,-0.2,2000,"bu","14:02:07",7808100
18.75,-0.25,400,"sd","14:02:04",7806100
18.75,-0.25,4100,"sd","14:02:03",7805700
18.8,-0.2,23700,"bu","14:02:03",7801600
18.75,-0.25,500,"sd","14:02:02",7777900
18.8,-0.2,17200,"bu","14:02:02",7777400
18.75,-0.25,300,"sd","14:01:59",7760200
18.75,-0.25,300,"sd","14:01:57",7759900
18.8,-0.2,2000,"bu","14:01:57",7759600
18.75,-0.25,1800,"sd","14:01:57",7757600
18.8,-0.2,18100,"bu","14:01:55",7755800
18.75,-0.25,300,"sd","14:01:48",7737700
18.75,-0.25,100,"sd","14:01:47",7737400
18.75,-0.25,1000,"sd","14:01:46",7737300
18.75,-0.25,10000,"sd","14:01:45",7736300
18.75,-0.25,100000,"sd","14:01:44",7726300
18.75,-0.25,300,"sd","14:01:39",7626300
18.8,-0.2,500,"bu","14:01:39",7626000
18.75,-0.25,3500,"sd","14:01:35",7625500
18.75,-0.25,300,"sd","14:01:30",7622000
18.75,-0.25,200,"sd","14:01:28",7621700
18.75,-0.25,100,"sd","14:01:27",7621500
18.8,-0.2,1000,"bu","14:01:26",7621400
18.75,-0.25,300,"sd","14:01:24",7620400
18.8,-0.2,100,"bu","14:01:16",7620100
18.75,-0.25,200,"sd","14:01:15",7620000
18.75,-0.25,100,"sd","14:01:14",7619800
18.8,-0.2,2900,"bu","14:01:14",7619700
18.75,-0.25,300,"sd","14:01:12",7616800
18.8,-0.2,500,"bu","14:01:10",7616500
18.75,-0.25,300,"sd","14:01:04",7616000
18.75,-0.25,300,"sd","14:01:01",7615700
18.75,-0.25,3000,"sd","14:01:00",7615400
18.8,-0.2,500,"bu","14:00:56",7612400
18.75,-0.25,300,"sd","14:00:54",7611900
18.75,-0.25,500,"sd","14:00:51",7611600
18.8,-0.2,5000,"bu","14:00:51",7611100
18.8,-0.2,200,"bu","14:00:46",7606100
18.75,-0.25,300,"sd","14:00:45",7605900
18.75,-0.25,600,"sd","14:00:41",7605600
18.8,-0.2,1000,"bu","14:00:41",7605000
18.75,-0.25,100,"sd","14:00:40",7604000
18.8,-0.2,5300,"bu","14:00:40",7603900
18.75,-0.25,1000,"sd","14:00:39",7598600
18.8,-0.2,10000,"bu","14:00:39",7597600
18.8,-0.2,100,"bu","14:00:36",7587600
18.75,-0.25,300,"sd","14:00:36",7587500
18.8,-0.2,800,"bu","14:00:28",7587200
18.75,-0.25,300,"sd","14:00:28",7586400
18.75,-0.25,1400,"sd","14:00:26",7586000
18.75,-0.25,10000,"sd","14:00:25",7584600
18.8,-0.2,1000,"bu","14:00:25",7574600
18.75,-0.25,3000,"sd","14:00:25",7573600
18.8,-0.2,200,"bu","14:00:23",7570600
18.8,-0.2,100,"bu","14:00:22",7570400
18.75,-0.25,500,"sd","14:00:22",7570300
18.8,-0.2,5000,"bu","14:00:20",7569800
18.75,-0.25,300,"sd","14:00:18",7564800
18.8,-0.2,500,"bu","14:00:18",7564500
18.75,-0.25,300,"sd","14:00:10",7564000
18.75,-0.25,100,"sd","14:00:08",7563700
18.8,-0.2,1000,"bu","14:00:07",7563600
18.75,-0.25,100,"sd","14:00:00",7562600
18.8,-0.2,1600,"bu","14:00:00",7562500
18.75,-0.25,100,"sd","13:59:53",7560900
18.75,-0.25,100,"sd","13:59:52",7560800
18.8,-0.2,1000,"bu","13:59:52",7560700
18.75,-0.25,400,"sd","13:59:51",7559700
18.8,-0.2,2000,"bu","13:59:51",7559300
18.75,-0.25,3000,"sd","13:59:50",7557300
18.75,-0.25,100,"sd","13:59:49",7554300
18.8,-0.2,200,"bu","13:59:46",7554200
18.75,-0.25,300,"sd","13:59:42",7554000
18.8,-0.2,100,"bu","13:59:40",7553700
18.8,-0.2,100,"bu","13:59:38",7553600
18.75,-0.25,900,"sd","13:59:34",7553500
18.8,-0.2,9800,"sd","13:59:34",7552600
18.8,-0.2,300,"sd","13:59:32",7542800
18.8,-0.2,100,"sd","13:59:25",7542500
18.8,-0.2,1800,"sd","13:59:24",7542400
18.8,-0.2,300,"sd","13:59:23",7540600
18.8,-0.2,200,"sd","13:59:19",7540300
18.85,-0.15,2000,"bu","13:59:18",7540100
18.8,-0.2,300,"sd","13:59:16",7538100
18.8,-0.2,3000,"sd","13:59:15",7537800
18.8,-0.2,300,"sd","13:59:13",7534800
18.8,-0.2,300,"sd","13:59:04",7534500
18.8,-0.2,100,"sd","13:58:54",7534200
18.8,-0.2,1800,"sd","13:58:53",7534100
18.8,-0.2,300,"bu","13:58:51",7532300
18.8,-0.2,300,"bu","13:58:50",7532000
18.75,-0.25,500,"sd","13:58:48",7531700
18.8,-0.2,500,"bu","13:58:46",7531200
18.75,-0.25,300,"sd","13:58:45",7530700
18.75,-0.25,300,"sd","13:58:42",7530400
18.75,-0.25,3000,"sd","13:58:41",7530100
18.75,-0.25,300,"sd","13:58:36",7527100
18.8,-0.2,200,"bu","13:58:32",7526800
18.75,-0.25,100,"sd","13:58:26",7526600
18.8,-0.2,100,"bu","13:58:25",7526500
18.75,-0.25,100,"sd","13:58:22",7526400
18.8,-0.2,1200,"sd","13:58:22",7526300
18.8,-0.2,300,"sd","13:58:20",7525100
18.85,-0.15,1700,"bu","13:58:19",7524800
18.8,-0.2,1300,"bu","13:58:19",7523100
18.8,-0.2,100,"bu","13:58:18",7521800
18.75,-0.25,500,"sd","13:58:17",7521700
18.8,-0.2,5000,"bu","13:58:17",7521200
18.75,-0.25,200,"sd","13:58:14",7516200
18.75,-0.25,500,"sd","13:58:12",7516000
18.8,-0.2,5900,"sd","13:58:11",7515500
18.8,-0.2,100,"sd","13:58:10",7509600
18.8,-0.2,1600,"sd","13:58:10",7509500
18.8,-0.2,16100,"bu","13:58:09",7507900
18.75,-0.25,100,"sd","13:58:08",7491800
18.75,-0.25,1700,"sd","13:58:07",7491700
18.75,-0.25,3300,"sd","13:58:06",7490000
18.8,-0.2,4000,"bu","13:58:06",7486700
18.75,-0.25,200,"sd","13:57:59",7482700
18.75,-0.25,2700,"sd","13:57:57",7482500
18.8,-0.2,23700,"bu","13:57:56",7479800
18.75,-0.25,1000,"sd","13:57:56",7456100
18.8,-0.2,200,"bu","13:57:56",7455100
18.75,-0.25,300,"sd","13:57:48",7454900
18.75,-0.25,900,"sd","13:57:45",7454600
18.75,-0.25,300,"sd","13:57:39",7453700
18.75,-0.25,1800,"sd","13:57:36",7453400
18.75,-0.25,200,"sd","13:57:33",7451600
18.75,-0.25,2900,"sd","13:57:32",7451400
18.75,-0.25,300,"sd","13:57:31",7448500
18.8,-0.2,200,"bu","13:57:29",7448200
18.75,-0.25,100,"sd","13:57:29",7448000
18.8,-0.2,1200,"bu","13:57:28",7447900
18.75,-0.25,300,"sd","13:57:21",7446700
18.75,-0.25,100,"sd","13:57:19",7446400
18.75,-0.25,100,"sd","13:57:18",7446300
18.8,-0.2,1000,"bu","13:57:18",7446200
18.75,-0.25,1000,"sd","13:57:17",7445200
18.75,-0.25,100,"sd","13:57:14",7444200
18.8,-0.2,1500,"bu","13:57:14",7444100
18.75,-0.25,300,"sd","13:57:12",7442600
18.75,-0.25,100,"sd","13:57:10",7442300
18.75,-0.25,1300,"sd","13:57:06",7442200
18.75,-0.25,300,"sd","13:57:04",7440900
18.8,-0.2,300,"bu","13:57:02",7440600
18.75,-0.25,100,"sd","13:57:01",7440300
18.75,-0.25,300,"sd","13:56:58",7440200
18.75,-0.25,2900,"sd","13:56:57",7439900
18.8,-0.2,200,"bu","13:56:57",7437000
18.75,-0.25,300,"sd","13:56:54",7436800
18.75,-0.25,100,"sd","13:56:52",7436500
18.75,-0.25,1300,"sd","13:56:52",7436400
18.75,-0.25,100,"sd","13:56:48",7435100
18.75,-0.25,400,"sd","13:56:45",7435000
18.75,-0.25,1000,"sd","13:56:44",7434600
18.75,-0.25,10500,"sd","13:56:43",7433600
18.75,-0.25,400,"sd","13:56:36",7423100
18.8,-0.2,1000,"bu","13:56:35",7422700
18.8,-0.2,600,"bu","13:56:28",7421700
18.75,-0.25,300,"sd","13:56:27",7421100
18.75,-0.25,200,"sd","13:56:25",7420800
18.75,-0.25,2900,"sd","13:56:23",7420600
18.8,-0.2,500,"bu","13:56:22",7417700
18.8,-0.2,100,"sd","13:56:08",7417200
18.75,-0.25,400,"sd","13:56:06",7417100
18.8,-0.2,400,"sd","13:56:06",7416700
18.75,-0.25,1100,"sd","13:56:05",7416300
18.8,-0.2,1000,"bu","13:56:05",7415200
18.75,-0.25,300,"sd","13:55:57",7414200
18.75,-0.25,100,"sd","13:55:56",7413900
18.8,-0.2,1200,"sd","13:55:55",7413800
18.8,-0.2,800,"bu","13:55:53",7412600
18.8,-0.2,100,"sd","13:55:52",7411800
18.75,-0.25,300,"sd","13:55:49",7411700
18.75,-0.25,1900,"sd","13:55:48",7411400
18.8,-0.2,1300,"sd","13:55:48",7409500
18.8,-0.2,200,"sd","13:55:47",7408200
18.8,-0.2,2200,"sd","13:55:46",7408000
18.8,-0.2,100,"sd","13:55:42",7405800
18.8,-0.2,1200,"sd","13:55:42",7405700
18.8,-0.2,400,"sd","13:55:40",7404500
18.8,-0.2,300,"bu","13:55:31",7404100
18.75,-0.25,1400,"sd","13:55:28",7403800
18.8,-0.2,4700,"sd","13:55:27",7402400
18.8,-0.2,100,"sd","13:55:20",7397700
18.8,-0.2,1200,"sd","13:55:19",7397600
18.8,-0.2,400,"sd","13:55:18",7396400
18.8,-0.2,1700,"bu","13:55:17",7396000
18.75,-0.25,100,"sd","13:55:14",7394300
18.8,-0.2,200,"sd","13:55:14",7394200
18.8,-0.2,3000,"sd","13:55:13",7394000
18.8,-0.2,1800,"bu","13:55:12",7391000
18.8,-0.2,500,"bu","13:55:11",7389200
18.75,-0.25,300,"sd","13:55:11",7388700
18.75,-0.25,700,"sd","13:55:08",7388400
18.8,-0.2,100,"bu","13:55:08",7387700
18.75,-0.25,7500,"sd","13:55:07",7387600
18.75,-0.25,300,"sd","13:55:01",7380100
18.75,-0.25,300,"sd","13:54:55",7379800
18.8,-0.2,500,"sd","13:54:55",7379500
18.8,-0.2,100,"sd","13:54:47",7379000
18.75,-0.25,100,"sd","13:54:46",7378900
18.8,-0.2,900,"sd","13:54:46",7378800
18.8,-0.2,100,"sd","13:54:45",7377900
18.8,-0.2,1700,"sd","13:54:44",7377800
18.8,-0.2,300,"sd","13:54:42",7376100
18.8,-0.2,300,"sd","13:54:41",7375800
18.8,-0.2,800,"bu","13:54:40",7375500
18.75,-0.25,3200,"sd","13:54:39",7374700
18.8,-0.2,600,"bu","13:54:39",7371500
18.75,-0.25,300,"sd","13:54:38",7370900
18.8,-0.2,3700,"sd","13:54:37",7370600
18.8,-0.2,900,"sd","13:54:35",7366900
18.8,-0.2,500,"sd","13:54:26",7366000
18.8,-0.2,5200,"bu","13:54:25",7365500
18.8,-0.2,100,"bu","13:54:22",7360300
18.75,-0.25,100,"sd","13:54:16",7360200
18.8,-0.2,1300,"sd","13:54:15",7360100
18.8,-0.2,500,"sd","13:54:14",7358800
18.8,-0.2,5100,"bu","13:54:13",7358300
18.75,-0.25,300,"sd","13:54:11",7353200
18.75,-0.25,200,"sd","13:54:06",7352900
18.75,-0.25,2900,"sd","13:54:05",7352700
18.8,-0.2,300,"bu","13:54:04",7349800
18.75,-0.25,300,"sd","13:54:03",7349500
18.75,-0.25,100,"sd","13:54:01",7349200
18.75,-0.25,1000,"sd","13:54:01",7349100
18.8,-0.2,200,"bu","13:53:59",7348100
18.75,-0.25,300,"sd","13:53:58",7347900
18.8,-0.2,3400,"sd","13:53:57",7347600
18.8,-0.2,300,"sd","13:53:53",7344200
18.8,-0.2,100,"sd","13:53:50",7343900
18.8,-0.2,1200,"sd","13:53:50",7343800
18.75,-0.25,600,"sd","13:53:38",7342600
18.8,-0.2,300,"sd","13:53:38",7342000
18.8,-0.2,8200,"bu","13:53:38",7341700
18.75,-0.25,900,"sd","13:53:37",7333500
18.75,-0.25,300,"sd","13:53:33",7332600
18.75,-0.25,300,"sd","13:53:29",7332300
18.75,-0.25,2900,"sd","13:53:29",7332000
18.75,-0.25,800,"sd","13:53:28",7329100
18.75,-0.25,300,"sd","13:53:24",7328300
18.75,-0.25,800,"sd","13:53:19",7328000
18.75,-0.25,300,"sd","13:53:15",7327200
18.75,-0.25,1200,"sd","13:53:11",7326900
18.8,-0.2,200,"bu","13:53:08",7325700
18.75,-0.25,300,"sd","13:53:05",7325500
18.75,-0.25,1100,"sd","13:52:59",7325200
18.75,-0.25,300,"sd","13:52:57",7324100
18.75,-0.25,300,"sd","13:52:54",7323800
18.75,-0.25,2900,"sd","13:52:53",7323500
18.8,-0.2,400,"bu","13:52:53",7320600
18.8,-0.2,100,"bu","13:52:52",7320200
18.75,-0.25,2100,"sd","13:52:48",7320100
18.75,-0.25,7500,"sd","13:52:47",7318000
18.75,-0.25,500,"sd","13:52:45",7310500
18.8,-0.2,5100,"bu","13:52:44",7310000
18.75,-0.25,400,"sd","13:52:39",7304900
18.8,-0.2,1000,"bu","13:52:39",7304500
18.8,-0.2,300,"bu","13:52:38",7303500
18.75,-0.25,900,"sd","13:52:37",7303200
18.75,-0.25,400,"sd","13:52:29",7302300
18.8,-0.2,900,"bu","13:52:29",7301900
18.75,-0.25,100,"sd","13:52:28",7301000
18.75,-0.25,1000,"sd","13:52:27",7300900
18.75,-0.25,300,"sd","13:52:21",7299900
18.75,-0.25,200,"sd","13:52:20",7299600
18.75,-0.25,2900,"sd","13:52:19",7299400
18.75,-0.25,100,"sd","13:52:18",7296500
18.75,-0.25,1100,"sd","13:52:17",7296400
18.75,-0.25,11200,"sd","13:52:17",7295300
18.75,-0.25,300,"sd","13:52:12",7284100
18.75,-0.25,100,"sd","13:52:08",7283800
18.8,-0.2,1000,"bu","13:52:08",7283700
18.75,-0.25,100,"sd","13:52:06",7282700
18.8,-0.2,500,"bu","13:52:06",7282600
18.75,-0.25,1000,"sd","13:52:05",7282100
18.75,-0.25,300,"sd","13:52:03",7281000
18.75,-0.25,100,"sd","13:51:59",7280700
18.8,-0.2,1300,"bu","13:51:58",7280600
18.75,-0.25,100,"sd","13:51:55",7279300
18.75,-0.25,1000,"sd","13:51:55",7279200
18.8,-0.2,100,"bu","13:51:55",7278200
18.75,-0.25,300,"sd","13:51:53",7278100
18.75,-0.25,700,"sd","13:51:52",7277800
18.75,-0.25,400,"sd","13:51:45",7277100
18.75,-0.25,3200,"sd","13:51:44",7276700
18.75,-0.25,900,"sd","13:51:44",7273500
18.8,-0.2,200,"bu","13:51:43",7272600
18.8,-0.2,200,"bu","13:51:42",7272400
18.8,-0.2,400,"bu","13:51:41",7272200
18.75,-0.25,200,"sd","13:51:36",7271800
18.75,-0.25,300,"sd","13:51:36",7271600
18.8,-0.2,2000,"bu","13:51:35",7271300
18.75,-0.25,800,"sd","13:51:34",7269300
18.8,-0.2,300,"bu","13:51:31",7268500
18.75,-0.25,500,"sd","13:51:30",7268200
18.8,-0.2,5000,"bu","13:51:28",7267700
18.8,-0.2,200,"bu","13:51:28",7262700
18.75,-0.25,3300,"sd","13:51:26",7262500
18.75,-0.25,300,"sd","13:51:17",7259200
18.75,-0.25,800,"sd","13:51:17",7258900
18.75,-0.25,200,"sd","13:51:10",7258100
18.8,-0.2,500,"bu","13:51:10",7257900
18.75,-0.25,2900,"sd","13:51:09",7257400
18.75,-0.25,300,"sd","13:51:08",7254500
18.8,-0.2,100,"bu","13:51:08",7254200
18.75,-0.25,300,"sd","13:51:08",7254100
18.75,-0.25,1100,"sd","13:51:08",7253800
18.8,-0.2,2000,"bu","13:51:07",7252700
18.8,-0.2,300,"bu","13:51:05",7250700
18.75,-0.25,100,"sd","13:51:00",7250400
18.75,-0.25,300,"sd","13:50:59",7250300
18.75,-0.25,200,"sd","13:50:57",7250000
18.75,-0.25,1100,"sd","13:50:56",7249800
18.8,-0.2,1100,"bu","13:50:56",7248700
18.75,-0.25,300,"sd","13:50:50",7247600
18.8,-0.2,600,"bu","13:50:46",7247300
18.75,-0.25,1400,"sd","13:50:45",7246700
18.8,-0.2,2000,"bu","13:50:44",7245300
18.75,-0.25,500,"sd","13:50:43",7243300
18.8,-0.2,5000,"bu","13:50:42",7242800
18.75,-0.25,300,"sd","13:50:42",7237800
18.75,-0.25,200,"sd","13:50:35",7237500
18.8,-0.2,100,"bu","13:50:35",7237300
18.75,-0.25,2800,"sd","13:50:34",7237200
18.75,-0.25,100,"sd","13:50:33",7234400
18.75,-0.25,300,"sd","13:50:33",7234300
18.75,-0.25,1400,"sd","13:50:32",7234000
18.75,-0.25,300,"sd","13:50:23",7232600
18.8,-0.2,200,"bu","13:50:23",7232300
18.75,-0.25,300,"sd","13:50:23",7232100
18.75,-0.25,100,"sd","13:50:18",7231800
18.75,-0.25,1100,"sd","13:50:17",7231700
18.75,-0.25,200,"sd","13:50:13",7230600
18.8,-0.2,2000,"sd","13:50:13",7230400
18.8,-0.2,900,"sd","13:50:06",7228400
18.8,-0.2,300,"sd","13:50:05",7227500
18.8,-0.2,100,"sd","13:50:03",7227200
18.8,-0.2,1100,"sd","13:50:01",7227100
18.8,-0.2,200,"sd","13:50:00",7226000
18.8,-0.2,2800,"sd","13:50:00",7225800
18.8,-0.2,200,"sd","13:49:57",7223000
18.8,-0.2,2400,"sd","13:49:56",7222800
18.8,-0.2,600,"sd","13:49:54",7220400
18.8,-0.2,6000,"sd","13:49:52",7219800
18.8,-0.2,300,"sd","13:49:47",7213800
18.8,-0.2,900,"sd","13:49:44",7213500
18.8,-0.2,100,"sd","13:49:42",7212600
18.8,-0.2,1100,"sd","13:49:41",7212500
18.8,-0.2,300,"sd","13:49:38",7211400
18.8,-0.2,100,"sd","13:49:35",7211100
18.8,-0.2,1200,"sd","13:49:34",7211000
18.8,-0.2,300,"sd","13:49:29",7209800
18.8,-0.2,200,"sd","13:49:26",7209500
18.8,-0.2,2800,"sd","13:49:25",7209300
18.8,-0.2,900,"sd","13:49:21",7206500
18.8,-0.2,300,"sd","13:49:18",7205600
18.8,-0.2,3000,"sd","13:49:17",7205300
18.8,-0.2,5600,"sd","13:49:13",7202300
18.8,-0.2,1000,"sd","13:49:12",7196700
18.8,-0.2,100,"sd","13:49:11",7195700
18.8,-0.2,1100,"sd","13:49:10",7195600
18.8,-0.2,300,"sd","13:49:10",7194500
18.8,-0.2,1100,"sd","13:49:09",7194200
18.8,-0.2,8500,"bu","13:49:08",7193100
18.75,-0.25,300,"sd","13:49:07",7184600
18.8,-0.2,3500,"sd","13:49:06",7184300
18.8,-0.2,200,"sd","13:49:05",7180800
18.8,-0.2,2000,"sd","13:49:05",7180600
18.8,-0.2,20000,"sd","13:49:04",7178600
18.8,-0.2,800,"sd","13:49:02",7158600
18.8,-0.2,300,"sd","13:49:00",7157800
18.8,-0.2,100,"sd","13:48:59",7157500
18.8,-0.2,1400,"sd","13:48:58",7157400
18.8,-0.2,1000,"sd","13:48:58",7156000
18.8,-0.2,300,"sd","13:48:53",7155000
18.8,-0.2,1200,"sd","13:48:52",7154700
18.8,-0.2,300,"sd","13:48:51",7153500
18.8,-0.2,2800,"sd","13:48:50",7153200
18.8,-0.2,300,"sd","13:48:43",7150400
18.8,-0.2,1300,"sd","13:48:40",7150100
18.8,-0.2,300,"sd","13:48:34",7148800
18.8,-0.2,100,"sd","13:48:28",7148500
18.8,-0.2,1000,"sd","13:48:26",7148400
18.8,-0.2,300,"sd","13:48:25",7147400
18.8,-0.2,400,"sd","13:48:16",7147100
18.8,-0.2,200,"sd","13:48:15",7146700
18.85,-0.15,1000,"bu","13:48:15",7146500
18.8,-0.2,2800,"sd","13:48:15",7145500
18.8,-0.2,1100,"sd","13:48:10",7142700
18.8,-0.2,300,"sd","13:48:07",7141600
18.8,-0.2,300,"sd","13:47:57",7141300
18.8,-0.2,300,"sd","13:47:49",7141000
18.8,-0.2,100,"sd","13:47:44",7140700
18.8,-0.2,1000,"sd","13:47:43",7140600
18.8,-0.2,10000,"sd","13:47:42",7139600
18.8,-0.2,300,"sd","13:47:41",7129600
18.8,-0.2,2800,"sd","13:47:41",7129300
18.8,-0.2,300,"sd","13:47:40",7126500
18.8,-0.2,300,"sd","13:47:31",7126200
18.85,-0.15,100,"bu","13:47:27",7125900
18.8,-0.2,300,"sd","13:47:22",7125800
18.8,-0.2,300,"sd","13:47:13",7125500
18.8,-0.2,200,"sd","13:47:07",7125200
18.8,-0.2,2800,"sd","13:47:06",7125000
18.8,-0.2,300,"sd","13:47:03",7122200
18.8,-0.2,300,"sd","13:46:55",7121900
18.8,-0.2,500,"sd","13:46:48",7121600
18.8,-0.2,5000,"sd","13:46:47",7121100
18.8,-0.2,50000,"sd","13:46:46",7116100
18.8,-0.2,300,"sd","13:46:45",7066100
18.8,-0.2,100,"sd","13:46:40",7065800
18.8,-0.2,300,"sd","13:46:37",7065700
18.8,-0.2,700,"sd","13:46:35",7065400
18.8,-0.2,200,"sd","13:46:33",7064700
18.8,-0.2,2700,"sd","13:46:32",7064500
18.8,-0.2,300,"sd","13:46:28",7061800
18.8,-0.2,500,"sd","13:46:22",7061500
18.8,-0.2,5000,"sd","13:46:20",7061000
18.8,-0.2,300,"sd","13:46:19",7056000
18.8,-0.2,100,"sd","13:46:12",7055700
18.8,-0.2,1000,"sd","13:46:11",7055600
18.8,-0.2,300,"sd","13:46:09",7054600
18.8,-0.2,300,"sd","13:46:03",7054300
18.85,-0.15,1000,"bu","13:46:03",7054000
18.85,-0.15,2000,"bu","13:46:02",7053000
18.8,-0.2,300,"sd","13:46:01",7051000
18.8,-0.2,200,"sd","13:45:59",7050700
18.8,-0.2,2700,"sd","13:45:58",7050500
18.8,-0.2,300,"sd","13:45:51",7047800
18.8,-0.2,800,"sd","13:45:43",7047500
18.8,-0.2,100,"sd","13:45:42",7046700
18.8,-0.2,300,"sd","13:45:42",7046600
18.85,-0.15,1000,"bu","13:45:41",7046300
18.8,-0.2,300,"sd","13:45:33",7045300
18.8,-0.2,200,"sd","13:45:24",7045000
18.8,-0.2,300,"sd","13:45:24",7044800
18.8,-0.2,2700,"sd","13:45:23",7044500
18.8,-0.2,300,"sd","13:45:15",7041800
18.8,-0.2,300,"sd","13:45:11",7041500
18.8,-0.2,300,"sd","13:45:06",7041200
18.8,-0.2,300,"sd","13:44:57",7040900
18.8,-0.2,700,"sd","13:44:53",7040600
18.8,-0.2,200,"sd","13:44:50",7039900
18.8,-0.2,2700,"sd","13:44:49",7039700
18.8,-0.2,300,"sd","13:44:48",7037000
18.8,-0.2,300,"sd","13:44:40",7036700
18.8,-0.2,300,"sd","13:44:30",7036400
18.8,-0.2,300,"sd","13:44:29",7036100
18.8,-0.2,3000,"sd","13:44:28",7035800
18.8,-0.2,2200,"sd","13:44:25",7032800
18.8,-0.2,300,"sd","13:44:21",7030600
18.8,-0.2,200,"sd","13:44:16",7030300
18.8,-0.2,2700,"sd","13:44:15",7030100
18.8,-0.2,900,"bu","13:44:03",7027400
18.8,-0.2,600,"sd","13:44:02",7026500
18.8,-0.2,400,"bu","13:44:01",7025900
18.8,-0.2,600,"bu","13:44:00",7025500
18.8,-0.2,500,"bu","13:43:59",7024900
18.8,-0.2,500,"bu","13:43:57",7024400
18.75,-0.25,300,"sd","13:43:56",7023900
18.8,-0.2,1000,"bu","13:43:55",7023600
18.75,-0.25,2000,"sd","13:43:55",7022600
18.8,-0.2,20000,"bu","13:43:55",7020600
18.75,-0.25,300,"sd","13:43:53",7000600
18.75,-0.25,100,"sd","13:43:46",7000300
18.8,-0.2,200,"bu","13:43:46",7000200
18.8,-0.2,1100,"bu","13:43:45",7000000
18.75,-0.25,300,"sd","13:43:44",6998900
18.8,-0.2,500,"bu","13:43:44",6998600
18.75,-0.25,300,"sd","13:43:41",6998100
18.75,-0.25,2700,"sd","13:43:40",6997800
18.8,-0.2,300,"bu","13:43:40",6995100
18.8,-0.2,300,"bu","13:43:39",6994800
18.8,-0.2,500,"bu","13:43:38",6994500
18.8,-0.2,500,"bu","13:43:37",6994000
18.8,-0.2,100,"bu","13:43:35",6993500
18.75,-0.25,300,"sd","13:43:35",6993400
18.8,-0.2,200,"bu","13:43:33",6993100
18.75,-0.25,500,"sd","13:43:31",6992900
18.75,-0.25,300,"sd","13:43:26",6987100
18.8,-0.2,100,"bu","13:43:24",6986800
18.75,-0.25,100,"sd","13:43:23",6986700
18.8,-0.2,1000,"bu","13:43:23",6986600
18.75,-0.25,300,"sd","13:43:16",6985600
18.8,-0.2,200,"bu","13:43:15",6985300
18.8,-0.2,200,"bu","13:43:14",6985100
18.8,-0.2,500,"bu","13:43:08",6984900
18.75,-0.25,300,"sd","13:43:07",6984400
18.75,-0.25,200,"sd","13:43:06",6984100
18.75,-0.25,2700,"sd","13:43:05",6983900
18.8,-0.2,100,"bu","13:42:59",6981200
18.75,-0.25,300,"sd","13:42:58",6981100
18.75,-0.25,300,"sd","13:42:49",6980800
18.8,-0.2,100,"bu","13:42:46",6980500
18.75,-0.25,300,"sd","13:42:40",6980400
18.75,-0.25,500,"sd","13:42:38",6980100
18.75,-0.25,5000,"sd","13:42:37",6979600
18.75,-0.25,500,"sd","13:42:32",6974600
18.75,-0.25,2700,"sd","13:42:31",6974100
18.75,-0.25,100,"sd","13:42:25",6971400
18.8,-0.2,1000,"bu","13:42:25",6971300
18.75,-0.25,300,"sd","13:42:22",6970300
18.75,-0.25,100,"sd","13:42:21",6970000
18.8,-0.2,1500,"bu","13:42:20",6969900
18.75,-0.25,300,"sd","13:42:13",6968400
18.75,-0.25,600,"sd","13:42:12",6968100
18.75,-0.25,6100,"sd","13:42:10",6967500
18.8,-0.2,61000,"sd","13:42:09",6961400
18.8,-0.2,300,"sd","13:42:04",6900400
18.85,-0.15,100,"bu","13:42:00",6900100
18.8,-0.2,2900,"sd","13:41:56",6900000
18.8,-0.2,300,"sd","13:41:55",6897100
18.8,-0.2,300,"sd","13:41:46",6896800
18.8,-0.2,300,"sd","13:41:38",6896500
18.8,-0.2,300,"sd","13:41:28",6896200
18.8,-0.2,300,"sd","13:41:28",6895900
18.8,-0.2,200,"sd","13:41:22",6895600
18.8,-0.2,2700,"sd","13:41:21",6895400
18.8,-0.2,800,"sd","13:41:19",6892700
18.85,-0.15,8400,"sd","13:41:18",6891900
18.85,-0.15,300,"sd","13:41:10",6883500
18.85,-0.15,400,"sd","13:41:08",6883200
18.85,-0.15,4500,"sd","13:41:07",6882800
18.85,-0.15,100,"sd","13:40:57",6878300
18.85,-0.15,1000,"sd","13:40:56",6878200
18.85,-0.15,10000,"bu","13:40:55",6877200
18.8,-0.2,300,"sd","13:40:51",6867200
18.8,-0.2,300,"sd","13:40:50",6866900
18.8,-0.2,500,"sd","13:40:49",6866600
18.85,-0.15,3000,"bu","13:40:49",6866100
18.85,-0.15,5000,"bu","13:40:48",6863100
18.8,-0.2,200,"sd","13:40:46",6858100
18.8,-0.2,2800,"sd","13:40:45",6857900
18.8,-0.2,300,"sd","13:40:42",6855100
18.8,-0.2,100,"sd","13:40:38",6854800
18.8,-0.2,1000,"sd","13:40:37",6854700
18.8,-0.2,300,"sd","13:40:37",6853700
18.8,-0.2,36600,"sd","13:40:36",6853400
18.8,-0.2,73100,"sd","13:40:36",6816800
18.8,-0.2,300,"sd","13:40:32",6743700
18.8,-0.2,5700,"sd","13:40:28",6743400
18.8,-0.2,2600,"sd","13:40:27",6737700
18.8,-0.2,300,"sd","13:40:23",6735100
18.8,-0.2,300,"sd","13:40:14",6734800
18.8,-0.2,200,"sd","13:40:08",6734500
18.85,-0.15,2000,"bu","13:40:08",6734300
18.8,-0.2,300,"sd","13:40:05",6732300
18.85,-0.15,100,"bu","13:39:58",6732000
18.8,-0.2,300,"sd","13:39:56",6731900
18.85,-0.15,100,"bu","13:39:55",6731600
18.8,-0.2,200,"sd","13:39:53",6731500
18.8,-0.2,2600,"sd","13:39:53",6731300
18.85,-0.15,500,"bu","13:39:51",6728700
18.85,-0.15,100,"bu","13:39:48",6728200
18.8,-0.2,400,"sd","13:39:48",6728100
18.85,-0.15,3000,"bu","13:39:47",6727700
18.8,-0.2,700,"sd","13:39:47",6724700
18.8,-0.2,300,"sd","13:39:47",6724000
18.85,-0.15,7000,"bu","13:39:47",6723700
18.85,-0.15,200,"bu","13:39:41",6716700
18.8,-0.2,800,"sd","13:39:38",6716500
18.8,-0.2,200,"sd","13:39:37",6715700
18.85,-0.15,5000,"bu","13:39:37",6715500
18.8,-0.2,2800,"sd","13:39:36",6710500
18.85,-0.15,28000,"bu","13:39:35",6707700
18.8,-0.2,300,"sd","13:39:29",6679700
18.8,-0.2,300,"sd","13:39:20",6679400
18.8,-0.2,200,"sd","13:39:19",6679100
18.8,-0.2,2600,"sd","13:39:18",6678900
18.8,-0.2,300,"sd","13:39:14",6676300
18.8,-0.2,3000,"sd","13:39:13",6676000
18.8,-0.2,30000,"sd","13:39:12",6673000
18.8,-0.2,300,"sd","13:39:11",6643000
18.8,-0.2,100,"sd","13:39:09",6642700
18.8,-0.2,1000,"sd","13:39:08",6642600
18.85,-0.15,10000,"bu","13:39:08",6641600
18.85,-0.15,300,"bu","13:39:05",6631600
18.8,-0.2,200,"sd","13:39:04",6631300
18.85,-0.15,2000,"bu","13:39:03",6631100
18.8,-0.2,300,"sd","13:39:02",6629100
18.8,-0.2,100,"sd","13:38:55",6628800
18.8,-0.2,1000,"sd","13:38:54",6628700
18.85,-0.15,10000,"bu","13:38:53",6627700
18.8,-0.2,300,"sd","13:38:53",6617700
18.8,-0.2,200,"sd","13:38:44",6617400
18.8,-0.2,2900,"sd","13:38:44",6617200
18.8,-0.2,300,"sd","13:38:35",6614300
18.8,-0.2,200,"sd","13:38:29",6614000
18.85,-0.15,2000,"bu","13:38:28",6613800
18.8,-0.2,300,"sd","13:38:26",6611800
18.8,-0.2,300,"sd","13:38:17",6611500
18.8,-0.2,200,"sd","13:38:10",6611200
18.8,-0.2,2600,"sd","13:38:09",6611000
18.8,-0.2,300,"sd","13:38:08",6608400
18.85,-0.15,100,"bu","13:38:03",6608100
18.8,-0.2,300,"sd","13:37:59",6608000
18.8,-0.2,300,"sd","13:37:50",6607700
18.8,-0.2,300,"sd","13:37:40",6607400
18.8,-0.2,500,"sd","13:37:37",6607100
18.85,-0.15,5000,"bu","13:37:36",6606600
18.8,-0.2,200,"sd","13:37:35",6601600
18.8,-0.2,2600,"sd","13:37:34",6601400
18.8,-0.2,300,"sd","13:37:31",6598800
18.8,-0.2,100,"sd","13:37:25",6598500
18.85,-0.15,1200,"bu","13:37:24",6598400
18.8,-0.2,300,"sd","13:37:23",6597200
18.85,-0.15,500,"bu","13:37:19",6596900
18.8,-0.2,300,"sd","13:37:14",6596400
18.8,-0.2,600,"sd","13:37:10",6596100
18.8,-0.2,6400,"sd","13:37:09",6595500
18.8,-0.2,300,"sd","13:37:06",6589100
18.8,-0.2,700,"sd","13:37:03",6588800
18.8,-0.2,2600,"sd","13:37:00",6588100
18.85,-0.15,5000,"bu","13:36:59",6585500
18.8,-0.2,300,"sd","13:36:55",6580500
18.8,-0.2,100,"sd","13:36:47",6580200
18.85,-0.15,800,"bu","13:36:47",6580100
18.8,-0.2,300,"sd","13:36:47",6579300
18.8,-0.2,900,"sd","13:36:46",6579000
18.85,-0.15,9800,"sd","13:36:45",6578100
18.85,-0.15,700,"sd","13:36:43",6568300
18.85,-0.15,7500,"sd","13:36:41",6567600
18.85,-0.15,900,"sd","13:36:37",6560100
18.85,-0.15,6400,"sd","13:36:37",6559200
18.85,-0.15,300,"sd","13:36:28",6552800
18.8,-0.2,200,"sd","13:36:26",6552500
18.8,-0.2,1400,"sd","13:36:25",6552300
18.85,-0.15,1200,"sd","13:36:25",6550900
18.85,-0.15,300,"sd","13:36:19",6549700
18.8,-0.2,600,"sd","13:36:05",6549400
18.8,-0.2,3900,"sd","13:36:04",6548800
18.85,-0.15,2500,"sd","13:36:04",6544900
18.85,-0.15,300,"bu","13:36:02",6542400
18.8,-0.2,200,"sd","13:36:00",6542100
18.8,-0.2,300,"sd","13:35:52",6541900
18.85,-0.15,100,"bu","13:35:51",6541600
18.8,-0.2,3100,"sd","13:35:51",6541500
18.8,-0.2,500,"sd","13:35:50",6538400
18.8,-0.2,5000,"sd","13:35:49",6537900
18.85,-0.15,100,"sd","13:35:42",6532900
18.8,-0.2,300,"sd","13:35:33",6532800
18.8,-0.2,7000,"sd","13:35:32",6532500
18.8,-0.2,300,"sd","13:35:23",6525500
18.8,-0.2,3300,"sd","13:35:17",6525200
18.8,-0.2,300,"sd","13:35:15",6521900
18.8,-0.2,300,"sd","13:35:06",6521600
18.8,-0.2,600,"sd","13:35:00",6521300
18.8,-0.2,6300,"sd","13:34:59",6520700
18.8,-0.2,300,"sd","13:34:57",6514400
18.8,-0.2,100,"sd","13:34:53",6514100
18.9,-0.1,1200,"bu","13:34:52",6514000
18.8,-0.2,300,"sd","13:34:47",6512800
18.8,-0.2,200,"sd","13:34:45",6512500
18.8,-0.2,1800,"sd","13:34:45",6512300
18.85,-0.15,200,"sd","13:34:45",6510500
18.85,-0.15,20200,"sd","13:34:42",6510300
18.85,-0.15,2600,"sd","13:34:42",6490100
18.85,-0.15,300,"sd","13:34:39",6487500
18.85,-0.15,500,"sd","13:34:37",6487200
18.8,-0.2,300,"sd","13:34:29",6486700
18.8,-0.2,600,"sd","13:34:28",6486400
18.8,-0.2,6100,"sd","13:34:27",6485800
18.85,-0.15,200,"sd","13:34:27",6479700
18.8,-0.2,500,"sd","13:34:19",6479500
18.8,-0.2,5400,"sd","13:34:18",6479000
18.9,-0.1,21400,"bu","13:34:18",6473600
18.85,-0.15,2300,"bu","13:34:18",6452200
18.85,-0.15,200,"bu","13:34:11",6449900
18.8,-0.2,300,"sd","13:34:10",6449700
18.8,-0.2,200,"sd","13:34:09",6449400
18.8,-0.2,2600,"sd","13:34:08",6449200
18.8,-0.2,300,"sd","13:34:00",6446600
18.8,-0.2,600,"sd","13:33:55",6446300
18.8,-0.2,6300,"sd","13:33:54",6445700
18.8,-0.2,500,"sd","13:33:53",6439400
18.85,-0.15,5200,"sd","13:33:52",6438900
18.85,-0.15,100,"sd","13:33:48",6433700
18.85,-0.15,10500,"bu","13:33:47",6433600
18.85,-0.15,500,"sd","13:33:46",6423100
18.8,-0.2,300,"sd","13:33:43",6422600
18.8,-0.2,100,"sd","13:33:42",6422300
18.8,-0.2,2100,"sd","13:33:41",6422200
18.8,-0.2,12600,"sd","13:33:40",6420100
18.85,-0.15,6900,"sd","13:33:40",6407500
18.9,-0.1,100,"bu","13:33:35",6400600
18.85,-0.15,500,"sd","13:33:34",6400500
18.85,-0.15,2600,"sd","13:33:33",6400000
18.8,-0.2,300,"sd","13:33:25",6397400
18.8,-0.2,600,"sd","13:33:23",6397100
18.8,-0.2,3400,"sd","13:33:22",6396500
18.85,-0.15,2900,"sd","13:33:22",6393100
18.9,-0.1,100,"bu","13:33:17",6390200
18.85,-0.15,400,"bu","13:33:11",6390100
18.85,-0.15,300,"bu","13:33:10",6389700
18.8,-0.2,300,"sd","13:33:05",6389400
18.85,-0.15,100,"bu","13:33:02",6389100
18.8,-0.2,200,"sd","13:32:59",6389000
18.8,-0.2,2600,"sd","13:32:58",6388800
18.8,-0.2,300,"sd","13:32:56",6386200
18.8,-0.2,600,"sd","13:32:50",6385900
18.8,-0.2,6300,"sd","13:32:49",6385300
18.8,-0.2,700,"sd","13:32:47",6379000
18.8,-0.2,100,"sd","13:32:36",6378300
18.8,-0.2,1500,"sd","13:32:35",6378200
18.8,-0.2,13400,"sd","13:32:35",6376700
18.85,-0.15,1600,"sd","13:32:35",6363300
18.85,-0.15,700,"sd","13:32:34",6361700
18.85,-0.15,7500,"sd","13:32:34",6361000
18.85,-0.15,300,"bu","13:32:30",6353500
18.8,-0.2,400,"sd","13:32:28",6353200
18.8,-0.2,200,"sd","13:32:24",6352800
18.8,-0.2,2600,"sd","13:32:23",6352600
18.8,-0.2,300,"sd","13:32:22",6350000
18.8,-0.2,3000,"sd","13:32:21",6349700
18.8,-0.2,13700,"sd","13:32:21",6346700
18.8,-0.2,16700,"sd","13:32:20",6333000
18.85,-0.15,200,"sd","13:32:20",6316300
18.85,-0.15,500,"sd","13:32:18",6316100
18.8,-0.2,4800,"sd","13:32:17",6315600
18.85,-0.15,700,"sd","13:32:17",6310800
18.85,-0.15,9200,"sd","13:32:17",6310100
18.85,-0.15,500,"sd","13:32:06",6300900
18.85,-0.15,5400,"bu","13:32:05",6300400
18.85,-0.15,500,"bu","13:32:02",6295000
18.8,-0.2,100,"sd","13:32:01",6294500
18.8,-0.2,1000,"sd","13:32:00",6294400
18.85,-0.15,10000,"bu","13:31:59",6293400
18.8,-0.2,300,"sd","13:31:59",6283400
18.8,-0.2,800,"sd","13:31:50",6283100
18.85,-0.15,5000,"bu","13:31:49",6282300
18.8,-0.2,200,"sd","13:31:49",6277300
18.8,-0.2,2600,"sd","13:31:49",6277100
18.85,-0.15,200,"bu","13:31:48",6274500
18.8,-0.2,6900,"sd","13:31:45",6274300
18.8,-0.2,500,"sd","13:31:44",6267400
18.85,-0.15,5000,"bu","13:31:43",6266900
18.8,-0.2,300,"sd","13:31:41",6261900
18.85,-0.15,800,"bu","13:31:39",6261600
18.8,-0.2,200,"sd","13:31:33",6260800
18.85,-0.15,2000,"bu","13:31:32",6260600
18.8,-0.2,300,"sd","13:31:32",6258600
18.85,-0.15,100,"bu","13:31:25",6258300
18.8,-0.2,300,"sd","13:31:23",6258200
18.8,-0.2,500,"sd","13:31:20",6257900
18.8,-0.2,300,"sd","13:31:14",6257400
18.85,-0.15,100,"bu","13:31:14",6257100
18.8,-0.2,2900,"sd","13:31:13",6257000
18.8,-0.2,6900,"sd","13:31:12",6254100
18.85,-0.15,100,"bu","13:31:07",6247200
18.8,-0.2,300,"sd","13:31:05",6247100
18.85,-0.15,100,"bu","13:30:57",6246800
18.8,-0.2,300,"sd","13:30:56",6246700
18.8,-0.2,500,"sd","13:30:47",6246400
18.85,-0.15,500,"bu","13:30:47",6245900
18.85,-0.15,4500,"bu","13:30:46",6245400
18.8,-0.2,300,"sd","13:30:46",6240900
18.8,-0.2,500,"sd","13:30:41",6240600
18.8,-0.2,5900,"sd","13:30:40",6240100
18.8,-0.2,6300,"sd","13:30:40",6234200
18.8,-0.2,200,"sd","13:30:39",6227900
18.8,-0.2,2600,"sd","13:30:39",6227700
18.8,-0.2,300,"sd","13:30:37",6225100
18.8,-0.2,100,"sd","13:30:34",6224800
18.85,-0.15,1000,"bu","13:30:34",6224700
18.8,-0.2,300,"sd","13:30:28",6223700
18.8,-0.2,100,"sd","13:30:20",6223400
18.85,-0.15,1000,"bu","13:30:20",6223300
18.8,-0.2,300,"sd","13:30:19",6222300
18.85,-0.15,200,"bu","13:30:17",6222000
18.85,-0.15,200,"bu","13:30:16",6221800
18.8,-0.2,300,"sd","13:30:13",6221600
18.8,-0.2,3100,"sd","13:30:13",6221300
18.8,-0.2,31000,"sd","13:30:11",6218200
18.8,-0.2,7500,"sd","13:30:10",6187200
18.8,-0.2,600,"sd","13:30:09",6179700
18.8,-0.2,6300,"sd","13:30:07",6179100
18.8,-0.2,200,"sd","13:30:05",6172800
18.8,-0.2,2600,"sd","13:30:04",6172600
18.8,-0.2,300,"sd","13:30:02",6170000
18.85,-0.15,100,"bu","13:30:00",6169700
18.8,-0.2,700,"sd","13:29:59",6169600
18.8,-0.2,7500,"sd","13:29:58",6168900
18.8,-0.2,900,"sd","13:29:55",6161400
18.8,-0.2,300,"sd","13:29:53",6160500
18.8,-0.2,8200,"sd","13:29:46",6160200
18.8,-0.2,300,"sd","13:29:43",6152000
18.85,-0.15,100,"bu","13:29:43",6151700
18.8,-0.2,300,"sd","13:29:35",6151600
18.8,-0.2,6900,"sd","13:29:34",6151300
18.8,-0.2,200,"sd","13:29:30",6144400
18.8,-0.2,2500,"sd","13:29:29",6144200
18.8,-0.2,300,"sd","13:29:26",6141700
18.8,-0.2,300,"sd","13:29:16",6141400
18.8,-0.2,800,"sd","13:29:12",6141100
18.85,-0.15,1000,"bu","13:29:11",6140300
18.8,-0.2,7500,"sd","13:29:11",6139300
18.8,-0.2,300,"sd","13:29:08",6131800
18.85,-0.15,200,"bu","13:29:06",6131500
18.8,-0.2,700,"sd","13:29:04",6131300
18.8,-0.2,7500,"sd","13:29:04",6130600
18.8,-0.2,6900,"sd","13:29:02",6123100
18.8,-0.2,300,"sd","13:28:58",6116200
18.8,-0.2,200,"sd","13:28:55",6115900
18.8,-0.2,2500,"sd","13:28:55",6115700
18.85,-0.15,100,"bu","13:28:54",6113200
18.8,-0.2,300,"sd","13:28:49",6113100
18.85,-0.15,100,"bu","13:28:47",6112800
18.8,-0.2,100,"sd","13:28:41",6112700
18.8,-0.2,600,"sd","13:28:40",6112600
18.85,-0.15,1000,"bu","13:28:40",6112000
18.85,-0.15,3000,"bu","13:28:40",6111000
18.8,-0.2,200,"sd","13:28:39",6108000
18.85,-0.15,2000,"bu","13:28:39",6107800
18.8,-0.2,400,"sd","13:28:34",6105800
18.85,-0.15,4600,"sd","13:28:33",6105400
18.85,-0.15,100,"sd","13:28:33",6100800
18.85,-0.15,300,"sd","13:28:32",6100700
18.85,-0.15,700,"sd","13:28:31",6100400
18.85,-0.15,7500,"sd","13:28:31",6099700
18.85,-0.15,600,"sd","13:28:29",6092200
18.85,-0.15,6200,"sd","13:28:29",6091600
18.85,-0.15,700,"sd","13:28:24",6085400
18.85,-0.15,7500,"sd","13:28:23",6084700
18.85,-0.15,300,"sd","13:28:22",6077200
18.85,-0.15,400,"sd","13:28:21",6076900
18.9,-0.1,2000,"bu","13:28:21",6076500
18.85,-0.15,2500,"sd","13:28:20",6074500
18.9,-0.1,100,"bu","13:28:20",6072000
18.85,-0.15,300,"sd","13:28:13",6071900
18.85,-0.15,300,"sd","13:28:05",6071600
18.85,-0.15,100,"sd","13:28:03",6071300
18.85,-0.15,1000,"sd","13:28:02",6071200
18.85,-0.15,10000,"sd","13:28:01",6070200
18.85,-0.15,600,"sd","13:27:57",6060200
18.85,-0.15,6500,"sd","13:27:56",6059600
18.85,-0.15,200,"sd","13:27:47",6053100
18.85,-0.15,2800,"sd","13:27:46",6052900
18.85,-0.15,800,"sd","13:27:38",6050100
18.85,-0.15,100,"sd","13:27:37",6049300
18.9,-0.1,8900,"bu","13:27:37",6049200
18.85,-0.15,800,"sd","13:27:31",6040300
18.85,-0.15,8800,"bu","13:27:30",6039500
18.8,-0.2,300,"sd","13:27:26",6030700
18.85,-0.15,500,"bu","13:27:26",6030400
18.8,-0.2,100,"sd","13:27:26",6029900
18.8,-0.2,600,"sd","13:27:25",6029800
18.85,-0.15,1000,"sd","13:27:25",6029200
18.8,-0.2,3300,"sd","13:27:24",6028200
18.85,-0.15,2900,"sd","13:27:24",6024900
18.85,-0.15,300,"sd","13:27:18",6022000
18.85,-0.15,200,"sd","13:27:16",6021700
18.85,-0.15,2000,"sd","13:27:15",6021500
18.85,-0.15,2700,"sd","13:27:12",6019500
18.85,-0.15,300,"sd","13:27:08",6016800
18.85,-0.15,800,"sd","13:27:01",6016500
18.85,-0.15,8000,"sd","13:27:01",6015700
18.85,-0.15,300,"sd","13:26:59",6007700
18.85,-0.15,600,"sd","13:26:52",6007400
18.85,-0.15,6200,"sd","13:26:51",6006800
18.85,-0.15,300,"sd","13:26:50",6000600
18.85,-0.15,300,"sd","13:26:42",6000300
18.85,-0.15,200,"sd","13:26:41",6000000
18.85,-0.15,2500,"sd","13:26:38",5999800
18.85,-0.15,300,"sd","13:26:34",5997300
18.85,-0.15,800,"sd","13:26:31",5997000
18.85,-0.15,8000,"sd","13:26:31",5996200
18.9,-0.1,300,"sd","13:26:29",5988200
18.9,-0.1,300,"sd","13:26:24",5987900
18.85,-0.15,500,"sd","13:26:19",5987600
18.9,-0.1,100,"sd","13:26:19",5987100
18.85,-0.15,5500,"sd","13:26:18",5987000
18.9,-0.1,700,"sd","13:26:18",5981500
18.9,-0.1,300,"sd","13:26:14",5980800
18.85,-0.15,100,"sd","13:26:05",5980500
18.9,-0.1,200,"sd","13:26:05",5980400
18.85,-0.15,200,"sd","13:26:04",5980200
18.85,-0.15,2500,"sd","13:26:03",5980000
18.85,-0.15,700,"sd","13:26:01",5977500
18.85,-0.15,5900,"sd","13:26:00",5976800
18.9,-0.1,2000,"sd","13:26:00",5970900
18.9,-0.1,2000,"bu","13:25:51",5968900
18.85,-0.15,600,"sd","13:25:47",5966900
18.85,-0.15,6500,"sd","13:25:46",5966300
18.85,-0.15,300,"sd","13:25:37",5959800
18.85,-0.15,200,"sd","13:25:33",5959500
18.9,-0.1,2000,"bu","13:25:33",5959300
18.85,-0.15,800,"sd","13:25:31",5957300
18.85,-0.15,8100,"sd","13:25:30",5956500
18.85,-0.15,2500,"sd","13:25:29",5948400
18.9,-0.1,100,"bu","13:25:28",5945900
18.85,-0.15,300,"sd","13:25:28",5945800
18.85,-0.15,300,"sd","13:25:18",5945500
18.85,-0.15,600,"sd","13:25:14",5945200
18.85,-0.15,6200,"sd","13:25:13",5944600
18.85,-0.15,300,"sd","13:25:10",5938400
18.85,-0.15,700,"sd","13:25:01",5938100
18.85,-0.15,7400,"sd","13:25:00",5937400
18.85,-0.15,200,"sd","13:24:56",5930000
18.85,-0.15,2500,"sd","13:24:55",5929800
18.85,-0.15,300,"sd","13:24:53",5927300
18.9,-0.1,3000,"bu","13:24:52",5927000
18.85,-0.15,300,"sd","13:24:52",5924000
18.85,-0.15,300,"sd","13:24:42",5923700
18.85,-0.15,600,"sd","13:24:41",5923400
18.85,-0.15,6200,"sd","13:24:41",5922800
18.85,-0.15,800,"sd","13:24:31",5916600
18.85,-0.15,8600,"sd","13:24:30",5915800
18.9,-0.1,7900,"bu","13:24:29",5907200
18.85,-0.15,600,"sd","13:24:29",5899300
18.85,-0.15,3700,"bu","13:24:28",5898700
18.85,-0.15,3000,"bu","13:24:27",5895000
18.8,-0.2,300,"sd","13:24:23",5892000
18.8,-0.2,200,"sd","13:24:21",5891700
18.8,-0.2,2500,"sd","13:24:20",5891500
18.8,-0.2,300,"sd","13:24:14",5889000
18.8,-0.2,6300,"sd","13:24:08",5888700
18.85,-0.15,500,"sd","13:24:08",5882400
18.8,-0.2,200,"sd","13:23:55",5881900
18.8,-0.2,2500,"sd","13:23:54",5881500
18.85,-0.15,100,"sd","13:23:54",5879000
18.9,-0.1,13800,"bu","13:23:54",5878900
18.85,-0.15,9900,"bu","13:23:54",5865100
18.8,-0.2,1500,"sd","13:23:53",5855200
18.85,-0.15,15400,"bu","13:23:52",5853700
18.85,-0.15,100,"bu","13:23:49",5838300
18.8,-0.2,200,"sd","13:23:46",5838200
18.8,-0.2,2500,"sd","13:23:46",5838000
18.8,-0.2,300,"sd","13:23:45",5835500
18.8,-0.2,300,"sd","13:23:37",5835200
18.8,-0.2,600,"sd","13:23:36",5834900
18.8,-0.2,6200,"sd","13:23:35",5834300
18.8,-0.2,100,"sd","13:23:34",5828100
18.85,-0.15,1000,"bu","13:23:33",5828000
18.8,-0.2,500,"sd","13:23:27",5827000
18.8,-0.2,2300,"sd","13:23:26",5826500
18.85,-0.15,23700,"bu","13:23:22",5824200
18.8,-0.2,300,"sd","13:23:18",5800500
18.8,-0.2,100,"sd","13:23:11",5800200
18.8,-0.2,1700,"sd","13:23:10",5800100
18.8,-0.2,2500,"sd","13:23:10",5798400
18.8,-0.2,300,"sd","13:23:09",5795900
18.85,-0.15,14800,"bu","13:23:09",5795600
18.8,-0.2,700,"sd","13:23:04",5780800
18.85,-0.15,1000,"bu","13:23:04",5780100
18.8,-0.2,6200,"sd","13:23:03",5779100
18.8,-0.2,300,"sd","13:23:00",5772900
18.8,-0.2,100,"sd","13:22:59",5772600
18.8,-0.2,1400,"sd","13:22:58",5772500
18.85,-0.15,14900,"bu","13:22:57",5771100
18.8,-0.2,300,"sd","13:22:51",5756200
18.8,-0.2,900,"sd","13:22:49",5755900
18.85,-0.15,9700,"bu","13:22:48",5755000
18.8,-0.2,200,"sd","13:22:46",5745300
18.8,-0.2,100,"sd","13:22:38",5745100
18.85,-0.15,1900,"bu","13:22:37",5745000
18.8,-0.2,200,"sd","13:22:37",5743100
18.8,-0.2,2500,"sd","13:22:35",5742900
18.8,-0.2,500,"bu","13:22:33",5740400
18.75,-0.25,300,"sd","13:22:32",5739900
18.75,-0.25,600,"sd","13:22:31",5739600
18.75,-0.25,6200,"sd","13:22:31",5739000
18.75,-0.25,200,"sd","13:22:27",5732800
18.75,-0.25,300,"sd","13:22:26",5732600
18.8,-0.2,2000,"bu","13:22:26",5732300
18.75,-0.25,3100,"sd","13:22:25",5730300
18.8,-0.2,4300,"sd","13:22:25",5727200
18.8,-0.2,27800,"sd","13:22:24",5722900
18.8,-0.2,100,"sd","13:22:22",5695100
18.8,-0.2,1500,"sd","13:22:21",5695000
18.85,-0.15,15800,"bu","13:22:20",5693500
18.85,-0.15,100,"bu","13:22:18",5677700
18.8,-0.2,300,"sd","13:22:15",5677600
18.8,-0.2,300,"sd","13:22:05",5677300
18.8,-0.2,200,"sd","13:22:01",5677000
18.8,-0.2,2500,"sd","13:22:00",5676800
18.8,-0.2,600,"sd","13:21:59",5674300
18.8,-0.2,6200,"sd","13:21:58",5673700
18.8,-0.2,300,"sd","13:21:56",5667500
18.8,-0.2,300,"sd","13:21:48",5667200
18.8,-0.2,200,"sd","13:21:46",5666900
18.85,-0.15,2000,"bu","13:21:45",5666700
18.8,-0.2,100,"sd","13:21:31",5664700
18.8,-0.2,1000,"sd","13:21:30",5664600
18.8,-0.2,700,"sd","13:21:28",5663600
18.8,-0.2,1900,"bu","13:21:27",5662900
18.75,-0.25,8900,"sd","13:21:26",5661000
18.8,-0.2,200,"bu","13:21:23",5652100
18.75,-0.25,100,"sd","13:21:21",5651900
18.8,-0.2,1400,"bu","13:21:21",5651800
18.8,-0.2,100,"bu","13:21:19",5650400
18.75,-0.25,200,"sd","13:21:18",5650300
18.8,-0.2,2100,"sd","13:21:17",5650100
18.8,-0.2,300,"bu","13:21:09",5648000
18.75,-0.25,100,"sd","13:21:08",5647700
18.75,-0.25,1500,"sd","13:21:07",5647600
18.85,-0.15,12100,"bu","13:21:07",5646100
18.8,-0.2,3700,"bu","13:21:07",5634000
18.75,-0.25,500,"sd","13:21:03",5630300
18.8,-0.2,5000,"bu","13:21:01",5629800
18.75,-0.25,800,"sd","13:21:01",5624800
18.8,-0.2,8000,"bu","13:21:00",5624000
18.75,-0.25,300,"sd","13:20:59",5616000
18.75,-0.25,600,"sd","13:20:54",5615700
18.75,-0.25,6200,"sd","13:20:53",5615100
18.75,-0.25,200,"sd","13:20:52",5608900
18.75,-0.25,2500,"sd","13:20:51",5608700
18.75,-0.25,300,"sd","13:20:50",5606200
18.8,-0.2,200,"bu","13:20:45",5605900
18.8,-0.2,500,"bu","13:20:44",5605700
18.75,-0.25,100,"sd","13:20:42",5605200
18.75,-0.25,1900,"sd","13:20:41",5605100
18.8,-0.2,15800,"bu","13:20:40",5603200
18.8,-0.2,100,"bu","13:20:34",5587400
18.75,-0.25,300,"sd","13:20:32",5587300
18.75,-0.25,300,"sd","13:20:23",5587000
18.75,-0.25,600,"sd","13:20:22",5586700
18.75,-0.25,6200,"sd","13:20:21",5586100
18.75,-0.25,200,"sd","13:20:18",5579900
18.75,-0.25,2500,"sd","13:20:17",5579700
18.8,-0.2,100,"bu","13:20:15",5577200
18.75,-0.25,100,"sd","13:20:12",5577100
18.75,-0.25,1500,"sd","13:20:11",5577000
18.8,-0.2,15800,"bu","13:20:10",5575500
18.75,-0.25,100,"sd","13:20:07",5559700
18.8,-0.2,1000,"bu","13:20:06",5559600
18.8,-0.2,600,"bu","13:20:04",5558600
18.75,-0.25,300,"sd","13:20:04",5558000
18.75,-0.25,200,"sd","13:20:03",5557700
18.8,-0.2,2000,"bu","13:20:02",5557500
18.75,-0.25,300,"sd","13:19:55",5555500
18.75,-0.25,300,"sd","13:19:49",5555200
18.8,-0.2,6500,"sd","13:19:49",5554900
18.8,-0.2,200,"sd","13:19:47",5548400
18.8,-0.2,2000,"sd","13:19:46",5548200
18.8,-0.2,300,"sd","13:19:45",5546200
18.8,-0.2,400,"sd","13:19:44",5545900
18.8,-0.2,4900,"sd","13:19:42",5545500
18.8,-0.2,24000,"sd","13:19:41",5540600
18.8,-0.2,300,"sd","13:19:37",5516600
18.8,-0.2,800,"sd","13:19:35",5516300
18.8,-0.2,8000,"sd","13:19:34",5515500
18.8,-0.2,100,"sd","13:19:32",5507500
18.8,-0.2,1500,"sd","13:19:31",5507400
18.8,-0.2,15000,"sd","13:19:30",5505900
18.8,-0.2,150000,"sd","13:19:29",5490900
18.8,-0.2,300,"sd","13:19:28",5340900
18.8,-0.2,100,"sd","13:19:21",5340600
18.8,-0.2,1600,"sd","13:19:20",5340500
18.8,-0.2,300,"sd","13:19:19",5338900
18.85,-0.15,15800,"bu","13:19:19",5338600
18.8,-0.2,600,"sd","13:19:17",5322800
18.8,-0.2,6200,"sd","13:19:16",5322200
18.8,-0.2,800,"sd","13:19:14",5316000
18.8,-0.2,8100,"sd","13:19:13",5315200
18.8,-0.2,6000,"sd","13:19:13",5307100
18.8,-0.2,500,"sd","13:19:09",5301100
18.8,-0.2,2500,"sd","13:19:08",5300600
18.8,-0.2,100,"sd","13:19:04",5298100
18.8,-0.2,500,"sd","13:19:04",5298000
18.85,-0.15,1000,"bu","13:19:03",5297500
18.8,-0.2,300,"sd","13:19:00",5296500
18.8,-0.2,300,"sd","13:18:52",5296200
18.8,-0.2,600,"sd","13:18:44",5295900
18.8,-0.2,6200,"sd","13:18:43",5295300
18.8,-0.2,300,"sd","13:18:42",5289100
18.8,-0.2,300,"sd","13:18:34",5288800
18.8,-0.2,200,"sd","13:18:33",5288500
18.8,-0.2,2500,"sd","13:18:32",5288300
18.8,-0.2,700,"sd","13:18:28",5285800
18.8,-0.2,7500,"sd","13:18:27",5285100
18.8,-0.2,300,"sd","13:18:25",5277600
18.8,-0.2,300,"sd","13:18:15",5277300
18.8,-0.2,600,"sd","13:18:10",5277000
18.8,-0.2,6200,"sd","13:18:10",5276400
18.8,-0.2,300,"sd","13:18:06",5270200
18.8,-0.2,200,"sd","13:18:01",5269900
18.8,-0.2,2500,"sd","13:18:00",5269700
18.8,-0.2,300,"sd","13:17:57",5267200
18.85,-0.15,300,"bu","13:17:52",5266900
18.8,-0.2,300,"sd","13:17:48",5266600
18.8,-0.2,200,"sd","13:17:47",5266300
18.85,-0.15,2000,"bu","13:17:46",5266100
18.8,-0.2,300,"sd","13:17:39",5264100
18.8,-0.2,600,"sd","13:17:38",5263800
18.8,-0.2,6200,"sd","13:17:37",5263200
18.8,-0.2,500,"sd","13:17:36",5257000
18.85,-0.15,5000,"bu","13:17:36",5256500
18.8,-0.2,100,"sd","13:17:32",5251500
18.8,-0.2,1000,"sd","13:17:31",5251400
18.8,-0.2,8200,"sd","13:17:31",5250400
18.8,-0.2,300,"sd","13:17:30",5242200
18.8,-0.2,200,"sd","13:17:29",5241900
18.8,-0.2,2500,"sd","13:17:28",5241700
18.8,-0.2,300,"sd","13:17:21",5239200
18.8,-0.2,500,"sd","13:17:20",5238900
18.85,-0.15,5000,"bu","13:17:19",5238400
18.8,-0.2,200,"sd","13:17:17",5233400
18.8,-0.2,2300,"sd","13:17:16",5233200
18.85,-0.15,23700,"bu","13:17:16",5230900
18.85,-0.15,400,"bu","13:17:12",5207200
18.8,-0.2,300,"sd","13:17:12",5206800
18.8,-0.2,500,"sd","13:17:10",5206500
18.8,-0.2,600,"sd","13:17:06",5206000
18.8,-0.2,6200,"sd","13:17:05",5205400
18.8,-0.2,300,"sd","13:17:04",5199200
18.8,-0.2,300,"sd","13:17:03",5198900
18.8,-0.2,3000,"sd","13:17:03",5198600
18.8,-0.2,200,"sd","13:16:57",5195600
18.8,-0.2,2500,"sd","13:16:56",5195400
18.8,-0.2,300,"sd","13:16:54",5192900
18.8,-0.2,200,"sd","13:16:50",5192600
18.8,-0.2,2300,"sd","13:16:50",5192400
18.85,-0.15,23700,"bu","13:16:48",5190100
18.8,-0.2,300,"sd","13:16:45",5166400
18.85,-0.15,300,"bu","13:16:41",5166100
18.8,-0.2,100,"sd","13:16:38",5165800
18.8,-0.2,1000,"sd","13:16:37",5165700
18.8,-0.2,300,"sd","13:16:36",5164700
18.8,-0.2,600,"sd","13:16:33",5164400
18.8,-0.2,6200,"sd","13:16:32",5163800
18.8,-0.2,400,"sd","13:16:30",5157600
18.8,-0.2,300,"sd","13:16:27",5157200
18.8,-0.2,200,"sd","13:16:25",5156900
18.8,-0.2,2400,"sd","13:16:24",5156700
18.8,-0.2,300,"sd","13:16:18",5154300
18.8,-0.2,300,"sd","13:16:09",5154000
18.8,-0.2,100,"sd","13:16:08",5153700
18.8,-0.2,1000,"sd","13:16:07",5153600
18.85,-0.15,10000,"bu","13:16:07",5152600
18.8,-0.2,600,"sd","13:16:01",5142600
18.8,-0.2,6400,"sd","13:16:00",5142000
18.8,-0.2,100,"sd","13:15:55",5135600
18.8,-0.2,200,"sd","13:15:53",5135500
18.8,-0.2,500,"sd","13:15:53",5135300
18.8,-0.2,2400,"sd","13:15:52",5134800
18.8,-0.2,300,"sd","13:15:51",5132400
18.8,-0.2,300,"sd","13:15:42",5132100
18.8,-0.2,300,"sd","13:15:33",5131800
18.8,-0.2,6700,"sd","13:15:28",5131500
18.85,-0.15,500,"bu","13:15:27",5124800
18.8,-0.2,300,"sd","13:15:24",5124300
18.8,-0.2,200,"sd","13:15:21",5124000
18.8,-0.2,2400,"sd","13:15:20",5123800
18.8,-0.2,300,"sd","13:15:15",5121400
18.8,-0.2,300,"sd","13:15:06",5121100
18.85,-0.15,500,"bu","13:15:04",5120800
18.8,-0.2,300,"sd","13:14:57",5120300
18.8,-0.2,600,"sd","13:14:56",5120000
18.8,-0.2,6100,"sd","13:14:55",5119400
18.8,-0.2,200,"sd","13:14:49",5113300
18.8,-0.2,2700,"sd","13:14:48",5113100
18.8,-0.2,300,"sd","13:14:44",5110400
18.8,-0.2,300,"sd","13:14:39",5110100
18.8,-0.2,300,"sd","13:14:30",5109800
18.8,-0.2,600,"sd","13:14:26",5109500
18.8,-0.2,600,"sd","13:14:23",5108900
18.8,-0.2,6100,"sd","13:14:23",5108300
18.8,-0.2,300,"sd","13:14:22",5102200
18.8,-0.2,200,"sd","13:14:17",5101900
18.8,-0.2,2400,"sd","13:14:16",5101700
18.8,-0.2,300,"sd","13:14:12",5099300
18.8,-0.2,300,"sd","13:14:03",5099000
18.8,-0.2,300,"sd","13:13:55",5098700
18.85,-0.15,200,"bu","13:13:53",5098400
18.8,-0.2,600,"sd","13:13:51",5098200
18.8,-0.2,6100,"sd","13:13:51",5097600
18.8,-0.2,500,"sd","13:13:45",5091500
18.8,-0.2,2100,"sd","13:13:44",5091000
18.8,-0.2,700,"sd","13:13:40",5088900
18.8,-0.2,7500,"sd","13:13:39",5088200
18.8,-0.2,300,"sd","13:13:36",5080700
18.8,-0.2,400,"sd","13:13:30",5080400
18.85,-0.15,4700,"sd","13:13:30",5080000
18.85,-0.15,300,"sd","13:13:26",5075300
18.8,-0.2,600,"sd","13:13:19",5075000
18.8,-0.2,1300,"sd","13:13:18",5074400
18.85,-0.15,4800,"sd","13:13:18",5073100
18.85,-0.15,600,"sd","13:13:14",5068300
18.8,-0.2,400,"sd","13:13:11",5061100
18.85,-0.15,2000,"bu","13:13:10",5060700
18.8,-0.2,2000,"sd","13:13:10",5058700
18.85,-0.15,20000,"bu","13:13:08",5056700
18.8,-0.2,700,"sd","13:13:08",5036700
18.8,-0.2,300,"sd","13:13:07",5036000
18.8,-0.2,7500,"sd","13:13:07",5035700
18.8,-0.2,100,"sd","13:13:05",5028200
18.85,-0.15,1100,"bu","13:13:04",5028100
18.8,-0.2,200,"sd","13:13:01",5027000
18.85,-0.15,2000,"bu","13:13:00",5026800
18.8,-0.2,300,"sd","13:12:58",5024800
18.85,-0.15,100,"bu","13:12:56",5024500
18.8,-0.2,700,"sd","13:12:52",5024400
18.8,-0.2,7500,"sd","13:12:51",5023700
18.8,-0.2,300,"sd","13:12:49",5016200
18.8,-0.2,600,"sd","13:12:47",5015900
18.8,-0.2,6100,"sd","13:12:46",5015300
18.8,-0.2,700,"sd","13:12:43",5009200
18.8,-0.2,7500,"sd","13:12:42",5008500
18.8,-0.2,300,"sd","13:12:40",5001000
18.8,-0.2,300,"sd","13:12:32",5000700
18.85,-0.15,300,"bu","13:12:24",5000400
18.85,-0.15,500,"bu","13:12:24",5000100
18.85,-0.15,100,"bu","13:12:23",4999600
18.8,-0.2,300,"sd","13:12:22",4999500
18.85,-0.15,100,"bu","13:12:17",4999200
18.8,-0.2,600,"sd","13:12:14",4999100
18.8,-0.2,6400,"sd","13:12:14",4998500
18.85,-0.15,400,"bu","13:12:10",4992100
18.85,-0.15,100,"sd","13:11:55",4991700
18.8,-0.2,1000,"sd","13:11:54",4991600
18.9,-0.1,5000,"bu","13:11:54",4990600
18.85,-0.15,2900,"bu","13:11:54",4985600
18.8,-0.2,700,"sd","13:11:52",4982700
18.8,-0.2,7500,"sd","13:11:52",4982000
18.8,-0.2,200,"sd","13:11:50",4974500
18.85,-0.15,2300,"bu","13:11:49",4974300
18.8,-0.2,200,"sd","13:11:47",4972000
18.85,-0.15,2000,"bu","13:11:46",4971800
18.8,-0.2,100,"sd","13:11:46",4969800
18.85,-0.15,200,"bu","13:11:45",4969700
18.8,-0.2,300,"sd","13:11:45",4969500
18.85,-0.15,1000,"bu","13:11:45",4969200
18.8,-0.2,800,"sd","13:11:43",4968200
18.8,-0.2,600,"sd","13:11:42",4967400
18.85,-0.15,7900,"bu","13:11:42",4966800
18.8,-0.2,6100,"sd","13:11:42",4958900
18.8,-0.2,200,"sd","13:11:38",4952800
18.85,-0.15,2000,"bu","13:11:38",4952600
18.8,-0.2,300,"sd","13:11:36",4950600
18.85,-0.15,500,"bu","13:11:33",4950300
18.85,-0.15,100,"bu","13:11:29",4949800
18.8,-0.2,300,"sd","13:11:27",4949700
18.85,-0.15,500,"bu","13:11:20",4949400
18.8,-0.2,300,"sd","13:11:18",4948900
18.85,-0.15,200,"bu","13:11:15",4948600
18.85,-0.15,100,"bu","13:11:11",4948400
18.85,-0.15,200,"bu","13:11:10",4948300
18.8,-0.2,7000,"sd","13:11:09",4948100
18.85,-0.15,100,"bu","13:11:05",4941100
18.85,-0.15,100,"bu","13:11:02",4941000
18.8,-0.2,300,"sd","13:11:00",4940900
18.8,-0.2,200,"sd","13:10:57",4940600
18.85,-0.15,2000,"bu","13:10:56",4940400
18.8,-0.2,300,"sd","13:10:50",4938400
18.8,-0.2,500,"sd","13:10:45",4938100
18.85,-0.15,5300,"bu","13:10:44",4937600
18.85,-0.15,200,"bu","13:10:42",4932300
18.8,-0.2,300,"sd","13:10:41",4932100
18.8,-0.2,300,"sd","13:10:41",4931800
18.85,-0.15,3000,"bu","13:10:41",4931500
18.8,-0.2,600,"sd","13:10:37",4928500
18.8,-0.2,6100,"sd","13:10:36",4927900
18.8,-0.2,300,"sd","13:10:32",4921800
18.8,-0.2,300,"sd","13:10:23",4921500
18.8,-0.2,300,"sd","13:10:16",4921200
18.8,-0.2,500,"sd","13:10:12",4920900
18.85,-0.15,5000,"bu","13:10:12",4920400
18.85,-0.15,100,"bu","13:10:10",4915400
18.8,-0.2,600,"sd","13:10:05",4915300
18.8,-0.2,1800,"sd","13:10:05",4914700
18.85,-0.15,4300,"sd","13:10:05",4912900
18.8,-0.2,300,"sd","13:09:52",4908600
18.8,-0.2,2600,"sd","13:09:51",4908300
18.85,-0.15,1000,"sd","13:09:51",4905700
18.9,-0.1,36200,"bu","13:09:50",4904700
18.85,-0.15,400,"sd","13:09:49",4868500
18.85,-0.15,4500,"sd","13:09:48",4868100
18.85,-0.15,100,"sd","13:09:48",4863600
18.85,-0.15,45100,"bu","13:09:47",4863500
18.8,-0.2,300,"sd","13:09:46",4818400
18.8,-0.2,100,"sd","13:09:45",4818100
18.85,-0.15,100,"bu","13:09:44",4818000
18.8,-0.2,1000,"sd","13:09:44",4817900
18.85,-0.15,100,"bu","13:09:42",4816900
18.8,-0.2,500,"sd","13:09:39",4816800
18.85,-0.15,5000,"bu","13:09:38",4816300
18.8,-0.2,300,"sd","13:09:37",4811300
18.85,-0.15,100,"bu","13:09:35",4811000
18.8,-0.2,600,"sd","13:09:33",4810900
18.8,-0.2,6100,"sd","13:09:32",4810300
18.8,-0.2,100,"sd","13:09:31",4804200
18.85,-0.15,1500,"bu","13:09:31",4804100
18.8,-0.2,300,"sd","13:09:28",4802600
18.8,-0.2,300,"sd","13:09:22",4802300
18.85,-0.15,3000,"bu","13:09:21",4802000
18.8,-0.2,300,"sd","13:09:19",4799000
18.8,-0.2,300,"sd","13:09:10",4798700
18.8,-0.2,600,"sd","13:09:03",4798400
18.8,-0.2,300,"sd","13:09:02",4797800
18.8,-0.2,6100,"sd","13:09:00",4797500
18.8,-0.2,100,"sd","13:08:59",4791400
18.8,-0.2,100,"sd","13:08:58",4791300
18.85,-0.15,1000,"bu","13:08:57",4791200
18.8,-0.2,100,"sd","13:08:56",4790200
18.85,-0.15,1100,"bu","13:08:55",4790100
18.8,-0.2,300,"sd","13:08:52",4789000
18.8,-0.2,100,"sd","13:08:50",4788700
18.8,-0.2,1000,"sd","13:08:49",4788600
18.85,-0.15,10000,"bu","13:08:49",4787600
18.8,-0.2,300,"sd","13:08:43",4777600
18.8,-0.2,100,"sd","13:08:38",4777300
18.85,-0.15,1000,"bu","13:08:37",4777200
18.8,-0.2,300,"sd","13:08:34",4776200
18.8,-0.2,600,"sd","13:08:28",4775900
18.8,-0.2,6100,"sd","13:08:27",4775300
18.8,-0.2,300,"sd","13:08:25",4769200
18.8,-0.2,300,"sd","13:08:16",4768900
18.8,-0.2,300,"sd","13:08:07",4768600
18.8,-0.2,600,"sd","13:08:00",4768300
18.8,-0.2,300,"sd","13:07:58",4767700
18.8,-0.2,6100,"sd","13:07:55",4767400
18.8,-0.2,300,"sd","13:07:49",4761300
18.8,-0.2,300,"sd","13:07:40",4761000
18.8,-0.2,100,"sd","13:07:39",4760700
18.8,-0.2,1000,"sd","13:07:38",4760600
18.85,-0.15,500,"bu","13:07:34",4759600
18.8,-0.2,300,"sd","13:07:31",4759100
18.75,-0.25,600,"sd","13:07:23",4758800
18.75,-0.25,3600,"sd","13:07:22",4758200
18.8,-0.2,2800,"sd","13:07:22",4754600
18.8,-0.2,300,"sd","13:07:13",4751800
18.8,-0.2,100,"bu","13:07:08",4751500
18.8,-0.2,200,"sd","13:07:04",4751400
18.8,-0.2,700,"sd","13:06:59",4751200
18.8,-0.2,300,"sd","13:06:56",4750500
18.8,-0.2,200,"sd","13:06:50",4750200
18.8,-0.2,1000,"sd","13:06:50",4750000
18.8,-0.2,5500,"sd","13:06:49",4749000
18.8,-0.2,100,"sd","13:06:47",4743500
18.8,-0.2,1300,"sd","13:06:46",4743400
18.85,-0.15,500,"bu","13:06:39",4742100
18.8,-0.2,100,"sd","13:06:27",4741600
18.8,-0.2,1100,"bu","13:06:26",4741500
18.75,-0.25,500,"sd","13:06:26",4740400
18.8,-0.2,500,"bu","13:06:26",4739900
18.75,-0.25,1800,"sd","13:06:25",4739400
18.8,-0.2,18900,"bu","13:06:25",4737600
18.8,-0.2,200,"bu","13:06:23",4718700
18.75,-0.25,300,"sd","13:06:22",4718500
18.8,-0.2,500,"bu","13:06:22",4718200
18.75,-0.25,3000,"sd","13:06:21",4717700
18.8,-0.2,300,"bu","13:06:21",4714700
18.8,-0.2,30000,"bu","13:06:20",4714400
18.75,-0.25,600,"sd","13:06:18",4684400
18.75,-0.25,6400,"sd","13:06:17",4683800
18.8,-0.2,500,"bu","13:06:16",4677400
18.8,-0.2,100,"bu","13:06:14",4676900
18.75,-0.25,1400,"sd","13:06:13",4676600
18.8,-0.2,15800,"bu","13:06:13",4675200
18.8,-0.2,100,"bu","13:06:13",4659400
18.75,-0.25,100,"sd","13:06:10",4659300
18.75,-0.25,1400,"sd","13:06:09",4659200
18.8,-0.2,14400,"bu","13:06:09",4657800
18.75,-0.25,300,"sd","13:06:08",4643400
18.8,-0.2,400,"bu","13:06:05",4643100
18.8,-0.2,300,"bu","13:06:01",4642700
18.75,-0.25,300,"sd","13:05:59",4642400
18.75,-0.25,200,"sd","13:05:59",4642100
18.8,-0.2,1000,"bu","13:05:57",4641900
18.75,-0.25,300,"sd","13:05:57",4640900
18.8,-0.2,1000,"bu","13:05:57",4640600
18.75,-0.25,3600,"sd","13:05:57",4639600
18.8,-0.2,100,"bu","13:05:55",4636000
18.75,-0.25,100,"sd","13:05:54",4635900
18.75,-0.25,1800,"sd","13:05:53",4635800
18.8,-0.2,18100,"bu","13:05:52",4634000
18.75,-0.25,300,"sd","13:05:50",4615900
18.75,-0.25,100,"sd","13:05:46",4615600
18.75,-0.25,1900,"sd","13:05:45",4615500
18.75,-0.25,6100,"sd","13:05:44",4613600
18.8,-0.2,13000,"bu","13:05:44",4607500
18.75,-0.25,300,"sd","13:05:41",4594500
18.75,-0.25,100,"sd","13:05:38",4594200
18.75,-0.25,1700,"sd","13:05:37",4594100
18.75,-0.25,100,"sd","13:05:34",4592400
18.75,-0.25,1600,"sd","13:05:33",4592300
18.8,-0.2,13500,"bu","13:05:32",4590700
18.75,-0.25,200,"sd","13:05:28",4577200
18.8,-0.2,1000,"bu","13:05:28",4577000
18.75,-0.25,1000,"sd","13:05:27",4576000
18.75,-0.25,300,"sd","13:05:26",4575000
18.8,-0.2,10000,"bu","13:05:25",4574700
18.75,-0.25,300,"sd","13:05:23",4564700
18.75,-0.25,300,"sd","13:05:15",4564400
18.75,-0.25,700,"sd","13:05:13",4564100
18.75,-0.25,13500,"sd","13:05:12",4563400
18.8,-0.2,68600,"sd","13:05:11",4549900
18.8,-0.2,300,"sd","13:05:05",4481300
18.8,-0.2,100,"sd","13:04:58",4481000
18.8,-0.2,1000,"sd","13:04:57",4480900
18.85,-0.15,10000,"bu","13:04:57",4479900
18.8,-0.2,300,"sd","13:04:56",4469900
18.85,-0.15,500,"bu","13:04:53",4469600
18.85,-0.15,500,"bu","13:04:48",4469100
18.8,-0.2,300,"sd","13:04:47",4468600
18.8,-0.2,100,"sd","13:04:43",4468300
18.8,-0.2,1500,"sd","13:04:42",4468200
18.8,-0.2,15000,"sd","13:04:41",4466700
18.8,-0.2,300,"sd","13:04:40",4451700
18.8,-0.2,300,"sd","13:04:40",4451400
18.8,-0.2,3600,"sd","13:04:39",4451100
18.8,-0.2,2500,"sd","13:04:39",4447500
18.8,-0.2,500,"sd","13:04:38",4445000
18.8,-0.2,300,"sd","13:04:38",4444500
18.8,-0.2,100,"sd","13:04:30",4444200
18.8,-0.2,1300,"sd","13:04:29",4444100
18.8,-0.2,10000,"sd","13:04:29",4442800
18.8,-0.2,500,"sd","13:04:21",4432800
18.8,-0.2,300,"sd","13:04:20",4432300
18.8,-0.2,300,"sd","13:04:11",4432000
18.8,-0.2,600,"sd","13:04:07",4431700
18.8,-0.2,6100,"sd","13:04:07",4431100
18.8,-0.2,300,"sd","13:04:02",4425000
18.8,-0.2,100,"sd","13:04:01",4424700
18.8,-0.2,1600,"sd","13:04:01",4424600
18.85,-0.15,16200,"bu","13:04:00",4423000
18.8,-0.2,300,"sd","13:03:53",4406800
18.8,-0.2,300,"sd","13:03:44",4406500
18.8,-0.2,300,"sd","13:03:35",4406200
18.8,-0.2,6700,"sd","13:03:34",4405900
18.8,-0.2,100,"sd","13:03:31",4399200
18.85,-0.15,1900,"bu","13:03:30",4399100
18.8,-0.2,300,"sd","13:03:26",4397200
18.8,-0.2,100,"sd","13:03:20",4396900
18.8,-0.2,1200,"sd","13:03:19",4396800
18.85,-0.15,12500,"bu","13:03:19",4395600
18.8,-0.2,300,"sd","13:03:17",4383100
18.8,-0.2,300,"sd","13:03:15",4382800
18.85,-0.15,3800,"bu","13:03:14",4382500
18.8,-0.2,300,"sd","13:03:08",4378700
18.8,-0.2,600,"sd","13:03:03",4378400
18.8,-0.2,6100,"sd","13:03:02",4377800
18.8,-0.2,300,"sd","13:03:00",4371700
18.8,-0.2,300,"sd","13:02:50",4371400
18.8,-0.2,300,"sd","13:02:41",4371100
18.8,-0.2,300,"sd","13:02:32",4370800
18.8,-0.2,300,"sd","13:02:23",4370500
18.8,-0.2,300,"sd","13:02:14",4370200
18.8,-0.2,300,"sd","13:02:05",4369900
18.8,-0.2,300,"sd","13:01:56",4369600
18.8,-0.2,300,"sd","13:01:56",4369300
18.8,-0.2,100,"sd","13:01:37",4369000
18.8,-0.2,1400,"sd","13:01:37",4368900
18.8,-0.2,300,"sd","13:01:36",4367500
18.8,-0.2,13900,"bu","13:01:35",4367200
18.75,-0.25,700,"sd","13:01:32",4353300
18.8,-0.2,7900,"bu","13:01:31",4352600
18.75,-0.25,100,"sd","13:01:30",4344700
18.8,-0.2,1500,"bu","13:01:29",4344600
18.75,-0.25,300,"sd","13:01:27",4343100
18.8,-0.2,700,"bu","13:01:26",4342800
18.8,-0.2,100,"bu","13:01:25",4342100
18.8,-0.2,200,"bu","13:01:22",4342000
18.75,-0.25,300,"sd","13:01:17",4341800
18.75,-0.25,300,"sd","13:01:09",4341500
18.8,-0.2,500,"bu","13:01:08",4341200
18.8,-0.2,600,"bu","13:01:06",4340700
18.75,-0.25,200,"sd","13:01:05",4340100
18.8,-0.2,100,"bu","13:00:58",4339900
18.75,-0.25,200,"sd","13:00:55",4339800
18.8,-0.2,500,"bu","13:00:54",4339600
18.8,-0.2,2300,"bu","13:00:53",4339100
18.75,-0.25,500,"sd","13:00:51",4336800
18.8,-0.2,6000,"bu","13:00:51",4336300
18.8,-0.2,100,"bu","13:00:49",4330300
18.75,-0.25,100,"sd","13:00:48",4330200
18.75,-0.25,1000,"sd","13:00:47",4330100
18.8,-0.2,10700,"bu","13:00:46",4329100
18.8,-0.2,200,"bu","13:00:44",4318400
18.75,-0.25,100,"sd","13:00:41",4318200
18.75,-0.25,1500,"sd","13:00:40",4318100
18.8,-0.2,15300,"bu","13:00:39",4316600
18.8,-0.2,200,"bu","13:00:32",4301300
18.8,-0.2,500,"bu","13:00:31",4301100
18.75,-0.25,600,"sd","13:00:30",4300600
18.75,-0.25,500,"sd","13:00:29",4300000
18.75,-0.25,100,"sd","13:00:29",4299500
18.8,-0.2,200,"bu","13:00:27",4299400
18.75,-0.25,5100,"sd","13:00:27",4299200
18.8,-0.2,100,"bu","13:00:26",4294100
18.75,-0.25,1600,"sd","13:00:25",4294000
18.8,-0.2,200,"bu","13:00:21",4292400
18.8,-0.2,1000,"bu","13:00:20",4292200
18.75,-0.25,400,"sd","13:00:20",4291200
18.8,-0.2,5000,"bu","13:00:19",4290800
18.8,-0.2,4300,"bu","13:00:17",4285800
18.75,-0.25,100,"sd","13:00:16",4281500
18.8,-0.2,100,"bu","13:00:16",4281400
18.8,-0.2,1000,"bu","13:00:16",4281300
18.75,-0.25,200,"sd","13:00:14",4280300
18.8,-0.2,100,"bu","13:00:14",4280100
18.8,-0.2,2000,"bu","13:00:13",4280000
18.75,-0.25,300,"sd","13:00:13",4278000
18.75,-0.25,300,"sd","13:00:12",4277700
18.8,-0.2,500,"bu","13:00:12",4277400
18.8,-0.2,2000,"bu","13:00:11",4276900
18.75,-0.25,800,"sd","13:00:11",4274900
18.8,-0.2,1000,"bu","13:00:10",4274100
18.75,-0.25,7800,"sd","13:00:10",4273100
18.8,-0.2,78300,"sd","13:00:10",4265300
18.8,-0.2,100,"sd","13:00:08",4187000
18.8,-0.2,500,"sd","13:00:08",4186900
18.8,-0.2,1000,"sd","13:00:07",4186400
18.8,-0.2,500,"sd","13:00:06",4185400
18.8,-0.2,5000,"sd","13:00:05",4184900
18.8,-0.2,200,"sd","13:00:04",4179900
18.85,-0.15,100,"bu","13:00:02",4179700
18.8,-0.2,200,"sd","13:00:02",4179600
18.8,-0.2,300,"sd","13:00:00",4179400
18.8,-0.2,400,"sd","11:28:55",4179100
18.8,-0.2,200,"sd","11:28:46",4178700
18.8,-0.2,2700,"sd","11:28:46",4178500
18.8,-0.2,300,"sd","11:28:37",4175800
18.8,-0.2,100,"sd","11:28:36",4175500
18.8,-0.2,500,"sd","11:28:32",4175400
18.8,-0.2,300,"sd","11:28:28",4174900
18.85,-0.15,400,"bu","11:28:23",4174600
18.8,-0.2,300,"sd","11:28:19",4174200
18.8,-0.2,300,"sd","11:28:10",4173900
18.8,-0.2,300,"sd","11:28:01",4173600
18.8,-0.2,500,"sd","11:27:58",4173300
18.8,-0.2,5000,"sd","11:27:57",4172800
18.8,-0.2,200,"sd","11:27:54",4167800
18.8,-0.2,2300,"sd","11:27:53",4167600
18.8,-0.2,23600,"sd","11:27:52",4165300
18.8,-0.2,300,"sd","11:27:43",4141700
18.8,-0.2,100,"sd","11:27:38",4141400
18.8,-0.2,300,"sd","11:27:34",4141300
18.8,-0.2,300,"sd","11:27:25",4141000
18.8,-0.2,100,"sd","11:27:20",4140700
18.8,-0.2,300,"sd","11:27:16",4140600
18.8,-0.2,300,"sd","11:27:07",4140300
18.8,-0.2,300,"sd","11:26:58",4140000
18.8,-0.2,200,"sd","11:26:57",4139700
18.8,-0.2,2600,"sd","11:26:56",4139500
18.8,-0.2,100,"sd","11:26:53",4136900
18.8,-0.2,300,"sd","11:26:49",4136800
18.8,-0.2,300,"sd","11:26:40",4136500
18.8,-0.2,300,"sd","11:26:30",4136200
18.8,-0.2,300,"sd","11:26:21",4135900
18.8,-0.2,300,"sd","11:26:13",4135600
18.85,-0.15,100,"bu","11:26:11",4135300
18.8,-0.2,300,"sd","11:26:03",4135200
18.8,-0.2,2000,"bu","11:25:50",4134900
18.75,-0.25,300,"sd","11:25:44",4132900
18.75,-0.25,100,"sd","11:25:40",4132600
18.8,-0.2,1000,"bu","11:25:39",4132500
18.8,-0.2,100,"bu","11:25:35",4131500
18.75,-0.25,300,"sd","11:25:35",4131400
18.8,-0.2,300,"bu","11:25:33",4131100
18.8,-0.2,600,"bu","11:25:33",4130800
18.8,-0.2,200,"bu","11:25:32",4130200
18.8,-0.2,100,"bu","11:25:29",4130000
18.8,-0.2,500,"bu","11:25:27",4129900
18.75,-0.25,300,"sd","11:25:26",4129400
18.8,-0.2,500,"bu","11:25:24",4129100
18.75,-0.25,100,"sd","11:25:24",4128600
18.75,-0.25,100,"sd","11:25:23",4128500
18.8,-0.2,1500,"bu","11:25:22",4128400
18.75,-0.25,500,"sd","11:25:21",4126900
18.8,-0.2,5000,"bu","11:25:21",4126400
18.8,-0.2,500,"bu","11:25:19",4121400
18.75,-0.25,300,"sd","11:25:16",4120900
18.8,-0.2,300,"bu","11:25:13",4120600
18.8,-0.2,300,"bu","11:25:09",4120300
18.75,-0.25,300,"sd","11:25:08",4120000
18.75,-0.25,100,"sd","11:25:07",4119700
18.8,-0.2,1000,"bu","11:25:06",4119600
18.8,-0.2,700,"bu","11:25:05",4118600
18.8,-0.2,500,"bu","11:25:03",4117900
18.8,-0.2,900,"bu","11:25:00",4117400
18.75,-0.25,300,"sd","11:24:59",4116500
18.75,-0.25,200,"sd","11:24:58",4116200
18.75,-0.25,100,"sd","11:24:51",4116000
18.8,-0.2,1200,"bu","11:24:50",4115900
18.75,-0.25,300,"sd","11:24:49",4114700
18.8,-0.2,200,"bu","11:24:48",4114400
18.75,-0.25,300,"sd","11:24:40",4114200
18.75,-0.25,200,"sd","11:24:39",4113900
18.8,-0.2,2000,"bu","11:24:39",4113700
18.75,-0.25,200,"sd","11:24:35",4111700
18.8,-0.2,2100,"bu","11:24:34",4111500
18.75,-0.25,300,"sd","11:24:31",4109400
18.75,-0.25,300,"sd","11:24:23",4109100
18.75,-0.25,100,"sd","11:24:14",4108800
18.75,-0.25,1000,"sd","11:24:13",4108700
18.8,-0.2,10900,"sd","11:24:12",4107700
18.8,-0.2,100,"sd","11:24:06",4096800
18.8,-0.2,1100,"sd","11:24:05",4096700
18.8,-0.2,11400,"bu","11:24:04",4095600
18.8,-0.2,100,"bu","11:24:01",4084200
18.75,-0.25,100,"sd","11:24:00",4084100
18.75,-0.25,1800,"sd","11:23:58",4084000
18.8,-0.2,18800,"sd","11:23:58",4082200
18.8,-0.2,100,"sd","11:23:54",4063400
18.8,-0.2,900,"sd","11:23:54",4063300
18.8,-0.2,600,"sd","11:23:53",4062400
18.8,-0.2,9600,"bu","11:23:53",4061800
18.75,-0.25,200,"sd","11:23:51",4052200
18.75,-0.25,2600,"sd","11:23:50",4052000
18.8,-0.2,26400,"sd","11:23:48",4049400
18.8,-0.2,300,"sd","11:23:45",4023000
18.8,-0.2,300,"sd","11:23:36",4022700
18.8,-0.2,100,"sd","11:23:33",4022400
18.8,-0.2,300,"sd","11:23:26",4022300
18.8,-0.2,300,"sd","11:23:17",4022000
18.8,-0.2,300,"sd","11:23:09",4021700
18.8,-0.2,300,"sd","11:22:59",4021400
18.8,-0.2,200,"sd","11:22:52",4021100
18.8,-0.2,400,"sd","11:22:51",4020900
18.8,-0.2,500,"sd","11:22:50",4020500
18.8,-0.2,3000,"sd","11:22:49",4020000
18.85,-0.15,2000,"bu","11:22:49",4017000
18.8,-0.2,200,"sd","11:22:40",4015000
18.8,-0.2,100,"sd","11:22:40",4014800
18.8,-0.2,2000,"sd","11:22:39",4014700
18.8,-0.2,1000,"bu","11:22:38",4012700
18.8,-0.2,200,"bu","11:22:34",4011700
18.75,-0.25,300,"sd","11:22:32",4011500
18.75,-0.25,100,"sd","11:22:23",4011200
18.75,-0.25,300,"sd","11:22:22",4011100
18.8,-0.2,1000,"bu","11:22:22",4010800
18.8,-0.2,500,"bu","11:22:18",4009800
18.75,-0.25,300,"sd","11:22:13",4009300
18.8,-0.2,100,"bu","11:22:13",4009000
18.75,-0.25,100,"sd","11:22:11",4008900
18.75,-0.25,1300,"sd","11:22:11",4008800
18.75,-0.25,13600,"sd","11:22:09",4007500
18.75,-0.25,23900,"sd","11:22:09",3993900
18.8,-0.2,4500,"sd","11:22:08",3970000
18.8,-0.2,5000,"sd","11:22:06",3965500
18.8,-0.2,300,"sd","11:22:04",3960500
18.85,-0.15,100,"bu","11:22:04",3960200
18.8,-0.2,200,"sd","11:22:02",3960100
18.8,-0.2,2000,"sd","11:22:00",3959900
18.8,-0.2,300,"sd","11:21:55",3957900
18.8,-0.2,300,"sd","11:21:47",3957600
18.8,-0.2,2900,"sd","11:21:47",3957300
18.85,-0.15,1000,"bu","11:21:46",3954400
18.8,-0.2,29600,"sd","11:21:46",3953400
18.8,-0.2,21000,"sd","11:21:45",3923800
18.8,-0.2,272200,"sd","11:21:45",3902800
18.8,-0.2,300,"sd","11:21:37",3630600
18.8,-0.2,300,"sd","11:21:28",3630300
18.8,-0.2,300,"sd","11:21:20",3630000
18.8,-0.2,300,"sd","11:21:19",3629700
18.85,-0.15,2700,"bu","11:21:18",3629400
18.8,-0.2,300,"sd","11:21:15",3626700
18.8,-0.2,300,"sd","11:21:10",3626400
18.8,-0.2,300,"sd","11:21:01",3626100
18.8,-0.2,100,"sd","11:20:55",3625800
18.85,-0.15,1000,"bu","11:20:54",3625700
18.8,-0.2,400,"sd","11:20:52",3624700
18.85,-0.15,1000,"bu","11:20:50",3624300
18.8,-0.2,300,"sd","11:20:43",3623300
18.8,-0.2,300,"sd","11:20:34",3623000
18.8,-0.2,300,"sd","11:20:25",3622700
18.8,-0.2,300,"sd","11:20:16",3622400
18.8,-0.2,300,"sd","11:20:15",3622100
18.8,-0.2,100,"sd","11:20:07",3621800
18.85,-0.15,1000,"sd","11:20:06",3621700
18.8,-0.2,300,"sd","11:19:58",3620700
18.85,-0.15,100,"sd","11:19:58",3620400
18.8,-0.2,300,"sd","11:19:49",3620300
18.85,-0.15,900,"sd","11:19:43",3620000
18.85,-0.15,100,"sd","11:19:41",3619100
18.8,-0.2,300,"sd","11:19:40",3619000
18.8,-0.2,1300,"sd","11:19:39",3618700
18.8,-0.2,400,"sd","11:19:39",3617400
18.8,-0.2,3500,"sd","11:19:38",3617000
18.8,-0.2,700,"sd","11:19:37",3613500
18.85,-0.15,300,"sd","11:19:37",3612800
18.85,-0.15,7500,"sd","11:19:36",3612500
18.85,-0.15,300,"sd","11:19:30",3605000
18.85,-0.15,300,"sd","11:19:29",3604700
18.85,-0.15,300,"sd","11:19:21",3604400
18.85,-0.15,300,"sd","11:19:12",3604100
18.85,-0.15,100,"sd","11:19:12",3603800
18.85,-0.15,1400,"sd","11:19:11",3603700
18.85,-0.15,300,"sd","11:19:03",3602300
18.85,-0.15,300,"sd","11:18:54",3602000
18.85,-0.15,400,"sd","11:18:50",3601700
18.85,-0.15,300,"sd","11:18:45",3601300
18.85,-0.15,100,"sd","11:18:42",3601000
18.85,-0.15,1400,"sd","11:18:40",3600900
18.85,-0.15,300,"sd","11:18:36",3599500
18.85,-0.15,200,"sd","11:18:28",3599200
18.85,-0.15,100,"sd","11:18:27",3599000
18.85,-0.15,500,"sd","11:18:18",3598900
18.85,-0.15,100,"sd","11:18:12",3598400
18.85,-0.15,300,"sd","11:18:11",3598300
18.85,-0.15,1400,"sd","11:18:10",3598000
18.85,-0.15,300,"sd","11:18:09",3596600
18.85,-0.15,300,"sd","11:18:00",3596300
18.85,-0.15,300,"sd","11:17:51",3596000
18.85,-0.15,100,"sd","11:17:50",3595200
18.85,-0.15,7000,"sd","11:17:49",3595100
18.85,-0.15,400,"sd","11:17:42",3588100
18.85,-0.15,1100,"sd","11:17:41",3587700
18.85,-0.15,300,"sd","11:17:40",3586600
18.85,-0.15,600,"sd","11:17:33",3586300
18.85,-0.15,300,"sd","11:17:32",3585700
18.85,-0.15,300,"sd","11:17:24",3585400
18.85,-0.15,300,"sd","11:17:15",3585100
18.85,-0.15,100,"sd","11:17:12",3584800
18.85,-0.15,1400,"sd","11:17:10",3584700
18.85,-0.15,300,"sd","11:17:06",3583300
18.85,-0.15,300,"sd","11:16:57",3583000
18.85,-0.15,600,"sd","11:16:54",3582700
18.85,-0.15,400,"sd","11:16:52",3582100
18.85,-0.15,300,"sd","11:16:48",3581700
18.85,-0.15,100,"sd","11:16:42",3581400
18.85,-0.15,1400,"sd","11:16:40",3581300
18.85,-0.15,300,"sd","11:16:39",3579900
18.85,-0.15,800,"sd","11:16:30",3579600
18.85,-0.15,300,"sd","11:16:21",3578800
18.85,-0.15,600,"sd","11:16:15",3578500
18.85,-0.15,6000,"sd","11:16:14",3577900
18.85,-0.15,300,"sd","11:16:13",3571900
18.85,-0.15,500,"sd","11:16:12",3571600
18.85,-0.15,1400,"sd","11:16:10",3571100
18.85,-0.15,300,"sd","11:16:03",3569700
18.85,-0.15,200,"sd","11:16:01",3569400
