"price","change","match_qtty","side","time","total_vol"
32200.000000000004,0,7400,"bu","09:15:03",7400
32200.000000000004,0,100,"bu","09:16:48",7500
32250,50,800,"sd","09:17:41",8300
32250,50,100,"bu","09:17:51",8400
32200.000000000004,0,3000,"bu","09:17:53",11400
32250,50,100,"sd","09:17:59",11500
32250,50,500,"sd","09:18:04",12000
32250,50,300,"sd","09:18:07",12300
32250,50,400,"sd","09:18:30",12700
32250,50,100,"sd","09:18:31",12800
32250,50,2600,"sd","09:18:58",15400
32299.999999999996,100,100,"bu","09:19:17",15500
32400,200,800,"sd","09:20:00",16300
32400,200,1800,"sd","09:20:01",18100
32350,150,100,"sd","09:20:02",18200
32350,150,1100,"bu","09:21:37",19300
32400,200,3900,"sd","09:21:48",23200
32400,200,100,"bu","09:21:50",23300
32450.000000000004,250,2700,"bu","09:22:03",26000
32450.000000000004,250,100,"sd","09:22:17",26100
32450.000000000004,250,3000,"sd","09:22:26",29100
32450.000000000004,250,500,"sd","09:22:27",29600
32500,300,1500,"bu","09:22:36",31100
32450.000000000004,250,100,"bu","09:22:38",31200
32500,300,800,"bu","09:22:48",32000
32450.000000000004,250,200,"bu","09:22:51",32200
32450.000000000004,250,1500,"bu","09:23:02",33700
32450.000000000004,250,100,"bu","09:23:09",33800
32500,300,2600,"sd","09:23:16",36400
32500,300,200,"sd","09:23:27",36600
32450.000000000004,250,100,"bu","09:23:29",36700
32500,300,200,"bu","09:23:31",36900
32450.000000000004,250,100,"sd","09:23:36",37000
32450.000000000004,250,4100,"bu","09:24:02",41100
32450.000000000004,250,400,"sd","09:24:06",41500
32500,300,2000,"bu","09:24:08",43500
32450.000000000004,250,1100,"bu","09:24:18",44600
32450.000000000004,250,1000,"bu","09:24:47",45600
32500,300,100,"sd","09:25:07",45700
32450.000000000004,250,200,"sd","09:25:11",45900
32450.000000000004,250,100,"sd","09:25:12",46000
32450.000000000004,250,700,"bu","09:25:26",46700
32450.000000000004,250,400,"sd","09:25:48",47100
32450.000000000004,250,200,"bu","09:26:07",47300
32500,300,1000,"bu","09:26:10",48300
32450.000000000004,250,2000,"sd","09:26:11",50300
32450.000000000004,250,300,"sd","09:26:32",50600
32450.000000000004,250,500,"bu","09:26:35",51100
32500,300,100,"bu","09:26:36",51200
32450.000000000004,250,500,"bu","09:27:10",51700
32500,300,1200,"sd","09:27:26",52900
32450.000000000004,250,1000,"bu","09:27:32",53900
32450.000000000004,250,1900,"bu","09:27:34",55800
32450.000000000004,250,500,"bu","09:27:50",56300
32500,300,3000,"sd","09:27:58",59300
32450.000000000004,250,200,"sd","09:28:04",59500
32450.000000000004,250,100,"bu","09:28:24",59600
32450.000000000004,250,1000,"sd","09:28:40",60600
32450.000000000004,250,3100,"sd","09:29:11",63700
32500,300,10500,"sd","09:29:18",74200
32450.000000000004,250,19300,"bu","09:29:29",93500
32450.000000000004,250,300,"sd","09:29:38",93800
32400,200,100,"sd","09:29:54",93900
32400,200,500,"sd","09:30:50",94400
32400,200,700,"sd","09:30:56",95100
32400,200,1000,"sd","09:31:18",99500
32350,150,1000,"sd","09:31:37",100500
32400,200,2000,"bu","09:31:40",102500
32400,200,7000,"bu","09:32:07",109500
32400,200,100,"sd","09:32:40",109600
32350,150,300,"sd","09:32:43",109900
32400,200,700,"sd","09:32:52",110600
32400,200,500,"bu","09:32:53",111100
32400,200,200,"sd","09:33:49",111300
32350,150,300,"bu","09:35:45",111600
32350,150,1000,"bu","09:36:07",112600
32350,150,300,"bu","09:36:29",112900
32350,150,100,"sd","09:36:29",113000
32350,150,1000,"sd","09:36:38",114000
32400,200,500,"sd","09:36:47",114500
32400,200,800,"bu","09:37:08",115300
32400,200,1000,"sd","09:38:02",116300
32400,200,3000,"sd","09:38:17",119300
32350,150,100,"sd","09:39:02",119400
32350,150,2000,"bu","09:39:22",121400
32350,150,600,"sd","09:39:34",122000
32350,150,4000,"bu","09:41:02",126000
32350,150,100,"sd","09:41:24",126100
32400,200,1000,"sd","09:41:25",127100
32350,150,300,"bu","09:42:03",127400
32350,150,500,"bu","09:42:21",127900
32350,150,100,"sd","09:42:29",128000
32350,150,800,"sd","09:43:26",128800
32400,200,100,"bu","09:43:43",128900
32400,200,300,"sd","09:44:10",129200
32350,150,1400,"sd","09:45:10",130600
32350,150,400,"bu","09:45:30",131000
32350,150,4600,"bu","09:45:31",135600
32299.999999999996,100,10000,"bu","09:45:50",145600
32299.999999999996,100,4500,"bu","09:45:55",150100
32299.999999999996,100,2000,"bu","09:46:54",152100
32250,50,100,"bu","09:47:00",152200
32250,50,9100,"sd","09:49:35",161300
32250,50,2000,"sd","09:50:35",163300
32200.000000000004,0,3500,"sd","09:51:40",166800
32200.000000000004,0,100,"sd","09:52:20",166900
32200.000000000004,0,10200,"sd","09:53:19",177100
32200.000000000004,0,14000,"sd","09:53:29",191100
32200.000000000004,0,200,"sd","09:53:36",191300
32200.000000000004,0,20400,"bu","09:54:32",211700
32200.000000000004,0,200,"sd","09:55:04",211900
32200.000000000004,0,500,"sd","09:55:11",212400
32200.000000000004,0,1100,"sd","09:55:15",213500
32200.000000000004,0,1600,"sd","09:56:22",215100
32200.000000000004,0,2500,"sd","09:57:24",217600
32200.000000000004,0,2400,"bu","09:57:47",220000
32200.000000000004,0,100,"bu","09:57:59",220100
32200.000000000004,0,400,"sd","09:58:48",220500
32200.000000000004,0,900,"bu","10:00:03",221400
32200.000000000004,0,300,"sd","10:00:55",221700
32200.000000000004,0,700,"bu","10:01:59",222400
32200.000000000004,0,400,"bu","10:02:19",222800
32200.000000000004,0,400,"bu","10:03:51",223200
32200.000000000004,0,500,"bu","10:04:18",223700
32200.000000000004,0,600,"bu","10:04:52",224300
32200.000000000004,0,700,"sd","10:04:53",225000
32200.000000000004,0,500,"bu","10:06:13",225500
32200.000000000004,0,200,"bu","10:06:42",225700
32200.000000000004,0,300,"bu","10:07:27",226000
32100,-100,8200,"sd","10:08:21",234200
32100,-100,1000,"bu","10:08:36",235200
32049.999999999996,-150,4700,"sd","10:09:06",239900
32049.999999999996,-150,5100,"bu","10:09:16",245000
32049.999999999996,-150,500,"sd","10:09:47",245500
32000,-200,23200,"bu","10:10:17",268700
31950,-250,1000,"bu","10:11:00",269700
32000,-200,500,"bu","10:12:09",270200
31950,-250,2000,"bu","10:12:11",272200
31950,-250,400,"sd","10:12:38",272600
32000,-200,5000,"bu","10:13:29",277600
32000,-200,1000,"sd","10:13:41",278600
32000,-200,2000,"sd","10:13:45",280600
31950,-250,11000,"sd","10:13:47",291600
31950,-250,800,"bu","10:13:58",292400
31900,-300,9300,"bu","10:14:00",301700
31850,-350,400,"bu","10:14:01",302100
31900,-300,2800,"sd","10:14:04",304900
31900,-300,1000,"bu","10:14:18",305900
31900,-300,900,"sd","10:14:20",306800
31900,-300,100,"bu","10:14:22",306900
31850,-350,3000,"sd","10:14:28",309900
31950,-250,4200,"sd","10:14:42",314100
31950,-250,800,"bu","10:14:47",314900
31950,-250,300,"sd","10:15:00",315200
31950,-250,400,"sd","10:16:52",315600
32000,-200,1000,"bu","10:17:57",316600
32000,-200,200,"bu","10:18:16",316800
32000,-200,5700,"sd","10:18:22",322500
32000,-200,1000,"sd","10:18:26",323500
32000,-200,900,"bu","10:18:33",324400
32000,-200,100,"sd","10:18:34",324500
32000,-200,4000,"sd","10:18:39",328500
32049.999999999996,-150,500,"bu","10:19:24",329000
32000,-200,1000,"bu","10:19:27",330000
32049.999999999996,-150,100,"sd","10:19:28",330100
32049.999999999996,-150,1000,"sd","10:19:30",331100
32049.999999999996,-150,500,"bu","10:19:35",331600
32049.999999999996,-150,1500,"sd","10:19:46",333100
32100,-100,200,"bu","10:20:09",333300
32100,-100,1000,"bu","10:20:27",334300
32100,-100,1400,"bu","10:20:32",335700
32100,-100,100,"bu","10:20:51",335800
32100,-100,300,"bu","10:21:26",336100
32100,-100,5000,"bu","10:22:20",341100
32100,-100,1000,"bu","10:22:32",342100
32100,-100,100,"bu","10:22:51",342200
32100,-100,800,"bu","10:23:46",343000
32100,-100,100,"sd","10:24:55",343100
32100,-100,800,"bu","10:25:04",343900
32049.999999999996,-150,5500,"bu","10:25:59",349400
32000,-200,6000,"bu","10:26:04",355400
32000,-200,500,"bu","10:26:41",355900
31900,-300,24500,"sd","10:27:25",380400
31900,-300,2000,"sd","10:28:01",382400
32100,-100,500,"bu","10:28:37",382900
32049.999999999996,-150,1500,"bu","10:31:14",384400
32049.999999999996,-150,100,"sd","10:34:28",384500
32000,-200,400,"sd","10:35:16",384900
32049.999999999996,-150,1000,"sd","10:36:35",385900
32049.999999999996,-150,400,"sd","10:39:35",386300
32049.999999999996,-150,100,"sd","10:40:12",386400
32049.999999999996,-150,200,"bu","10:41:08",386600
32100,-100,500,"bu","10:41:55",387100
32000,-200,3600,"sd","10:43:15",390700
32000,-200,1500,"sd","10:43:25",392200
32000,-200,1400,"sd","10:44:15",393600
32000,-200,600,"bu","10:44:28",394200
32000,-200,200,"bu","10:46:08",394400
32000,-200,100,"bu","10:46:41",394500
31950,-250,1000,"sd","10:46:57",395500
32000,-200,15800,"sd","10:47:01",411300
31900,-300,2300,"bu","10:47:25",413600
31900,-300,5000,"bu","10:47:58",418600
31900,-300,10000,"sd","10:49:01",428600
31900,-300,3100,"bu","10:49:11",431700
31850,-350,1600,"bu","10:49:38",433300
31900,-300,700,"bu","10:49:52",434000
31900,-300,500,"sd","10:50:13",434500
31900,-300,300,"bu","10:50:17",434800
31900,-300,100,"sd","10:50:24",434900
31900,-300,500,"sd","10:50:30",435400
31900,-300,100,"sd","10:50:58",435500
31850,-350,2100,"sd","10:51:15",437600
31850,-350,4000,"sd","10:51:20",441600
31850,-350,200,"bu","10:51:36",441800
31900,-300,300,"sd","10:52:22",442100
31900,-300,5000,"sd","10:53:17",447100
31900,-300,6000,"sd","10:53:26",453100
31900,-300,100,"sd","10:53:49",453200
31900,-300,200,"sd","10:54:14",453400
31900,-300,1600,"bu","10:54:57",455000
31900,-300,200,"bu","10:55:01",455200
31900,-300,300,"bu","10:55:10",455500
31900,-300,100,"bu","10:55:55",455600
31850,-350,1100,"sd","10:57:28",456700
31850,-350,4000,"bu","10:57:34",460700
31900,-300,1000,"bu","10:57:38",461700
31850,-350,6100,"sd","10:57:52",467800
31900,-300,1000,"bu","10:58:08",468800
31900,-300,200,"sd","10:58:34",469000
31850,-350,6000,"sd","10:58:42",475000
31850,-350,100,"sd","10:59:13",475100
31850,-350,500,"bu","10:59:26",475600
31850,-350,100,"bu","10:59:48",475700
31900,-300,500,"bu","11:00:25",476200
31850,-350,10000,"sd","11:00:42",486200
31850,-350,7600,"sd","11:00:49",493800
31800,-400,2900,"sd","11:00:55",496700
31800,-400,7300,"bu","11:01:03",504000
31800,-400,1000,"sd","11:01:52",505000
31800,-400,12200,"bu","11:02:08",517200
31850,-350,5000,"sd","11:02:11",522200
31800,-400,20000,"bu","11:02:16",542200
31800,-400,10000,"bu","11:02:38",552200
31800,-400,500,"sd","11:02:49",552700
31850,-350,1900,"bu","11:03:09",554600
31850,-350,200,"bu","11:03:24",554800
31850,-350,600,"sd","11:03:31",555400
31850,-350,100,"sd","11:03:42",555500
31850,-350,2000,"bu","11:04:09",557500
31850,-350,300,"sd","11:04:56",557800
31850,-350,200,"bu","11:05:17",558000
31800,-400,1400,"sd","11:05:32",559400
31850,-350,100,"bu","11:05:38",559500
31800,-400,400,"bu","11:05:57",559900
31800,-400,200,"sd","11:06:03",560100
31800,-400,4000,"sd","11:07:17",564100
31850,-350,200,"sd","11:07:23",564300
31850,-350,100,"sd","11:07:30",564400
31800,-400,5200,"bu","11:07:38",569600
31850,-350,100,"bu","11:07:43",569700
31800,-400,4100,"bu","11:10:25",573800
31800,-400,2000,"sd","11:11:51",575800
31800,-400,3000,"bu","11:12:48",578800
31850,-350,600,"sd","11:13:53",579400
31850,-350,100,"sd","11:14:29",579500
31850,-350,300,"sd","11:14:31",579800
31850,-350,3000,"bu","11:16:26",582800
31900,-300,1000,"sd","11:17:18",583800
31850,-350,3000,"sd","11:17:56",586800
31900,-300,1000,"bu","11:18:46",587800
31900,-300,500,"sd","11:19:22",588300
31900,-300,1500,"bu","11:19:29",589800
31900,-300,2000,"sd","11:19:36",591800
31950,-250,200,"bu","11:21:02",592000
32000,-200,3000,"bu","11:21:38",595000
32000,-200,100,"sd","11:22:06",595100
32000,-200,2000,"bu","11:23:20",597100
32000,-200,1800,"bu","11:24:05",598900
31850,-350,2000,"sd","11:24:08",600900
31850,-350,4000,"sd","11:25:27",604900
31900,-300,1000,"sd","11:27:27",605900
31900,-300,2000,"bu","13:00:14",607900
31900,-300,200,"bu","13:00:16",608100
31850,-350,2000,"sd","13:00:32",610100
31850,-350,200,"sd","13:00:51",610300
31850,-350,800,"bu","13:01:56",611100
31850,-350,100,"bu","13:02:17",611200
31900,-300,300,"sd","13:03:00",611500
31850,-350,1000,"sd","13:03:08",612500
31900,-300,200,"bu","13:04:59",612700
31900,-300,700,"sd","13:05:25",613400
31850,-350,1500,"bu","13:06:02",614900
31850,-350,1200,"sd","13:06:44",616100
31850,-350,8000,"sd","13:06:49",624100
31850,-350,200,"sd","13:07:00",624300
31850,-350,3400,"bu","13:07:01",627700
31850,-350,600,"bu","13:07:07",628300
31850,-350,2600,"sd","13:07:10",630900
31850,-350,1000,"sd","13:07:24",631900
31850,-350,2400,"sd","13:07:30",634300
31850,-350,100,"sd","13:08:17",634400
31900,-300,500,"bu","13:08:51",634900
31900,-300,700,"sd","13:09:33",635600
31900,-300,500,"bu","13:09:46",636100
31900,-300,5500,"bu","13:09:58",641600
31900,-300,100,"sd","13:10:06",641700
31900,-300,12500,"bu","13:10:26",654200
31900,-300,15000,"sd","13:10:46",669200
31850,-350,10000,"sd","13:11:02",679200
31900,-300,5300,"sd","13:11:04",684500
31850,-350,1500,"bu","13:11:08",686000
31850,-350,200,"bu","13:11:09",686200
31850,-350,100,"sd","13:11:19",686300
31850,-350,5000,"sd","13:12:05",691300
31850,-350,500,"sd","13:12:09",691800
31850,-350,300,"bu","13:12:14",692100
31850,-350,200,"sd","13:12:27",692300
31850,-350,1100,"sd","13:12:30",693400
31850,-350,500,"bu","13:12:32",693900
31850,-350,1000,"bu","13:12:44",694900
31850,-350,500,"bu","13:12:45",695400
31900,-300,3000,"bu","13:13:53",698400
31900,-300,300,"sd","13:14:05",698700
31900,-300,3700,"sd","13:14:08",702400
31900,-300,1300,"sd","13:14:14",703700
31900,-300,600,"bu","13:14:36",704300
31900,-300,1400,"sd","13:14:48",705700
31900,-300,500,"sd","13:15:08",706200
31900,-300,600,"sd","13:15:39",706800
31900,-300,100,"bu","13:15:46",706900
31900,-300,200,"bu","13:15:54",707100
31900,-300,900,"bu","13:16:24",708000
31950,-250,1000,"bu","13:16:55",709000
32000,-200,6300,"bu","13:17:06",715300
31900,-300,5100,"sd","13:17:47",720400
31900,-300,2900,"sd","13:17:48",723300
31900,-300,400,"sd","13:17:57",723700
31900,-300,4600,"bu","13:18:01",728300
31950,-250,500,"bu","13:18:27",728800
31950,-250,700,"bu","13:18:34",729500
31950,-250,1200,"sd","13:19:16",730700
31950,-250,1600,"sd","13:19:26",732300
31950,-250,1500,"bu","13:19:44",733800
31950,-250,2500,"bu","13:19:50",736300
31950,-250,3800,"bu","13:20:07",740100
31950,-250,5000,"bu","13:20:22",745100
31950,-250,100,"sd","13:21:00",745200
31950,-250,700,"bu","13:21:01",745900
31950,-250,100,"bu","13:21:14",746000
31950,-250,3000,"sd","13:21:31",749000
31950,-250,1000,"sd","13:21:47",750000
31950,-250,5000,"sd","13:21:57",755000
31950,-250,11100,"bu","13:23:01",766100
31950,-250,100,"sd","13:23:22",766200
31950,-250,300,"sd","13:23:48",766500
31950,-250,700,"bu","13:24:35",767200
31950,-250,5000,"bu","13:24:45",772200
31950,-250,1500,"sd","13:25:11",773700
31950,-250,1600,"bu","13:25:14",775300
31950,-250,800,"sd","13:26:07",776100
31950,-250,300,"sd","13:26:09",776400
31950,-250,300,"sd","13:26:16",776700
32000,-200,5800,"sd","13:27:32",782500
32000,-200,5000,"bu","13:27:42",787500
32000,-200,700,"sd","13:28:09",788200
32000,-200,2000,"bu","13:29:15",790200
32000,-200,100,"bu","13:29:51",790300
32000,-200,2000,"bu","13:30:07",792300
32000,-200,5000,"sd","13:30:12",797300
32000,-200,200,"bu","13:30:19",797500
32000,-200,500,"sd","13:30:22",798000
32000,-200,4800,"bu","13:30:32",802800
32000,-200,300,"sd","13:31:03",803100
32000,-200,2000,"sd","13:31:07",805100
32000,-200,500,"bu","13:31:19",805600
32000,-200,1000,"sd","13:31:37",806600
32000,-200,2100,"sd","13:31:41",808700
32000,-200,100,"bu","13:32:06",808800
32000,-200,1000,"bu","13:32:13",809800
32000,-200,500,"sd","13:33:24",810300
32000,-200,1000,"sd","13:33:41",811300
32049.999999999996,-150,2600,"bu","13:34:34",813900
32000,-200,2000,"sd","13:34:44",815900
32000,-200,4300,"bu","13:35:20",820200
31950,-250,600,"sd","13:36:04",820800
31950,-250,100,"sd","13:36:44",820900
31950,-250,1000,"sd","13:38:00",821900
31950,-250,2000,"sd","13:38:04",823900
31950,-250,100,"bu","13:38:20",824000
31950,-250,1500,"sd","13:38:28",825500
31950,-250,20000,"bu","13:38:39",845500
31950,-250,1000,"sd","13:38:45",846500
31950,-250,500,"bu","13:38:56",847000
31950,-250,100,"bu","13:39:01",847100
31950,-250,200,"bu","13:39:02",847300
31950,-250,5100,"sd","13:39:09",852400
31900,-300,10000,"sd","13:39:25",862400
31900,-300,3000,"sd","13:40:34",865400
31900,-300,500,"sd","13:40:46",865900
31900,-300,20500,"sd","13:41:09",886400
31900,-300,700,"bu","13:41:30",887100
31900,-300,700,"bu","13:41:33",887800
31900,-300,300,"bu","13:42:05",888100
31900,-300,2500,"bu","13:42:12",890600
31900,-300,400,"sd","13:42:19",891000
31900,-300,100,"sd","13:42:40",891100
31900,-300,300,"bu","13:42:45",891400
31850,-350,5000,"sd","13:42:53",896400
31850,-350,300,"bu","13:42:55",896700
31850,-350,100,"sd","13:43:11",896800
31850,-350,200,"sd","13:43:24",897000
31900,-300,300,"bu","13:43:25",897300
31900,-300,1000,"bu","13:43:48",898300
31900,-300,1500,"bu","13:44:16",899800
31900,-300,3500,"sd","13:45:36",903300
31900,-300,300,"sd","13:45:37",903600
31900,-300,2400,"sd","13:45:44",906000
31900,-300,200,"bu","13:45:52",906200
31900,-300,5000,"sd","13:46:08",911200
31900,-300,1000,"sd","13:46:50",912200
31900,-300,4500,"bu","13:47:33",916700
31900,-300,300,"bu","13:47:58",917000
31950,-250,200,"bu","13:48:39",917200
31950,-250,1700,"sd","13:49:48",918900
31950,-250,2000,"bu","13:50:16",920900
31900,-300,300,"bu","13:50:31",921200
31950,-250,5000,"sd","13:50:41",926200
31900,-300,5000,"sd","13:50:50",931200
31950,-250,100,"bu","13:51:31",931300
31950,-250,1000,"sd","13:51:40",932300
31950,-250,500,"sd","13:51:44",932800
31900,-300,200,"bu","13:53:13",933000
31900,-300,100,"sd","13:54:29",933100
31900,-300,1100,"bu","13:55:11",934200
31900,-300,200,"sd","13:56:37",934400
31950,-250,1100,"bu","13:56:59",935500
31900,-300,21000,"sd","13:57:50",956500
31900,-300,400,"bu","13:58:32",956900
31900,-300,100,"sd","13:58:55",957000
31900,-300,600,"bu","13:59:59",957600
31900,-300,1100,"sd","14:00:09",958700
31900,-300,200,"bu","14:00:40",958900
31900,-300,100,"bu","14:01:27",959000
31850,-350,20000,"bu","14:01:30",979000
31900,-300,800,"sd","14:01:32",979800
31850,-350,20200,"bu","14:01:49",1000000
31850,-350,2700,"sd","14:01:54",1002700
31850,-350,500,"sd","14:02:24",1003200
31850,-350,200,"sd","14:02:54",1003400
31800,-400,10500,"bu","14:03:01",1013900
31850,-350,200,"bu","14:03:21",1014100
31850,-350,2000,"bu","14:03:32",1016100
31800,-400,1000,"sd","14:03:58",1017100
31850,-350,10000,"sd","14:04:06",1027100
31800,-400,10000,"bu","14:04:19",1037100
31800,-400,10000,"sd","14:04:28",1047100
31800,-400,10000,"sd","14:04:34",1057100
31800,-400,10100,"bu","14:04:40",1067200
31800,-400,6900,"sd","14:04:42",1074100
31800,-400,200,"sd","14:04:45",1074300
31750,-450,1000,"bu","14:04:52",1075300
31750,-450,2000,"sd","14:05:01",1077300
31800,-400,5000,"sd","14:05:14",1082300
31800,-400,1000,"sd","14:05:45",1083300
31800,-400,300,"bu","14:05:54",1083600
31800,-400,200,"sd","14:05:58",1083800
31750,-450,2500,"sd","14:06:12",1086300
31750,-450,4300,"sd","14:06:27",1090600
31750,-450,4000,"sd","14:06:31",1094600
31750,-450,3600,"sd","14:06:37",1098200
31750,-450,4700,"bu","14:06:43",1102900
31750,-450,1700,"sd","14:06:59",1104600
31750,-450,300,"sd","14:07:04",1104900
31750,-450,100,"bu","14:07:11",1105000
31700,-500,300,"bu","14:07:22",1105300
31750,-450,5500,"bu","14:08:06",1110800
31750,-450,1200,"sd","14:08:10",1112000
31750,-450,2000,"sd","14:08:18",1114000
31750,-450,4200,"sd","14:08:38",1118200
31800,-400,300,"bu","14:08:50",1118500
31750,-450,600,"bu","14:08:59",1119100
31750,-450,300,"bu","14:09:02",1119400
31800,-400,100,"bu","14:09:13",1119500
31750,-450,600,"sd","14:09:17",1120100
31750,-450,6200,"bu","14:09:29",1126300
31750,-450,500,"sd","14:09:36",1126800
31750,-450,200,"bu","14:09:44",1127000
31700,-500,1000,"bu","14:09:46",1128000
31700,-500,100,"bu","14:09:57",1128100
31700,-500,300,"sd","14:10:11",1128400
31750,-450,3200,"bu","14:10:13",1131600
31750,-450,200,"bu","14:10:20",1131800
31800,-400,5000,"sd","14:12:01",1136800
31800,-400,3200,"sd","14:12:08",1140000
31800,-400,1000,"bu","14:12:10",1141000
31800,-400,1300,"bu","14:12:13",1142300
31800,-400,1000,"sd","14:12:17",1143300
31800,-400,200,"bu","14:12:20",1143500
31800,-400,4700,"bu","14:12:24",1148200
31850,-350,1100,"bu","14:12:51",1149300
31850,-350,100,"sd","14:12:53",1149400
31850,-350,500,"bu","14:12:55",1149900
31850,-350,200,"bu","14:13:00",1150100
31850,-350,1700,"bu","14:13:02",1151800
31900,-300,1000,"sd","14:13:14",1152800
31900,-300,2100,"bu","14:13:24",1154900
31900,-300,2200,"sd","14:13:25",1157100
31900,-300,3000,"bu","14:13:36",1160100
31950,-250,2000,"bu","14:13:45",1162100
31950,-250,2000,"bu","14:14:35",1164100
31900,-300,1000,"bu","14:14:44",1165100
31900,-300,900,"bu","14:14:46",1166000
31900,-300,10000,"bu","14:16:12",1176000
31900,-300,1200,"sd","14:16:35",1177200
31900,-300,100,"sd","14:17:07",1177300
31850,-350,1000,"sd","14:17:26",1178300
31850,-350,1000,"sd","14:18:12",1179300
31850,-350,800,"sd","14:18:16",1180100
31900,-300,500,"bu","14:18:24",1180600
31850,-350,700,"bu","14:20:01",1181300
31850,-350,100,"sd","14:20:28",1181400
31850,-350,500,"bu","14:20:32",1181900
31850,-350,300,"sd","14:21:19",1182200
31850,-350,1500,"bu","14:21:30",1183700
31850,-350,3000,"sd","14:22:00",1186700
31850,-350,1000,"sd","14:22:06",1187700
31850,-350,3000,"bu","14:22:16",1190700
31850,-350,3400,"sd","14:22:33",1194100
31850,-350,3600,"sd","14:22:38",1197700
31850,-350,1000,"sd","14:22:48",1198700
31850,-350,4200,"sd","14:23:54",1202900
31850,-350,400,"sd","14:24:02",1203300
31850,-350,1100,"sd","14:24:07",1204400
31850,-350,200,"sd","14:24:16",1204600
31850,-350,4700,"bu","14:24:43",1209300
31800,-400,8900,"sd","14:24:47",1218200
31800,-400,8400,"sd","14:25:25",1226600
31800,-400,30000,"sd","14:25:29",1256600
31800,-400,8300,"bu","14:25:42",1264900
31800,-400,1300,"sd","14:25:46",1266200
31800,-400,5000,"bu","14:25:58",1271200
31800,-400,300,"sd","14:26:07",1271500
31800,-400,200,"bu","14:26:11",1271700
31800,-400,400,"bu","14:26:12",1272100
31800,-400,2000,"sd","14:26:21",1274100
31850,-350,100,"bu","14:26:27",1274200
31800,-400,300,"sd","14:26:50",1274500
31850,-350,2300,"sd","14:27:05",1276800
31850,-350,5000,"sd","14:27:28",1281800
31850,-350,1900,"bu","14:27:40",1283700
31850,-350,3000,"bu","14:27:58",1286700
31850,-350,1500,"bu","14:28:06",1288200
31950,-250,28000,"bu","14:28:29",1316200
31950,-250,500,"bu","14:29:02",1316700
31950,-250,100,"sd","14:29:27",1316800
31900,-300,600,"bu","14:29:44",1317400
31950,-250,1000,"bu","14:29:47",1318400
31900,-300,1300,"sd","14:29:51",1319700
31900,-300,500,"bu","14:29:52",1320200
31900,-300,600,"bu","14:29:54",1320800
31900,-300,100,"bu","14:29:58",1320900
32049.999999999996,-150,39200,"sd","14:45:06",1360100
