"price","change","match_qtty","side","time","total_vol"
63800,0,4400,"sd","09:15:03",4400
63900,100,100,"sd","09:15:12",4500
64099.99999999999,300,1300,"bu","09:16:15",5800
64099.99999999999,300,200,"bu","09:16:17",6000
64200,400,100,"sd","09:16:41",6100
64300,500,1800,"bu","09:17:25",7900
64200,400,200,"sd","09:17:33",8100
64300,500,700,"sd","09:17:41",8800
64200,400,100,"sd","09:17:42",8900
64200,400,1100,"sd","09:17:48",10000
64200,400,100,"sd","09:18:03",10100
64200,400,900,"sd","09:18:07",11000
64200,400,100,"sd","09:18:16",11100
64200,400,300,"sd","09:18:29",11400
64200,400,100,"sd","09:19:27",11500
64300,500,3000,"bu","09:19:52",14500
64200,400,1000,"bu","09:19:54",15500
64300,500,500,"sd","09:20:17",16000
64300,500,300,"sd","09:20:18",16300
64300,500,200,"bu","09:20:24",16500
64300,500,1000,"bu","09:20:38",17500
64200,400,2500,"bu","09:22:15",20000
64200,400,100,"sd","09:22:18",21100
64300,500,2300,"sd","09:22:28",23400
64300,500,1400,"sd","09:22:37",24800
64300,500,100,"bu","09:22:42",24900
64300,500,300,"bu","09:22:51",25200
64300,500,100,"bu","09:23:08",25300
64400.00000000001,600,800,"bu","09:23:53",26100
64300,500,400,"bu","09:24:38",26500
64300,500,600,"sd","09:24:51",27100
64099.99999999999,300,3000,"sd","09:25:26",30100
64099.99999999999,300,1500,"bu","09:25:46",31600
64000,200,1000,"sd","09:25:48",32600
64000,200,100,"sd","09:26:04",32700
64000,200,1100,"bu","09:26:20",33800
64000,200,200,"sd","09:27:18",34000
63900,100,2600,"sd","09:28:08",36600
64000,200,200,"bu","09:28:43",36800
64000,200,300,"sd","09:29:03",37100
63900,100,600,"bu","09:29:51",37700
63900,100,300,"sd","09:30:00",38000
63900,100,1300,"bu","09:30:42",39300
63900,100,200,"sd","09:31:00",39500
64000,200,23700,"bu","09:31:01",63200
64000,200,600,"sd","09:31:40",63800
64000,200,1500,"sd","09:31:57",65300
64000,200,300,"bu","09:32:07",65600
64000,200,500,"bu","09:32:10",66100
64000,200,500,"bu","09:33:05",66600
64000,200,2500,"bu","09:36:25",69100
64000,200,2700,"bu","09:36:59",71800
64000,200,100,"bu","09:37:48",71900
64000,200,900,"bu","09:37:58",72800
63900,100,700,"bu","09:38:32",73500
63800,0,4100,"sd","09:39:02",77600
63800,0,900,"bu","09:39:19",78500
63800,0,200,"bu","09:39:36",78700
63900,100,1000,"sd","09:40:09",79700
63900,100,900,"bu","09:40:48",80600
63900,100,600,"sd","09:41:21",81200
63900,100,100,"bu","09:41:50",81300
63900,100,600,"bu","09:42:12",81900
63800,0,4200,"bu","09:42:30",86100
63800,0,300,"sd","09:42:45",86400
63700,-100,100,"bu","09:43:06",86500
63700,-100,1100,"sd","09:43:36",87600
63700,-100,800,"bu","09:43:44",89600
63700,-100,3900,"bu","09:43:48",93500
63700,-100,200,"sd","09:44:18",93700
63600,-200,4500,"sd","09:44:47",98200
63600,-200,100,"sd","09:44:56",98300
63600,-200,600,"sd","09:45:02",98900
63600,-200,100,"sd","09:45:18",99000
63600,-200,400,"sd","09:45:20",99400
63600,-200,100,"sd","09:45:47",99500
63600,-200,200,"sd","09:45:52",99700
63600,-200,100,"sd","09:45:59",99800
63600,-200,300,"bu","09:46:13",100100
63600,-200,1300,"bu","09:46:15",101400
63600,-200,500,"bu","09:46:18",101900
63600,-200,1100,"bu","09:46:53",103000
63400,-400,25100,"sd","09:47:16",128100
63600,-200,100,"sd","09:47:49",128200
63500,-300,900,"sd","09:49:11",129100
63600,-200,100,"bu","09:50:01",129200
63600,-200,1100,"bu","09:50:30",130300
63600,-200,100,"sd","09:50:40",130400
63600,-200,1100,"bu","09:50:45",131500
63600,-200,400,"sd","09:50:53",131900
63600,-200,1000,"bu","09:51:02",132900
63700,-100,100,"bu","09:51:54",133000
63800,0,1000,"sd","09:52:05",134000
63600,-200,10000,"bu","09:52:52",144000
63800,0,1000,"sd","09:52:55",145000
63600,-200,100,"sd","09:53:03",145100
63700,-100,200,"bu","09:53:28",145300
63700,-100,1100,"sd","09:54:08",146400
63600,-200,100,"sd","09:54:11",146500
63600,-200,1100,"sd","09:54:22",147600
63700,-100,500,"bu","09:54:44",148100
63600,-200,700,"sd","09:55:14",148800
63600,-200,300,"bu","09:55:19",149100
63600,-200,4200,"bu","09:56:02",153300
63600,-200,600,"bu","09:56:10",153900
63600,-200,500,"bu","09:56:21",154400
63600,-200,200,"sd","09:56:32",154600
63600,-200,1000,"bu","09:56:43",155600
63600,-200,500,"sd","09:56:45",156100
63600,-200,100,"bu","09:56:55",156200
63600,-200,300,"bu","09:57:25",156500
63600,-200,100,"bu","09:57:32",156600
63500,-300,1100,"sd","09:57:52",157700
63600,-200,200,"sd","09:58:34",157900
63700,-100,2000,"bu","10:00:30",159900
63700,-100,1000,"bu","10:00:37",160900
63700,-100,1200,"sd","10:00:45",162100
63700,-100,100,"sd","10:00:57",162200
63700,-100,1000,"bu","10:02:20",163200
63700,-100,100,"sd","10:02:33",163300
63700,-100,1000,"sd","10:05:04",164300
63800,0,200,"sd","10:05:55",164500
63800,0,2500,"bu","10:07:18",167000
63800,0,3000,"sd","10:07:37",170000
63800,0,1500,"bu","10:08:42",171500
63900,100,3000,"sd","10:10:06",174500
64000,200,10300,"bu","10:10:19",184800
64000,200,1000,"bu","10:10:58",185800
64000,200,500,"sd","10:11:57",186300
63900,100,700,"sd","10:14:49",187000
64000,200,1000,"bu","10:15:01",188000
63800,0,5500,"bu","10:15:54",193500
63800,0,4600,"sd","10:17:05",198100
63800,0,800,"bu","10:18:46",198900
63800,0,1300,"bu","10:21:35",200200
63800,0,200,"sd","10:22:52",200400
63800,0,100,"bu","10:24:58",200500
63800,0,1000,"bu","10:25:59",201500
63800,0,4700,"bu","10:26:04",206200
63800,0,1000,"sd","10:26:21",207200
63800,0,300,"bu","10:26:30",207500
63800,0,1600,"bu","10:26:33",209100
64000,200,100,"bu","10:26:51",209200
64000,200,700,"bu","10:28:33",209900
64000,200,500,"bu","10:32:59",210400
63800,0,200,"bu","10:33:22",210600
63800,0,900,"sd","10:33:55",211500
63800,0,1400,"sd","10:35:24",212900
63800,0,1100,"bu","10:38:12",214000
63800,0,700,"bu","10:38:24",214700
63800,0,200,"bu","10:40:01",214900
63900,100,100,"bu","10:40:10",215000
63700,-100,3000,"bu","10:43:37",218000
63700,-100,200,"sd","10:44:11",218200
63700,-100,100,"sd","10:44:38",218300
63700,-100,600,"bu","10:46:04",218900
63700,-100,1700,"bu","10:46:36",220600
63700,-100,1800,"bu","10:49:40",222400
63800,0,100,"bu","10:52:07",222500
63700,-100,1800,"bu","10:55:12",224300
63700,-100,200,"bu","10:55:28",224500
63800,0,1300,"bu","10:56:56",225800
63800,0,500,"sd","10:57:25",226300
63800,0,200,"bu","10:58:02",226500
63800,0,100,"sd","10:58:10",226600
63900,100,1500,"sd","11:02:30",228100
63800,0,2500,"sd","11:02:44",230600
64000,200,10000,"bu","11:03:00",240600
63800,0,1000,"sd","11:03:29",241600
63800,0,1500,"bu","11:04:21",243100
63800,0,900,"sd","11:08:14",244000
63800,0,100,"sd","11:08:28",244100
63900,100,500,"sd","11:09:44",244600
64000,200,7800,"sd","11:10:06",252400
64099.99999999999,300,4100,"bu","11:10:29",256500
64099.99999999999,300,3000,"bu","11:11:02",259500
64099.99999999999,300,4000,"bu","11:11:09",263500
64099.99999999999,300,900,"bu","11:11:10",264400
64099.99999999999,300,100,"sd","11:12:10",264500
64099.99999999999,300,600,"sd","11:12:39",265100
64200,400,100,"sd","11:14:12",265200
64099.99999999999,300,2200,"bu","11:15:27",267400
64099.99999999999,300,100,"sd","11:15:51",267500
64200,400,4100,"sd","11:16:19",271600
64300,500,5000,"sd","11:16:33",276600
64300,500,300,"bu","11:16:38",276900
64400.00000000001,600,10000,"sd","11:16:47",286900
64400.00000000001,600,200,"sd","11:16:51",287100
64400.00000000001,600,5000,"sd","11:17:08",292100
64400.00000000001,600,1000,"bu","11:17:24",293100
64400.00000000001,600,200,"sd","11:17:26",293300
64400.00000000001,600,500,"sd","11:17:36",293800
64400.00000000001,600,2000,"bu","11:17:43",295800
64400.00000000001,600,1700,"bu","11:17:56",297500
64400.00000000001,600,100,"bu","11:18:28",297600
64400.00000000001,600,200,"sd","11:18:39",297800
64400.00000000001,600,800,"bu","11:19:09",298600
64500,700,2000,"sd","11:19:25",300600
64500,700,1000,"bu","11:19:28",301600
64599.99999999999,800,2000,"bu","11:19:56",303600
64500,700,1100,"sd","11:19:58",304700
64800,1000,1700,"bu","11:20:42",306400
64700,900,2400,"sd","11:20:49",308800
64700,900,300,"bu","11:20:59",309100
64700,900,700,"bu","11:21:05",309800
64700,900,300,"sd","11:21:15",310100
64700,900,2000,"bu","11:21:53",312100
64700,900,300,"bu","11:22:10",312400
64700,900,2000,"bu","11:22:12",314400
64599.99999999999,800,600,"bu","11:22:26",315000
64700,900,2500,"sd","11:22:41",317500
64599.99999999999,800,900,"sd","11:23:24",318400
64599.99999999999,800,1800,"sd","11:24:25",320200
64599.99999999999,800,200,"bu","11:24:58",320400
64700,900,1500,"sd","11:25:05",321900
64599.99999999999,800,1500,"bu","11:25:25",323400
64500,700,5000,"sd","11:25:39",328400
64500,700,1500,"bu","11:26:12",329900
64500,700,1100,"bu","11:26:28",331000
64500,700,100,"sd","11:26:42",331100
64500,700,500,"bu","11:26:44",331600
64400.00000000001,600,2000,"bu","11:27:16",333600
64400.00000000001,600,500,"sd","11:28:09",334100
64400.00000000001,600,200,"bu","11:28:16",334300
64500,700,900,"bu","11:28:38",335200
64500,700,800,"bu","11:29:45",336000
64500,700,300,"sd","11:29:52",336300
64500,700,1100,"bu","13:00:27",337400
64500,700,1300,"sd","13:00:41",338700
64300,500,1700,"bu","13:02:26",340400
64500,700,7400,"sd","13:03:42",347800
64300,500,300,"sd","13:03:52",348100
64300,500,100,"bu","13:04:15",348200
64300,500,200,"sd","13:05:24",348400
64300,500,400,"bu","13:05:41",348800
64300,500,200,"sd","13:05:50",349000
64300,500,100,"sd","13:06:12",349100
64300,500,500,"sd","13:07:12",349600
64300,500,1500,"sd","13:07:46",351100
64300,500,4000,"bu","13:08:54",355100
64300,500,200,"bu","13:09:13",355300
64300,500,100,"sd","13:09:33",355400
64400.00000000001,600,3200,"sd","13:10:37",358600
64400.00000000001,600,100,"bu","13:11:40",358700
64400.00000000001,600,600,"sd","13:12:14",359300
64400.00000000001,600,100,"bu","13:12:40",359400
64400.00000000001,600,1300,"sd","13:13:42",360700
64400.00000000001,600,3100,"sd","13:14:27",363800
64200,400,3000,"bu","13:14:41",366800
64300,500,100,"sd","13:15:55",366900
64300,500,300,"sd","13:16:00",367200
64300,500,400,"sd","13:16:01",367600
64300,500,200,"sd","13:17:11",367800
64300,500,100,"bu","13:17:18",367900
64300,500,500,"bu","13:17:20",368400
64300,500,100,"sd","13:17:23",368500
64300,500,5200,"bu","13:17:58",373700
64300,500,1000,"bu","13:18:13",374700
64300,500,2100,"sd","13:18:16",376800
64300,500,300,"bu","13:18:28",377100
64400.00000000001,600,1300,"bu","13:19:40",378400
64400.00000000001,600,500,"sd","13:19:44",378900
64400.00000000001,600,2000,"bu","13:20:05",380900
64400.00000000001,600,400,"bu","13:20:07",381300
64400.00000000001,600,100,"bu","13:20:17",381400
64400.00000000001,600,700,"bu","13:20:40",382100
64400.00000000001,600,1400,"sd","13:20:55",383500
64400.00000000001,600,500,"sd","13:21:48",384000
64400.00000000001,600,200,"sd","13:22:11",384200
64400.00000000001,600,300,"sd","13:22:27",384500
64500,700,16000,"bu","13:23:02",400500
64500,700,400,"sd","13:23:27",400900
64500,700,500,"sd","13:23:49",401400
64500,700,600,"bu","13:24:07",402000
64300,500,8300,"sd","13:24:18",410300
64500,700,900,"sd","13:24:46",411200
64400.00000000001,600,200,"bu","13:25:57",411400
64300,500,2500,"sd","13:27:19",413900
64300,500,500,"bu","13:27:45",414400
64300,500,100,"sd","13:27:49",414500
64300,500,500,"bu","13:28:14",415000
64300,500,200,"sd","13:28:16",415200
64400.00000000001,600,600,"sd","13:29:46",415800
64400.00000000001,600,2500,"sd","13:32:46",418300
64400.00000000001,600,4500,"bu","13:33:19",422800
64300,500,500,"bu","13:33:41",423300
64400.00000000001,600,100,"sd","13:33:51",423400
64300,500,8400,"bu","13:35:00",431800
64200,400,200,"bu","13:35:49",432000
64200,400,1800,"sd","13:35:59",433800
64200,400,100,"sd","13:38:22",433900
64000,200,6800,"bu","13:40:13",440700
64000,200,1000,"bu","13:40:23",441700
64000,200,100,"bu","13:40:46",441800
64000,200,3100,"sd","13:41:23",444900
64000,200,700,"bu","13:41:47",445600
64000,200,1700,"sd","13:41:53",447300
64000,200,100,"sd","13:42:45",447400
64000,200,300,"bu","13:44:14",447700
64000,200,500,"sd","13:44:56",448200
64000,200,500,"bu","13:45:29",448700
63900,100,4400,"sd","13:47:10",453100
63900,100,500,"sd","13:47:37",453600
63900,100,100,"bu","13:47:46",453700
63900,100,400,"bu","13:48:02",454100
63900,100,2700,"bu","13:48:29",456800
63900,100,4000,"sd","13:48:44",460800
63900,100,200,"sd","13:48:58",461000
63900,100,3000,"bu","13:49:04",464000
64000,200,1000,"sd","13:49:15",465000
64000,200,1000,"bu","13:49:38",466000
64000,200,500,"bu","13:49:57",466500
64000,200,1600,"sd","13:50:12",468100
64000,200,200,"sd","13:50:17",468300
64000,200,1000,"bu","13:50:26",469300
64000,200,300,"bu","13:51:09",469600
64000,200,1000,"sd","13:51:11",470600
64000,200,800,"bu","13:51:35",471400
64000,200,1200,"sd","13:51:40",472600
64000,200,100,"sd","13:51:51",472700
64000,200,2000,"bu","13:52:11",474700
64099.99999999999,300,800,"bu","13:52:55",475500
64099.99999999999,300,100,"sd","13:53:43",475600
64000,200,1100,"sd","13:54:15",476700
64000,200,3600,"bu","13:57:02",480300
64000,200,100,"bu","13:57:06",480400
64000,200,700,"bu","13:58:12",481100
64000,200,100,"sd","13:58:17",481200
64000,200,200,"sd","13:58:36",481400
64000,200,600,"sd","13:58:55",482000
64000,200,2100,"sd","13:59:24",484100
64000,200,2400,"sd","14:00:25",486500
64000,200,100,"sd","14:00:52",486600
63900,100,200,"bu","14:01:22",486800
63900,100,2000,"sd","14:01:51",488800
63900,100,9500,"bu","14:02:22",498300
63800,0,12800,"bu","14:02:39",511100
63700,-100,1000,"bu","14:02:51",512100
63700,-100,100,"sd","14:03:20",512200
63700,-100,800,"bu","14:03:24",513000
63800,0,1100,"sd","14:03:36",514100
63600,-200,15000,"bu","14:03:51",529100
63800,0,400,"sd","14:04:12",529500
63800,0,1600,"sd","14:04:21",531100
63600,-200,1500,"sd","14:04:31",532600
63800,0,200,"sd","14:04:46",532800
63800,0,100,"bu","14:04:48",532900
63700,-100,600,"sd","14:06:16",533500
63700,-100,100,"bu","14:06:28",533600
63700,-100,700,"sd","14:06:31",534300
63700,-100,100,"bu","14:06:39",534400
63800,0,1000,"sd","14:07:01",535400
63800,0,2000,"bu","14:07:34",537400
63800,0,100,"sd","14:08:13",537500
63800,0,1000,"bu","14:08:33",538500
63700,-100,1000,"bu","14:08:36",539500
63700,-100,2100,"sd","14:09:02",541600
63700,-100,3500,"sd","14:09:13",545100
63600,-200,1000,"bu","14:09:17",546100
63700,-100,5100,"bu","14:09:41",551200
63700,-100,100,"bu","14:09:46",551300
63700,-100,700,"bu","14:09:56",552000
63800,0,4600,"sd","14:10:33",556600
63800,0,5600,"bu","14:10:52",562200
63900,100,500,"bu","14:12:00",562700
63900,100,500,"sd","14:12:33",563200
63900,100,1700,"sd","14:12:48",564900
63900,100,5500,"sd","14:12:57",570400
64000,200,100,"bu","14:13:12",570500
64000,200,4100,"bu","14:13:25",574600
64000,200,100,"bu","14:13:30",574700
64000,200,400,"bu","14:13:57",575100
64099.99999999999,300,2000,"bu","14:14:03",577100
64000,200,200,"bu","14:14:15",577300
64000,200,1000,"sd","14:14:38",578300
64000,200,4700,"sd","14:15:23",583000
64000,200,1000,"sd","14:15:24",584000
64000,200,1500,"bu","14:15:47",585500
64000,200,200,"bu","14:15:49",585700
63900,100,1000,"bu","14:16:37",586700
63800,0,6000,"sd","14:17:44",592700
63800,0,23900,"sd","14:18:02",616600
63800,0,6100,"bu","14:18:18",622700
63800,0,1200,"bu","14:18:25",623900
63700,-100,3000,"bu","14:19:07",626900
63700,-100,2900,"bu","14:19:17",629800
63800,0,500,"bu","14:21:36",630300
63800,0,1000,"bu","14:22:02",631300
63800,0,100,"sd","14:22:06",631400
63800,0,400,"sd","14:22:10",631800
63800,0,1000,"sd","14:22:11",632800
63800,0,100,"sd","14:22:38",632900
63800,0,3000,"bu","14:22:46",635900
63800,0,300,"bu","14:23:02",636200
63900,100,400,"sd","14:23:45",636600
63800,0,1700,"sd","14:23:57",638300
63800,0,1100,"bu","14:24:09",639400
63800,0,100,"bu","14:24:20",639500
63800,0,6000,"sd","14:24:25",645500
63800,0,1100,"bu","14:24:47",646600
63700,-100,1000,"sd","14:24:49",647600
63800,0,100,"sd","14:24:51",647700
63800,0,400,"sd","14:24:54",648100
63800,0,300,"sd","14:24:59",648400
63800,0,100,"bu","14:25:01",648500
63800,0,1000,"sd","14:25:16",649500
63800,0,100,"sd","14:25:25",649600
63800,0,3000,"sd","14:25:29",652600
63800,0,100,"sd","14:25:34",652700
63800,0,400,"sd","14:25:36",653100
63800,0,500,"bu","14:25:52",653600
63800,0,1700,"bu","14:26:19",655300
63800,0,200,"sd","14:26:23",655500
63900,100,5000,"sd","14:26:50",660500
63900,100,1000,"sd","14:27:05",661500
63900,100,2700,"sd","14:27:21",664200
64000,200,3100,"sd","14:27:36",667300
64000,200,200,"bu","14:28:31",667500
63900,100,300,"bu","14:28:54",667800
64000,200,3000,"sd","14:29:14",670800
64000,200,100,"sd","14:29:19",670900
63900,100,300,"bu","14:29:35",671200
63900,100,400,"bu","14:29:39",671600
63800,0,300,"sd","14:29:52",671900
63900,100,100,"sd","14:30:00",672000
64099.99999999999,300,24600,"bu","14:45:06",696600
