"price","change","match_qtty","side","time","total_vol"
16000,400,1000,"sd","09:00:03",1000
15800,200,2000,"sd","09:00:21",3000
15800,200,2000,"bu","09:00:21",3000
15600,0,1000,"sd","09:01:13",4000
15600,0,11000,"sd","09:12:08",15000
15600,0,20000,"bu","09:12:51",35000
15600,0,1000,"sd","09:12:55",36000
15600,0,1000,"sd","09:13:36",37000
15600,0,30000,"sd","09:16:00",67000
15600,0,4000,"sd","09:16:16",71000
15600,0,1000,"sd","09:17:02",72000
15800,200,1000,"bu","09:18:31",73000
15600,0,1000,"sd","09:19:02",74000
15600,0,1000,"sd","09:21:03",75000
15600,0,1000,"bu","09:23:05",76000
15600,0,1000,"bu","09:25:05",77000
15800,200,1000,"bu","09:26:42",78000
15600,0,1000,"sd","09:27:06",79000
15800,200,1000,"bu","09:27:24",80000
15600,0,1000,"sd","09:29:07",81000
15600,0,20000,"sd","09:30:01",101000
15600,0,3000,"sd","09:31:04",104000
15600,0,1000,"bu","09:31:08",105000
15600,0,1000,"bu","09:33:09",106000
15700,100,1000,"bu","09:34:09",107000
15600,0,1000,"sd","09:35:10",108000
15600,0,15000,"sd","09:37:03",123000
15600,0,1000,"bu","09:37:11",124000
15600,0,1000,"bu","09:39:12",125000
15600,0,1000,"bu","09:41:14",126000
15600,0,1000,"sd","09:43:15",127000
15600,0,2000,"bu","09:44:35",129000
15600,0,9000,"sd","09:45:04",138000
15600,0,9000,"sd","09:51:01",147000
15500,-100,18000,"sd","09:52:16",165000
15500,-100,30000,"sd","09:52:52",195000
15600,0,1000,"sd","10:02:26",196000
15600,0,18000,"sd","10:03:27",214000
15600,0,51000,"bu","10:04:02",265000
15600,0,5000,"bu","10:06:46",270000
15600,0,1000,"bu","10:07:05",271000
15600,0,1000,"sd","10:08:10",272000
15600,0,3000,"bu","10:08:34",275000
15700,100,1000,"sd","10:09:18",276000
15600,0,1000,"bu","10:10:21",277000
15600,0,1000,"bu","10:12:11",278000
15600,0,41000,"sd","10:13:24",319000
15500,-100,40000,"sd","10:14:07",359000
15600,0,1000,"sd","10:30:53",360000
15600,0,2000,"bu","10:31:32",362000
15600,0,1000,"bu","10:31:49",363000
15500,-100,50000,"bu","10:32:21",413000
15600,0,170000,"sd","10:33:30",583000
15600,0,1000,"sd","10:34:56",584000
15600,0,1000,"bu","10:36:33",585000
15600,0,27000,"sd","10:37:59",612000
15600,0,10000,"bu","10:38:22",622000
15600,0,1000,"sd","10:43:04",623000
15600,0,9000,"sd","10:44:28",632000
15600,0,1000,"sd","10:54:09",633000
15500,-100,5000,"bu","10:54:34",638000
15600,0,32000,"bu","10:58:17",670000
15700,100,110000,"bu","10:58:25",780000
15600,0,1000,"bu","10:59:32",781000
15700,100,5000,"bu","10:59:51",786000
15700,100,1000,"sd","11:00:55",787000
15700,100,14000,"bu","11:02:10",801000
15600,0,1000,"bu","11:02:19",802000
15600,0,1000,"bu","11:03:43",803000
15600,0,1000,"sd","11:05:07",804000
15600,0,1000,"sd","11:06:31",805000
15600,0,5000,"sd","11:06:47",810000
15600,0,1000,"bu","11:07:55",811000
15600,0,5000,"bu","11:08:19",816000
15600,0,1000,"sd","11:09:19",817000
15700,100,30000,"sd","11:10:11",847000
15600,0,1000,"sd","11:10:43",848000
15700,100,37000,"sd","11:10:50",885000
15700,100,3000,"bu","11:11:09",888000
15700,100,10000,"sd","11:11:58",898000
15600,0,1000,"sd","11:12:07",899000
15700,100,45000,"bu","11:13:01",944000
15700,100,1000,"sd","11:13:31",945000
15700,100,1000,"bu","11:14:55",946000
15700,100,3000,"bu","11:15:54",949000
15600,0,1000,"bu","11:16:19",950000
15600,0,1000,"sd","11:17:43",951000
15700,100,17000,"sd","11:18:27",968000
15700,100,1000,"bu","11:19:08",969000
15700,100,10000,"bu","11:19:37",979000
15700,100,12000,"sd","11:20:28",991000
15700,100,1000,"sd","11:20:32",992000
15700,100,1000,"bu","11:21:56",993000
15700,100,1000,"bu","11:23:20",994000
15700,100,10000,"sd","11:24:34",1004000
15600,0,1000,"bu","11:24:44",1005000
15700,100,1000,"bu","11:26:08",1006000
15700,100,1000,"bu","11:27:32",1007000
15700,100,1000,"bu","11:28:56",1008000
15700,100,1000,"bu","11:29:05",1009000
15700,100,20000,"sd","11:29:16",1029000
15700,100,3000,"sd","13:00:02",1032000
15700,100,36000,"bu","13:00:05",1068000
15600,0,1000,"sd","13:00:19",1069000
15600,0,1000,"sd","13:01:44",1070000
15600,0,1000,"sd","13:03:09",1071000
15600,0,1000,"bu","13:03:58",1072000
15600,0,1000,"bu","13:04:34",1073000
15600,0,1000,"sd","13:05:59",1074000
15600,0,1000,"bu","13:07:24",1075000
15700,100,148000,"sd","13:07:55",1223000
15700,100,2000,"sd","13:08:42",1225000
15600,0,1000,"bu","13:08:49",1226000
15700,100,17000,"bu","13:09:04",1243000
15600,0,1000,"bu","13:10:14",1244000
15600,0,5000,"bu","13:11:13",1249000
15600,0,1000,"sd","13:11:39",1250000
15600,0,1000,"sd","13:13:04",1251000
15600,0,1000,"sd","13:14:29",1252000
15600,0,1000,"sd","13:15:54",1253000
15600,0,1000,"bu","13:17:20",1254000
15700,100,10000,"sd","13:18:14",1264000
15700,100,1000,"sd","13:18:46",1265000
15800,200,327000,"bu","13:18:55",1592000
15800,200,10000,"sd","13:19:11",1602000
15800,200,3000,"sd","13:19:29",1605000
15900,300,150000,"bu","13:19:55",1755000
15700,100,1000,"sd","13:20:12",1756000
15800,200,1000,"sd","13:21:24",1757000
15800,200,1000,"sd","13:21:38",1758000
15900,300,2000,"sd","13:22:08",1760000
15900,300,1000,"bu","13:22:19",1761000
15800,200,1000,"sd","13:23:05",1762000
15900,300,3000,"sd","13:23:06",1765000
15800,200,32000,"sd","13:24:01",1797000
15700,100,1000,"bu","13:24:31",1798000
15700,100,1000,"bu","13:25:57",1799000
15800,200,28000,"bu","13:26:11",1827000
15800,200,1000,"bu","13:27:23",1828000
15800,200,7000,"sd","13:27:58",1835000
15800,200,1000,"bu","13:28:49",1836000
15800,200,13000,"sd","13:29:51",1849000
15700,100,1000,"bu","13:30:15",1850000
15800,200,12000,"sd","13:31:05",1862000
15900,300,114000,"sd","13:31:40",1976000
15900,300,1000,"sd","13:31:41",1977000
15900,300,1000,"bu","13:33:07",1978000
15900,300,50000,"sd","13:33:09",2028000
15900,300,12000,"sd","13:33:13",2040000
16000,400,1000,"sd","13:33:14",2041000
15900,300,22000,"bu","13:33:24",2063000
15900,300,10000,"sd","13:33:32",2073000
15900,300,5000,"bu","13:34:06",2078000
15900,300,95000,"bu","13:34:14",2173000
15900,300,2000,"sd","13:34:15",2175000
15900,300,1000,"bu","13:34:33",2176000
15900,300,6000,"bu","13:35:16",2182000
15900,300,3000,"sd","13:35:18",2185000
15800,200,1000,"sd","13:35:59",2186000
15800,200,8000,"sd","13:36:27",2194000
15900,300,9000,"bu","13:36:34",2203000
15900,300,10000,"bu","13:37:22",2213000
15800,200,1000,"bu","13:37:25",2214000
15700,100,1000,"sd","13:38:51",2215000
15700,100,1000,"bu","13:40:17",2216000
15700,100,1000,"bu","13:41:42",2217000
15700,100,8000,"sd","13:42:22",2225000
15700,100,1000,"bu","13:43:09",2226000
15700,100,1000,"sd","13:44:35",2227000
15800,200,10000,"sd","13:45:39",2237000
15700,100,1000,"sd","13:46:01",2238000
15900,300,127000,"sd","13:46:02",2365000
15700,100,1000,"bu","13:47:26",2366000
15800,200,1000,"sd","13:48:52",2367000
15900,300,1000,"sd","13:48:53",2368000
15800,200,1000,"sd","13:50:18",2369000
15800,200,1000,"bu","13:51:44",2370000
15800,200,43000,"sd","13:52:47",2413000
15700,100,1000,"sd","13:53:10",2414000
15700,100,1000,"bu","13:54:36",2415000
15800,200,5000,"bu","13:55:18",2420000
15800,200,1000,"bu","13:55:30",2421000
15700,100,1000,"bu","13:56:02",2422000
15800,200,1000,"bu","13:56:15",2423000
15700,100,1000,"sd","13:57:28",2424000
15700,100,61000,"bu","13:58:50",2485000
15700,100,1000,"sd","13:58:54",2486000
15700,100,1000,"sd","14:00:20",2487000
15700,100,10000,"bu","14:00:23",2497000
15700,100,1000,"sd","14:00:48",2498000
15700,100,10000,"bu","14:01:17",2508000
15700,100,1000,"sd","14:01:46",2509000
15700,100,11000,"sd","14:01:51",2520000
15700,100,2000,"sd","14:02:41",2522000
15600,0,1000,"bu","14:03:12",2523000
15600,0,8000,"sd","14:03:45",2531000
15600,0,1000,"sd","14:04:09",2532000
15600,0,5000,"sd","14:04:12",2537000
15600,0,1000,"sd","14:04:38",2538000
15600,0,1000,"bu","14:06:04",2539000
15700,100,1000,"sd","14:07:31",2540000
15600,0,1000,"bu","14:08:56",2541000
15700,100,1000,"bu","14:10:10",2542000
15600,0,1000,"sd","14:10:23",2543000
15600,0,6000,"sd","14:11:04",2549000
15600,0,1000,"sd","14:11:42",2550000
15600,0,1000,"bu","14:11:59",2551000
15700,100,5000,"bu","14:12:16",2556000
15700,100,2000,"bu","14:12:57",2558000
15600,0,1000,"sd","14:13:01",2559000
15700,100,2000,"sd","14:13:10",2561000
15700,100,10000,"sd","14:13:30",2571000
15700,100,1000,"bu","14:14:21",2572000
15700,100,1000,"bu","14:15:41",2573000
15700,100,1000,"sd","14:17:01",2574000
15800,200,1000,"bu","14:17:19",2575000
15600,0,1000,"bu","14:18:21",2576000
15600,0,1000,"sd","14:19:41",2577000
15600,0,1000,"sd","14:21:01",2578000
15600,0,1000,"bu","14:22:21",2579000
15600,0,1000,"sd","14:23:41",2580000
15600,0,1000,"sd","14:25:01",2581000
15600,0,1000,"bu","14:26:21",2582000
15700,100,1000,"sd","14:27:41",2583000
15700,100,3000,"bu","14:28:01",2586000
15700,100,5000,"bu","14:28:17",2591000
15800,200,126000,"sd","14:45:03",2717000
