"price","change","match_qtty","side","time","total_vol"
26500,100,3000,"bu","09:05:06",3000
26400,0,5000,"bu","09:05:08",8000
26400,0,5000,"sd","09:07:50",13000
26400,0,5000,"sd","09:09:25",18000
26500,100,3000,"bu","09:11:34",21000
26400,0,10000,"sd","09:12:54",31000
26400,0,1000,"bu","09:15:58",32000
26400,0,20000,"sd","09:16:48",52000
26400,0,26000,"sd","09:16:56",78000
26400,0,50000,"sd","09:17:53",128000
26400,0,30000,"sd","09:18:12",158000
26400,0,1000,"sd","09:20:07",159000
26500,100,100000,"sd","09:21:36",259000
26500,100,10000,"sd","09:22:30",269000
26500,100,20000,"bu","09:22:53",289000
26500,100,44000,"sd","09:23:34",333000
26500,100,10000,"sd","09:24:32",343000
26400,0,20000,"sd","09:25:50",363000
26400,0,3000,"sd","09:26:22",366000
26400,0,10000,"sd","09:27:39",376000
26400,0,100000,"sd","09:28:45",476000
26400,0,42000,"sd","09:29:01",518000
26400,0,7000,"sd","09:30:41",525000
26400,0,3000,"sd","09:33:52",528000
26300,-100,24000,"bu","09:35:03",552000
26300,-100,1000,"sd","09:35:16",553000
26400,0,1000,"sd","09:37:49",554000
26400,0,20000,"bu","09:38:21",574000
26400,0,10000,"bu","09:39:25",584000
26400,0,5000,"sd","09:40:39",589000
26400,0,2000,"bu","09:42:42",591000
26400,0,3000,"bu","09:43:47",594000
26400,0,2000,"bu","09:44:37",596000
26400,0,2000,"sd","09:46:01",598000
26400,0,1000,"sd","09:47:15",599000
26400,0,1000,"sd","09:47:41",600000
26400,0,10000,"bu","09:48:26",610000
26400,0,5000,"sd","09:52:19",615000
26400,0,10000,"bu","09:52:33",625000
26400,0,7000,"bu","09:52:49",632000
26400,0,13000,"bu","09:52:59",645000
26400,0,10000,"sd","09:53:10",655000
26400,0,9000,"sd","09:53:20",664000
26400,0,1000,"bu","09:53:26",665000
26400,0,11000,"bu","09:53:32",676000
26400,0,6000,"sd","09:53:42",682000
26400,0,7000,"sd","09:53:52",689000
26400,0,2000,"bu","09:54:01",691000
26400,0,10000,"sd","09:54:10",701000
26400,0,5000,"sd","09:54:23",706000
26400,0,10000,"sd","10:00:49",716000
26400,0,19000,"bu","10:01:10",735000
26400,0,100000,"bu","10:01:38",835000
26400,0,1000,"sd","10:02:10",836000
26300,-100,100000,"bu","10:03:21",936000
26300,-100,10000,"bu","10:03:27",946000
26300,-100,10000,"sd","10:04:04",956000
26300,-100,9000,"bu","10:04:41",965000
26300,-100,10000,"sd","10:07:38",975000
26300,-100,4000,"bu","10:09:36",979000
26300,-100,10000,"bu","10:10:25",989000
26300,-100,10000,"sd","10:11:40",999000
26300,-100,7000,"bu","10:16:39",1006000
26300,-100,1000,"sd","10:20:26",1007000
26300,-100,15000,"sd","10:21:16",1022000
26300,-100,30000,"bu","10:23:30",1052000
26300,-100,1000,"bu","10:23:39",1053000
26300,-100,4000,"bu","10:24:20",1057000
26300,-100,1000,"sd","10:25:53",1058000
26300,-100,1000,"sd","10:26:09",1059000
26300,-100,25000,"sd","10:26:14",1084000
26300,-100,9000,"bu","10:26:45",1093000
26300,-100,3000,"bu","10:28:22",1096000
26300,-100,1000,"bu","10:28:49",1097000
26300,-100,5000,"sd","10:30:17",1102000
26300,-100,2000,"bu","10:31:53",1104000
26300,-100,50000,"sd","10:31:58",1154000
26300,-100,3000,"bu","10:34:44",1157000
26300,-100,3000,"bu","10:36:44",1160000
26300,-100,5000,"bu","10:39:07",1165000
26300,-100,18000,"bu","10:40:15",1183000
26300,-100,16000,"sd","10:40:34",1199000
26300,-100,15000,"bu","10:45:19",1214000
26300,-100,10000,"sd","10:47:04",1224000
26300,-100,100000,"sd","10:48:07",1324000
26200,-200,398000,"bu","10:50:25",1722000
26200,-200,18000,"sd","10:50:49",1740000
26200,-200,2000,"bu","10:51:04",1742000
26200,-200,2000,"bu","10:52:13",1744000
26200,-200,2000,"sd","10:52:54",1746000
26200,-200,2000,"bu","10:53:04",1748000
26200,-200,51000,"bu","10:53:32",1799000
26200,-200,1000,"bu","10:53:43",1800000
26200,-200,24000,"bu","10:53:47",1824000
26200,-200,4000,"sd","10:56:41",1828000
26200,-200,20000,"sd","10:57:23",1848000
26200,-200,10000,"sd","10:57:59",1858000
26200,-200,13000,"bu","10:58:42",1871000
26200,-200,4000,"sd","10:59:41",1875000
26200,-200,4000,"sd","11:00:07",1879000
26200,-200,10000,"sd","11:00:55",1889000
26200,-200,1000,"sd","11:01:10",1890000
26200,-200,40000,"sd","11:01:40",1930000
26300,-100,16000,"bu","11:02:28",1946000
26200,-200,8000,"sd","11:02:29",1954000
26200,-200,30000,"bu","11:04:12",1984000
26200,-200,50000,"bu","11:04:43",2034000
26200,-200,1000,"bu","11:05:29",2035000
26200,-200,30000,"sd","11:06:10",2065000
26200,-200,35000,"bu","11:06:35",2100000
26200,-200,1000,"bu","11:06:50",2101000
26200,-200,43000,"bu","11:06:59",2144000
26200,-200,10000,"sd","11:08:33",2154000
26200,-200,10000,"sd","11:08:39",2164000
26200,-200,57000,"sd","11:09:24",2221000
26200,-200,5000,"sd","11:09:33",2226000
26200,-200,1000,"bu","11:09:35",2227000
26100,-300,200000,"bu","11:09:56",2427000
26200,-200,11000,"sd","11:10:12",2438000
26200,-200,10000,"sd","11:11:30",2448000
26200,-200,20000,"bu","11:11:50",2468000
26200,-200,5000,"sd","11:11:51",2473000
26200,-200,1000,"bu","11:12:42",2474000
26200,-200,1000,"bu","11:13:13",2475000
26200,-200,6000,"bu","11:13:34",2481000
26200,-200,2000,"sd","11:14:18",2483000
26200,-200,3000,"sd","11:18:28",2486000
26200,-200,40000,"bu","11:19:55",2526000
26200,-200,1000,"bu","11:20:23",2527000
26200,-200,1000,"bu","11:20:28",2528000
26200,-200,25000,"bu","11:21:18",2553000
26200,-200,3000,"bu","11:23:52",2556000
26200,-200,5000,"bu","11:26:20",2561000
26200,-200,20000,"bu","11:27:03",2581000
26200,-200,10000,"bu","11:27:12",2591000
26200,-200,7000,"bu","11:29:33",2598000
26100,-300,10000,"bu","11:29:36",2608000
26200,-200,27000,"bu","13:00:03",2635000
26200,-200,18000,"sd","13:00:16",2653000
26200,-200,3000,"sd","13:00:16",2656000
26200,-200,18000,"sd","13:01:49",2674000
26200,-200,12000,"bu","13:02:07",2686000
26200,-200,11000,"bu","13:02:45",2697000
26200,-200,23000,"bu","13:03:22",2720000
26200,-200,9000,"bu","13:04:32",2729000
26200,-200,18000,"sd","13:05:17",2747000
26200,-200,20000,"bu","13:09:58",2767000
26200,-200,4000,"sd","13:20:58",2771000
26300,-100,12000,"sd","13:21:13",2783000
26200,-200,5000,"sd","13:21:17",2788000
26300,-100,5000,"sd","13:21:38",2793000
26300,-100,1000,"bu","13:22:16",2794000
26300,-100,1000,"sd","13:26:23",2795000
26300,-100,20000,"sd","13:29:08",2815000
26300,-100,10000,"bu","13:29:41",2825000
26300,-100,10000,"bu","13:30:17",2835000
26300,-100,2000,"sd","13:31:40",2837000
26200,-200,12000,"bu","13:34:05",2849000
26200,-200,20000,"bu","13:37:08",2869000
26200,-200,10000,"sd","13:37:37",2879000
26200,-200,9000,"bu","13:37:38",2888000
26200,-200,6000,"sd","13:38:08",2894000
26200,-200,6000,"bu","13:38:40",2900000
26200,-200,20000,"bu","13:38:55",2920000
26200,-200,4000,"bu","13:39:35",2924000
26200,-200,20000,"sd","13:39:37",2944000
26200,-200,23000,"bu","13:39:44",2967000
26200,-200,2000,"sd","13:39:54",2969000
26200,-200,10000,"sd","13:42:27",2979000
26200,-200,100000,"sd","13:43:05",3079000
26200,-200,36000,"bu","13:43:34",3115000
26200,-200,5000,"sd","13:44:30",3120000
26200,-200,5000,"sd","13:45:23",3125000
26200,-200,20000,"sd","13:46:01",3145000
26100,-300,15000,"sd","13:47:22",3160000
26200,-200,2000,"sd","13:48:58",3162000
26200,-200,12000,"sd","13:49:14",3174000
26200,-200,10000,"bu","13:49:57",3184000
26200,-200,5000,"sd","13:50:44",3189000
26200,-200,1000,"bu","13:51:09",3190000
26100,-300,5000,"bu","13:54:48",3195000
26200,-200,28000,"bu","13:55:57",3223000
26200,-200,10000,"sd","13:56:12",3233000
26200,-200,20000,"sd","13:58:58",3253000
26100,-300,2000,"bu","13:59:34",3255000
26100,-300,1000,"bu","13:59:55",3256000
26200,-200,50000,"sd","14:00:19",3306000
26200,-200,5000,"sd","14:00:36",3311000
26200,-200,10000,"sd","14:01:10",3321000
26100,-300,400000,"sd","14:02:31",3721000
26100,-300,100000,"bu","14:02:45",3821000
26100,-300,178000,"sd","14:03:02",3999000
26000,-400,100000,"bu","14:03:16",4099000
26000,-400,80000,"bu","14:03:17",4179000
26000,-400,1000,"sd","14:03:18",4180000
26000,-400,10000,"bu","14:03:36",4190000
26000,-400,20000,"sd","14:04:34",4210000
26100,-300,50000,"sd","14:05:26",4260000
26100,-300,50000,"sd","14:05:35",4310000
26100,-300,2000,"sd","14:05:50",4312000
26100,-300,5000,"sd","14:05:51",4317000
26100,-300,41000,"bu","14:05:59",4358000
26100,-300,50000,"sd","14:06:02",4408000
26100,-300,2000,"sd","14:06:17",4410000
26100,-300,10000,"bu","14:06:19",4420000
26100,-300,10000,"sd","14:06:21",4430000
26100,-300,5000,"bu","14:06:22",4435000
26100,-300,5000,"sd","14:06:35",4440000
26100,-300,1000,"sd","14:06:35",4440000
26100,-300,5000,"sd","14:06:38",4445000
26100,-300,1000,"sd","14:06:51",4446000
26100,-300,3000,"bu","14:06:55",4449000
26100,-300,5000,"sd","14:07:03",4454000
26100,-300,6000,"bu","14:07:08",4460000
26100,-300,14000,"bu","14:07:13",4474000
26100,-300,20000,"bu","14:07:45",4494000
26100,-300,5000,"sd","14:07:48",4499000
26100,-300,8000,"sd","14:08:12",4507000
26100,-300,4000,"sd","14:08:19",4511000
26100,-300,2000,"bu","14:08:38",4513000
26100,-300,1000,"sd","14:08:40",4514000
26100,-300,7000,"sd","14:08:53",4521000
26100,-300,2000,"bu","14:09:18",4523000
26100,-300,2000,"sd","14:09:23",4525000
26200,-200,2000,"sd","14:09:40",4527000
26100,-300,5000,"bu","14:09:41",4532000
26100,-300,18000,"bu","14:09:44",4550000
26100,-300,8000,"sd","14:10:01",4558000
26100,-300,2000,"sd","14:10:03",4560000
26100,-300,3000,"sd","14:11:41",4563000
26200,-200,1000,"sd","14:13:08",4564000
26100,-300,3000,"sd","14:13:13",4567000
26100,-300,15000,"sd","14:13:53",4582000
26100,-300,6000,"bu","14:14:41",4588000
26100,-300,5000,"bu","14:14:49",4593000
26100,-300,3000,"bu","14:15:32",4596000
26100,-300,13000,"bu","14:16:00",4609000
26100,-300,1000,"sd","14:18:25",4610000
26100,-300,1000,"sd","14:18:28",4611000
26100,-300,50000,"bu","14:18:32",4661000
26100,-300,10000,"bu","14:21:28",4671000
26100,-300,4000,"sd","14:21:33",4675000
26100,-300,15000,"sd","14:21:39",4690000
26100,-300,5000,"bu","14:21:40",4695000
26100,-300,50000,"sd","14:21:41",4745000
26100,-300,20000,"bu","14:21:49",4765000
26100,-300,9000,"sd","14:21:50",4774000
26100,-300,50000,"bu","14:21:52",4824000
26100,-300,7000,"sd","14:21:57",4831000
26100,-300,3000,"sd","14:21:59",4834000
26100,-300,7000,"bu","14:22:05",4841000
26100,-300,42000,"sd","14:22:11",4883000
26000,-400,200000,"bu","14:22:20",5083000
26100,-300,5000,"bu","14:22:21",5088000
26000,-400,250000,"sd","14:23:17",5338000
26000,-400,40000,"sd","14:23:43",5378000
26000,-400,100000,"sd","14:23:57",5478000
26000,-400,270000,"sd","14:24:17",5748000
26000,-400,20000,"sd","14:24:22",5768000
26000,-400,20000,"sd","14:24:24",5788000
26000,-400,70000,"bu","14:24:31",5858000
26000,-400,50000,"bu","14:24:35",5908000
26000,-400,9000,"sd","14:24:50",5917000
26000,-400,50000,"bu","14:24:54",5967000
26000,-400,10000,"sd","14:25:01",5977000
26000,-400,60000,"bu","14:25:04",6037000
26000,-400,12000,"sd","14:25:06",6049000
26000,-400,2000,"sd","14:25:25",6051000
26000,-400,6000,"bu","14:26:00",6057000
26000,-400,50000,"sd","14:26:33",6107000
26000,-400,10000,"sd","14:26:40",6117000
26000,-400,3000,"bu","14:28:02",6120000
26000,-400,60000,"bu","14:28:10",6180000
26100,-300,10000,"bu","14:29:17",6190000
26100,-300,200000,"bu","14:29:46",6390000
26100,-300,2000,"bu","14:30:10",6392000
26100,-300,36000,"sd","14:30:57",6428000
26100,-300,3000,"sd","14:30:58",6431000
26100,-300,20000,"bu","14:31:06",6451000
26100,-300,3000,"bu","14:31:07",6454000
26100,-300,87000,"sd","14:31:19",6541000
26100,-300,3000,"sd","14:33:10",6544000
26100,-300,1000,"sd","14:35:22",6545000
26100,-300,1000,"bu","14:35:57",6546000
26100,-300,5000,"sd","14:37:44",6551000
26000,-400,5000,"bu","14:38:01",6556000
26000,-400,5000,"sd","14:38:27",6561000
26000,-400,15000,"bu","14:38:53",6576000
26000,-400,1000,"sd","14:39:12",6577000
26000,-400,10000,"bu","14:39:28",6587000
26000,-400,5000,"sd","14:40:25",6592000
26000,-400,23000,"sd","14:42:33",6615000
26000,-400,15000,"sd","14:43:55",6630000
26100,-300,1000,"bu","14:44:23",6631000
26100,-300,1000,"bu","14:45:06",6632000
26100,-300,20000,"sd","14:45:21",6652000
26100,-300,15000,"bu","14:45:26",6667000
26100,-300,5000,"bu","14:47:05",6672000
26100,-300,1000,"sd","14:47:24",6673000
26100,-300,1000,"sd","14:48:01",6674000
26100,-300,50000,"bu","14:48:55",6724000
26100,-300,5000,"sd","14:49:41",6729000
26100,-300,2000,"bu","14:52:18",6731000
26100,-300,3000,"sd","14:54:06",6734000
26100,-300,9000,"bu","14:54:35",6743000
26100,-300,10000,"sd","14:56:33",6753000
26100,-300,26000,"bu","14:57:37",6779000
26100,-300,122000,"sd","14:57:42",6901000
26100,-300,62000,"bu","14:57:59",6963000
26100,-300,10000,"sd","14:58:11",6973000
26100,-300,3000,"sd","14:58:45",6976000
26100,-300,180000,"bu","14:59:05",7156000
26100,-300,12000,"bu","14:59:15",7168000
26100,-300,16000,"bu","14:59:42",7184000
