"price","change","match_qtty","side","time","total_vol"
23700,50,12300,"sd","09:15:09",12300
23700,50,1000,"bu","09:15:35",13300
23700,50,25900,"sd","09:15:37",39200
23700,50,1000,"sd","09:16:04",40200
23700,50,600,"bu","09:16:09",40800
23700,50,500,"bu","09:16:44",41300
23700,50,300,"bu","09:16:47",41600
23700,50,500,"bu","09:16:49",42100
23650,0,1000,"bu","09:16:49",43100
23700,50,1200,"sd","09:16:56",44300
23700,50,2000,"bu","09:17:07",46300
23700,50,300,"sd","09:17:14",46600
23700,50,700,"bu","09:17:20",47300
23700,50,1000,"sd","09:17:25",48300
23700,50,2500,"bu","09:17:38",50800
23700,50,2300,"bu","09:17:42",53100
23700,50,200,"bu","09:17:45",53300
23700,50,2500,"sd","09:17:50",55800
23700,50,100,"sd","09:18:00",55900
23700,50,200,"sd","09:18:15",56100
23700,50,3000,"sd","09:18:27",59100
23700,50,800,"bu","09:18:44",59900
23700,50,100,"bu","09:18:59",60000
23700,50,2100,"bu","09:19:21",62100
23700,50,200,"sd","09:19:49",62300
23700,50,400,"sd","09:20:00",62700
23700,50,1900,"sd","09:20:23",64600
23700,50,300,"sd","09:20:32",64900
23700,50,3300,"sd","09:20:34",68200
23700,50,800,"sd","09:20:35",69000
23700,50,2000,"sd","09:20:36",71000
23700,50,1000,"sd","09:20:53",72000
23700,50,2000,"bu","09:21:07",74000
23700,50,300,"bu","09:21:08",74300
23700,50,100,"sd","09:21:13",74400
23700,50,200,"bu","09:21:28",74600
23700,50,100,"sd","09:21:31",74700
23700,50,1900,"sd","09:21:31",76600
23700,50,1000,"bu","09:21:32",77600
23700,50,400,"sd","09:21:37",78000
23700,50,4800,"sd","09:21:44",82800
23700,50,100,"sd","09:21:51",82900
23800,150,50100,"sd","09:22:27",133000
23800,150,1000,"bu","09:22:27",110400
23700,50,32600,"bu","09:22:35",143000
23700,50,7300,"bu","09:22:49",150300
23700,50,7400,"sd","09:23:03",157700
23700,50,1300,"sd","09:23:28",159000
23650,0,3500,"sd","09:23:39",162500
23700,50,800,"sd","09:23:46",163300
23700,50,800,"sd","09:23:56",164100
23700,50,500,"bu","09:24:26",164600
23700,50,4200,"bu","09:24:38",168800
23700,50,100,"bu","09:24:39",168900
23700,50,5000,"sd","09:24:44",173900
23650,0,30000,"sd","09:25:37",203900
23650,0,200,"sd","09:25:39",204100
23650,0,200,"sd","09:26:04",204300
23650,0,9500,"sd","09:26:33",213800
23650,0,200,"bu","09:26:52",214000
23650,0,500,"bu","09:26:54",214500
23650,0,1400,"sd","09:28:02",215900
23650,0,400,"sd","09:28:06",216300
23650,0,700,"sd","09:28:44",217000
23650,0,800,"bu","09:29:05",217800
23650,0,500,"sd","09:29:13",218300
23650,0,1000,"sd","09:29:22",219300
23650,0,900,"bu","09:29:52",220200
23650,0,500,"sd","09:30:38",220700
23650,0,1000,"bu","09:30:40",221700
23650,0,800,"sd","09:31:45",222500
23650,0,200,"bu","09:32:00",222700
23650,0,1000,"bu","09:32:17",223700
23650,0,300,"bu","09:32:28",224000
23650,0,200,"bu","09:33:01",224200
23650,0,100,"bu","09:33:02",224300
23650,0,6800,"bu","09:33:25",231100
23650,0,800,"sd","09:33:36",231900
23650,0,100,"bu","09:33:38",232000
23650,0,400,"bu","09:33:52",232400
23650,0,100,"bu","09:34:08",232500
23650,0,3000,"bu","09:34:14",235500
23650,0,1000,"sd","09:34:25",236500
23650,0,2000,"bu","09:34:36",238500
23650,0,100,"bu","09:34:41",238600
23650,0,1000,"bu","09:34:51",239600
23650,0,500,"bu","09:35:10",240100
23650,0,800,"bu","09:35:27",240900
23600,-50,600,"bu","09:35:34",241500
23650,0,600,"bu","09:36:39",242100
23650,0,900,"bu","09:37:19",243000
23650,0,1000,"bu","09:38:00",244000
23600,-50,3500,"sd","09:38:12",247500
23600,-50,1600,"sd","09:38:30",249100
23600,-50,8000,"bu","09:38:51",257100
23600,-50,7800,"bu","09:39:07",264900
23600,-50,1600,"sd","09:39:33",266500
23600,-50,600,"bu","09:39:36",267100
23650,0,10000,"bu","09:39:38",277100
23600,-50,10300,"bu","09:39:44",287400
23650,0,1000,"bu","09:39:56",288400
23650,0,11000,"bu","09:40:42",299400
23600,-50,700,"bu","09:40:48",300100
23600,-50,2100,"bu","09:40:55",302200
23600,-50,700,"bu","09:41:00",302900
23600,-50,700,"sd","09:41:06",303600
23600,-50,1000,"bu","09:41:15",304600
23600,-50,700,"bu","09:41:27",305300
23600,-50,1000,"sd","09:41:38",306300
23600,-50,700,"sd","09:41:41",307000
23600,-50,1500,"bu","09:41:55",308500
23600,-50,2500,"sd","09:42:01",311000
23650,0,2000,"sd","09:42:02",313000
23600,-50,100,"sd","09:42:08",313100
23600,-50,1200,"bu","09:42:20",314300
23650,0,500,"bu","09:42:40",314800
23600,-50,2000,"sd","09:42:42",316800
23600,-50,500,"bu","09:42:51",317300
23600,-50,500,"sd","09:43:56",317800
23600,-50,700,"sd","09:44:00",318500
23600,-50,700,"bu","09:44:05",319200
23600,-50,600,"sd","09:44:10",319800
23650,0,800,"sd","09:44:12",320600
23600,-50,700,"sd","09:44:18",321300
23600,-50,100,"bu","09:44:22",321400
23600,-50,1700,"bu","09:44:49",323100
23600,-50,700,"sd","09:45:05",323800
23600,-50,1500,"sd","09:46:01",325300
23600,-50,100,"bu","09:46:17",325400
23650,0,200,"bu","09:46:22",325600
23600,-50,1000,"bu","09:46:27",326600
23600,-50,100,"sd","09:46:33",326700
23600,-50,700,"bu","09:46:54",327400
23600,-50,20000,"bu","09:47:01",347400
23600,-50,1000,"sd","09:47:09",348400
23600,-50,700,"bu","09:47:18",349100
23600,-50,700,"sd","09:47:22",349800
23600,-50,11000,"sd","09:47:29",360800
23600,-50,100,"sd","09:47:30",361500
23600,-50,2700,"bu","09:47:38",364200
23600,-50,6900,"bu","09:47:39",371100
23600,-50,900,"bu","09:48:27",372000
23600,-50,2000,"sd","09:48:30",374000
23600,-50,1500,"sd","09:48:37",375500
23600,-50,200,"bu","09:48:40",375700
23550,-100,700,"sd","09:48:42",376400
23550,-100,1200,"bu","09:48:56",377600
23550,-100,200,"sd","09:50:09",377800
23550,-100,1700,"sd","09:52:07",379500
23550,-100,700,"bu","09:52:13",380200
23550,-100,700,"bu","09:52:18",380900
23550,-100,32800,"bu","09:52:45",413700
23550,-100,700,"sd","09:52:53",414400
23600,-50,10000,"bu","09:53:06",424400
23550,-100,700,"bu","09:53:08",425100
23600,-50,10000,"sd","09:53:12",435100
23550,-100,700,"sd","09:53:15",435800
23600,-50,2700,"sd","09:53:36",438500
23600,-50,100,"sd","09:53:55",438600
23600,-50,1100,"bu","09:54:02",439700
23600,-50,1100,"bu","09:56:26",440800
23600,-50,1500,"sd","09:57:11",442300
23600,-50,1500,"bu","09:57:12",443800
23650,0,2000,"sd","09:57:34",445800
23650,0,600,"sd","09:57:43",446400
23650,0,800,"bu","09:57:45",447200
23600,-50,200,"sd","09:58:04",447400
23600,-50,500,"bu","09:58:07",447900
23600,-50,100,"sd","09:58:26",448000
23600,-50,1600,"bu","09:59:39",449600
23600,-50,1500,"bu","09:59:40",451100
23600,-50,3000,"bu","10:00:43",454100
23650,0,600,"sd","10:00:48",454700
23650,0,2000,"bu","10:01:16",456700
23650,0,600,"bu","10:01:25",457300
23650,0,900,"bu","10:01:27",458200
23650,0,600,"sd","10:02:38",458800
23600,-50,1000,"bu","10:02:42",459800
23600,-50,1100,"sd","10:03:47",460900
23650,0,1000,"bu","10:06:20",461900
23650,0,500,"sd","10:06:46",462400
23650,0,800,"sd","10:07:02",463200
23650,0,300,"bu","10:07:03",463500
23600,-50,2300,"sd","10:07:15",465800
23600,-50,600,"bu","10:07:53",466400
23650,0,300,"bu","10:08:15",466700
23600,-50,30000,"sd","10:08:30",496700
23600,-50,900,"bu","10:08:32",497600
23650,0,300,"bu","10:09:26",497900
23650,0,5000,"bu","10:09:45",502900
23650,0,500,"sd","10:10:01",503400
23650,0,400,"sd","10:10:03",503800
23650,0,6500,"bu","10:10:11",510300
23650,0,25200,"sd","10:10:14",535500
23650,0,300,"sd","10:10:28",535800
23700,50,1100,"bu","10:10:45",536900
23700,50,600,"bu","10:11:16",537500
23700,50,2000,"sd","10:11:44",539500
23650,0,1000,"bu","10:11:47",540500
23700,50,300,"bu","10:11:49",540800
23700,50,600,"bu","10:12:29",541400
23700,50,3000,"sd","10:12:35",544400
23700,50,900,"sd","10:12:36",545300
23700,50,1500,"sd","10:12:39",546800
23700,50,5000,"bu","10:12:43",551800
23700,50,300,"sd","10:13:02",552100
23700,50,600,"bu","10:13:42",552700
23700,50,1000,"bu","10:14:02",553700
23700,50,300,"bu","10:14:12",554000
23700,50,800,"sd","10:14:28",554800
23700,50,500,"bu","10:14:57",555300
23700,50,100,"bu","10:15:16",555400
23700,50,400,"bu","10:15:24",555800
23700,50,600,"bu","10:16:11",556400
23700,50,800,"bu","10:16:19",557200
23700,50,300,"bu","10:16:35",557500
23700,50,3000,"sd","10:16:43",560500
23650,0,100,"bu","10:16:54",560600
23700,50,1100,"bu","10:16:55",561700
23700,50,1900,"bu","10:16:56",563600
23700,50,1100,"sd","10:17:02",564700
23700,50,1900,"bu","10:17:03",566600
23700,50,3000,"bu","10:17:06",569600
23650,0,1500,"bu","10:17:09",571100
23650,0,3000,"sd","10:17:10",574100
23650,0,1500,"bu","10:17:12",575600
23700,50,2500,"bu","10:17:16",578100
23650,0,4900,"bu","10:17:19",583000
23700,50,300,"bu","10:17:46",583300
23650,0,2000,"sd","10:17:47",585300
23650,0,42600,"bu","10:18:11",627900
23650,0,200,"sd","10:18:12",628100
23650,0,600,"sd","10:18:37",628700
23650,0,100,"bu","10:18:51",628800
23650,0,400,"sd","10:18:59",629200
23650,0,11000,"sd","10:19:43",640200
23650,0,7000,"sd","10:19:51",647200
23650,0,500,"bu","10:19:52",647700
23650,0,800,"sd","10:20:02",648500
23650,0,300,"bu","10:20:09",648800
23650,0,600,"bu","10:21:06",649400
23650,0,300,"bu","10:21:21",649700
23650,0,800,"bu","10:21:53",650500
23650,0,600,"bu","10:22:19",651100
23650,0,300,"sd","10:22:32",651400
23600,-50,1500,"sd","10:22:47",652900
23600,-50,1500,"sd","10:22:49",654400
23650,0,12500,"sd","10:23:01",666900
23650,0,7000,"sd","10:23:07",673900
23650,0,600,"sd","10:23:34",674500
23600,-50,4000,"sd","10:23:36",678500
23650,0,1300,"bu","10:23:45",679800
23600,-50,10200,"bu","10:24:14",690000
23650,0,300,"bu","10:24:55",690300
23600,-50,100,"bu","10:25:24",690400
23600,-50,200,"sd","10:25:48",690600
23650,0,17300,"bu","10:25:56",707900
23700,50,300,"sd","10:26:07",708200
23700,50,200,"bu","10:26:42",708400
23700,50,600,"sd","10:27:15",709000
23700,50,300,"sd","10:27:18",709300
23700,50,800,"sd","10:27:28",710100
23700,50,600,"sd","10:28:29",710700
23700,50,300,"bu","10:28:30",711000
23650,0,1500,"bu","10:29:01",712500
23650,0,1000,"sd","10:29:04",713500
23700,50,300,"sd","10:29:41",713800
23700,50,500,"bu","10:29:42",714300
23650,0,800,"bu","10:30:12",715100
23650,0,1000,"bu","10:30:45",716100
23700,50,300,"sd","10:30:52",716400
23650,0,100,"sd","10:30:53",716500
23650,0,10000,"sd","10:31:23",726500
23650,0,2100,"sd","10:31:53",728600
23650,0,100,"bu","10:31:54",728700
23650,0,2700,"bu","10:31:56",731400
23700,50,300,"bu","10:32:04",731700
23700,50,600,"bu","10:32:10",732300
23650,0,6400,"bu","10:32:33",738700
23650,0,36700,"bu","10:32:50",775400
23650,0,800,"sd","10:33:02",776200
23650,0,400,"bu","10:33:15",776600
23650,0,600,"sd","10:33:23",777200
23650,0,5000,"sd","10:33:24",782200
23650,0,3000,"sd","10:33:40",785200
23650,0,600,"sd","10:34:09",785800
23650,0,1400,"bu","10:34:12",787200
23650,0,300,"sd","10:34:28",787500
23650,0,1500,"bu","10:34:38",789000
23650,0,900,"sd","10:34:53",789900
23650,0,3000,"bu","10:34:59",792900
23650,0,300,"sd","10:35:38",793200
23650,0,600,"sd","10:35:51",793800
23650,0,800,"bu","10:36:47",794600
23650,0,300,"bu","10:36:50",794900
23650,0,10000,"bu","10:37:04",804900
23650,0,600,"sd","10:37:05",805500
23650,0,300,"bu","10:38:02",805800
23650,0,300,"sd","10:38:19",806100
23650,0,1500,"sd","10:38:55",807600
23650,0,2000,"sd","10:39:12",809600
23650,0,300,"bu","10:39:13",809900
23600,-50,3000,"bu","10:39:30",812900
23650,0,10000,"bu","10:39:59",822900
23650,0,10000,"sd","10:40:04",832900
23650,0,10000,"sd","10:40:09",842900
23650,0,2200,"bu","10:40:13",845100
23700,50,300,"bu","10:40:24",845400
23700,50,800,"bu","10:40:28",846200
23650,0,10000,"bu","10:40:43",856200
23700,50,400,"sd","10:41:35",856600
23650,0,4400,"bu","10:41:46",861000
23650,0,100,"sd","10:41:53",861100
23650,0,14900,"bu","10:41:56",876000
23650,0,600,"bu","10:42:00",876600
23650,0,100,"bu","10:42:03",876700
23650,0,4000,"sd","10:42:06",880700
23650,0,100,"bu","10:42:09",880800
23650,0,1000,"sd","10:42:19",881800
23650,0,200,"sd","10:42:33",882000
23650,0,2000,"bu","10:42:35",884000
23650,0,1000,"sd","10:42:44",885000
23700,50,300,"bu","10:42:47",885300
23700,50,600,"bu","10:43:13",885900
23650,0,3000,"bu","10:43:41",888900
23650,0,700,"bu","10:43:46",889600
23700,50,300,"bu","10:43:58",889900
23700,50,800,"bu","10:44:11",890700
23650,0,2000,"sd","10:44:21",892700
23650,0,500,"sd","10:44:58",893200
23650,0,5000,"bu","10:45:00",898200
23650,0,100,"sd","10:45:09",898300
23700,50,300,"bu","10:45:11",898600
23650,0,14400,"sd","10:45:16",913000
23650,0,20000,"sd","10:45:23",933000
23650,0,5000,"bu","10:45:32",938000
23600,-50,700,"sd","10:45:34",938700
23600,-50,3000,"sd","10:45:40",941700
23600,-50,700,"bu","10:45:40",942400
23600,-50,700,"sd","10:45:44",943100
23600,-50,1500,"bu","10:45:51",944600
23650,0,100,"bu","10:46:17",944700
23650,0,300,"sd","10:46:21",945000
23600,-50,4300,"sd","10:46:55",949300
23600,-50,50000,"bu","10:47:06",999300
23600,-50,1500,"bu","10:47:08",1000800
23600,-50,4000,"sd","10:47:33",1004800
23650,0,300,"sd","10:47:34",1005100
23650,0,900,"sd","10:47:54",1006000
23650,0,600,"sd","10:48:08",1006600
23600,-50,800,"bu","10:48:09",1007400
23650,0,25000,"bu","10:48:45",1032400
23650,0,500,"bu","10:49:23",1032900
23550,-100,31000,"bu","10:49:36",1063900
23650,0,300,"bu","10:49:56",1064200
23550,-100,100,"bu","10:50:00",1064300
23550,-100,300,"bu","10:50:18",1064600
23550,-100,100,"bu","10:50:54",1064700
23550,-100,6200,"bu","10:50:56",1070900
23550,-100,13800,"sd","10:50:57",1084700
23550,-100,200,"sd","10:51:04",1084900
23550,-100,500,"sd","10:51:06",1085400
23600,-50,400,"sd","10:51:07",1085800
23600,-50,800,"bu","10:51:36",1086600
23550,-100,2100,"bu","10:51:51",1088700
23600,-50,300,"sd","10:52:19",1089000
23600,-50,1000,"sd","10:52:29",1090000
23550,-100,2500,"sd","10:52:37",1092500
23600,-50,300,"sd","10:53:30",1092800
23550,-100,3000,"bu","10:54:21",1095800
23600,-50,2000,"sd","10:54:30",1097800
23600,-50,2000,"sd","10:54:35",1099800
23600,-50,300,"bu","10:54:41",1100100
23600,-50,600,"bu","10:55:04",1100700
23600,-50,2200,"sd","10:55:16",1102900
23600,-50,500,"bu","10:55:40",1103400
23650,0,800,"bu","10:55:54",1104200
23650,0,600,"bu","10:56:46",1104800
23650,0,300,"bu","10:57:04",1105100
23650,0,800,"sd","10:57:11",1105900
23650,0,300,"bu","10:57:13",1106200
23650,0,200,"sd","10:57:24",1106400
23650,0,600,"sd","10:58:00",1107000
23650,0,300,"sd","10:58:17",1107300
23650,0,500,"sd","10:58:21",1107800
23650,0,900,"sd","10:59:02",1108700
23600,-50,200,"bu","10:59:08",1108900
23650,0,400,"sd","10:59:27",1109300
23600,-50,300,"bu","10:59:35",1109600
23600,-50,100,"bu","11:00:06",1109700
23600,-50,500,"sd","11:00:16",1110200
23600,-50,100,"sd","11:00:20",1110300
23650,0,300,"sd","11:00:39",1110600
23600,-50,700,"sd","11:00:48",1111300
23600,-50,1500,"sd","11:00:50",1112800
23600,-50,2200,"sd","11:00:53",1115000
23600,-50,200,"sd","11:00:55",1115200
23600,-50,700,"bu","11:01:00",1115900
23600,-50,1500,"sd","11:01:01",1117400
23600,-50,700,"sd","11:01:05",1118100
23600,-50,700,"sd","11:01:10",1118800
23600,-50,2800,"sd","11:01:15",1121600
23600,-50,700,"sd","11:01:16",1122300
23600,-50,1500,"sd","11:01:20",1123800
23600,-50,700,"bu","11:01:22",1124500
23600,-50,3500,"bu","11:01:23",1128000
23600,-50,2200,"sd","11:01:26",1130200
23600,-50,100,"sd","11:01:30",1130300
23600,-50,2200,"sd","11:01:32",1132500
23600,-50,2500,"bu","11:01:33",1135000
23600,-50,1600,"sd","11:01:37",1136600
23550,-100,700,"sd","11:01:40",1137300
23550,-100,1500,"bu","11:01:43",1138800
23550,-100,700,"sd","11:01:46",1139500
23600,-50,300,"sd","11:01:50",1139800
23550,-100,700,"bu","11:01:52",1140500
23550,-100,1500,"sd","11:01:54",1142000
23550,-100,700,"sd","11:01:57",1142700
23550,-100,1500,"sd","11:02:01",1144200
23550,-100,700,"bu","11:02:02",1144900
23550,-100,2300,"bu","11:02:52",1147200
23550,-100,400,"bu","11:02:53",1147600
23600,-50,300,"bu","11:03:02",1147900
23600,-50,500,"sd","11:03:16",1148400
23550,-100,1500,"sd","11:03:45",1149900
23550,-100,1600,"sd","11:04:01",1151500
23550,-100,3500,"bu","11:04:11",1155000
23600,-50,300,"sd","11:04:13",1155300
23550,-100,3200,"bu","11:04:19",1158500
23550,-100,400,"bu","11:04:29",1158900
23550,-100,3200,"sd","11:04:33",1162100
23550,-100,4100,"sd","11:05:10",1166200
23600,-50,300,"bu","11:05:25",1166500
23600,-50,200,"sd","11:05:46",1166700
23600,-50,800,"bu","11:06:28",1167500
23600,-50,900,"bu","11:06:36",1168400
23600,-50,1000,"sd","11:07:17",1169400
23600,-50,300,"sd","11:07:50",1169700
23600,-50,600,"bu","11:07:52",1170300
23600,-50,3000,"sd","11:08:03",1173300
23550,-100,500,"bu","11:08:11",1173800
23600,-50,11000,"sd","11:08:40",1184800
23600,-50,7000,"sd","11:08:46",1191800
23600,-50,5000,"sd","11:08:56",1196800
23600,-50,400,"sd","11:08:59",1197200
23600,-50,2000,"sd","11:09:03",1199200
23600,-50,500,"bu","11:09:04",1199700
23600,-50,3000,"bu","11:09:07",1202700
23600,-50,100,"sd","11:09:23",1202800
23550,-100,5000,"sd","11:09:36",1207800
23600,-50,200,"sd","11:09:46",1208000
23650,0,300,"bu","11:10:10",1208300
23650,0,900,"sd","11:10:11",1209200
23650,0,600,"sd","11:10:17",1209800
23550,-100,37000,"sd","11:11:06",1246800
23650,0,300,"sd","11:11:22",1247100
23650,0,600,"sd","11:11:31",1247700
23600,-50,800,"bu","11:12:03",1248500
23600,-50,300,"sd","11:12:34",1248800
23600,-50,600,"sd","11:12:45",1249400
23600,-50,2000,"sd","11:12:51",1251400
23600,-50,500,"sd","11:12:55",1251900
23600,-50,3600,"sd","11:13:10",1255500
23600,-50,2400,"bu","11:13:20",1257900
23600,-50,300,"bu","11:13:46",1258200
23600,-50,800,"sd","11:13:53",1259000
23600,-50,500,"sd","11:13:59",1259500
23600,-50,3000,"bu","11:14:16",1262500
23600,-50,1800,"sd","11:14:27",1264300
23600,-50,4300,"bu","11:14:33",1268600
23600,-50,100,"bu","11:14:36",1268700
23600,-50,300,"sd","11:14:57",1269000
23600,-50,1000,"bu","11:15:02",1270000
23600,-50,600,"bu","11:15:13",1270600
23600,-50,2000,"sd","11:15:17",1272600
23600,-50,800,"sd","11:15:45",1273400
23600,-50,500,"bu","11:16:07",1273900
23600,-50,2200,"sd","11:16:08",1276100
23600,-50,100,"sd","11:16:13",1276200
23650,0,800,"bu","11:16:26",1277000
23650,0,400,"bu","11:17:20",1277400
23650,0,800,"sd","11:17:36",1278200
23650,0,600,"sd","11:17:40",1278800
23650,0,300,"sd","11:18:30",1279100
23650,0,500,"sd","11:18:54",1279600
23650,0,800,"bu","11:19:28",1280400
23650,0,300,"bu","11:19:43",1280700
23650,0,600,"bu","11:20:08",1281300
23600,-50,4500,"sd","11:20:20",1285800
23650,0,300,"bu","11:20:54",1286100
23600,-50,4500,"sd","11:21:03",1290600
23600,-50,11300,"bu","11:21:29",1301900
23650,0,300,"bu","11:22:06",1302200
23650,0,600,"sd","11:22:35",1302800
23600,-50,10000,"sd","11:22:43",1312800
23600,-50,1000,"bu","11:22:59",1313800
23650,0,300,"sd","11:23:17",1314100
23650,0,500,"sd","11:23:49",1314600
23650,0,100,"bu","11:24:03",1314700
23650,0,300,"sd","11:24:28",1315000
23600,-50,600,"sd","11:24:37",1315600
23600,-50,100,"sd","11:25:17",1315700
23650,0,400,"sd","11:25:40",1316100
23650,0,1300,"bu","11:25:50",1317400
23650,0,8700,"sd","11:25:51",1326100
23650,0,3000,"bu","11:25:59",1329100
23600,-50,4500,"sd","11:26:09",1333600
23600,-50,20000,"bu","11:26:49",1353600
23650,0,300,"bu","11:26:51",1353900
23650,0,800,"sd","11:26:53",1354700
23650,0,600,"bu","11:27:31",1355300
23600,-50,4000,"bu","11:27:33",1359300
23600,-50,10000,"sd","11:27:51",1369300
23650,0,400,"sd","11:28:03",1369700
23600,-50,1200,"sd","11:28:25",1370900
23600,-50,500,"bu","11:28:44",1371400
23600,-50,800,"bu","11:28:45",1372200
23600,-50,2500,"bu","11:28:51",1374700
23600,-50,500,"sd","11:28:52",1375200
23550,-100,2000,"sd","11:29:03",1377200
23600,-50,100,"bu","11:29:23",1377300
23600,-50,2000,"bu","11:29:30",1379300
23600,-50,1900,"sd","11:29:41",1381200
23600,-50,1600,"bu","11:29:51",1382800
23600,-50,5800,"sd","13:00:13",1388600
23600,-50,10000,"bu","13:00:16",1398600
23600,-50,3600,"bu","13:00:20",1402200
23600,-50,100,"bu","13:00:22",1402300
23600,-50,4000,"bu","13:00:24",1406300
23550,-100,1000,"sd","13:00:27",1407300
23600,-50,3000,"sd","13:00:29",1410300
23600,-50,100,"bu","13:00:41",1410400
23600,-50,10000,"sd","13:00:47",1420400
23550,-100,100,"bu","13:00:51",1420500
23550,-100,600,"bu","13:01:14",1421100
23550,-100,10000,"sd","13:01:15",1431100
23550,-100,300,"bu","13:01:53",1431400
23550,-100,1000,"sd","13:02:28",1432400
23550,-100,27100,"sd","13:02:32",1459500
23550,-100,5000,"bu","13:02:38",1464500
23550,-100,400,"sd","13:02:39",1464900
23550,-100,300,"sd","13:02:51",1465200
23550,-100,500,"bu","13:03:39",1465700
23500,-150,100,"sd","13:03:59",1465800
23550,-100,500,"bu","13:04:07",1466300
23550,-100,2000,"sd","13:04:10",1468300
23550,-100,100,"bu","13:04:13",1468400
23550,-100,1000,"bu","13:04:19",1469400
23550,-100,1000,"bu","13:04:28",1470400
23550,-100,1000,"bu","13:04:43",1471400
23550,-100,1000,"sd","13:04:49",1472400
23550,-100,600,"bu","13:04:53",1473000
23500,-150,25300,"bu","13:04:56",1498300
23500,-150,4700,"sd","13:04:57",1503000
23550,-100,1500,"sd","13:05:07",1504500
23550,-100,100,"bu","13:05:16",1504600
23550,-100,6500,"sd","13:06:21",1511100
23550,-100,100,"bu","13:06:44",1511200
23550,-100,4000,"bu","13:07:00",1515200
23550,-100,1500,"bu","13:07:07",1516700
23550,-100,600,"bu","13:07:21",1517300
23550,-100,900,"sd","13:07:22",1518200
23550,-100,1300,"bu","13:07:55",1519500
23550,-100,5400,"bu","13:08:03",1524900
23550,-100,3000,"bu","13:08:05",1527900
23550,-100,2400,"bu","13:08:06",1530300
23550,-100,2000,"sd","13:08:12",1532300
23550,-100,100,"bu","13:08:22",1532400
23550,-100,10400,"bu","13:08:43",1542800
23550,-100,2000,"sd","13:09:00",1544800
23550,-100,100,"bu","13:09:23",1544900
23550,-100,2900,"bu","13:09:24",1547800
23600,-50,15000,"bu","13:09:34",1562800
23600,-50,600,"sd","13:09:48",1563400
23550,-100,100,"sd","13:09:51",1563500
23550,-100,800,"sd","13:09:53",1564300
23550,-100,500,"sd","13:09:58",1564800
23500,-150,100,"sd","13:10:08",1564900
23500,-150,600,"bu","13:10:44",1565500
23500,-150,13000,"sd","13:12:22",1578500
23500,-150,2500,"sd","13:12:25",1581000
23500,-150,5000,"bu","13:12:32",1586000
23500,-150,2000,"bu","13:13:22",1588000
23500,-150,200,"bu","13:13:56",1588200
23550,-100,20000,"sd","13:14:09",1608200
23550,-100,2300,"bu","13:14:15",1610500
23550,-100,600,"bu","13:14:44",1611100
23550,-100,3000,"bu","13:15:03",1614100
23550,-100,900,"sd","13:15:28",1615000
23550,-100,100,"sd","13:15:45",1615100
23550,-100,600,"sd","13:15:57",1615700
23550,-100,1500,"bu","13:16:00",1617200
23550,-100,1600,"bu","13:16:02",1618800
23550,-100,100,"sd","13:16:39",1618900
23500,-150,1000,"bu","13:16:53",1619900
23500,-150,500,"bu","13:16:54",1620400
23550,-100,200,"sd","13:17:14",1620600
23550,-100,800,"sd","13:17:20",1621400
23550,-100,300,"bu","13:17:26",1621700
23500,-150,2000,"bu","13:17:30",1623700
23550,-100,30000,"bu","13:17:45",1653700
23550,-100,1000,"sd","13:17:52",1654700
23500,-150,200,"bu","13:17:58",1654900
23500,-150,500,"bu","13:18:18",1655400
23550,-100,5000,"sd","13:18:33",1660400
23500,-150,500,"sd","13:18:38",1660900
23500,-150,1400,"bu","13:18:52",1662300
23550,-100,500,"sd","13:19:05",1662800
23550,-100,800,"bu","13:19:12",1663600
23500,-150,1500,"sd","13:19:27",1665100
23550,-100,10000,"sd","13:19:50",1675100
23550,-100,20200,"sd","13:20:01",1695300
23550,-100,5000,"sd","13:20:02",1700300
23550,-100,7100,"sd","13:20:04",1707400
23550,-100,4900,"sd","13:20:10",1712300
23550,-100,5000,"sd","13:20:17",1717300
23600,-50,100,"sd","13:20:23",1717400
23550,-100,2000,"sd","13:20:26",1719400
23550,-100,1000,"sd","13:20:57",1720400
23550,-100,4500,"bu","13:21:07",1724900
23500,-150,4500,"sd","13:21:11",1729400
23550,-100,5000,"bu","13:21:15",1734400
23550,-100,200,"sd","13:21:34",1734600
23550,-100,2600,"bu","13:21:36",1737200
23550,-100,2000,"bu","13:21:46",1739200
23550,-100,600,"sd","13:22:06",1739800
23550,-100,800,"sd","13:22:53",1740600
23550,-100,600,"bu","13:23:11",1741200
23550,-100,500,"sd","13:23:21",1741700
23550,-100,1500,"sd","13:23:52",1743200
23550,-100,14000,"sd","13:24:07",1757200
23550,-100,2000,"bu","13:24:16",1759200
23550,-100,1000,"bu","13:24:18",1760200
23550,-100,500,"bu","13:24:27",1760700
23550,-100,2100,"bu","13:24:35",1762800
23550,-100,5000,"sd","13:24:45",1767800
23550,-100,800,"sd","13:24:46",1768600
23550,-100,2000,"sd","13:24:50",1770600
23550,-100,5000,"bu","13:24:54",1775600
23550,-100,100,"bu","13:25:07",1775700
23550,-100,1000,"sd","13:25:13",1776700
23550,-100,10000,"bu","13:25:39",1786700
23550,-100,1000,"sd","13:25:43",1787700
23550,-100,100,"sd","13:25:44",1787800
23550,-100,700,"sd","13:25:48",1788500
23550,-100,1100,"bu","13:25:52",1789600
23550,-100,600,"bu","13:25:54",1790200
23550,-100,500,"bu","13:25:59",1790700
23550,-100,100,"sd","13:26:02",1790800
23550,-100,1000,"bu","13:26:03",1791800
23550,-100,100,"sd","13:26:08",1791900
23550,-100,1000,"sd","13:26:09",1792900
23550,-100,600,"bu","13:26:23",1793500
23550,-100,1100,"sd","13:26:28",1794600
23550,-100,900,"bu","13:26:37",1795500
23500,-150,3500,"sd","13:26:42",1799000
23550,-100,500,"bu","13:26:56",1799500
23550,-100,600,"sd","13:27:02",1800100
23550,-100,100,"bu","13:27:20",1800200
23550,-100,200,"sd","13:27:38",1800400
23550,-100,1000,"sd","13:27:42",1801400
23550,-100,500,"bu","13:28:15",1801900
23550,-100,5000,"bu","13:28:16",1806900
23550,-100,2000,"sd","13:28:28",1808900
23550,-100,800,"sd","13:28:29",1809700
23550,-100,1700,"sd","13:28:33",1811400
23550,-100,1000,"bu","13:29:01",1812400
23550,-100,10000,"sd","13:29:29",1822400
23550,-100,600,"sd","13:29:30",1823000
23550,-100,800,"bu","13:30:20",1823800
23550,-100,100,"sd","13:30:32",1823900
23550,-100,2800,"sd","13:30:35",1826700
23550,-100,600,"bu","13:30:43",1827300
23550,-100,1000,"bu","13:30:53",1828300
23550,-100,100,"sd","13:31:02",1828400
23550,-100,5000,"sd","13:31:13",1833400
23550,-100,100,"sd","13:31:31",1833500
23550,-100,23200,"sd","13:31:37",1856700
23550,-100,1100,"bu","13:31:41",1857800
23550,-100,100,"sd","13:31:43",1857900
23550,-100,700,"sd","13:31:44",1858600
23550,-100,1500,"sd","13:31:45",1860100
23550,-100,5000,"sd","13:32:06",1865100
23550,-100,300,"bu","13:32:32",1865400
23550,-100,1000,"sd","13:32:53",1866400
23550,-100,2000,"sd","13:33:41",1868400
23600,-50,100,"bu","13:34:18",1868500
23600,-50,600,"sd","13:34:25",1869100
23600,-50,5000,"sd","13:34:46",1874100
23550,-100,3800,"sd","13:34:58",1877900
23600,-50,100,"sd","13:35:18",1878000
23600,-50,600,"sd","13:35:39",1878600
23600,-50,500,"bu","13:35:49",1879100
23600,-50,800,"bu","13:35:53",1879900
23550,-100,500,"bu","13:36:01",1880400
23550,-100,10200,"sd","13:36:49",1890600
23550,-100,1200,"bu","13:36:55",1891800
23550,-100,900,"sd","13:37:03",1892700
23550,-100,500,"bu","13:37:10",1893200
23550,-100,1500,"sd","13:37:13",1894700
23550,-100,20800,"bu","13:37:19",1915500
23550,-100,500,"sd","13:37:40",1916000
23550,-100,900,"sd","13:37:47",1916900
23550,-100,500,"bu","13:38:06",1917400
23550,-100,100,"sd","13:38:09",1917500
23550,-100,700,"bu","13:39:20",1918200
23550,-100,800,"sd","13:39:37",1919000
23500,-150,5000,"sd","13:40:04",1924000
23500,-150,6500,"sd","13:40:21",1930500
23500,-150,10000,"sd","13:41:22",1940500
23550,-100,100,"bu","13:42:18",1940600
23500,-150,300,"bu","13:42:31",1940900
23550,-100,100,"sd","13:42:44",1941000
23550,-100,200,"sd","13:42:56",1941200
23500,-150,18000,"sd","13:42:58",1959200
23500,-150,24000,"bu","13:43:35",1983200
23500,-150,35000,"sd","13:43:51",2018200
23500,-150,30000,"sd","13:43:59",2048200
23450,-200,42300,"bu","13:44:00",2090500
23500,-150,6000,"bu","13:44:16",2096500
23500,-150,1000,"sd","13:44:45",2097500
23500,-150,300,"bu","13:45:04",2097800
23500,-150,800,"bu","13:45:13",2098600
23500,-150,3000,"sd","13:45:14",2101600
23500,-150,600,"sd","13:45:29",2102200
23450,-200,5000,"bu","13:45:31",2107200
23450,-200,20000,"sd","13:45:46",2127200
23450,-200,1000,"bu","13:45:51",2128200
23450,-200,1000,"sd","13:45:52",2129200
23450,-200,5300,"bu","13:46:01",2134500
23450,-200,6000,"sd","13:46:03",2140500
23450,-200,500,"bu","13:46:05",2141000
23450,-200,6300,"bu","13:46:14",2147300
23450,-200,200,"bu","13:46:16",2147500
23450,-200,100,"sd","13:46:29",2147600
23450,-200,200,"bu","13:46:35",2147800
23450,-200,600,"bu","13:46:43",2148400
23450,-200,100,"sd","13:46:44",2148500
23450,-200,500,"sd","13:46:50",2149000
23450,-200,5000,"bu","13:47:00",2154000
23450,-200,800,"sd","13:47:03",2154800
23450,-200,100,"bu","13:47:10",2154900
23450,-200,3100,"bu","13:47:13",2158000
23450,-200,3000,"sd","13:47:18",2161000
23400,-250,20000,"bu","13:47:21",2181000
23450,-200,1000,"bu","13:47:23",2182000
23450,-200,200,"bu","13:47:24",2182200
23450,-200,1500,"sd","13:47:48",2183700
23450,-200,2000,"sd","13:47:55",2185700
23450,-200,600,"sd","13:47:56",2186300
23450,-200,700,"bu","13:47:58",2187000
23450,-200,500,"sd","13:48:01",2187500
23450,-200,10000,"bu","13:48:08",2197500
23450,-200,1000,"sd","13:48:09",2198500
23450,-200,1800,"bu","13:48:13",2200300
23500,-150,5600,"sd","13:48:15",2205900
23500,-150,5400,"sd","13:48:54",2211300
23500,-150,9100,"bu","13:48:58",2220400
23500,-150,600,"bu","13:49:09",2221000
23500,-150,1500,"sd","13:49:13",2222500
23500,-150,1900,"bu","13:49:55",2224400
23500,-150,200,"sd","13:49:56",2224600
23450,-200,400,"bu","13:50:08",2225000
23500,-150,100,"bu","13:51:45",2225100
23500,-150,1100,"sd","13:52:17",2226200
23500,-150,800,"sd","13:52:38",2227000
23500,-150,32000,"sd","13:52:40",2259000
23500,-150,200,"bu","13:52:49",2259200
23500,-150,500,"sd","13:52:51",2259700
23500,-150,3000,"sd","13:52:57",2262700
23500,-150,5000,"sd","13:53:06",2267700
23500,-150,100,"bu","13:53:27",2267800
23500,-150,600,"sd","13:54:06",2268400
23500,-150,30000,"bu","13:54:24",2298400
23500,-150,1900,"bu","13:54:29",2300300
23500,-150,1900,"bu","13:54:36",2302200
23500,-150,100,"bu","13:54:45",2302300
23500,-150,2000,"bu","13:54:51",2304300
23500,-150,500,"sd","13:54:55",2304800
23500,-150,100,"sd","13:55:01",2304900
23500,-150,2000,"bu","13:55:07",2306900
23500,-150,500,"bu","13:55:08",2307400
23500,-150,2100,"bu","13:55:25",2309500
23500,-150,2000,"sd","13:55:27",2311500
23500,-150,400,"bu","13:55:37",2311900
23500,-150,100,"bu","13:55:39",2312000
23500,-150,2400,"sd","13:55:49",2314400
23500,-150,3500,"sd","13:56:30",2317900
23500,-150,600,"bu","13:56:32",2318500
23500,-150,500,"bu","13:56:37",2319000
23500,-150,1000,"bu","13:57:16",2320000
23500,-150,300,"sd","13:57:19",2320300
23500,-150,2000,"sd","13:57:29",2322300
23500,-150,1800,"sd","13:57:34",2324100
23500,-150,200,"bu","13:58:18",2324300
23500,-150,5000,"sd","13:59:09",2329300
23500,-150,100,"bu","13:59:10",2329400
23450,-200,4500,"bu","13:59:13",2333900
23450,-200,1400,"sd","13:59:22",2335300
23450,-200,1600,"sd","13:59:37",2336900
23450,-200,100,"bu","13:59:49",2337000
23400,-250,68800,"bu","13:59:58",2405800
23450,-200,700,"sd","14:00:04",2406500
23450,-200,800,"sd","14:00:15",2407300
23450,-200,300,"bu","14:00:24",2407600
23450,-200,1100,"sd","14:00:56",2408700
23450,-200,3000,"sd","14:01:05",2411700
23450,-200,200,"bu","14:01:09",2411900
23450,-200,2000,"sd","14:01:16",2413900
23450,-200,1000,"bu","14:01:20",2414900
23450,-200,1600,"sd","14:02:01",2416500
23450,-200,6600,"bu","14:02:53",2423100
23450,-200,2000,"sd","14:02:56",2425100
23450,-200,5000,"bu","14:03:13",2430100
23450,-200,200,"sd","14:03:29",2430300
23450,-200,500,"sd","14:03:31",2430800
23450,-200,800,"sd","14:03:47",2431600
23450,-200,1000,"bu","14:03:51",2432600
23450,-200,600,"sd","14:03:56",2433200
23450,-200,600,"sd","14:04:19",2433800
23450,-200,100,"bu","14:04:31",2433900
23400,-250,2900,"sd","14:04:36",2436800
23450,-200,100,"sd","14:04:48",2436900
23450,-200,1800,"sd","14:05:06",2438700
23450,-200,600,"bu","14:05:11",2439300
23450,-200,3000,"sd","14:05:14",2442300
23450,-200,2100,"bu","14:05:37",2444400
23450,-200,100,"sd","14:05:47",2444500
23450,-200,2500,"sd","14:06:03",2447000
23450,-200,1500,"bu","14:06:19",2448500
23450,-200,600,"bu","14:06:24",2449100
23450,-200,100,"sd","14:06:28",2449200
23450,-200,17000,"bu","14:06:44",2466200
23450,-200,3000,"sd","14:06:53",2469200
23450,-200,100,"sd","14:07:09",2469300
23450,-200,500,"bu","14:07:13",2469800
23450,-200,1500,"bu","14:07:22",2471300
23450,-200,800,"bu","14:07:30",2472100
23450,-200,500,"bu","14:07:37",2472600
23450,-200,2000,"sd","14:08:05",2474600
23450,-200,3600,"sd","14:08:51",2478200
23450,-200,400,"bu","14:08:59",2478600
23450,-200,4800,"bu","14:10:11",2483400
23400,-250,100,"sd","14:10:13",2483500
23450,-200,2500,"sd","14:10:28",2486000
23450,-200,1000,"bu","14:10:33",2487000
23450,-200,1500,"bu","14:10:48",2488500
23450,-200,2600,"bu","14:11:02",2491100
23450,-200,2100,"bu","14:11:08",2493200
23450,-200,1500,"sd","14:11:11",2494700
23450,-200,800,"bu","14:11:13",2495500
23450,-200,5100,"bu","14:11:18",2500600
23450,-200,300,"bu","14:11:19",2500900
23500,-150,1500,"bu","14:11:22",2502400
23500,-150,4500,"sd","14:11:47",2506900
23450,-200,14400,"sd","14:11:55",2521300
23450,-200,1500,"bu","14:12:01",2522800
23450,-200,2100,"bu","14:12:15",2524900
23450,-200,200,"sd","14:12:19",2525100
23450,-200,1100,"bu","14:12:24",2526200
23450,-200,500,"bu","14:12:25",2526700
23450,-200,1500,"sd","14:12:29",2528200
23450,-200,500,"sd","14:12:32",2528700
23500,-150,2200,"sd","14:12:40",2530900
23500,-150,1500,"sd","14:12:48",2532400
23500,-150,3000,"sd","14:13:00",2535400
23450,-200,1000,"sd","14:13:04",2536400
23500,-150,1500,"bu","14:13:08",2537900
23500,-150,3000,"sd","14:13:22",2540900
23500,-150,1500,"sd","14:13:28",2542400
23500,-150,1500,"sd","14:13:33",2543900
23500,-150,1500,"bu","14:13:42",2545400
23500,-150,2100,"sd","14:13:47",2547500
23500,-150,1600,"sd","14:14:01",2549100
23500,-150,200,"bu","14:14:28",2549300
23500,-150,800,"bu","14:14:40",2550100
23500,-150,1800,"sd","14:14:43",2551900
23500,-150,500,"sd","14:14:44",2552400
23500,-150,800,"sd","14:14:55",2553200
23500,-150,900,"bu","14:15:24",2554100
23500,-150,1100,"bu","14:16:17",2555200
23500,-150,3800,"bu","14:16:47",2559000
23500,-150,8400,"sd","14:17:12",2567400
23500,-150,200,"bu","14:17:17",2567600
23500,-150,4100,"bu","14:17:23",2571700
23500,-150,500,"bu","14:17:28",2572200
23500,-150,1000,"sd","14:17:36",2573200
23500,-150,3800,"sd","14:17:38",2577000
23500,-150,5000,"bu","14:18:02",2582000
23500,-150,2900,"sd","14:18:12",2584900
23500,-150,1600,"bu","14:18:14",2586500
23450,-200,2000,"bu","14:18:16",2588500
23450,-200,2000,"bu","14:19:03",2590500
23450,-200,5000,"bu","14:19:14",2595500
23450,-200,3200,"sd","14:19:39",2598700
23450,-200,100,"sd","14:19:56",2598800
23450,-200,500,"sd","14:19:59",2599300
23450,-200,15000,"bu","14:20:43",2614300
23500,-150,1300,"bu","14:20:45",2615600
23500,-150,10000,"sd","14:20:55",2625600
23500,-150,600,"bu","14:21:09",2626200
23500,-150,10000,"sd","14:21:11",2636200
23500,-150,1000,"bu","14:21:42",2637200
23500,-150,10000,"bu","14:21:55",2647200
23450,-200,1500,"bu","14:22:13",2648700
23450,-200,2000,"sd","14:22:15",2650700
23500,-150,10000,"bu","14:22:50",2660700
23500,-150,800,"bu","14:22:51",2661500
23500,-150,3000,"sd","14:23:04",2664500
23500,-150,2000,"bu","14:23:11",2666500
23500,-150,10000,"bu","14:23:14",2676500
23500,-150,3000,"sd","14:23:16",2679500
23500,-150,3000,"sd","14:23:19",2682500
23450,-200,3500,"sd","14:23:29",2686000
23450,-200,1600,"bu","14:23:42",2687600
23500,-150,1600,"bu","14:24:36",2689200
23500,-150,1600,"sd","14:24:49",2690800
23500,-150,500,"sd","14:24:51",2691300
23500,-150,1600,"sd","14:25:05",2692900
23500,-150,3000,"bu","14:25:14",2695900
23500,-150,10000,"sd","14:25:16",2705900
23500,-150,11600,"sd","14:25:25",2717500
23500,-150,2800,"bu","14:25:29",2720300
23550,-100,1500,"sd","14:25:46",2721800
23550,-100,10000,"bu","14:25:50",2731800
23550,-100,1600,"sd","14:25:52",2733400
23550,-100,6100,"sd","14:25:54",2739500
23600,-50,1500,"sd","14:25:58",2741000
23600,-50,1600,"sd","14:26:04",2742600
23600,-50,1600,"sd","14:26:05",2744200
23600,-50,1500,"sd","14:26:07",2745700
23600,-50,10000,"sd","14:26:09",2755700
23600,-50,5000,"sd","14:26:11",2760700
23600,-50,1500,"bu","14:26:12",2762200
23600,-50,1600,"bu","14:26:14",2763800
23600,-50,10000,"bu","14:26:16",2773800
23550,-100,1000,"bu","14:26:18",2774800
23600,-50,1500,"bu","14:26:19",2776300
23600,-50,3200,"bu","14:26:27",2779500
23600,-50,1500,"sd","14:26:30",2781000
23550,-100,7300,"sd","14:26:32",2788300
23600,-50,1600,"bu","14:26:36",2789900
23600,-50,1500,"sd","14:26:37",2791400
23550,-100,2000,"sd","14:26:41",2793400
23600,-50,1500,"sd","14:26:44",2794900
23600,-50,11600,"bu","14:26:46",2806500
23600,-50,10000,"sd","14:26:48",2816500
23600,-50,2500,"sd","14:26:50",2819000
23600,-50,12000,"sd","14:27:11",2831000
23600,-50,1600,"bu","14:27:14",2832600
23600,-50,1700,"sd","14:27:16",2834300
23650,0,2300,"sd","14:27:19",2836600
23650,0,1600,"bu","14:27:22",2838200
23650,0,14200,"bu","14:27:35",2852400
23600,-50,700,"sd","14:27:40",2853100
23600,-50,5200,"bu","14:27:42",2858300
23600,-50,16400,"bu","14:27:53",2874700
23650,0,3200,"sd","14:28:02",2877900
23650,0,3200,"sd","14:28:15",2881100
23650,0,3500,"bu","14:28:22",2884600
23650,0,13200,"sd","14:28:38",2897800
23650,0,3200,"sd","14:28:40",2901000
23600,-50,5200,"bu","14:28:49",2906200
23600,-50,100,"sd","14:28:56",2906300
23600,-50,200,"bu","14:28:58",2906500
23650,0,10000,"bu","14:29:03",2916500
23600,-50,9200,"bu","14:29:09",2925700
23600,-50,2000,"bu","14:29:14",2927700
23600,-50,3800,"sd","14:29:21",2931500
23600,-50,1500,"bu","14:29:35",2933000
23650,0,4800,"bu","14:29:42",2937800
23650,0,5800,"sd","14:29:54",2943600
23600,-50,4000,"sd","14:30:02",2947600
23650,0,110400,"bu","14:45:14",3058000
