"price","change","match_qtty","side","time","total_vol"
91.1,-0.6,7500,"","14:45:00",272400
91,-0.7,100,"bu","14:29:16",264900
91,-0.7,1000,"bu","14:25:24",264800
90.5,-1.2,800,"sd","14:25:24",263800
90.6,-1.1,200,"sd","14:25:24",263000
91,-0.7,2000,"bu","14:25:16",262800
91,-0.7,100,"bu","14:25:02",260800
90.8,-0.9,400,"bu","14:24:46",260700
90.5,-1.2,100,"bu","14:24:46",260300
90.5,-1.2,200,"bu","14:24:14",260200
90.5,-1.2,100,"bu","14:23:47",260000
90.5,-1.2,1000,"bu","14:23:46",259900
90.4,-1.3,1000,"sd","14:22:45",258900
90.5,-1.2,100,"bu","14:22:37",257900
90.5,-1.2,1000,"bu","14:22:34",257800
90.5,-1.2,100,"bu","14:22:33",256800
90.5,-1.2,100,"bu","14:22:26",256700
90.5,-1.2,200,"bu","14:21:47",256600
90.5,-1.2,1800,"bu","14:21:44",256400
90.5,-1.2,500,"bu","14:20:34",254600
90.5,-1.2,100,"bu","14:19:39",254100
90.5,-1.2,200,"bu","14:19:07",254000
90.5,-1.2,100,"bu","14:19:02",253800
90.5,-1.2,100,"bu","14:18:17",253700
90.5,-1.2,800,"bu","14:18:07",253600
90.5,-1.2,100,"bu","14:15:34",252700
90.4,-1.3,100,"sd","14:15:27",252600
90.5,-1.2,100,"bu","14:12:57",252500
90.5,-1.2,1000,"bu","14:12:55",252400
90.4,-1.3,200,"sd","14:12:30",251400
90.4,-1.3,700,"bu","14:11:49",251200
90.5,-1.2,100,"bu","14:10:25",250500
90.5,-1.2,100,"bu","14:09:14",250400
90.4,-1.3,100,"bu","14:08:24",250300
90.5,-1.2,100,"bu","14:07:28",250200
90.5,-1.2,300,"bu","14:06:47",250100
90.5,-1.2,100,"bu","14:05:22",249800
90,-1.7,500,"bu","14:02:39",249700
90,-1.7,2100,"bu","14:02:37",249200
90,-1.7,1600,"bu","14:02:34",247100
90,-1.7,600,"bu","14:02:27",245500
90,-1.7,500,"bu","14:02:26",244900
90,-1.7,100,"bu","14:02:24",244400
90,-1.7,300,"bu","14:02:23",244300
90,-1.7,300,"bu","14:02:17",244000
90,-1.7,100,"bu","14:02:16",243700
90,-1.7,1000,"bu","14:02:15",243600
90,-1.7,1500,"bu","14:02:13",242600
90,-1.7,100,"bu","14:01:57",241100
90,-1.7,1300,"sd","14:01:47",241000
90.2,-1.5,100,"sd","14:01:41",239700
90.2,-1.5,100,"bu","14:01:30",239600
90,-1.7,1100,"bu","14:00:46",239500
90,-1.7,1000,"bu","14:00:44",238400
90,-1.7,500,"bu","14:00:43",237400
90,-1.7,600,"bu","14:00:25",236900
90,-1.7,100,"bu","13:59:53",236300
89.7,-2,100,"bu","13:57:03",236200
89.7,-2,700,"sd","13:56:57",236100
90,-1.7,100,"bu","13:56:57",235400
90,-1.7,1000,"bu","13:56:51",235300
89.6,-2.1,1000,"sd","13:55:37",234300
89.7,-2,1500,"sd","13:55:37",233300
89.8,-1.9,2300,"sd","13:55:37",231800
89.9,-1.8,200,"sd","13:55:37",229500
89.9,-1.8,800,"sd","13:54:01",229300
90,-1.7,600,"bu","13:53:47",228500
90,-1.7,4700,"sd","13:53:39",227900
90.1,-1.6,300,"sd","13:53:39",223200
90,-1.7,2100,"sd","13:41:31",222900
90.1,-1.6,1700,"sd","13:41:31",220800
90.2,-1.5,600,"sd","13:41:31",219100
90.3,-1.4,600,"sd","13:41:31",218500
90.3,-1.4,800,"bu","13:40:28",217900
90.3,-1.4,300,"bu","13:40:16",217100
90.2,-1.5,400,"bu","13:38:44",216800
90.2,-1.5,100,"bu","13:38:07",216400
90.2,-1.5,1000,"bu","13:37:58",216300
90.2,-1.5,500,"bu","13:37:50",215300
90.2,-1.5,300,"bu","13:35:17",214800
90.2,-1.5,300,"bu","13:34:47",214500
90.2,-1.5,300,"bu","13:33:09",214200
90.1,-1.6,500,"sd","13:31:00",213900
90.2,-1.5,100,"bu","13:30:58",213400
90.2,-1.5,100,"bu","13:30:43",213300
90.1,-1.6,200,"sd","13:30:33",213200
90.1,-1.6,5000,"sd","13:28:27",213000
90.2,-1.5,200,"bu","13:28:17",208000
90.2,-1.5,1700,"sd","13:28:16",207800
90.2,-1.5,100,"sd","13:28:02",206100
90.2,-1.5,100,"sd","13:27:52",206000
90.3,-1.4,200,"bu","13:27:40",205900
90.3,-1.4,200,"bu","13:26:49",205700
90.3,-1.4,100,"bu","13:26:37",205500
90.3,-1.4,800,"bu","13:26:30",205400
90.3,-1.4,100,"bu","13:25:41",204600
90.3,-1.4,100,"bu","13:23:08",204500
90.3,-1.4,100,"bu","13:22:11",204400
90.5,-1.2,100,"bu","13:21:16",204300
90.5,-1.2,100,"bu","13:19:45",204200
90,-1.7,700,"bu","13:18:57",204100
90,-1.7,6800,"sd","13:18:53",203400
90.1,-1.6,2000,"sd","13:18:53",196600
90.2,-1.5,500,"sd","13:18:53",194600
90.5,-1.2,200,"bu","13:18:28",194100
90.2,-1.5,200,"sd","13:15:29",193900
90.5,-1.2,100,"bu","13:15:06",193700
90.4,-1.3,500,"bu","13:14:45",193600
90,-1.7,300,"sd","13:11:57",193100
90,-1.7,1100,"bu","13:11:02",192600
90,-1.7,3000,"bu","13:11:01",191500
90,-1.7,3200,"bu","13:10:59",188500
89.8,-1.9,100,"sd","13:05:53",185300
89.9,-1.8,100,"sd","13:05:28",185200
89.9,-1.8,200,"sd","13:04:49",185100
89.9,-1.8,1000,"sd","13:04:28",184900
89.9,-1.8,200,"sd","13:03:49",183900
89.9,-1.8,300,"sd","13:03:13",183700
89.9,-1.8,1500,"sd","13:00:35",183400
89.9,-1.8,100,"sd","13:00:13",181900
89.9,-1.8,500,"bu","13:00:13",181800
89.9,-1.8,100,"bu","11:29:08",181300
90,-1.7,100,"bu","11:26:31",181200
89.5,-2.2,500,"bu","11:26:23",181100
89.5,-2.2,3300,"sd","11:26:15",180600
89.6,-2.1,600,"sd","11:25:49",176100
89.6,-2.1,100,"sd","11:25:21",175500
89.6,-2.1,300,"sd","11:22:00",175400
89.6,-2.1,200,"sd","11:21:35",175100
89.5,-2.2,500,"bu","11:18:00",174900
89.5,-2.2,100,"bu","11:17:14",174400
89.5,-2.2,400,"sd","11:16:24",174300
89.5,-2.2,100,"sd","11:15:55",173900
90,-1.7,100,"sd","11:15:54",173800
90.1,-1.6,200,"sd","11:15:54",173700
90.1,-1.6,100,"bu","11:14:26",173500
90.1,-1.6,300,"bu","11:13:00",173400
90,-1.7,500,"bu","11:11:02",173100
89.8,-1.9,100,"bu","11:10:36",172600
89.8,-1.9,100,"bu","11:10:23",172500
89.8,-1.9,100,"bu","11:10:17",172400
89.6,-2.1,600,"bu","11:10:17",172300
89.6,-2.1,100,"bu","11:10:14",171700
89.5,-2.2,200,"bu","11:09:45",171600
89.5,-2.2,300,"bu","11:07:37",171400
89,-2.7,100,"sd","11:07:22",171100
89.1,-2.6,700,"sd","11:07:22",171000
89,-2.7,2400,"sd","11:07:03",170300
89.1,-2.6,2300,"sd","11:07:03",167900
89.4,-2.3,800,"sd","11:07:03",165600
89.5,-2.2,300,"bu","11:06:59",164800
89.5,-2.2,100,"bu","11:05:53",164500
89.5,-2.2,500,"bu","11:05:47",164400
89.4,-2.3,500,"sd","11:05:46",163900
89.5,-2.2,100,"bu","11:05:18",163400
89.5,-2.2,100,"sd","11:05:07",163300
89.5,-2.2,300,"sd","11:05:01",163200
89.5,-2.2,500,"sd","11:04:59",162900
89.5,-2.2,6200,"sd","11:04:43",162400
89.6,-2.1,100,"bu","11:04:21",156200
89.6,-2.1,100,"bu","11:04:03",156100
89.6,-2.1,1100,"sd","11:03:57",156000
89.8,-1.9,300,"bu","11:02:33",154900
89.8,-1.9,2100,"sd","11:02:24",154600
89.9,-1.8,200,"sd","11:02:11",152100
89.9,-1.8,500,"sd","11:01:48",151900
90,-1.7,300,"bu","11:01:48",151400
90,-1.7,600,"sd","11:01:32",151100
90,-1.7,200,"bu","11:01:23",150500
90,-1.7,500,"bu","11:01:19",150300
90,-1.7,100,"bu","11:01:13",149800
90,-1.7,6100,"sd","11:01:12",149700
90,-1.7,800,"sd","11:01:09",143600
90.1,-1.6,100,"bu","11:00:33",142800
90.1,-1.6,800,"bu","11:00:23",142700
90.1,-1.6,6400,"sd","11:00:14",141900
90.2,-1.5,500,"sd","11:00:14",135500
90.2,-1.5,500,"sd","10:59:38",135000
90.2,-1.5,1000,"sd","10:59:33",134500
90.2,-1.5,800,"sd","10:59:14",133500
90.3,-1.4,200,"sd","10:58:53",132700
90.3,-1.4,500,"sd","10:57:57",132500
90.3,-1.4,1000,"sd","10:57:07",132000
90.3,-1.4,4200,"sd","10:56:39",131000
90.3,-1.4,200,"sd","10:51:10",126800
90.5,-1.2,200,"sd","10:50:23",126600
90.6,-1.1,100,"bu","10:49:18",126400
90.5,-1.2,2000,"sd","10:49:12",126300
90.5,-1.2,400,"sd","10:46:36",124300
90.6,-1.1,600,"bu","10:45:36",123900
90.6,-1.1,100,"bu","10:45:03",123300
90.6,-1.1,1000,"bu","10:44:57",123200
90.5,-1.2,200,"sd","10:44:37",122200
90.5,-1.2,100,"sd","10:43:15",122000
90.5,-1.2,500,"bu","10:43:01",121900
90.5,-1.2,100,"bu","10:42:59",121400
90.5,-1.2,100,"bu","10:42:44",121300
90.5,-1.2,100,"bu","10:42:30",121200
90.5,-1.2,100,"bu","10:42:08",121100
90.2,-1.5,1000,"sd","10:42:04",121000
90.2,-1.5,900,"sd","10:41:52",120000
90.3,-1.4,600,"sd","10:41:52",119100
90.5,-1.2,100,"bu","10:41:51",118500
90.5,-1.2,100,"bu","10:41:46",118400
90.5,-1.2,200,"bu","10:41:33",118300
90.5,-1.2,100,"bu","10:41:29",118100
90.5,-1.2,100,"bu","10:41:26",118000
90.5,-1.2,300,"bu","10:41:23",117900
90.5,-1.2,100,"bu","10:41:21",117600
90.5,-1.2,200,"bu","10:41:13",117500
90.5,-1.2,100,"bu","10:41:03",117300
90.5,-1.2,200,"bu","10:41:03",117200
90.3,-1.4,2000,"sd","10:41:01",117000
90.5,-1.2,200,"bu","10:41:01",115000
90.5,-1.2,100,"bu","10:40:57",114800
90.5,-1.2,1000,"bu","10:40:43",114700
90.4,-1.3,100,"bu","10:40:39",113700
90.4,-1.3,900,"sd","10:40:35",113600
90.5,-1.2,100,"bu","10:40:33",112700
90.4,-1.3,800,"sd","10:40:30",112600
90.5,-1.2,1400,"bu","10:40:23",111800
90.5,-1.2,100,"bu","10:40:13",110400
90.5,-1.2,15700,"sd","10:40:07",110300
90.6,-1.1,3700,"sd","10:40:06",94600
90.6,-1.1,1000,"sd","10:40:02",90900
90.7,-1,100,"bu","10:39:58",89900
90.6,-1.1,2000,"sd","10:39:43",89800
90.6,-1.1,500,"sd","10:39:36",87800
90.7,-1,3100,"sd","10:39:14",87300
90.8,-0.9,100,"bu","10:39:11",84200
90.8,-0.9,100,"bu","10:38:56",84100
90.7,-1,2000,"sd","10:38:55",84000
90.7,-1,1000,"sd","10:38:50",82000
90.7,-1,7000,"sd","10:38:35",81000
90.9,-0.8,100,"bu","10:38:24",74000
90.9,-0.8,200,"bu","10:38:13",73900
90.9,-0.8,100,"bu","10:38:01",73700
90.7,-1,2000,"sd","10:37:43",73600
90.9,-0.8,400,"bu","10:32:26",71600
90.9,-0.8,700,"bu","10:26:25",71200
90.9,-0.8,200,"bu","10:25:57",70500
90.6,-1.1,3500,"sd","10:24:29",70300
90.9,-0.8,200,"bu","10:24:25",66800
90.9,-0.8,200,"bu","10:24:18",66600
90.9,-0.8,200,"bu","10:23:57",66400
90.9,-0.8,100,"bu","10:23:10",66200
90.8,-0.9,200,"bu","10:23:04",66100
90.8,-0.9,200,"bu","10:22:57",65900
90.8,-0.9,200,"bu","10:22:42",65700
90.6,-1.1,100,"sd","10:19:22",65500
90.6,-1.1,100,"sd","10:19:19",65400
90.7,-1,300,"bu","10:17:33",65300
90.7,-1,2700,"sd","10:17:30",65000
90.9,-0.8,600,"bu","10:13:10",62300
90.7,-1,800,"bu","10:09:47",61700
90.7,-1,100,"sd","10:08:36",60900
90.6,-1.1,200,"sd","10:06:28",60800
90.6,-1.1,1000,"sd","10:05:55",60600
90.7,-1,400,"sd","10:04:47",59600
91,-0.7,100,"bu","10:03:51",59200
91,-0.7,700,"bu","10:03:21",59100
90.7,-1,200,"sd","10:01:35",58400
91,-0.7,500,"bu","09:59:19",58200
90.6,-1.1,200,"bu","09:58:44",57700
90.6,-1.1,300,"bu","09:58:43",57500
90.6,-1.1,100,"bu","09:58:16",57200
90.6,-1.1,100,"bu","09:58:03",57100
90.6,-1.1,1300,"sd","09:58:01",57000
90.6,-1.1,100,"sd","09:56:30",55700
90.5,-1.2,5800,"bu","09:55:07",55600
90.5,-1.2,6000,"bu","09:55:05",49800
90.5,-1.2,300,"bu","09:55:03",43800
90.5,-1.2,3000,"bu","09:54:56",43500
90.3,-1.4,700,"bu","09:54:21",40500
90.3,-1.4,300,"sd","09:53:55",39800
90.3,-1.4,100,"bu","09:53:33",39500
90.3,-1.4,700,"sd","09:53:15",39400
90.5,-1.2,100,"bu","09:53:13",38700
90.5,-1.2,300,"bu","09:53:03",38600
90.5,-1.2,1500,"sd","09:52:51",38300
90.5,-1.2,1500,"sd","09:51:23",36800
90.6,-1.1,100,"sd","09:51:18",35300
90.5,-1.2,1000,"sd","09:51:04",35200
90.5,-1.2,1100,"sd","09:51:01",34200
90.5,-1.2,500,"sd","09:50:47",33100
90.5,-1.2,100,"sd","09:50:33",32600
90.7,-1,100,"sd","09:50:33",32500
91,-0.7,200,"bu","09:50:24",32400
91,-0.7,100,"bu","09:49:53",32200
91,-0.7,200,"sd","09:49:43",32100
91,-0.7,800,"sd","09:49:34",31900
91.3,-0.4,300,"sd","09:49:34",31100
91.5,-0.2,500,"sd","09:49:16",30800
91.5,-0.2,900,"sd","09:49:06",30300
91.5,-0.2,1000,"sd","09:48:53",29400
91.7,0,300,"bu","09:48:43",28400
91.7,0,3000,"sd","09:48:29",28100
91.7,0,2000,"sd","09:48:18",25100
91.7,0,100,"sd","09:48:01",23100
91.7,0,500,"sd","09:47:53",23000
91.7,0,100,"sd","09:47:40",22500
91.7,0,1000,"sd","09:46:59",22400
91.8,0.1,100,"bu","09:45:13",21400
91.8,0.1,1000,"bu","09:45:03",21300
91.7,0,500,"sd","09:44:25",20300
91.8,0.1,300,"bu","09:42:11",19800
91.8,0.1,100,"bu","09:41:33",19500
91.8,0.1,1000,"bu","09:41:26",19400
91.8,0.1,100,"bu","09:41:25",18400
91.8,0.1,200,"sd","09:38:23",18300
91.8,0.1,500,"bu","09:32:43",18100
91.8,0.1,3900,"sd","09:32:35",17600
91.8,0.1,100,"sd","09:32:08",13700
91.8,0.1,4500,"sd","09:31:50",13600
91.9,0.2,600,"sd","09:31:50",9100
92,0.3,100,"sd","09:31:29",8500
92,0.3,1000,"bu","09:29:56",8400
92,0.3,200,"sd","09:27:47",7400
92.1,0.4,100,"sd","09:26:56",7200
92.1,0.4,100,"sd","09:25:12",7100
92.2,0.5,200,"bu","09:24:30",7000
92.2,0.5,500,"sd","09:24:23",6800
92.2,0.5,200,"sd","09:24:21",6300
92.2,0.5,100,"sd","09:23:37",6100
92.2,0.5,800,"bu","09:23:19",6000
92.1,0.4,200,"bu","09:22:55",5200
92.1,0.4,700,"bu","09:22:04",5000
92,0.3,200,"sd","09:21:17",4300
92.1,0.4,300,"sd","09:20:53",4100
92.2,0.5,200,"bu","09:20:21",3800
92.1,0.4,100,"sd","09:20:05",3600
92.1,0.4,600,"bu","09:19:10",3500
92,0.3,100,"bu","09:18:29",2900
92,0.3,900,"bu","09:17:56",2800
92,0.3,300,"sd","09:17:33",1900
92,0.3,800,"bu","09:17:15",1600
91.9,0.2,100,"bu","09:17:15",800
91.8,0.1,300,"sd","09:17:11",700
91.8,0.1,400,"","09:15:00",400
