"price","change","match_qtty","side","time","total_vol"
7.2,0.02,4000,"","14:45:01",309900
7.19,0.01,100,"bu","14:29:40",305900
7.18,0,500,"bu","14:29:40",305800
7.18,0,500,"sd","14:29:38",305300
7.18,0,600,"sd","14:27:45",304800
7.18,0,2500,"bu","14:25:02",304200
7.17,-0.01,200,"bu","14:25:02",301700
7.16,-0.02,16100,"bu","14:25:02",301500
7.15,-0.03,100,"bu","14:25:02",285400
7.15,-0.03,500,"bu","14:24:38",285300
7.15,-0.03,500,"bu","14:22:52",284800
7.15,-0.03,100,"bu","14:19:07",284300
7.16,-0.02,6000,"bu","14:15:41",284200
7.15,-0.03,1000,"sd","14:15:09",278200
7.15,-0.03,600,"sd","14:07:51",277200
7.15,-0.03,2300,"sd","14:07:43",276600
7.15,-0.03,1000,"sd","14:06:21",274300
7.15,-0.03,1000,"sd","14:04:02",273300
7.15,-0.03,200,"bu","14:04:01",272300
7.15,-0.03,4900,"bu","14:02:52",272100
7.14,-0.04,100,"bu","14:02:52",267200
7.13,-0.05,900,"bu","13:54:29",267100
7.13,-0.05,200,"sd","13:52:21",266200
7.13,-0.05,1000,"sd","13:52:15",266000
7.13,-0.05,2600,"sd","13:51:04",265000
7.13,-0.05,800,"bu","13:46:53",262400
7.13,-0.05,200,"bu","13:45:06",261600
7.13,-0.05,1000,"bu","13:44:41",261400
7.12,-0.06,400,"bu","13:43:59",260400
7.08,-0.1,100,"sd","13:41:09",260000
7.11,-0.07,100,"sd","13:40:15",259500
7.12,-0.06,100,"sd","13:39:43",259400
7.12,-0.06,100,"sd","13:33:27",259300
7.12,-0.06,100,"sd","13:23:47",259200
7.12,-0.06,500,"sd","13:20:50",259100
7.12,-0.06,300,"sd","13:20:37",258600
7.12,-0.06,300,"bu","13:20:03",258300
7.12,-0.06,200,"sd","13:18:28",258000
7.12,-0.06,1400,"bu","13:16:50",257800
7.1,-0.08,1000,"sd","13:16:47",256400
7.11,-0.07,300,"bu","13:15:51",255400
7.11,-0.07,1000,"bu","13:15:27",255100
7.11,-0.07,500,"bu","13:14:58",254100
7.11,-0.07,1000,"bu","13:14:52",253600
7.11,-0.07,200,"bu","13:13:59",252600
7.11,-0.07,400,"bu","13:10:39",252400
7.11,-0.07,1000,"bu","13:09:47",252000
7.1,-0.08,400,"sd","13:09:31",251000
7.1,-0.08,8600,"bu","13:08:07",250600
7.1,-0.08,2000,"bu","13:05:59",242000
7.07,-0.11,1000,"sd","13:01:47",240000
7.06,-0.12,3500,"sd","13:00:06",239000
7.08,-0.1,100,"bu","13:00:05",235500
7.06,-0.12,800,"sd","13:00:02",235400
7.07,-0.11,4100,"sd","13:00:02",234600
7.08,-0.1,100,"sd","13:00:02",230500
7.07,-0.11,4700,"bu","11:27:49",230400
7.1,-0.08,100,"bu","11:26:48",225700
7.1,-0.08,100,"bu","11:26:30",225600
7.1,-0.08,100,"sd","11:26:23",225500
7.1,-0.08,1900,"bu","11:25:51",225400
7.1,-0.08,100,"bu","11:24:27",223500
7.1,-0.08,3000,"sd","11:21:18",223400
7.11,-0.07,100,"bu","11:20:50",220400
7.11,-0.07,1000,"bu","11:18:37",220300
7.11,-0.07,1000,"bu","11:15:26",219300
7.11,-0.07,100,"bu","11:14:34",218300
7.11,-0.07,3600,"bu","11:13:15",218200
7.1,-0.08,400,"bu","11:13:15",214600
7.1,-0.08,600,"sd","11:12:37",214200
7.1,-0.08,800,"bu","11:11:44",213600
7.1,-0.08,21200,"sd","11:10:57",212800
7.1,-0.08,200,"sd","11:10:20",191600
7.1,-0.08,1700,"sd","11:09:00",191400
7.11,-0.07,20100,"sd","11:09:00",189700
7.12,-0.06,3600,"sd","11:08:49",169600
7.13,-0.05,100,"bu","11:07:44",166000
7.13,-0.05,2100,"sd","11:05:32",165900
7.15,-0.03,300,"bu","11:02:02",163800
7.13,-0.05,400,"bu","11:00:11",163500
7.12,-0.06,6000,"sd","10:57:44",163100
7.12,-0.06,2000,"sd","10:56:09",157100
7.12,-0.06,5000,"sd","10:52:45",155100
7.13,-0.05,100,"bu","10:52:21",150100
7.13,-0.05,700,"sd","10:52:12",150000
7.13,-0.05,5300,"bu","10:49:32",149300
7.13,-0.05,500,"bu","10:44:14",144000
7.13,-0.05,200,"bu","10:43:52",143500
7.13,-0.05,3500,"sd","10:41:14",143300
7.13,-0.05,600,"sd","10:39:59",139800
7.13,-0.05,1000,"sd","10:33:26",139200
7.13,-0.05,1500,"sd","10:27:59",138200
7.13,-0.05,9600,"bu","10:27:38",136700
7.13,-0.05,300,"bu","10:24:54",127100
7.13,-0.05,500,"bu","10:23:20",126800
7.12,-0.06,100,"sd","10:21:50",126300
7.12,-0.06,1000,"sd","10:20:20",126200
7.13,-0.05,300,"bu","10:19:07",125200
7.13,-0.05,400,"bu","10:18:57",124900
7.13,-0.05,1000,"bu","10:18:15",124500
7.13,-0.05,400,"bu","10:17:29",123500
7.13,-0.05,500,"bu","10:16:57",123100
7.12,-0.06,600,"sd","10:16:05",122600
7.13,-0.05,100,"bu","10:15:20",122000
7.12,-0.06,2000,"sd","10:14:44",121900
7.13,-0.05,500,"bu","10:14:35",119900
7.13,-0.05,200,"bu","10:14:18",119400
7.13,-0.05,500,"bu","10:14:12",119200
7.13,-0.05,200,"bu","10:13:57",118700
7.13,-0.05,8000,"sd","10:13:52",118500
7.13,-0.05,2700,"sd","10:13:12",110500
7.14,-0.04,4600,"sd","10:12:58",107800
7.14,-0.04,2500,"sd","10:12:57",103200
7.14,-0.04,5000,"sd","10:11:55",100700
7.15,-0.03,1000,"bu","10:11:50",95700
7.15,-0.03,300,"bu","10:11:13",94700
7.15,-0.03,500,"bu","10:09:42",94400
7.15,-0.03,1000,"sd","10:08:03",93900
7.15,-0.03,700,"sd","10:07:54",92900
7.15,-0.03,1000,"sd","10:07:41",92200
7.15,-0.03,2000,"sd","10:06:23",91200
7.15,-0.03,1000,"sd","10:06:10",89200
7.15,-0.03,500,"sd","10:05:53",88200
7.15,-0.03,500,"sd","10:05:48",87700
7.15,-0.03,10000,"sd","10:05:37",87200
7.15,-0.03,1000,"sd","10:05:33",77200
7.15,-0.03,5000,"sd","10:05:14",76200
7.16,-0.02,2100,"bu","10:03:07",71200
7.16,-0.02,1000,"bu","10:01:44",69100
7.16,-0.02,1000,"bu","09:58:33",68100
7.16,-0.02,1000,"bu","09:57:53",67100
7.15,-0.03,500,"sd","09:55:04",66100
7.16,-0.02,4500,"sd","09:54:48",65600
7.16,-0.02,500,"sd","09:53:29",61100
7.18,0,300,"bu","09:51:17",60600
7.18,0,1000,"bu","09:49:34",60300
7.16,-0.02,100,"sd","09:45:37",59300
7.16,-0.02,100,"sd","09:43:59",59200
7.16,-0.02,100,"sd","09:42:19",59100
7.16,-0.02,2400,"bu","09:41:40",59000
7.16,-0.02,500,"bu","09:40:56",56600
7.16,-0.02,900,"bu","09:40:51",56100
7.16,-0.02,400,"bu","09:40:39",55200
7.16,-0.02,800,"sd","09:40:32",54800
7.16,-0.02,200,"bu","09:39:17",54000
7.16,-0.02,100,"sd","09:39:04",53800
7.15,-0.03,2600,"sd","09:35:59",53700
7.15,-0.03,2700,"sd","09:35:06",51100
7.16,-0.02,1200,"sd","09:35:06",48400
7.16,-0.02,100,"sd","09:34:21",47200
7.16,-0.02,100,"bu","09:32:50",47100
7.16,-0.02,100,"bu","09:32:36",47000
7.16,-0.02,600,"bu","09:32:11",46900
7.16,-0.02,1000,"bu","09:31:51",46300
7.16,-0.02,500,"bu","09:31:44",45300
7.16,-0.02,1000,"bu","09:31:31",44800
7.16,-0.02,100,"bu","09:31:29",43800
7.16,-0.02,100,"bu","09:31:20",43700
7.16,-0.02,1000,"bu","09:31:19",43600
7.16,-0.02,100,"bu","09:31:09",42600
7.15,-0.03,400,"sd","09:31:03",42500
7.15,-0.03,1900,"sd","09:30:33",42100
7.16,-0.02,200,"bu","09:30:28",40200
7.16,-0.02,1000,"bu","09:30:25",40000
7.16,-0.02,1000,"bu","09:30:01",39000
7.16,-0.02,100,"bu","09:29:52",38000
7.16,-0.02,1000,"bu","09:29:46",37900
7.15,-0.03,3000,"sd","09:28:50",36900
7.15,-0.03,5000,"sd","09:28:50",33900
7.16,-0.02,1000,"bu","09:28:23",28900
7.16,-0.02,500,"bu","09:28:19",27900
7.16,-0.02,2000,"bu","09:28:09",27400
7.16,-0.02,9200,"sd","09:27:41",25400
7.18,0,3000,"sd","09:27:41",16200
7.16,-0.02,1000,"sd","09:26:06",13200
7.18,0,900,"sd","09:26:06",12200
7.18,0,500,"sd","09:25:25",11300
7.2,0.02,1000,"bu","09:23:57",10800
7.2,0.02,500,"bu","09:23:57",9800
7.18,0,500,"sd","09:23:55",9300
7.2,0.02,500,"bu","09:23:43",8800
7.2,0.02,500,"bu","09:23:42",8300
7.2,0.02,1000,"bu","09:23:38",7800
7.2,0.02,1000,"sd","09:23:12",6800
7.2,0.02,100,"bu","09:19:30",5800
7.18,0,500,"sd","09:19:27",5700
7.18,0,500,"sd","09:18:09",5200
7.18,0,200,"sd","09:17:07",4700
7.14,-0.04,4500,"","09:15:01",4500
