"price","change","match_qtty","side","time","total_vol"
17.2,0,409800,"","14:45:04",7812700
17,-0.2,1000,"sd","14:29:59",7402900
17,-0.2,32300,"bu","14:29:41",7401900
16.95,-0.25,5000,"bu","14:29:41",7369600
16.9,-0.3,13700,"bu","14:29:41",7364600
16.9,-0.3,2300,"bu","14:29:31",7350900
16.9,-0.3,100,"bu","14:28:42",7348600
16.9,-0.3,2200,"sd","14:28:42",7348500
16.9,-0.3,900,"sd","14:28:39",7346300
16.9,-0.3,6900,"sd","14:28:26",7345400
16.9,-0.3,100,"sd","14:28:18",7338500
16.9,-0.3,3300,"sd","14:28:02",7338400
16.9,-0.3,5300,"sd","14:27:55",7335100
16.9,-0.3,3500,"sd","14:27:51",7329800
16.9,-0.3,12000,"sd","14:27:49",7326300
16.9,-0.3,4100,"sd","14:27:48",7314300
16.9,-0.3,2800,"sd","14:27:46",7310200
17,-0.2,700,"bu","14:27:42",7307400
16.95,-0.25,800,"bu","14:27:42",7306700
16.9,-0.3,2800,"sd","14:27:38",7305900
16.9,-0.3,800,"sd","14:27:33",7303100
16.9,-0.3,2100,"sd","14:27:29",7302300
16.9,-0.3,3200,"sd","14:27:14",7300200
16.9,-0.3,3000,"sd","14:27:13",7297000
16.9,-0.3,2300,"sd","14:26:47",7294000
17,-0.2,5000,"bu","14:26:39",7291700
17,-0.2,10000,"bu","14:26:34",7286700
16.9,-0.3,100,"sd","14:26:34",7276700
17,-0.2,2000,"bu","14:26:25",7276600
17,-0.2,2500,"bu","14:26:19",7274600
16.95,-0.25,30000,"sd","14:26:17",7272100
17,-0.2,300,"bu","14:25:53",7242100
17,-0.2,8000,"bu","14:25:51",7241800
17,-0.2,5000,"bu","14:25:43",7233800
17,-0.2,20000,"bu","14:25:37",7228800
17,-0.2,900,"bu","14:25:30",7208800
16.95,-0.25,700,"bu","14:25:19",7207900
16.95,-0.25,19300,"sd","14:25:15",7207200
17,-0.2,600,"bu","14:25:06",7187900
16.95,-0.25,10700,"bu","14:24:57",7187300
16.9,-0.3,44700,"bu","14:24:41",7176600
16.9,-0.3,1500,"bu","14:24:38",7131900
16.9,-0.3,30000,"bu","14:24:36",7130400
16.9,-0.3,400,"bu","14:24:20",7100400
16.9,-0.3,100,"bu","14:24:08",7100000
16.9,-0.3,15000,"bu","14:23:45",7099900
16.9,-0.3,20000,"bu","14:23:44",7084900
16.9,-0.3,11600,"bu","14:23:40",7064900
16.9,-0.3,10000,"bu","14:23:33",7053300
16.85,-0.35,200,"sd","14:23:23",7043300
16.9,-0.3,2000,"bu","14:23:12",7043100
16.85,-0.35,9800,"bu","14:23:10",7041100
16.85,-0.35,3000,"bu","14:22:49",7031300
16.85,-0.35,200,"bu","14:22:29",7028300
16.9,-0.3,1100,"bu","14:21:48",7028100
16.9,-0.3,500,"bu","14:21:26",7027000
16.8,-0.4,19800,"bu","14:20:46",7026500
16.75,-0.45,15400,"bu","14:20:39",7006700
16.65,-0.55,200,"sd","14:19:48",6991300
16.65,-0.55,25700,"bu","14:19:02",6991100
16.6,-0.6,33100,"bu","14:18:55",6965400
16.5,-0.7,27900,"bu","14:18:48",6932300
16.5,-0.7,600,"bu","14:18:45",6904400
16.5,-0.7,9500,"bu","14:18:34",6903800
16.5,-0.7,100,"bu","14:18:32",6894300
16.45,-0.75,1800,"sd","14:17:33",6894200
16.5,-0.7,100,"bu","14:17:18",6892400
16.5,-0.7,800,"bu","14:17:09",6892300
16.45,-0.75,5000,"sd","14:16:37",6891500
16.5,-0.7,500,"bu","14:16:33",6886500
16.45,-0.75,300,"sd","14:16:04",6886000
16.45,-0.75,30000,"sd","14:14:58",6885700
16.45,-0.75,50000,"sd","14:14:46",6855700
16.5,-0.7,10000,"bu","14:14:45",6805700
16.5,-0.7,500,"bu","14:14:09",6795700
16.45,-0.75,58900,"sd","14:13:18",6795200
16.5,-0.7,1100,"sd","14:13:18",6736300
16.5,-0.7,1500,"sd","14:13:16",6735200
16.5,-0.7,7500,"bu","14:13:10",6733700
16.5,-0.7,100,"bu","14:13:03",6726200
16.5,-0.7,1000,"bu","14:13:01",6726100
16.5,-0.7,2000,"bu","14:12:33",6725100
16.5,-0.7,2100,"bu","14:12:19",6723100
16.5,-0.7,5000,"bu","14:12:10",6721000
16.5,-0.7,10000,"bu","14:11:28",6716000
16.5,-0.7,8000,"bu","14:11:27",6706000
16.5,-0.7,400,"bu","14:11:18",6698000
16.5,-0.7,100,"bu","14:11:05",6697600
16.5,-0.7,3000,"bu","14:10:54",6697500
16.5,-0.7,100,"bu","14:10:27",6694500
16.5,-0.7,9400,"sd","14:10:05",6694400
16.6,-0.6,300,"bu","14:09:08",6685000
16.5,-0.7,24100,"sd","14:08:59",6684700
16.55,-0.65,35900,"sd","14:08:59",6660600
16.55,-0.65,100,"sd","14:08:37",6624700
16.6,-0.6,200,"bu","14:08:31",6624600
16.6,-0.6,26500,"sd","14:08:05",6624400
16.65,-0.55,500,"bu","14:07:25",6597900
16.65,-0.55,900,"sd","14:07:15",6597400
16.65,-0.55,1100,"bu","14:07:10",6596500
16.65,-0.55,38900,"sd","14:07:09",6595400
16.65,-0.55,5000,"sd","14:07:07",6556500
16.65,-0.55,52500,"sd","14:06:57",6551500
16.7,-0.5,27500,"sd","14:06:57",6499000
16.7,-0.5,22500,"bu","14:06:53",6471500
16.65,-0.55,5000,"sd","14:06:18",6449000
16.7,-0.5,2000,"bu","14:06:04",6444000
16.7,-0.5,10000,"bu","14:05:44",6442000
16.7,-0.5,20000,"bu","14:05:32",6432000
16.7,-0.5,5000,"bu","14:05:26",6412000
16.65,-0.55,100,"sd","14:05:02",6407000
16.65,-0.55,3200,"sd","14:04:43",6406900
16.7,-0.5,5000,"bu","14:04:33",6403700
16.7,-0.5,200,"bu","14:04:27",6398700
16.7,-0.5,10100,"sd","14:04:17",6398500
16.7,-0.5,89900,"bu","14:04:15",6388400
16.65,-0.55,1300,"sd","14:04:04",6298500
16.7,-0.5,100,"bu","14:04:02",6297200
16.65,-0.55,48700,"bu","14:03:59",6297100
16.65,-0.55,5000,"bu","14:03:47",6248400
16.65,-0.55,500,"bu","14:03:27",6243400
16.65,-0.55,2900,"bu","14:03:13",6242900
16.6,-0.6,16600,"bu","14:03:12",6240000
16.6,-0.6,11300,"bu","14:03:05",6223400
16.6,-0.6,4000,"bu","14:02:59",6212100
16.6,-0.6,20000,"bu","14:02:59",6208100
16.6,-0.6,100,"bu","14:02:55",6188100
16.6,-0.6,100,"bu","14:02:51",6188000
16.6,-0.6,1000,"bu","14:02:48",6187900
16.6,-0.6,600,"bu","14:02:37",6186900
16.6,-0.6,100,"bu","14:01:59",6186300
16.6,-0.6,100,"bu","14:01:32",6186200
16.6,-0.6,200,"bu","14:01:21",6186100
16.6,-0.6,1000,"bu","14:01:11",6185900
16.5,-0.7,60000,"sd","14:01:00",6184900
16.6,-0.6,10000,"bu","14:00:58",6124900
16.5,-0.7,200,"sd","14:00:45",6114900
16.5,-0.7,4100,"bu","14:00:02",6114700
16.5,-0.7,500,"bu","13:59:53",6110600
16.5,-0.7,4000,"bu","13:59:50",6110100
16.5,-0.7,1900,"bu","13:59:47",6106100
16.45,-0.75,5000,"bu","13:59:26",6104200
16.4,-0.8,10800,"bu","13:58:59",6099200
16.35,-0.85,7600,"bu","13:58:12",6088400
16.35,-0.85,700,"bu","13:58:11",6080800
16.35,-0.85,5000,"bu","13:58:09",6080100
16.35,-0.85,50000,"bu","13:58:04",6075100
16.35,-0.85,200,"bu","13:57:58",6025100
16.35,-0.85,1500,"bu","13:57:48",6024900
16.35,-0.85,5900,"bu","13:57:47",6023400
16.35,-0.85,6000,"bu","13:57:43",6017500
16.35,-0.85,200,"bu","13:57:40",6011500
16.35,-0.85,100,"bu","13:57:32",6011300
16.35,-0.85,100,"bu","13:57:15",6011200
16.35,-0.85,600,"bu","13:57:06",6011100
16.35,-0.85,300,"bu","13:56:59",6010500
16.3,-0.9,100000,"sd","13:56:51",6010200
16.35,-0.85,10000,"bu","13:56:48",5910200
16.35,-0.85,500,"bu","13:56:44",5900200
16.35,-0.85,200,"bu","13:56:38",5899700
16.35,-0.85,1000,"bu","13:56:37",5899500
16.35,-0.85,1000,"bu","13:56:36",5898500
16.35,-0.85,100,"bu","13:56:33",5897500
16.35,-0.85,1000,"bu","13:56:29",5897400
16.35,-0.85,600,"bu","13:56:22",5896400
16.3,-0.9,900,"sd","13:55:52",5895800
16.3,-0.9,10000,"sd","13:55:38",5894900
16.35,-0.85,200,"bu","13:55:36",5884900
16.3,-0.9,100,"sd","13:55:03",5884700
16.3,-0.9,10000,"sd","13:55:01",5884600
16.35,-0.85,600,"bu","13:55:00",5874600
16.3,-0.9,50000,"sd","13:54:56",5874000
16.35,-0.85,400,"bu","13:54:55",5824000
16.35,-0.85,1000,"bu","13:54:50",5823600
16.35,-0.85,100,"bu","13:54:49",5822600
16.3,-0.9,100000,"sd","13:54:48",5822500
16.35,-0.85,500,"bu","13:54:41",5722500
16.35,-0.85,3000,"bu","13:54:39",5722000
16.35,-0.85,300,"bu","13:54:29",5719000
16.35,-0.85,200,"bu","13:54:29",5718700
16.35,-0.85,4400,"sd","13:54:26",5718500
16.35,-0.85,2100,"bu","13:54:05",5714100
16.35,-0.85,200,"bu","13:53:58",5712000
16.35,-0.85,7700,"sd","13:53:50",5711800
16.4,-0.8,1000,"bu","13:53:50",5704100
16.4,-0.8,1000,"bu","13:53:45",5703100
16.35,-0.85,20000,"sd","13:53:43",5702100
16.4,-0.8,5800,"bu","13:53:42",5682100
16.4,-0.8,200,"bu","13:53:41",5676300
16.4,-0.8,100,"bu","13:53:34",5676100
16.4,-0.8,500,"bu","13:53:31",5676000
16.4,-0.8,4200,"sd","13:53:23",5675500
16.4,-0.8,100,"sd","13:53:10",5671300
16.4,-0.8,7900,"sd","13:53:09",5671200
16.4,-0.8,7100,"sd","13:53:09",5663300
16.4,-0.8,20000,"sd","13:53:04",5656200
16.4,-0.8,30000,"sd","13:52:59",5636200
16.4,-0.8,10000,"sd","13:52:36",5606200
16.4,-0.8,11400,"sd","13:52:31",5596200
16.5,-0.7,28600,"sd","13:52:31",5584800
16.5,-0.7,15100,"bu","13:52:26",5556200
16.45,-0.75,6300,"bu","13:52:26",5541100
16.4,-0.8,2400,"sd","13:52:25",5534800
16.45,-0.75,47600,"sd","13:52:25",5532400
16.45,-0.75,10000,"sd","13:52:16",5484800
16.45,-0.75,5000,"sd","13:52:15",5474800
16.45,-0.75,50000,"sd","13:52:08",5469800
16.5,-0.7,100,"bu","13:51:49",5419800
16.5,-0.7,4800,"sd","13:50:54",5419700
16.6,-0.6,500,"bu","13:50:30",5414900
16.6,-0.6,200,"bu","13:50:17",5414400
16.5,-0.7,20400,"sd","13:49:46",5414200
16.6,-0.6,8000,"bu","13:48:38",5393800
16.5,-0.7,14400,"bu","13:48:31",5385800
16.45,-0.75,500,"sd","13:47:55",5371400
16.5,-0.7,3200,"sd","13:47:41",5370900
16.5,-0.7,82400,"sd","13:47:40",5367700
16.6,-0.6,300,"bu","13:47:25",5285300
16.6,-0.6,10800,"sd","13:47:25",5285000
16.6,-0.6,400,"sd","13:47:09",5274200
16.6,-0.6,3800,"bu","13:46:37",5273800
16.5,-0.7,14400,"sd","13:46:35",5270000
16.55,-0.65,18500,"sd","13:46:35",5255600
16.6,-0.6,500,"bu","13:46:32",5237100
16.6,-0.6,100,"bu","13:46:27",5236600
16.6,-0.6,1000,"bu","13:46:15",5236500
16.6,-0.6,200,"bu","13:45:34",5235500
16.6,-0.6,300,"bu","13:45:25",5235300
16.6,-0.6,500,"bu","13:45:23",5235000
16.6,-0.6,100,"bu","13:45:11",5234500
16.6,-0.6,42500,"sd","13:45:04",5234400
16.65,-0.55,1000,"sd","13:45:04",5191900
16.7,-0.5,11900,"sd","13:44:55",5190900
16.7,-0.5,21400,"bu","13:44:04",5179000
16.6,-0.6,7600,"bu","13:43:56",5157600
16.6,-0.6,500,"bu","13:43:26",5150000
16.6,-0.6,10000,"bu","13:43:21",5149500
16.6,-0.6,5000,"bu","13:43:08",5139500
16.6,-0.6,10000,"bu","13:43:00",5134500
16.6,-0.6,200,"bu","13:42:39",5124500
16.6,-0.6,1700,"bu","13:42:28",5124300
16.6,-0.6,1000,"bu","13:42:10",5122600
16.55,-0.65,7800,"bu","13:41:36",5121600
16.55,-0.65,100,"bu","13:41:32",5113800
16.55,-0.65,2300,"bu","13:41:27",5113700
16.55,-0.65,1000,"bu","13:41:14",5111400
16.55,-0.65,20000,"bu","13:41:09",5110400
16.55,-0.65,10000,"bu","13:41:05",5090400
16.55,-0.65,100,"bu","13:40:59",5080400
16.55,-0.65,3000,"bu","13:40:50",5080300
16.5,-0.7,25400,"bu","13:40:28",5077300
16.5,-0.7,200,"bu","13:40:12",5051900
16.5,-0.7,1000,"bu","13:39:43",5051700
16.5,-0.7,1000,"bu","13:39:41",5050700
16.5,-0.7,5000,"bu","13:39:34",5049700
16.5,-0.7,7400,"sd","13:39:04",5044700
16.55,-0.65,100,"bu","13:39:03",5037300
16.5,-0.7,1000,"bu","13:38:47",5037200
16.5,-0.7,2000,"bu","13:38:26",5036200
16.5,-0.7,400,"bu","13:38:18",5034200
16.5,-0.7,5000,"bu","13:38:04",5033800
16.5,-0.7,500,"bu","13:37:35",5028800
16.5,-0.7,5000,"bu","13:37:09",5028300
16.5,-0.7,100,"bu","13:37:01",5023300
16.45,-0.75,15000,"sd","13:36:53",5023200
16.5,-0.7,1200,"bu","13:36:53",5008200
16.45,-0.75,10000,"sd","13:35:00",5007000
16.45,-0.75,200,"bu","13:33:55",4997000
16.45,-0.75,3000,"bu","13:33:54",4996800
16.45,-0.75,1000,"bu","13:33:45",4993800
16.45,-0.75,200,"bu","13:33:44",4992800
16.45,-0.75,500,"bu","13:33:41",4992600
16.45,-0.75,1000,"bu","13:33:30",4992100
16.45,-0.75,500,"bu","13:33:29",4991100
16.45,-0.75,5800,"sd","13:32:59",4990600
16.5,-0.7,1000,"bu","13:32:51",4984800
16.45,-0.75,30000,"sd","13:32:51",4983800
16.5,-0.7,5000,"bu","13:32:40",4953800
16.5,-0.7,1000,"bu","13:32:23",4948800
16.45,-0.75,100,"sd","13:32:21",4947800
16.45,-0.75,17900,"sd","13:31:44",4947700
16.5,-0.7,2100,"sd","13:31:44",4929800
16.5,-0.7,80000,"sd","13:31:34",4927700
16.5,-0.7,50000,"sd","13:31:25",4847700
16.55,-0.65,3300,"bu","13:30:53",4797700
16.55,-0.65,1000,"bu","13:30:37",4794400
16.55,-0.65,1400,"bu","13:30:06",4793400
16.55,-0.65,7900,"sd","13:29:25",4792000
16.55,-0.65,9700,"sd","13:29:17",4784100
16.55,-0.65,20300,"sd","13:29:17",4774400
16.6,-0.6,2000,"bu","13:29:16",4754100
16.6,-0.6,3000,"bu","13:28:59",4752100
16.6,-0.6,11500,"sd","13:28:29",4749100
16.6,-0.6,400,"bu","13:27:27",4737600
16.6,-0.6,9600,"sd","13:27:05",4737200
16.6,-0.6,20000,"sd","13:26:59",4727600
16.6,-0.6,30000,"sd","13:25:49",4707600
16.6,-0.6,50000,"sd","13:25:40",4677600
16.6,-0.6,900,"sd","13:25:01",4627600
16.6,-0.6,45000,"sd","13:20:58",4626700
16.65,-0.55,5000,"sd","13:20:58",4581700
16.8,-0.4,3800,"sd","13:20:46",4576700
17,-0.2,2200,"bu","13:19:44",4572900
16.95,-0.25,28900,"bu","13:19:44",4570700
16.9,-0.3,12000,"bu","13:19:44",4541800
16.85,-0.35,6900,"bu","13:19:44",4529800
16.8,-0.4,10000,"sd","13:19:28",4522900
16.8,-0.4,10000,"sd","13:19:13",4512900
16.85,-0.35,2700,"sd","13:19:06",4502900
16.85,-0.35,7300,"bu","13:18:51",4500200
16.85,-0.35,10000,"bu","13:18:47",4492900
16.8,-0.4,3600,"bu","13:18:39",4482900
16.75,-0.45,2600,"bu","13:18:39",4479300
16.75,-0.45,300,"bu","13:18:27",4476700
16.75,-0.45,100,"sd","13:18:09",4476400
16.8,-0.4,15000,"bu","13:17:35",4476300
16.8,-0.4,30000,"bu","13:17:28",4461300
16.8,-0.4,5000,"bu","13:16:53",4431300
16.8,-0.4,10000,"bu","13:16:48",4426300
16.8,-0.4,2600,"bu","13:16:41",4416300
16.75,-0.45,17400,"bu","13:16:41",4413700
16.75,-0.45,500,"bu","13:13:58",4396300
16.75,-0.45,1000,"bu","13:12:58",4395800
16.75,-0.45,100,"sd","13:12:52",4394800
16.75,-0.45,1000,"sd","13:12:24",4394700
16.75,-0.45,16300,"bu","13:12:23",4393700
16.7,-0.5,2600,"bu","13:12:23",4377400
16.7,-0.5,18400,"bu","13:11:59",4374800
16.6,-0.6,11600,"bu","13:11:59",4356400
16.6,-0.6,16300,"bu","13:11:54",4344800
16.6,-0.6,3700,"bu","13:11:53",4328500
16.55,-0.65,300,"sd","13:11:22",4324800
16.55,-0.65,500,"bu","13:10:35",4324500
16.55,-0.65,5000,"bu","13:10:30",4324000
16.55,-0.65,200,"bu","13:10:29",4319000
16.55,-0.65,5000,"bu","13:10:26",4318800
16.55,-0.65,2000,"bu","13:10:24",4313800
16.55,-0.65,500,"bu","13:10:18",4311800
16.55,-0.65,1000,"bu","13:10:07",4311300
16.5,-0.7,4000,"sd","13:09:11",4310300
16.5,-0.7,10000,"sd","13:08:41",4306300
16.55,-0.65,4000,"bu","13:08:36",4296300
16.5,-0.7,20000,"sd","13:08:30",4292300
16.5,-0.7,6200,"bu","13:07:03",4272300
16.5,-0.7,1000,"bu","13:07:02",4266100
16.5,-0.7,2800,"sd","13:07:00",4265100
16.5,-0.7,1000,"sd","13:06:38",4262300
16.5,-0.7,50000,"sd","13:06:08",4261300
16.55,-0.65,400,"bu","13:05:58",4211300
16.55,-0.65,5400,"sd","13:05:56",4210900
16.55,-0.65,100,"sd","13:05:40",4205500
16.55,-0.65,3000,"sd","13:04:51",4205400
16.6,-0.6,100,"bu","13:04:30",4202400
16.55,-0.65,2000,"sd","13:04:08",4202300
16.55,-0.65,5000,"sd","13:02:43",4200300
16.6,-0.6,700,"bu","13:01:50",4195300
16.6,-0.6,600,"bu","13:01:20",4194600
16.55,-0.65,1500,"sd","13:00:30",4194000
16.55,-0.65,100,"sd","13:00:29",4192500
16.55,-0.65,200,"sd","13:00:14",4192400
16.55,-0.65,100,"sd","13:00:06",4192200
16.55,-0.65,500,"sd","13:00:06",4192100
16.55,-0.65,400,"sd","13:00:05",4191600
16.55,-0.65,500,"sd","13:00:04",4191200
16.55,-0.65,300,"sd","13:00:03",4190700
16.6,-0.6,24700,"bu","13:00:02",4190400
16.55,-0.65,5700,"bu","13:00:02",4165700
16.5,-0.7,20300,"bu","11:28:55",4160000
16.45,-0.75,5000,"sd","11:28:15",4139700
16.45,-0.75,10000,"sd","11:28:04",4134700
16.5,-0.7,100,"bu","11:27:33",4124700
16.5,-0.7,100,"bu","11:27:25",4124600
16.5,-0.7,4200,"bu","11:26:26",4124500
16.5,-0.7,100,"bu","11:25:52",4120300
16.5,-0.7,300,"bu","11:25:34",4120200
16.5,-0.7,500,"bu","11:24:06",4119900
16.45,-0.75,80000,"sd","11:23:55",4119400
16.5,-0.7,100,"bu","11:21:35",4039400
16.5,-0.7,4800,"sd","11:21:29",4039300
16.5,-0.7,30000,"sd","11:21:17",4034500
16.5,-0.7,20000,"sd","11:21:04",4004500
16.5,-0.7,1000,"sd","11:20:39",3984500
16.55,-0.65,200,"bu","11:20:24",3983500
16.55,-0.65,25100,"sd","11:20:02",3983300
16.55,-0.65,10000,"sd","11:19:48",3958200
16.55,-0.65,20000,"sd","11:19:35",3948200
16.6,-0.6,1400,"sd","11:19:22",3928200
16.6,-0.6,1000,"sd","11:18:58",3926800
16.65,-0.55,1000,"sd","11:18:58",3925800
16.75,-0.45,6600,"bu","11:17:44",3924800
16.7,-0.5,23400,"bu","11:17:44",3918200
16.7,-0.5,30000,"bu","11:17:29",3894800
16.65,-0.55,9500,"sd","11:17:25",3864800
16.65,-0.55,20500,"bu","11:17:20",3855300
16.6,-0.6,2600,"bu","11:17:13",3834800
16.6,-0.6,50000,"bu","11:17:03",3832200
16.6,-0.6,2000,"bu","11:16:38",3782200
16.6,-0.6,1000,"bu","11:16:35",3780200
16.6,-0.6,2000,"bu","11:16:34",3779200
16.6,-0.6,8000,"bu","11:16:28",3777200
16.6,-0.6,5000,"bu","11:16:17",3769200
16.6,-0.6,20000,"bu","11:16:05",3764200
16.55,-0.65,100,"sd","11:15:38",3744200
16.55,-0.65,200,"bu","11:15:27",3744100
16.55,-0.65,100,"bu","11:15:25",3743900
16.55,-0.65,1000,"bu","11:14:56",3743800
16.55,-0.65,100,"bu","11:14:34",3742800
16.55,-0.65,400,"bu","11:14:06",3742700
16.55,-0.65,300,"bu","11:13:53",3742300
16.55,-0.65,3400,"bu","11:13:36",3742000
16.55,-0.65,15000,"bu","11:13:20",3738600
16.55,-0.65,20000,"bu","11:13:05",3723600
16.5,-0.7,700,"bu","11:12:54",3703600
16.5,-0.7,500,"bu","11:12:39",3702900
16.5,-0.7,4300,"bu","11:12:35",3702400
16.45,-0.75,700,"bu","11:12:35",3698100
16.45,-0.75,1300,"sd","11:12:33",3697400
16.5,-0.7,15000,"bu","11:12:21",3696100
16.5,-0.7,10000,"bu","11:12:15",3681100
16.45,-0.75,300,"sd","11:12:07",3671100
16.5,-0.7,20000,"bu","11:12:02",3670800
16.45,-0.75,18400,"bu","11:11:56",3650800
16.4,-0.8,12600,"bu","11:11:48",3632400
16.4,-0.8,200,"bu","11:11:42",3619800
16.35,-0.85,100,"bu","11:11:41",3619600
16.35,-0.85,900,"sd","11:11:39",3619500
16.4,-0.8,100,"bu","11:11:29",3618600
16.4,-0.8,300,"bu","11:11:22",3618500
16.4,-0.8,700,"bu","11:11:21",3618200
16.4,-0.8,6000,"bu","11:11:12",3617500
16.4,-0.8,300,"bu","11:11:03",3611500
16.4,-0.8,5000,"bu","11:10:58",3611200
16.4,-0.8,1000,"bu","11:10:35",3606200
16.3,-0.9,2000,"sd","11:10:21",3605200
16.3,-0.9,100,"sd","11:10:01",3603200
16.3,-0.9,1500,"sd","11:09:58",3603100
16.3,-0.9,4000,"sd","11:09:38",3601600
16.3,-0.9,4700,"sd","11:09:37",3597600
16.3,-0.9,50000,"sd","11:09:28",3592900
16.35,-0.85,1000,"bu","11:09:25",3542900
16.3,-0.9,21500,"sd","11:09:16",3541900
16.35,-0.85,58500,"sd","11:09:16",3520400
16.35,-0.85,9000,"sd","11:09:06",3461900
16.35,-0.85,10000,"sd","11:08:57",3452900
16.35,-0.85,5000,"sd","11:08:55",3442900
16.35,-0.85,1500,"sd","11:08:52",3437900
16.35,-0.85,200,"sd","11:08:43",3436400
16.35,-0.85,25000,"sd","11:08:32",3436200
16.4,-0.8,19300,"sd","11:08:31",3411200
16.4,-0.8,20000,"sd","11:08:27",3391900
16.4,-0.8,6000,"sd","11:07:57",3371900
16.45,-0.75,190000,"sd","11:07:29",3365900
16.45,-0.75,50000,"sd","11:07:18",3175900
16.45,-0.75,2600,"sd","11:07:05",3125900
16.5,-0.7,100,"bu","11:06:55",3123300
16.5,-0.7,1900,"sd","11:06:37",3123200
16.5,-0.7,2000,"sd","11:06:33",3121300
16.5,-0.7,4800,"bu","11:06:32",3119300
16.5,-0.7,100,"bu","11:06:14",3114500
16.5,-0.7,100,"bu","11:06:13",3114400
16.5,-0.7,5000,"bu","11:05:56",3114300
16.5,-0.7,1000,"bu","11:05:54",3109300
16.5,-0.7,300,"bu","11:05:47",3108300
16.5,-0.7,500,"bu","11:05:24",3108000
16.5,-0.7,100,"bu","11:05:10",3107500
16.5,-0.7,900,"bu","11:05:09",3107400
16.5,-0.7,200,"bu","11:04:52",3106500
16.5,-0.7,100,"bu","11:03:57",3106300
16.45,-0.75,100,"sd","11:03:55",3106200
16.45,-0.75,100,"sd","11:03:32",3106100
16.45,-0.75,1500,"sd","11:03:15",3106000
16.5,-0.7,10000,"bu","11:02:46",3104500
16.5,-0.7,12400,"sd","11:01:32",3094500
16.5,-0.7,100000,"sd","11:01:27",3082100
16.5,-0.7,19000,"sd","11:01:10",2982100
16.55,-0.65,1000,"sd","11:01:10",2963100
16.55,-0.65,1000,"sd","11:01:09",2962100
16.55,-0.65,5000,"sd","11:01:01",2961100
16.55,-0.65,3000,"bu","11:00:58",2956100
16.5,-0.7,5000,"sd","11:00:55",2953100
16.55,-0.65,5000,"bu","11:00:54",2948100
16.5,-0.7,500,"sd","11:00:22",2943100
16.55,-0.65,100,"bu","11:00:12",2942600
16.5,-0.7,8000,"sd","11:00:09",2942500
16.55,-0.65,10000,"bu","10:59:12",2934500
16.55,-0.65,500,"bu","10:58:48",2924500
16.5,-0.7,1100,"sd","10:58:28",2924000
16.55,-0.65,5000,"bu","10:58:09",2922900
16.55,-0.65,500,"bu","10:57:07",2917900
16.5,-0.7,5000,"sd","10:56:26",2917400
16.5,-0.7,5000,"sd","10:56:07",2912400
16.5,-0.7,1000,"sd","10:56:03",2907400
16.5,-0.7,24300,"bu","10:55:47",2906400
16.5,-0.7,100,"bu","10:55:34",2882100
16.5,-0.7,1000,"bu","10:55:31",2882000
16.5,-0.7,1000,"bu","10:55:11",2881000
16.5,-0.7,100,"bu","10:55:11",2880000
16.5,-0.7,300,"bu","10:55:10",2879900
16.5,-0.7,100,"bu","10:55:08",2879600
16.5,-0.7,200,"bu","10:54:52",2879500
16.5,-0.7,100,"bu","10:54:25",2879300
16.5,-0.7,1000,"bu","10:54:13",2879200
16.5,-0.7,171800,"sd","10:54:12",2878200
16.55,-0.65,100,"bu","10:54:08",2706400
16.55,-0.65,4800,"sd","10:53:59",2706300
16.55,-0.65,300,"sd","10:53:06",2701500
16.55,-0.65,5200,"bu","10:53:02",2701200
16.55,-0.65,200,"bu","10:53:00",2696000
16.55,-0.65,2100,"bu","10:52:58",2695800
16.55,-0.65,12700,"sd","10:52:45",2693700
16.55,-0.65,2000,"sd","10:52:40",2681000
16.55,-0.65,2000,"sd","10:52:30",2679000
16.55,-0.65,300,"bu","10:50:52",2677000
16.55,-0.65,100,"bu","10:50:47",2676700
16.55,-0.65,500,"bu","10:50:44",2676600
16.55,-0.65,400,"bu","10:50:39",2676100
16.55,-0.65,10000,"bu","10:50:17",2675700
16.55,-0.65,9100,"sd","10:49:58",2665700
16.55,-0.65,21400,"sd","10:49:08",2656600
16.6,-0.6,2900,"sd","10:49:01",2635200
16.6,-0.6,50000,"sd","10:48:42",2632300
16.6,-0.6,2000,"sd","10:47:57",2582300
16.6,-0.6,200,"sd","10:46:54",2580300
16.6,-0.6,6300,"bu","10:46:40",2580100
16.6,-0.6,16000,"sd","10:46:27",2573800
16.65,-0.55,3000,"bu","10:46:13",2557800
16.6,-0.6,1000,"sd","10:46:08",2554800
16.6,-0.6,1000,"sd","10:45:50",2553800
16.65,-0.55,5000,"bu","10:45:46",2552800
16.65,-0.55,800,"bu","10:45:37",2547800
16.6,-0.6,1700,"sd","10:45:33",2547000
16.65,-0.55,500,"bu","10:45:25",2545300
16.6,-0.6,100,"sd","10:45:09",2544800
16.65,-0.55,100,"bu","10:45:06",2544700
16.6,-0.6,200,"sd","10:44:52",2544600
16.6,-0.6,400,"sd","10:44:46",2544400
16.6,-0.6,3000,"sd","10:44:31",2544000
16.6,-0.6,10600,"bu","10:44:17",2541000
16.6,-0.6,200,"bu","10:44:07",2530400
16.55,-0.65,1600,"bu","10:44:00",2530200
16.55,-0.65,200,"bu","10:43:54",2528600
16.55,-0.65,19800,"sd","10:43:48",2528400
16.6,-0.6,5000,"bu","10:43:37",2508600
16.55,-0.65,100,"sd","10:43:17",2503600
16.6,-0.6,200,"bu","10:43:12",2503500
16.55,-0.65,100,"sd","10:42:57",2503300
16.55,-0.65,300,"bu","10:42:39",2503200
16.55,-0.65,5000,"bu","10:42:37",2502900
16.55,-0.65,1800,"bu","10:42:31",2497900
16.55,-0.65,400,"bu","10:41:58",2496100
16.5,-0.7,5000,"sd","10:41:43",2495700
16.5,-0.7,2000,"sd","10:41:13",2490700
16.5,-0.7,2000,"sd","10:41:11",2488700
16.55,-0.65,400,"bu","10:40:46",2486700
16.55,-0.65,200,"bu","10:40:23",2486300
16.55,-0.65,10000,"sd","10:40:02",2486100
16.55,-0.65,30000,"sd","10:39:58",2476100
16.55,-0.65,50000,"sd","10:39:52",2446100
16.55,-0.65,10000,"sd","10:39:31",2396100
16.6,-0.6,100,"bu","10:39:16",2386100
16.6,-0.6,1000,"bu","10:39:11",2386000
16.6,-0.6,200,"bu","10:38:52",2385000
16.6,-0.6,2300,"bu","10:38:47",2384800
16.6,-0.6,1000,"bu","10:38:41",2382500
16.6,-0.6,8200,"sd","10:38:17",2381500
16.6,-0.6,2000,"sd","10:38:15",2373300
16.6,-0.6,65900,"sd","10:38:03",2371300
16.65,-0.55,300,"bu","10:37:51",2305400
16.65,-0.55,7000,"sd","10:37:32",2305100
16.65,-0.55,30000,"sd","10:37:29",2298100
16.65,-0.55,47300,"sd","10:37:01",2268100
16.65,-0.55,3000,"sd","10:36:51",2220800
16.7,-0.5,3000,"bu","10:36:22",2217800
16.7,-0.5,200,"bu","10:36:04",2214800
16.65,-0.55,500,"sd","10:35:37",2214600
16.65,-0.55,400,"sd","10:35:09",2214100
16.7,-0.5,100,"bu","10:34:24",2213700
16.7,-0.5,8900,"sd","10:34:04",2213600
16.7,-0.5,3500,"bu","10:33:11",2204700
16.7,-0.5,200,"bu","10:33:07",2201200
16.7,-0.5,900,"bu","10:32:52",2201000
16.7,-0.5,100,"bu","10:32:51",2200100
16.7,-0.5,10000,"bu","10:32:44",2200000
16.7,-0.5,200,"bu","10:32:12",2190000
16.7,-0.5,2100,"sd","10:32:08",2189800
16.7,-0.5,11200,"sd","10:32:02",2187700
16.7,-0.5,23600,"sd","10:31:12",2176500
16.75,-0.45,10000,"bu","10:31:05",2152900
16.75,-0.45,5100,"sd","10:31:04",2142900
16.75,-0.45,4900,"bu","10:30:39",2137800
16.75,-0.45,2000,"bu","10:30:37",2132900
16.75,-0.45,2000,"bu","10:30:26",2130900
16.75,-0.45,100,"bu","10:30:17",2128900
16.7,-0.5,10200,"sd","10:29:51",2128800
16.7,-0.5,32500,"sd","10:29:43",2118600
16.75,-0.45,8000,"bu","10:29:40",2086100
16.75,-0.45,100,"bu","10:29:38",2078100
16.7,-0.5,23600,"sd","10:29:29",2078000
16.75,-0.45,4200,"sd","10:29:20",2054400
16.8,-0.4,300,"bu","10:28:53",2050200
16.8,-0.4,2000,"bu","10:28:49",2049900
16.8,-0.4,100,"bu","10:28:26",2047900
16.8,-0.4,5000,"bu","10:28:25",2047800
16.8,-0.4,500,"bu","10:27:44",2042800
16.75,-0.45,100,"sd","10:27:43",2042300
16.8,-0.4,2000,"bu","10:27:04",2042200
16.75,-0.45,700,"bu","10:26:25",2040200
16.75,-0.45,300,"bu","10:26:21",2039500
16.75,-0.45,1000,"bu","10:25:45",2039200
16.75,-0.45,800,"bu","10:25:43",2038200
16.75,-0.45,1000,"bu","10:25:37",2037400
16.75,-0.45,600,"bu","10:25:34",2036400
16.75,-0.45,500,"bu","10:25:26",2035800
16.75,-0.45,500,"bu","10:25:13",2035300
16.75,-0.45,20000,"bu","10:25:01",2034800
16.7,-0.5,100,"bu","10:24:12",2014800
16.7,-0.5,29900,"sd","10:24:05",2014700
16.7,-0.5,10000,"sd","10:24:03",1984800
16.7,-0.5,20000,"sd","10:24:00",1974800
16.75,-0.45,100,"bu","10:23:56",1954800
16.75,-0.45,10500,"sd","10:23:51",1954700
16.75,-0.45,400,"bu","10:23:26",1944200
16.75,-0.45,500,"bu","10:23:15",1943800
16.75,-0.45,400,"bu","10:23:14",1943300
16.75,-0.45,1000,"bu","10:23:11",1942900
16.75,-0.45,20100,"bu","10:23:10",1941900
16.75,-0.45,10000,"bu","10:23:04",1921800
16.75,-0.45,17600,"sd","10:22:57",1911800
16.8,-0.4,100,"bu","10:22:00",1894200
16.8,-0.4,2000,"bu","10:21:51",1894100
16.8,-0.4,300,"bu","10:21:49",1892100
16.8,-0.4,100,"bu","10:21:47",1891800
16.8,-0.4,1000,"bu","10:21:33",1891700
16.8,-0.4,3000,"bu","10:20:51",1890700
16.75,-0.45,10000,"sd","10:20:46",1887700
16.75,-0.45,12900,"sd","10:20:43",1877700
16.8,-0.4,7100,"sd","10:20:43",1864800
16.8,-0.4,20000,"sd","10:20:38",1857700
16.85,-0.35,9200,"sd","10:20:37",1837700
16.9,-0.3,9000,"sd","10:20:28",1828500
16.9,-0.3,2000,"sd","10:20:27",1819500
16.9,-0.3,7000,"sd","10:19:42",1817500
16.9,-0.3,2100,"sd","10:19:05",1810500
16.95,-0.25,5800,"bu","10:18:15",1808400
16.9,-0.3,14200,"bu","10:18:15",1802600
16.9,-0.3,8000,"bu","10:17:56",1788400
16.85,-0.35,2000,"bu","10:17:56",1780400
16.9,-0.3,5000,"bu","10:17:50",1778400
16.9,-0.3,19400,"bu","10:17:45",1773400
16.85,-0.35,600,"bu","10:17:45",1754000
16.85,-0.35,20000,"bu","10:17:40",1753400
16.8,-0.4,1100,"sd","10:16:37",1733400
16.85,-0.35,10100,"bu","10:13:59",1732300
16.85,-0.35,5600,"bu","10:13:51",1722200
16.85,-0.35,20000,"bu","10:13:37",1716600
16.8,-0.4,18000,"bu","10:13:29",1696600
16.8,-0.4,500,"bu","10:13:20",1678600
16.8,-0.4,100,"bu","10:13:17",1678100
16.8,-0.4,2100,"bu","10:13:01",1678000
16.8,-0.4,500,"bu","10:12:56",1675900
16.8,-0.4,700,"bu","10:12:55",1675400
16.8,-0.4,200,"bu","10:12:53",1674700
16.8,-0.4,500,"bu","10:12:52",1674500
16.8,-0.4,100,"bu","10:12:40",1674000
16.8,-0.4,500,"bu","10:12:21",1673900
16.8,-0.4,100,"bu","10:12:08",1673400
16.75,-0.45,4100,"bu","10:11:30",1673300
16.7,-0.5,10000,"sd","10:11:28",1669200
16.75,-0.45,100,"bu","10:11:26",1659200
16.7,-0.5,20000,"sd","10:11:22",1659100
16.75,-0.45,300,"bu","10:11:18",1639100
16.75,-0.45,200,"bu","10:11:07",1638800
16.75,-0.45,1000,"bu","10:10:53",1638600
16.75,-0.45,1500,"bu","10:10:49",1637600
16.75,-0.45,500,"bu","10:10:37",1636100
16.75,-0.45,10000,"bu","10:10:33",1635600
16.75,-0.45,300,"bu","10:10:28",1625600
16.75,-0.45,5000,"sd","10:10:24",1625300
16.7,-0.5,600,"bu","10:10:20",1620300
16.7,-0.5,1000,"bu","10:10:17",1619700
16.7,-0.5,8400,"sd","10:10:16",1618700
16.7,-0.5,29100,"sd","10:10:12",1610300
16.75,-0.45,900,"sd","10:10:12",1581200
16.7,-0.5,16400,"sd","10:10:07",1580300
16.7,-0.5,1900,"sd","10:10:06",1563900
16.75,-0.45,700,"bu","10:09:57",1560300
16.7,-0.5,100,"sd","10:09:48",1559600
16.75,-0.45,100,"bu","10:09:35",1559500
16.75,-0.45,29200,"sd","10:09:34",1559400
16.75,-0.45,20000,"sd","10:09:21",1530200
16.8,-0.4,500,"bu","10:08:45",1510200
16.8,-0.4,16200,"sd","10:08:27",1509700
16.8,-0.4,3000,"sd","10:08:18",1493500
16.8,-0.4,36000,"sd","10:08:02",1490500
16.8,-0.4,10000,"sd","10:07:53",1454500
16.8,-0.4,32200,"bu","10:07:48",1444500
16.75,-0.45,3600,"bu","10:07:48",1412300
16.75,-0.45,500,"bu","10:07:42",1408700
16.75,-0.45,100,"bu","10:07:40",1408200
16.75,-0.45,5800,"sd","10:07:38",1408100
16.75,-0.45,20000,"sd","10:07:36",1402300
16.75,-0.45,50000,"sd","10:07:25",1382300
16.75,-0.45,2000,"sd","10:07:17",1332300
16.75,-0.45,1000,"sd","10:07:14",1330300
16.8,-0.4,1000,"bu","10:07:12",1329300
16.75,-0.45,16500,"sd","10:06:56",1328300
16.8,-0.4,200,"bu","10:06:16",1311800
16.8,-0.4,500,"bu","10:06:01",1311600
16.8,-0.4,500,"bu","10:05:55",1311100
16.8,-0.4,100,"bu","10:05:54",1310600
16.8,-0.4,200,"sd","10:05:53",1310500
16.85,-0.35,5000,"bu","10:05:46",1310300
16.8,-0.4,300,"sd","10:05:36",1305300
16.85,-0.35,300,"bu","10:04:45",1305000
16.8,-0.4,1000,"bu","10:04:32",1304700
16.8,-0.4,4900,"bu","10:04:21",1303700
16.8,-0.4,600,"bu","10:04:20",1298800
16.8,-0.4,500,"bu","10:04:18",1298200
16.8,-0.4,100,"bu","10:04:16",1297700
16.8,-0.4,1000,"bu","10:04:09",1297600
16.8,-0.4,800,"bu","10:04:07",1296600
16.8,-0.4,1000,"bu","10:04:01",1295800
16.8,-0.4,1000,"bu","10:03:53",1294800
16.8,-0.4,100,"bu","10:03:52",1293800
16.8,-0.4,500,"bu","10:03:49",1293700
16.8,-0.4,4900,"bu","10:03:43",1293200
16.8,-0.4,1000,"bu","10:03:32",1288300
16.8,-0.4,1000,"bu","10:03:14",1287300
16.8,-0.4,1000,"bu","10:03:14",1286300
16.8,-0.4,10000,"bu","10:03:03",1285300
16.8,-0.4,200,"bu","10:03:03",1275300
16.8,-0.4,2400,"sd","10:02:57",1275100
16.8,-0.4,1700,"bu","10:02:07",1272700
16.8,-0.4,10000,"bu","10:02:06",1271000
16.8,-0.4,8500,"sd","10:01:49",1261000
16.85,-0.35,500,"bu","10:01:48",1252500
16.8,-0.4,50200,"sd","10:01:44",1252000
16.85,-0.35,43700,"sd","10:01:35",1201800
16.9,-0.3,2000,"sd","10:00:51",1158100
16.9,-0.3,200,"sd","10:00:44",1156100
16.9,-0.3,50000,"sd","10:00:41",1155900
16.95,-0.25,200,"bu","10:00:39",1105900
16.9,-0.3,1400,"sd","10:00:24",1105700
16.9,-0.3,3000,"sd","10:00:04",1104300
16.9,-0.3,8500,"sd","09:59:37",1101300
16.9,-0.3,16000,"sd","09:59:35",1092800
16.95,-0.25,100,"bu","09:59:20",1076800
16.95,-0.25,1900,"bu","09:59:13",1076700
17,-0.2,7100,"bu","09:58:15",1074800
17,-0.2,5000,"bu","09:57:52",1067700
17,-0.2,11700,"bu","09:57:23",1062700
16.9,-0.3,400,"bu","09:56:21",1051000
16.9,-0.3,10000,"bu","09:56:19",1050600
16.9,-0.3,100,"bu","09:56:16",1040600
16.9,-0.3,2000,"bu","09:56:16",1040500
16.9,-0.3,200,"bu","09:56:00",1038500
16.9,-0.3,6000,"bu","09:55:53",1038300
16.9,-0.3,300,"bu","09:55:47",1032300
16.9,-0.3,1000,"bu","09:55:38",1032000
16.9,-0.3,100,"bu","09:55:37",1031000
16.9,-0.3,200,"bu","09:55:27",1030900
16.9,-0.3,400,"bu","09:55:24",1030700
16.9,-0.3,700,"bu","09:55:21",1030300
16.9,-0.3,100,"bu","09:55:20",1029600
16.9,-0.3,1500,"bu","09:55:19",1029500
16.9,-0.3,2000,"bu","09:55:09",1028000
16.9,-0.3,1900,"bu","09:55:01",1026000
16.9,-0.3,1000,"bu","09:54:30",1024100
16.9,-0.3,100,"bu","09:54:29",1023100
16.9,-0.3,1000,"bu","09:54:25",1023000
16.9,-0.3,100,"bu","09:54:19",1022000
16.9,-0.3,500,"bu","09:54:10",1021900
16.9,-0.3,100,"bu","09:53:50",1021400
16.85,-0.35,500,"sd","09:53:47",1021300
16.8,-0.4,600,"sd","09:53:28",1020800
16.8,-0.4,600,"bu","09:53:22",1020200
16.8,-0.4,100,"bu","09:53:19",1019600
16.8,-0.4,100,"bu","09:53:14",1019500
16.8,-0.4,3600,"bu","09:52:52",1019400
16.8,-0.4,1000,"bu","09:52:43",1015800
16.8,-0.4,14600,"sd","09:52:35",1014800
16.8,-0.4,1000,"sd","09:52:00",1000200
16.8,-0.4,3400,"sd","09:51:36",999200
16.8,-0.4,4000,"sd","09:51:35",995800
16.8,-0.4,3000,"sd","09:51:33",991800
16.8,-0.4,5700,"sd","09:51:01",988800
16.8,-0.4,700,"sd","09:50:54",983100
16.8,-0.4,50000,"sd","09:50:47",982400
16.85,-0.35,300,"bu","09:50:44",932400
16.85,-0.35,2000,"bu","09:50:25",932100
16.85,-0.35,3000,"bu","09:50:13",930100
16.8,-0.4,3000,"sd","09:50:07",927100
16.85,-0.35,500,"sd","09:50:01",924100
16.8,-0.4,4600,"sd","09:49:47",923600
16.85,-0.35,400,"sd","09:49:47",919000
16.9,-0.3,200,"bu","09:49:21",918600
16.9,-0.3,23600,"sd","09:49:16",918400
16.95,-0.25,3000,"sd","09:49:16",894800
16.95,-0.25,50000,"sd","09:49:08",891800
17,-0.2,47800,"sd","09:48:49",841800
17,-0.2,5000,"sd","09:48:20",794000
17,-0.2,15900,"sd","09:48:15",789000
17.05,-0.15,21600,"sd","09:48:00",773100
17.05,-0.15,1000,"sd","09:47:45",751500
17.05,-0.15,2000,"sd","09:47:44",750500
17.05,-0.15,2000,"sd","09:47:15",748500
17.05,-0.15,2000,"sd","09:47:11",746500
17.05,-0.15,1900,"sd","09:46:52",744500
17.1,-0.1,200,"bu","09:46:14",742600
17.05,-0.15,5000,"sd","09:46:10",742400
17.1,-0.1,1000,"bu","09:44:31",737400
17.1,-0.1,500,"bu","09:44:18",736400
17.1,-0.1,5000,"bu","09:44:05",735900
17.1,-0.1,2000,"bu","09:44:04",730900
17.1,-0.1,300,"bu","09:43:08",728900
17.1,-0.1,5000,"bu","09:43:06",728600
17.1,-0.1,10000,"bu","09:43:02",723600
17.1,-0.1,7700,"sd","09:42:02",713600
17.1,-0.1,20000,"sd","09:41:58",705900
17.1,-0.1,5000,"sd","09:41:36",685900
17.1,-0.1,700,"sd","09:41:16",680900
17.15,-0.05,1500,"sd","09:40:40",680200
17.15,-0.05,5000,"sd","09:40:40",678700
17.15,-0.05,1500,"sd","09:39:58",673700
17.15,-0.05,48500,"sd","09:39:54",672200
17.2,0,1100,"bu","09:39:40",623700
17.15,-0.05,10000,"sd","09:39:04",622600
17.2,0,300,"bu","09:38:53",612600
17.15,-0.05,2000,"sd","09:38:42",612300
17.2,0,1000,"bu","09:38:32",610300
17.2,0,1000,"bu","09:38:31",609300
17.2,0,20200,"sd","09:38:23",608300
17.2,0,2900,"sd","09:38:19",588100
17.25,0.05,500,"bu","09:37:45",585200
17.25,0.05,10500,"sd","09:37:30",584700
17.35,0.15,7500,"sd","09:36:37",574200
17.4,0.2,4300,"sd","09:36:17",566700
17.4,0.2,5000,"sd","09:36:13",562400
17.45,0.25,30000,"bu","09:36:01",557400
17.4,0.2,30700,"bu","09:35:53",527400
17.35,0.15,42500,"bu","09:35:46",496700
17.35,0.15,500,"bu","09:35:08",454200
17.35,0.15,2400,"bu","09:33:34",453700
17.3,0.1,1200,"bu","09:33:34",451300
17.3,0.1,5500,"sd","09:33:16",450100
17.35,0.15,8000,"bu","09:32:50",444600
17.35,0.15,6000,"bu","09:32:41",436600
17.35,0.15,12000,"bu","09:32:36",430600
17.3,0.1,7100,"sd","09:32:02",418600
17.35,0.15,20000,"bu","09:31:54",411500
17.3,0.1,37400,"bu","09:31:47",391500
17.25,0.05,29700,"bu","09:31:41",354100
17.25,0.05,20000,"bu","09:31:37",324400
17.25,0.05,15000,"bu","09:30:12",304400
17.25,0.05,5000,"bu","09:30:07",289400
17.2,0,12300,"bu","09:29:56",284400
17.2,0,1500,"bu","09:27:56",272100
17.2,0,10000,"bu","09:27:46",270600
17.2,0,500,"bu","09:26:47",260600
17.2,0,200,"bu","09:26:22",260100
17.2,0,1600,"bu","09:26:16",259900
17.2,0,1000,"bu","09:25:46",258300
17.2,0,2500,"sd","09:24:50",257300
17.2,0,4900,"sd","09:24:37",254800
17.2,0,1300,"sd","09:24:22",249900
17.2,0,4900,"sd","09:23:46",248600
17.2,0,100,"sd","09:23:30",243700
17.2,0,1200,"bu","09:23:21",243600
17.2,0,4400,"bu","09:23:18",242400
17.2,0,24400,"sd","09:23:06",238000
17.25,0.05,14300,"sd","09:22:58",213600
17.25,0.05,1000,"sd","09:22:51",199300
17.25,0.05,500,"sd","09:22:18",198300
17.25,0.05,300,"sd","09:21:50",197800
17.25,0.05,200,"sd","09:21:34",197500
17.25,0.05,3700,"bu","09:21:17",197300
17.2,0,500,"sd","09:21:15",193600
17.2,0,1000,"sd","09:21:13",193100
17.2,0,4200,"bu","09:21:08",192100
17.1,-0.1,900,"sd","09:20:37",187900
17.15,-0.05,1500,"sd","09:20:37",187000
17.2,0,100,"sd","09:20:05",185500
17.2,0,200,"sd","09:20:05",185400
17.2,0,200,"sd","09:19:32",185200
17.3,0.1,2700,"bu","09:18:48",185000
17.2,0,1100,"sd","09:18:45",182300
17.3,0.1,5000,"bu","09:18:26",181200
17.3,0.1,500,"bu","09:16:29",176200
17.35,0.15,175700,"","09:15:01",175700
