"price","change","match_qtty","side","time","total_vol"
20.2,-0.6,165200,"","14:45:05",3409800
20.2,-0.6,1000,"sd","14:29:45",3244600
20.2,-0.6,16300,"sd","14:29:15",3243600
20.25,-0.55,18300,"sd","14:29:15",3227300
20.3,-0.5,8300,"sd","14:29:15",3209000
20.35,-0.45,17100,"sd","14:29:15",3200700
20.35,-0.45,500,"sd","14:28:56",3183600
20.4,-0.4,600,"sd","14:28:56",3183100
20.4,-0.4,5000,"sd","14:28:54",3182500
20.4,-0.4,2600,"sd","14:28:52",3177500
20.4,-0.4,1000,"sd","14:28:41",3174900
20.4,-0.4,3400,"sd","14:28:29",3173900
20.4,-0.4,300,"sd","14:28:22",3170500
20.4,-0.4,5000,"sd","14:28:14",3170200
20.45,-0.35,300,"bu","14:28:13",3165200
20.4,-0.4,400,"sd","14:28:11",3164900
20.45,-0.35,2100,"sd","14:27:59",3164500
20.45,-0.35,1000,"sd","14:27:51",3162400
20.5,-0.3,3500,"sd","14:27:27",3161400
20.5,-0.3,500,"sd","14:27:21",3157900
20.5,-0.3,100,"sd","14:27:13",3157400
20.5,-0.3,1900,"bu","14:27:07",3157300
20.5,-0.3,300,"bu","14:26:55",3155400
20.5,-0.3,300,"bu","14:26:46",3155100
20.5,-0.3,200,"bu","14:26:31",3154800
20.5,-0.3,19800,"bu","14:26:31",3154600
20.5,-0.3,500,"bu","14:26:16",3134800
20.5,-0.3,100,"bu","14:26:00",3134300
20.45,-0.35,2000,"bu","14:25:49",3134200
20.45,-0.35,3000,"bu","14:25:47",3132200
20.45,-0.35,100,"bu","14:25:46",3129200
20.45,-0.35,100,"bu","14:25:31",3129100
20.4,-0.4,1100,"bu","14:25:18",3129000
20.4,-0.4,300,"bu","14:25:15",3127900
20.4,-0.4,300,"bu","14:25:13",3127600
20.4,-0.4,200,"bu","14:24:56",3127300
20.4,-0.4,900,"bu","14:24:55",3127100
20.4,-0.4,2200,"sd","14:24:54",3126200
20.45,-0.35,200,"bu","14:24:49",3124000
20.45,-0.35,600,"bu","14:24:49",3123800
20.45,-0.35,600,"bu","14:24:43",3123200
20.45,-0.35,2000,"bu","14:24:41",3122600
20.45,-0.35,200,"bu","14:24:40",3120600
20.45,-0.35,300,"bu","14:24:38",3120400
20.45,-0.35,600,"bu","14:24:37",3120100
20.45,-0.35,1300,"bu","14:24:32",3119500
20.45,-0.35,200,"bu","14:24:31",3118200
20.45,-0.35,500,"bu","14:24:25",3118000
20.45,-0.35,600,"bu","14:24:24",3117500
20.45,-0.35,700,"bu","14:24:20",3116900
20.45,-0.35,600,"bu","14:24:15",3116200
20.45,-0.35,200,"bu","14:24:12",3115600
20.4,-0.4,400,"bu","14:23:57",3115400
20.4,-0.4,700,"bu","14:23:55",3115000
20.4,-0.4,100,"bu","14:23:52",3114300
20.4,-0.4,500,"bu","14:23:52",3114200
20.4,-0.4,600,"bu","14:23:48",3113700
20.4,-0.4,900,"bu","14:23:47",3113100
20.4,-0.4,500,"bu","14:23:46",3112200
20.4,-0.4,100,"bu","14:23:39",3111700
20.4,-0.4,1000,"bu","14:23:29",3111600
20.4,-0.4,300,"bu","14:23:26",3110600
20.4,-0.4,5000,"bu","14:23:17",3110300
20.4,-0.4,1000,"bu","14:23:14",3105300
20.4,-0.4,1000,"bu","14:23:11",3104300
20.4,-0.4,600,"bu","14:23:10",3103300
20.4,-0.4,100,"bu","14:23:08",3102700
20.4,-0.4,5000,"bu","14:22:47",3102600
20.35,-0.45,500,"sd","14:22:35",3097600
20.4,-0.4,600,"bu","14:22:24",3097100
20.35,-0.45,3500,"bu","14:22:23",3096500
20.35,-0.45,600,"bu","14:22:16",3093000
20.35,-0.45,1100,"bu","14:22:09",3092400
20.35,-0.45,500,"bu","14:22:06",3091300
20.35,-0.45,600,"bu","14:22:01",3090800
20.35,-0.45,800,"bu","14:21:55",3090200
20.35,-0.45,700,"bu","14:21:52",3089400
20.35,-0.45,600,"bu","14:21:51",3088700
20.35,-0.45,100,"bu","14:21:45",3088100
20.35,-0.45,600,"bu","14:21:42",3088000
20.35,-0.45,1000,"bu","14:21:39",3087400
20.35,-0.45,300,"bu","14:21:38",3086400
20.35,-0.45,5800,"sd","14:21:32",3086100
20.4,-0.4,500,"bu","14:21:32",3080300
20.4,-0.4,600,"bu","14:21:22",3079800
20.4,-0.4,2000,"bu","14:21:06",3079200
20.4,-0.4,100,"bu","14:19:37",3077200
20.35,-0.45,3500,"bu","14:19:33",3077100
20.35,-0.45,4800,"bu","14:19:03",3073600
20.35,-0.45,200,"bu","14:19:03",3068800
20.35,-0.45,500,"bu","14:18:24",3068600
20.35,-0.45,300,"bu","14:18:04",3068100
20.35,-0.45,600,"bu","14:17:51",3067800
20.35,-0.45,600,"bu","14:17:46",3067200
20.35,-0.45,300,"bu","14:17:45",3066600
20.35,-0.45,600,"bu","14:17:40",3066300
20.35,-0.45,300,"bu","14:17:36",3065700
20.35,-0.45,500,"bu","14:17:32",3065400
20.35,-0.45,300,"bu","14:17:30",3064900
20.35,-0.45,100,"bu","14:17:29",3064600
20.35,-0.45,600,"bu","14:17:20",3064500
20.3,-0.5,5100,"sd","14:17:06",3063900
20.35,-0.45,300,"bu","14:17:06",3058800
20.3,-0.5,500,"sd","14:17:05",3058500
20.35,-0.45,100,"bu","14:16:13",3058000
20.3,-0.5,400,"sd","14:16:12",3057900
20.35,-0.45,100,"bu","14:16:10",3057500
20.35,-0.45,3000,"bu","14:15:23",3057400
20.35,-0.45,100,"bu","14:15:21",3054400
20.35,-0.45,200,"bu","14:15:16",3054300
20.3,-0.5,200,"sd","14:13:27",3054100
20.3,-0.5,8700,"bu","14:13:23",3053900
20.3,-0.5,100,"bu","14:13:14",3045200
20.3,-0.5,1300,"bu","14:13:07",3045100
20.25,-0.55,100,"sd","14:12:48",3043800
20.25,-0.55,200,"sd","14:11:28",3043700
20.25,-0.55,1000,"sd","14:11:17",3043500
20.25,-0.55,500,"sd","14:11:14",3042500
20.3,-0.5,100,"bu","14:11:06",3042000
20.25,-0.55,300,"sd","14:10:46",3041900
20.25,-0.55,100,"sd","14:10:37",3041600
20.25,-0.55,1000,"sd","14:10:33",3041500
20.25,-0.55,1000,"sd","14:10:07",3040500
20.3,-0.5,300,"bu","14:09:46",3039500
20.3,-0.5,300,"bu","14:09:23",3039200
20.25,-0.55,200,"sd","14:09:19",3038900
20.3,-0.5,100,"bu","14:08:58",3038700
20.25,-0.55,500,"sd","14:08:56",3038600
20.25,-0.55,10000,"sd","14:08:42",3038100
20.25,-0.55,100,"sd","14:08:38",3028100
20.3,-0.5,5000,"bu","14:08:16",3028000
20.25,-0.55,1600,"sd","14:07:50",3023000
20.3,-0.5,1000,"sd","14:07:37",3021400
20.3,-0.5,3000,"sd","14:07:34",3020400
20.35,-0.45,100,"bu","14:07:24",3017400
20.3,-0.5,1300,"sd","14:07:18",3017300
20.3,-0.5,500,"sd","14:07:08",3016000
20.35,-0.45,100,"bu","14:06:50",3015500
20.3,-0.5,1000,"sd","14:06:26",3015400
20.35,-0.45,200,"sd","14:05:46",3014400
20.35,-0.45,100,"sd","14:05:44",3014200
20.35,-0.45,200,"sd","14:05:35",3014100
20.35,-0.45,700,"sd","14:05:32",3013900
20.35,-0.45,2000,"sd","14:05:31",3013200
20.35,-0.45,5000,"sd","14:05:29",3011200
20.35,-0.45,1800,"bu","14:05:26",3006200
20.35,-0.45,100,"bu","14:05:19",3004400
20.35,-0.45,700,"sd","14:05:02",3004300
20.35,-0.45,5000,"sd","14:04:56",3003600
20.35,-0.45,1600,"sd","14:04:54",2998600
20.35,-0.45,10000,"sd","14:04:44",2997000
20.4,-0.4,100,"bu","14:04:43",2987000
20.35,-0.45,800,"sd","14:04:33",2986900
20.4,-0.4,300,"bu","14:04:29",2986100
20.35,-0.45,200,"sd","14:04:20",2985800
20.4,-0.4,500,"bu","14:04:03",2985600
20.35,-0.45,1000,"sd","14:03:46",2985100
20.4,-0.4,300,"bu","14:03:33",2984100
20.4,-0.4,500,"bu","14:03:12",2983800
20.4,-0.4,1300,"bu","14:03:02",2983300
20.35,-0.45,4700,"bu","14:02:48",2982000
20.35,-0.45,100,"bu","14:02:48",2977300
20.35,-0.45,500,"bu","14:02:47",2977200
20.35,-0.45,900,"bu","14:02:46",2976700
20.35,-0.45,100,"bu","14:02:35",2975800
20.35,-0.45,500,"bu","14:02:31",2975700
20.35,-0.45,500,"bu","14:02:29",2975200
20.35,-0.45,2700,"bu","14:02:26",2974700
20.35,-0.45,500,"bu","14:02:26",2972000
20.35,-0.45,1000,"bu","14:02:23",2971500
20.35,-0.45,600,"bu","14:02:21",2970500
20.35,-0.45,600,"bu","14:02:19",2969900
20.35,-0.45,1000,"bu","14:02:15",2969300
20.35,-0.45,10000,"bu","14:02:13",2968300
20.35,-0.45,1400,"bu","14:02:12",2958300
20.35,-0.45,1000,"bu","14:02:08",2956900
20.3,-0.5,1000,"sd","14:02:08",2955900
20.35,-0.45,15000,"bu","14:02:07",2954900
20.3,-0.5,100,"sd","14:02:01",2939900
20.35,-0.45,11000,"bu","14:01:56",2939800
20.35,-0.45,600,"bu","14:01:55",2928800
20.35,-0.45,4900,"bu","14:01:54",2928200
20.35,-0.45,200,"bu","14:01:51",2923300
20.35,-0.45,900,"bu","14:01:48",2923100
20.35,-0.45,3000,"bu","14:01:47",2922200
20.35,-0.45,800,"bu","14:01:44",2919200
20.35,-0.45,300,"bu","14:01:40",2918400
20.35,-0.45,600,"bu","14:01:38",2918100
20.35,-0.45,7400,"bu","14:01:36",2917500
20.35,-0.45,300,"bu","14:01:33",2910100
20.35,-0.45,300,"bu","14:01:27",2909800
20.35,-0.45,500,"bu","14:01:24",2909500
20.35,-0.45,300,"bu","14:01:20",2909000
20.35,-0.45,700,"bu","14:01:17",2908700
20.35,-0.45,500,"bu","14:01:17",2908000
20.35,-0.45,300,"bu","14:01:12",2907500
20.35,-0.45,300,"bu","14:01:04",2907200
20.35,-0.45,300,"bu","14:00:55",2906900
20.35,-0.45,600,"bu","14:00:49",2906600
20.35,-0.45,2300,"bu","14:00:44",2906000
20.35,-0.45,100,"bu","14:00:27",2903700
20.3,-0.5,1800,"bu","14:00:00",2903600
20.3,-0.5,100,"bu","13:59:59",2901800
20.3,-0.5,10000,"bu","13:59:54",2901700
20.3,-0.5,500,"bu","13:59:29",2891700
20.3,-0.5,500,"bu","13:59:07",2891200
20.25,-0.55,300,"bu","13:58:49",2890700
20.25,-0.55,500,"bu","13:58:46",2890400
20.25,-0.55,100,"bu","13:58:19",2889900
20.25,-0.55,100,"bu","13:57:38",2889800
20.25,-0.55,3000,"bu","13:57:03",2889700
20.25,-0.55,1000,"bu","13:56:52",2886700
20.25,-0.55,200,"bu","13:56:26",2885700
20.25,-0.55,100,"bu","13:56:12",2885500
20.25,-0.55,200,"bu","13:55:58",2885400
20.25,-0.55,700,"bu","13:55:42",2885200
20.25,-0.55,100,"bu","13:54:04",2884500
20.2,-0.6,6700,"bu","13:53:29",2884400
20.2,-0.6,1100,"bu","13:53:16",2877700
20.2,-0.6,500,"bu","13:53:06",2876600
20.2,-0.6,11700,"sd","13:52:31",2876100
20.2,-0.6,15000,"sd","13:52:29",2864400
20.2,-0.6,300,"sd","13:52:06",2849400
20.25,-0.55,100,"bu","13:51:56",2849100
20.25,-0.55,100,"bu","13:51:45",2849000
20.25,-0.55,400,"bu","13:50:40",2848900
20.25,-0.55,1000,"bu","13:50:32",2848500
20.2,-0.6,300,"sd","13:50:29",2847500
20.2,-0.6,15900,"sd","13:50:25",2847200
20.25,-0.55,4100,"sd","13:50:25",2831300
20.25,-0.55,300,"sd","13:50:23",2827200
20.25,-0.55,200,"sd","13:50:22",2826900
20.25,-0.55,300,"sd","13:50:18",2826700
20.25,-0.55,100,"sd","13:50:04",2826400
20.25,-0.55,1000,"sd","13:50:02",2826300
20.3,-0.5,100,"bu","13:49:48",2825300
20.25,-0.55,3600,"bu","13:49:32",2825200
20.25,-0.55,100,"bu","13:49:26",2821600
20.25,-0.55,7100,"sd","13:49:05",2821500
20.3,-0.5,200,"bu","13:48:44",2814400
20.3,-0.5,1000,"sd","13:48:09",2814200
20.35,-0.45,500,"bu","13:48:08",2813200
20.3,-0.5,1200,"bu","13:48:07",2812700
20.3,-0.5,1000,"bu","13:47:59",2811500
20.3,-0.5,3000,"sd","13:47:57",2810500
20.35,-0.45,100,"bu","13:47:41",2807500
20.35,-0.45,500,"bu","13:47:33",2807400
20.3,-0.5,200,"sd","13:47:31",2806900
20.3,-0.5,300,"sd","13:47:20",2806700
20.35,-0.45,2800,"bu","13:47:13",2806400
20.3,-0.5,10300,"bu","13:47:13",2803600
20.3,-0.5,6900,"bu","13:47:12",2793300
20.3,-0.5,1300,"bu","13:47:05",2786400
20.3,-0.5,2500,"bu","13:46:40",2785100
20.25,-0.55,500,"sd","13:46:36",2782600
20.25,-0.55,1000,"sd","13:46:24",2782100
20.3,-0.5,400,"bu","13:46:22",2781100
20.3,-0.5,500,"bu","13:46:07",2780700
20.3,-0.5,25000,"bu","13:45:54",2780200
20.3,-0.5,200,"bu","13:45:45",2755200
20.3,-0.5,100,"bu","13:45:39",2755000
20.3,-0.5,1900,"bu","13:45:36",2754900
20.25,-0.55,100,"bu","13:45:36",2753000
20.25,-0.55,200,"bu","13:45:33",2752900
20.25,-0.55,34000,"bu","13:45:28",2752700
20.2,-0.6,200,"sd","13:45:21",2718700
20.2,-0.6,3300,"bu","13:43:42",2718500
20.2,-0.6,100,"bu","13:43:41",2715200
20.2,-0.6,100,"bu","13:43:33",2715100
20.2,-0.6,100,"bu","13:43:24",2715000
20.2,-0.6,400,"sd","13:43:04",2714900
20.25,-0.55,4000,"bu","13:42:57",2714500
20.2,-0.6,3000,"sd","13:42:54",2710500
20.25,-0.55,1000,"bu","13:42:37",2707500
20.25,-0.55,5000,"bu","13:42:34",2706500
20.25,-0.55,500,"bu","13:42:22",2701500
20.25,-0.55,500,"bu","13:42:20",2701000
20.2,-0.6,500,"sd","13:42:18",2700500
20.25,-0.55,100,"bu","13:42:09",2700000
20.25,-0.55,100,"bu","13:41:26",2699900
20.2,-0.6,500,"bu","13:41:12",2699800
20.2,-0.6,2000,"bu","13:40:55",2699300
20.2,-0.6,2000,"bu","13:40:47",2697300
20.2,-0.6,100,"bu","13:40:37",2695300
20.2,-0.6,5000,"bu","13:40:33",2695200
20.2,-0.6,2000,"bu","13:40:07",2690200
20.15,-0.65,400,"sd","13:39:16",2688200
20.2,-0.6,100,"bu","13:38:48",2687800
20.15,-0.65,100,"bu","13:38:41",2687700
20.15,-0.65,100,"bu","13:38:38",2687600
20.15,-0.65,200,"bu","13:38:35",2687500
20.15,-0.65,100,"bu","13:38:33",2687300
20.15,-0.65,200,"bu","13:38:25",2687200
20.15,-0.65,300,"bu","13:38:16",2687000
20.15,-0.65,1000,"bu","13:38:15",2686700
20.1,-0.7,1500,"sd","13:38:03",2685700
20.15,-0.65,1000,"bu","13:37:36",2684200
20.15,-0.65,700,"bu","13:37:04",2683200
20.15,-0.65,100,"bu","13:36:57",2682500
20.15,-0.65,200,"bu","13:36:55",2682400
20.15,-0.65,1000,"bu","13:36:53",2682200
20.15,-0.65,2000,"bu","13:36:47",2681200
20.15,-0.65,2500,"bu","13:35:36",2679200
20.15,-0.65,100,"sd","13:35:03",2676700
20.15,-0.65,1900,"bu","13:34:35",2676600
20.1,-0.7,300,"sd","13:33:46",2674700
20.1,-0.7,1000,"sd","13:33:45",2674400
20.15,-0.65,1000,"bu","13:33:41",2673400
20.1,-0.7,500,"sd","13:33:32",2672400
20.15,-0.65,200,"bu","13:33:31",2671900
20.1,-0.7,1700,"bu","13:32:52",2671700
20.1,-0.7,5000,"bu","13:32:32",2670000
20.1,-0.7,2900,"bu","13:32:25",2665000
20.1,-0.7,2000,"bu","13:32:20",2662100
20.1,-0.7,100,"bu","13:32:11",2660100
20.1,-0.7,100,"bu","13:32:09",2660000
20.1,-0.7,100,"bu","13:32:00",2659900
20.1,-0.7,100,"bu","13:31:45",2659800
20.05,-0.75,100,"sd","13:30:22",2659700
20.05,-0.75,3000,"sd","13:29:58",2659600
20.05,-0.75,5000,"sd","13:29:22",2656600
20.05,-0.75,300,"sd","13:29:09",2651600
20.05,-0.75,100,"sd","13:29:01",2651300
20.1,-0.7,200,"bu","13:28:46",2651200
20.1,-0.7,3000,"bu","13:28:06",2651000
20.1,-0.7,200,"bu","13:28:01",2648000
20.1,-0.7,100,"bu","13:27:58",2647800
20.1,-0.7,7100,"sd","13:27:26",2647700
20.1,-0.7,10000,"sd","13:27:19",2640600
20.15,-0.65,1000,"bu","13:27:18",2630600
20.15,-0.65,100,"bu","13:27:16",2629600
20.1,-0.7,10000,"sd","13:27:09",2629500
20.1,-0.7,300,"sd","13:27:01",2619500
20.1,-0.7,10000,"sd","13:26:57",2619200
20.1,-0.7,15000,"sd","13:26:53",2609200
20.1,-0.7,300,"sd","13:26:34",2594200
20.15,-0.65,300,"bu","13:26:31",2593900
20.15,-0.65,2000,"bu","13:26:27",2593600
20.15,-0.65,100,"bu","13:26:21",2591600
20.15,-0.65,3600,"bu","13:26:12",2591500
20.1,-0.7,300,"sd","13:26:01",2587900
20.15,-0.65,400,"bu","13:25:59",2587600
20.1,-0.7,3000,"sd","13:25:53",2587200
20.15,-0.65,6100,"sd","13:25:45",2584200
20.15,-0.65,500,"sd","13:24:59",2578100
20.15,-0.65,100,"sd","13:24:21",2577600
20.15,-0.65,200,"sd","13:23:53",2577500
20.15,-0.65,300,"sd","13:23:50",2577300
20.15,-0.65,700,"bu","13:23:23",2577000
20.15,-0.65,100,"bu","13:22:47",2576300
20.15,-0.65,400,"bu","13:22:42",2576200
20.15,-0.65,300,"bu","13:22:20",2575800
20.15,-0.65,100,"bu","13:22:13",2575500
20.15,-0.65,300,"bu","13:21:54",2575400
20.15,-0.65,100,"sd","13:21:40",2575100
20.15,-0.65,1000,"sd","13:21:34",2575000
20.2,-0.6,300,"bu","13:21:32",2574000
20.15,-0.65,400,"sd","13:21:32",2573700
20.15,-0.65,4000,"sd","13:21:24",2573300
20.15,-0.65,500,"sd","13:21:04",2569300
20.15,-0.65,1000,"sd","13:20:56",2568800
20.15,-0.65,3500,"sd","13:20:46",2567800
20.2,-0.6,200,"bu","13:20:44",2564300
20.15,-0.65,300,"sd","13:20:02",2564100
20.15,-0.65,2000,"sd","13:19:29",2563800
20.15,-0.65,100,"sd","13:19:03",2561800
20.15,-0.65,2000,"sd","13:17:25",2561700
20.15,-0.65,1500,"bu","13:17:23",2559700
20.15,-0.65,100,"bu","13:17:20",2558200
20.15,-0.65,13400,"sd","13:17:13",2558100
20.2,-0.6,400,"bu","13:16:11",2544700
20.2,-0.6,5000,"bu","13:16:03",2544300
20.2,-0.6,900,"bu","13:15:52",2539300
20.2,-0.6,100,"bu","13:15:12",2538400
20.15,-0.65,200,"sd","13:14:50",2538300
20.15,-0.65,3000,"sd","13:14:20",2538100
20.2,-0.6,5000,"bu","13:14:16",2535100
20.15,-0.65,300,"sd","13:14:02",2530100
20.2,-0.6,5000,"bu","13:13:59",2529800
20.2,-0.6,1000,"bu","13:13:56",2524800
20.2,-0.6,4000,"bu","13:13:42",2523800
20.2,-0.6,5000,"bu","13:13:40",2519800
20.2,-0.6,12900,"bu","13:13:28",2514800
20.15,-0.65,3400,"bu","13:13:28",2501900
20.15,-0.65,1600,"sd","13:13:25",2498500
20.2,-0.6,500,"bu","13:13:20",2496900
20.2,-0.6,1000,"bu","13:13:12",2496400
20.2,-0.6,900,"bu","13:12:46",2495400
20.15,-0.65,2500,"sd","13:12:43",2494500
20.2,-0.6,100,"bu","13:12:32",2492000
20.2,-0.6,3500,"sd","13:11:52",2491900
20.2,-0.6,1000,"sd","13:11:06",2488400
20.2,-0.6,27600,"bu","13:10:46",2487400
20.15,-0.65,200,"bu","13:10:18",2459800
20.15,-0.65,700,"sd","13:10:17",2459600
20.15,-0.65,100,"bu","13:10:00",2458900
20.15,-0.65,2000,"bu","13:09:52",2458800
20.15,-0.65,500,"bu","13:09:32",2456800
20.15,-0.65,100,"bu","13:09:31",2456300
20.15,-0.65,500,"bu","13:09:22",2456200
20.1,-0.7,100,"sd","13:08:50",2455700
20.1,-0.7,700,"bu","13:08:46",2455600
20.1,-0.7,10000,"bu","13:08:41",2454900
20.1,-0.7,300,"bu","13:08:25",2444900
20.1,-0.7,300,"bu","13:08:24",2444600
20.1,-0.7,800,"bu","13:08:23",2444300
20.1,-0.7,800,"bu","13:08:02",2443500
20.1,-0.7,1000,"bu","13:08:00",2442700
20.1,-0.7,1000,"bu","13:07:48",2441700
20.1,-0.7,4000,"bu","13:07:30",2440700
20.05,-0.75,2000,"sd","13:07:29",2436700
20.05,-0.75,9900,"bu","13:06:47",2434700
20.05,-0.75,300,"bu","13:06:35",2424800
20.05,-0.75,300,"bu","13:06:28",2424500
20.05,-0.75,300,"bu","13:06:22",2424200
20.05,-0.75,300,"bu","13:06:19",2423900
20.05,-0.75,300,"bu","13:06:12",2423600
20.05,-0.75,500,"bu","13:06:09",2423300
20.05,-0.75,300,"bu","13:06:09",2422800
20.05,-0.75,100,"bu","13:06:03",2422500
20.05,-0.75,500,"bu","13:05:39",2422400
20.05,-0.75,200,"bu","13:05:32",2421900
20,-0.8,300,"sd","13:05:13",2421700
20,-0.8,400,"bu","13:05:02",2421400
20,-0.8,5000,"bu","13:04:44",2421000
19.95,-0.85,100,"sd","13:04:16",2416000
20,-0.8,5000,"bu","13:04:09",2415900
20,-0.8,1000,"bu","13:04:07",2410900
20,-0.8,6000,"bu","13:03:27",2409900
20,-0.8,300,"bu","13:03:12",2403900
19.95,-0.85,300,"sd","13:02:45",2403600
19.95,-0.85,1000,"sd","13:02:41",2403300
19.95,-0.85,11000,"sd","13:02:30",2402300
20,-0.8,300,"bu","13:02:10",2391300
20,-0.8,700,"bu","13:02:09",2391000
20,-0.8,300,"bu","13:01:53",2390300
20,-0.8,300,"bu","13:00:59",2390000
20,-0.8,400,"bu","13:00:46",2389700
20,-0.8,200,"bu","13:00:42",2389300
20,-0.8,1000,"bu","13:00:27",2389100
19.95,-0.85,2100,"sd","13:00:19",2388100
19.95,-0.85,300,"sd","13:00:18",2386000
19.95,-0.85,300,"sd","13:00:16",2385700
20,-0.8,1000,"bu","13:00:15",2385400
20,-0.8,200,"bu","13:00:14",2384400
19.95,-0.85,1000,"sd","13:00:12",2384200
19.95,-0.85,800,"sd","13:00:10",2383200
20,-0.8,5000,"bu","13:00:10",2382400
19.95,-0.85,400,"sd","13:00:05",2377400
20,-0.8,100,"bu","13:00:04",2377000
20,-0.8,100,"bu","13:00:03",2376900
19.95,-0.85,3000,"sd","13:00:02",2376800
20,-0.8,3500,"bu","13:00:01",2373800
20,-0.8,200,"bu","13:00:00",2370300
19.95,-0.85,1200,"sd","13:00:00",2370100
20,-0.8,100,"bu","11:29:59",2368900
20,-0.8,1000,"bu","11:29:54",2368800
19.95,-0.85,3000,"sd","11:29:47",2367800
20,-0.8,1000,"bu","11:29:24",2364800
19.95,-0.85,200,"sd","11:29:10",2363800
20,-0.8,100,"bu","11:29:08",2363600
20,-0.8,1000,"bu","11:29:05",2363500
20,-0.8,100,"bu","11:28:56",2362500
20,-0.8,200,"bu","11:28:53",2362400
20,-0.8,200,"bu","11:28:33",2362200
20,-0.8,400,"bu","11:28:15",2362000
20,-0.8,1000,"bu","11:27:56",2361600
20,-0.8,900,"bu","11:27:44",2360600
20,-0.8,1300,"bu","11:27:30",2359700
20,-0.8,300,"bu","11:25:48",2358400
19.95,-0.85,700,"sd","11:25:44",2358100
19.95,-0.85,100,"sd","11:25:43",2357400
19.95,-0.85,1800,"sd","11:25:39",2357300
20,-0.8,300,"bu","11:25:35",2355500
19.95,-0.85,300,"sd","11:25:27",2355200
20,-0.8,300,"bu","11:25:22",2354900
19.95,-0.85,400,"sd","11:25:15",2354600
20,-0.8,300,"bu","11:25:13",2354200
19.95,-0.85,1200,"bu","11:25:11",2353900
19.95,-0.85,600,"bu","11:25:09",2352700
19.95,-0.85,200,"sd","11:25:06",2352100
20,-0.8,300,"bu","11:25:06",2351900
19.95,-0.85,500,"sd","11:24:58",2351600
20,-0.8,5000,"bu","11:24:55",2351100
19.95,-0.85,10500,"sd","11:24:51",2346100
19.95,-0.85,1000,"sd","11:24:46",2335600
19.95,-0.85,25000,"sd","11:24:42",2334600
20,-0.8,300,"bu","11:24:39",2309600
19.95,-0.85,100,"sd","11:24:36",2309300
19.95,-0.85,600,"sd","11:24:18",2309200
20,-0.8,1000,"bu","11:23:51",2308600
19.95,-0.85,100,"sd","11:23:50",2307600
20,-0.8,1000,"bu","11:23:34",2307500
20,-0.8,2000,"bu","11:23:22",2306500
20,-0.8,500,"bu","11:23:00",2304500
20,-0.8,1000,"bu","11:22:50",2304000
20,-0.8,200,"bu","11:22:47",2303000
20,-0.8,300,"bu","11:22:38",2302800
20,-0.8,1000,"bu","11:22:11",2302500
20,-0.8,100,"bu","11:21:48",2301500
20,-0.8,4000,"bu","11:21:32",2301400
20,-0.8,200,"bu","11:20:51",2297400
20,-0.8,9000,"bu","11:20:14",2297200
20,-0.8,10000,"bu","11:20:00",2288200
20,-0.8,200,"bu","11:19:50",2278200
20,-0.8,100,"bu","11:19:49",2278000
20,-0.8,800,"sd","11:19:27",2277900
20,-0.8,500,"sd","11:19:20",2277100
20,-0.8,4000,"sd","11:19:14",2276600
20,-0.8,1000,"bu","11:18:44",2272600
20,-0.8,1000,"bu","11:18:40",2271600
20,-0.8,2400,"bu","11:18:20",2270600
20,-0.8,2000,"bu","11:18:06",2268200
20,-0.8,1000,"bu","11:18:00",2266200
20,-0.8,300,"bu","11:17:58",2265200
20,-0.8,400,"bu","11:17:55",2264900
20,-0.8,100,"bu","11:17:54",2264500
20,-0.8,1800,"sd","11:17:43",2264400
20,-0.8,200,"sd","11:17:30",2262600
20,-0.8,1600,"sd","11:17:15",2262400
20,-0.8,28400,"sd","11:17:14",2260800
20.05,-0.75,2000,"bu","11:17:07",2232400
20.05,-0.75,1000,"bu","11:17:05",2230400
20.05,-0.75,100,"bu","11:17:01",2229400
20.05,-0.75,16900,"sd","11:17:00",2229300
20.05,-0.75,400,"sd","11:16:56",2212400
20.05,-0.75,200,"sd","11:16:51",2212000
20.05,-0.75,500,"sd","11:16:48",2211800
20.05,-0.75,14800,"bu","11:16:42",2211300
20.05,-0.75,200,"sd","11:16:38",2196500
20.05,-0.75,10000,"sd","11:16:35",2196300
20.1,-0.7,3400,"bu","11:16:24",2186300
20.1,-0.7,3500,"sd","11:16:14",2182900
20.05,-0.75,700,"sd","11:16:03",2179400
20.1,-0.7,300,"sd","11:16:03",2178700
20.1,-0.7,700,"bu","11:16:02",2178400
20.1,-0.7,100,"bu","11:16:00",2177700
20.05,-0.75,300,"sd","11:15:42",2177600
20.1,-0.7,100,"bu","11:15:39",2177300
20.1,-0.7,5000,"bu","11:15:33",2177200
20.05,-0.75,300,"sd","11:15:32",2172200
20.05,-0.75,100,"sd","11:15:18",2171900
20.1,-0.7,500,"bu","11:15:13",2171800
20.1,-0.7,1000,"bu","11:15:09",2171300
20.1,-0.7,200,"bu","11:15:03",2170300
20.05,-0.75,100,"sd","11:14:57",2170100
20.05,-0.75,1600,"bu","11:14:56",2170000
20.05,-0.75,300,"bu","11:14:55",2168400
20.05,-0.75,100,"bu","11:14:51",2168100
20.05,-0.75,500,"bu","11:14:48",2168000
20.05,-0.75,100,"bu","11:14:47",2167500
20.05,-0.75,100,"bu","11:14:46",2167400
20.05,-0.75,3000,"bu","11:14:43",2167300
20.05,-0.75,200,"bu","11:14:42",2164300
20.05,-0.75,100,"bu","11:14:41",2164100
20.05,-0.75,400,"bu","11:14:38",2164000
20.05,-0.75,10000,"bu","11:14:35",2163600
20.05,-0.75,1500,"bu","11:14:17",2153600
20.05,-0.75,1000,"bu","11:14:09",2152100
20.05,-0.75,100,"bu","11:14:00",2151100
20.05,-0.75,500,"bu","11:13:58",2151000
20.05,-0.75,700,"bu","11:13:52",2150500
20.05,-0.75,1500,"bu","11:13:47",2149800
20.05,-0.75,200,"bu","11:13:43",2148300
20.05,-0.75,5000,"bu","11:13:39",2148100
20.05,-0.75,1000,"bu","11:13:32",2143100
20.05,-0.75,100,"bu","11:13:30",2142100
20,-0.8,5000,"sd","11:13:25",2142000
20,-0.8,400,"bu","11:13:03",2137000
20,-0.8,1000,"bu","11:13:01",2136600
20,-0.8,200,"bu","11:13:00",2135600
20,-0.8,1000,"bu","11:12:58",2135400
20,-0.8,3000,"bu","11:12:56",2134400
20,-0.8,100,"bu","11:12:54",2131400
20,-0.8,10500,"bu","11:12:52",2131300
20,-0.8,1000,"bu","11:12:47",2120800
20,-0.8,1000,"bu","11:12:46",2119800
20,-0.8,1100,"bu","11:12:43",2118800
20,-0.8,800,"bu","11:12:42",2117700
20,-0.8,100,"bu","11:12:40",2116900
20,-0.8,5000,"bu","11:12:38",2116800
20,-0.8,1000,"bu","11:12:35",2111800
20,-0.8,2000,"bu","11:12:34",2110800
20,-0.8,100,"bu","11:12:33",2108800
20,-0.8,400,"bu","11:12:32",2108700
20,-0.8,100,"bu","11:12:28",2108300
20,-0.8,2000,"bu","11:12:28",2108200
20,-0.8,1500,"bu","11:12:27",2106200
20,-0.8,5000,"bu","11:12:25",2104700
20,-0.8,10000,"bu","11:12:20",2099700
20,-0.8,300,"bu","11:12:14",2089700
20,-0.8,500,"bu","11:12:13",2089400
20,-0.8,500,"bu","11:12:08",2088900
20,-0.8,100,"bu","11:12:03",2088400
20,-0.8,100,"bu","11:11:59",2088300
20,-0.8,600,"bu","11:11:49",2088200
20,-0.8,100,"bu","11:11:46",2087600
20,-0.8,300,"bu","11:11:42",2087500
19.95,-0.85,400,"sd","11:11:35",2087200
20,-0.8,100,"bu","11:11:24",2086800
20,-0.8,300,"bu","11:11:18",2086700
20,-0.8,100,"bu","11:11:13",2086400
19.95,-0.85,5000,"sd","11:11:11",2086300
20,-0.8,500,"bu","11:11:07",2081300
20,-0.8,1000,"bu","11:11:07",2080800
19.95,-0.85,2000,"sd","11:11:06",2079800
20,-0.8,1000,"bu","11:10:53",2077800
20,-0.8,100,"bu","11:10:50",2076800
20,-0.8,100,"bu","11:10:45",2076700
20,-0.8,100,"bu","11:10:43",2076600
20,-0.8,500,"bu","11:10:33",2076500
20,-0.8,1200,"bu","11:10:29",2076000
20,-0.8,300,"bu","11:10:28",2074800
20,-0.8,24100,"sd","11:10:18",2074500
20,-0.8,5000,"sd","11:10:08",2050400
20.05,-0.75,200,"bu","11:10:01",2045400
20,-0.8,2000,"sd","11:09:58",2045200
20.05,-0.75,200,"bu","11:09:35",2043200
20.05,-0.75,500,"bu","11:09:16",2043000
20,-0.8,100,"bu","11:09:16",2042500
20,-0.8,100,"sd","11:09:12",2042400
20,-0.8,900,"bu","11:09:09",2042300
20,-0.8,100,"bu","11:09:07",2041400
20,-0.8,1000,"bu","11:09:05",2041300
20,-0.8,1000,"bu","11:09:03",2040300
20,-0.8,1000,"bu","11:09:03",2039300
20,-0.8,100,"bu","11:09:02",2038300
20,-0.8,30000,"bu","11:08:54",2038200
19.95,-0.85,1000,"sd","11:08:46",2008200
20,-0.8,300,"bu","11:08:34",2007200
20,-0.8,200,"bu","11:08:34",2006900
20,-0.8,1000,"bu","11:08:21",2006700
20,-0.8,1000,"bu","11:08:06",2005700
20,-0.8,2000,"bu","11:08:01",2004700
20,-0.8,1000,"bu","11:07:55",2002700
20,-0.8,300,"bu","11:07:51",2001700
20,-0.8,1000,"bu","11:07:48",2001400
20,-0.8,300,"bu","11:07:43",2000400
20,-0.8,600,"bu","11:07:34",2000100
20,-0.8,400,"bu","11:07:21",1999500
20,-0.8,100,"bu","11:07:13",1999100
19.95,-0.85,300,"sd","11:06:58",1999000
19.95,-0.85,300,"sd","11:06:46",1998700
19.95,-0.85,4500,"sd","11:06:33",1998400
19.95,-0.85,100,"sd","11:06:29",1993900
19.95,-0.85,500,"sd","11:06:17",1993800
20,-0.8,1000,"bu","11:05:48",1993300
19.95,-0.85,700,"sd","11:05:46",1992300
20,-0.8,500,"bu","11:05:38",1991600
19.95,-0.85,6000,"sd","11:05:24",1991100
20,-0.8,500,"bu","11:05:18",1985100
20,-0.8,200,"bu","11:05:12",1984600
20,-0.8,300,"bu","11:05:08",1984400
20,-0.8,1300,"bu","11:04:49",1984100
19.95,-0.85,500,"sd","11:04:44",1982800
19.95,-0.85,3000,"sd","11:04:31",1982300
20,-0.8,6600,"bu","11:04:31",1979300
20,-0.8,1300,"sd","11:04:29",1972700
20,-0.8,2800,"sd","11:04:27",1971400
20,-0.8,600,"sd","11:04:06",1968600
20,-0.8,5000,"bu","11:03:42",1968000
20,-0.8,100,"bu","11:03:39",1963000
20,-0.8,500,"bu","11:03:33",1962900
20,-0.8,200,"bu","11:03:32",1962400
20,-0.8,100,"bu","11:03:29",1962200
20,-0.8,18600,"sd","11:03:29",1962100
20,-0.8,500,"sd","11:03:16",1943500
20.05,-0.75,100,"bu","11:03:14",1943000
20,-0.8,3800,"sd","11:03:01",1942900
20.05,-0.75,300,"bu","11:02:55",1939100
20.05,-0.75,100,"bu","11:02:41",1938800
20,-0.8,1000,"sd","11:02:34",1938700
20,-0.8,8900,"sd","11:02:33",1937700
20,-0.8,600,"sd","11:02:19",1928800
20.05,-0.75,1500,"bu","11:02:08",1928200
20.1,-0.7,400,"bu","11:02:03",1926700
20.05,-0.75,600,"bu","11:02:03",1926300
20,-0.8,19200,"sd","11:02:03",1925700
20,-0.8,11000,"sd","11:02:02",1906500
20,-0.8,4200,"sd","11:01:58",1895500
20.05,-0.75,800,"sd","11:01:58",1891300
20.05,-0.75,200,"bu","11:01:57",1890500
20.05,-0.75,1600,"sd","11:01:52",1890300
20.05,-0.75,2000,"sd","11:01:51",1888700
20.05,-0.75,500,"sd","11:01:25",1886700
20.05,-0.75,1000,"sd","11:01:24",1886200
20.05,-0.75,1000,"sd","11:01:13",1885200
20.05,-0.75,1000,"sd","11:00:45",1884200
20.05,-0.75,100,"sd","11:00:29",1883200
20.05,-0.75,900,"sd","10:59:53",1883100
20.1,-0.7,1000,"bu","10:59:28",1882200
20,-0.8,7000,"sd","10:59:26",1881200
20.1,-0.7,100,"bu","10:59:24",1874200
20,-0.8,75000,"sd","10:59:21",1874100
20.05,-0.75,5000,"sd","10:59:21",1799100
20.05,-0.75,200,"sd","10:59:17",1794100
20.1,-0.7,100,"bu","10:59:07",1793900
20.1,-0.7,1000,"bu","10:58:49",1793800
20.05,-0.75,2000,"sd","10:58:48",1792800
20.05,-0.75,2000,"sd","10:58:40",1790800
20.05,-0.75,200,"sd","10:58:37",1788800
20.05,-0.75,1900,"bu","10:58:12",1788600
20.05,-0.75,1000,"bu","10:58:08",1786700
20.05,-0.75,2200,"sd","10:57:56",1785700
20.05,-0.75,2000,"sd","10:57:50",1783500
20.05,-0.75,100,"sd","10:57:49",1781500
20.1,-0.7,300,"bu","10:57:45",1781400
20.05,-0.75,200,"sd","10:57:36",1781100
20.05,-0.75,19000,"sd","10:57:28",1780900
20.05,-0.75,200,"sd","10:57:27",1761900
20.05,-0.75,200,"sd","10:57:22",1761700
20.1,-0.7,100,"bu","10:57:17",1761500
20.1,-0.7,2000,"bu","10:57:14",1761400
20.1,-0.7,1000,"bu","10:57:05",1759400
20.1,-0.7,2100,"bu","10:56:44",1758400
20.1,-0.7,100,"bu","10:56:39",1756300
20.1,-0.7,2000,"bu","10:56:27",1756200
20.1,-0.7,2200,"bu","10:56:18",1754200
20.1,-0.7,31400,"sd","10:56:11",1752000
20.15,-0.65,100,"sd","10:56:11",1720600
20.1,-0.7,7600,"sd","10:56:06",1720500
20.15,-0.65,2400,"sd","10:56:06",1712900
20.15,-0.65,3000,"sd","10:56:01",1710500
20.15,-0.65,100,"bu","10:55:41",1707500
20.15,-0.65,5000,"bu","10:55:33",1707400
20.15,-0.65,100,"bu","10:55:24",1702400
20.15,-0.65,1000,"bu","10:55:17",1702300
20.15,-0.65,300,"bu","10:55:16",1701300
20.15,-0.65,600,"bu","10:55:15",1701000
20.15,-0.65,200,"bu","10:55:14",1700400
20.15,-0.65,1500,"bu","10:54:57",1700200
20.15,-0.65,300,"bu","10:54:56",1698700
20.15,-0.65,500,"bu","10:54:53",1698400
20.15,-0.65,7400,"sd","10:54:40",1697900
20.15,-0.65,2000,"sd","10:54:35",1690500
20.15,-0.65,800,"sd","10:54:10",1688500
20.15,-0.65,300,"sd","10:53:37",1687700
20.1,-0.7,63700,"sd","10:52:55",1687400
20.15,-0.65,36300,"sd","10:52:55",1623700
20.2,-0.6,200,"bu","10:52:50",1587400
20.2,-0.6,100,"bu","10:52:46",1587200
20.2,-0.6,300,"bu","10:52:35",1587100
20.2,-0.6,100,"bu","10:52:23",1586800
20.2,-0.6,7700,"sd","10:52:08",1586700
20.25,-0.55,100,"bu","10:52:01",1579000
20.2,-0.6,12000,"sd","10:51:58",1578900
20.25,-0.55,1000,"bu","10:51:53",1566900
20.25,-0.55,100,"bu","10:51:48",1565900
20.25,-0.55,3000,"bu","10:51:42",1565800
20.25,-0.55,3000,"bu","10:51:38",1562800
20.2,-0.6,100,"sd","10:51:13",1559800
20.2,-0.6,800,"sd","10:50:57",1559700
20.2,-0.6,2500,"sd","10:50:38",1558900
20.2,-0.6,200,"sd","10:50:16",1556400
20.2,-0.6,2500,"sd","10:50:14",1556200
20.2,-0.6,100,"sd","10:50:01",1553700
20.2,-0.6,1000,"sd","10:49:47",1553600
20.25,-0.55,1000,"bu","10:48:30",1552600
20.25,-0.55,400,"sd","10:48:20",1551600
20.25,-0.55,500,"sd","10:48:06",1551200
20.25,-0.55,1000,"sd","10:47:46",1550700
20.3,-0.5,100,"bu","10:47:35",1549700
20.3,-0.5,400,"bu","10:47:12",1549600
20.3,-0.5,500,"bu","10:46:55",1549200
20.3,-0.5,200,"bu","10:46:54",1548700
20.3,-0.5,200,"bu","10:46:38",1548500
20.3,-0.5,100,"bu","10:46:37",1548300
20.3,-0.5,400,"bu","10:46:23",1548200
20.3,-0.5,300,"bu","10:46:06",1547800
20.25,-0.55,1700,"bu","10:45:45",1547500
20.25,-0.55,100,"bu","10:45:39",1545800
20.25,-0.55,200,"bu","10:45:29",1545700
20.25,-0.55,200,"bu","10:45:26",1545500
20.25,-0.55,1000,"bu","10:45:23",1545300
20.25,-0.55,100,"bu","10:45:22",1544300
20.2,-0.6,300,"sd","10:45:04",1544200
20.2,-0.6,200,"sd","10:44:47",1543900
20.2,-0.6,1500,"bu","10:44:44",1543700
20.2,-0.6,500,"bu","10:44:43",1542200
20.2,-0.6,10000,"bu","10:44:42",1541700
20.2,-0.6,200,"bu","10:44:37",1531700
20.2,-0.6,100,"bu","10:44:36",1531500
20.2,-0.6,5000,"bu","10:44:32",1531400
20.2,-0.6,200,"bu","10:44:23",1526400
20.2,-0.6,100,"bu","10:44:21",1526200
20.2,-0.6,100,"bu","10:44:19",1526100
20.2,-0.6,500,"bu","10:44:17",1526000
20.2,-0.6,3000,"bu","10:44:16",1525500
20.2,-0.6,100,"bu","10:44:14",1522500
20.2,-0.6,5000,"bu","10:44:05",1522400
20.2,-0.6,1000,"bu","10:44:02",1517400
20.2,-0.6,500,"bu","10:43:38",1516400
20.2,-0.6,200,"bu","10:43:30",1515900
20.2,-0.6,300,"bu","10:43:09",1515700
20.15,-0.65,6600,"bu","10:43:05",1515400
20.15,-0.65,500,"bu","10:43:02",1508800
20.15,-0.65,200,"bu","10:43:00",1508300
20.15,-0.65,2000,"bu","10:42:59",1508100
20.15,-0.65,500,"bu","10:42:57",1506100
20.15,-0.65,1000,"bu","10:42:56",1505600
20.15,-0.65,300,"bu","10:42:54",1504600
20.15,-0.65,1100,"bu","10:42:51",1504300
20.15,-0.65,400,"bu","10:42:50",1503200
20.15,-0.65,300,"bu","10:42:48",1502800
20.15,-0.65,100,"bu","10:42:42",1502500
20.15,-0.65,500,"bu","10:42:40",1502400
20.1,-0.7,300,"sd","10:42:38",1501900
20.1,-0.7,200,"sd","10:42:36",1501600
20.1,-0.7,20000,"sd","10:42:35",1501400
20.15,-0.65,1000,"bu","10:42:30",1481400
20.15,-0.65,300,"bu","10:42:25",1480400
20.15,-0.65,2000,"bu","10:42:24",1480100
20.15,-0.65,10000,"bu","10:42:20",1478100
20.15,-0.65,2000,"bu","10:42:16",1468100
20.15,-0.65,300,"bu","10:42:16",1466100
20.15,-0.65,7400,"sd","10:42:09",1465800
20.2,-0.6,100,"bu","10:41:57",1458400
20.2,-0.6,300,"bu","10:41:55",1458300
20.2,-0.6,100,"bu","10:41:53",1458000
20.15,-0.65,3800,"bu","10:41:51",1457900
20.15,-0.65,1200,"sd","10:41:47",1454100
20.15,-0.65,5800,"sd","10:41:46",1452900
20.2,-0.6,200,"bu","10:41:42",1447100
20.2,-0.6,300,"bu","10:41:40",1446900
20.2,-0.6,300,"bu","10:41:34",1446600
20.2,-0.6,200,"bu","10:41:27",1446300
20.2,-0.6,100,"bu","10:41:24",1446100
20.15,-0.65,200,"sd","10:41:22",1446000
20.2,-0.6,100,"bu","10:41:15",1445800
20.15,-0.65,200,"bu","10:41:15",1445700
20.15,-0.65,300,"bu","10:41:08",1445500
20.1,-0.7,2400,"sd","10:41:03",1445200
20.15,-0.65,4100,"sd","10:41:03",1442800
20.2,-0.6,300,"bu","10:40:51",1438700
20.15,-0.65,900,"sd","10:40:48",1438400
20.2,-0.6,300,"bu","10:40:43",1437500
20.15,-0.65,500,"sd","10:40:40",1437200
20.15,-0.65,2000,"sd","10:40:38",1436700
20.15,-0.65,2000,"sd","10:40:32",1434700
20.15,-0.65,10000,"sd","10:40:25",1432700
20.15,-0.65,300,"sd","10:40:23",1422700
20.2,-0.6,1000,"bu","10:40:03",1422400
20.15,-0.65,1500,"sd","10:40:01",1421400
20.2,-0.6,1000,"bu","10:39:59",1419900
20.2,-0.6,300,"bu","10:39:49",1418900
20.15,-0.65,1900,"sd","10:39:44",1418600
20.15,-0.65,1800,"sd","10:39:37",1416700
20.15,-0.65,12700,"sd","10:39:37",1414900
20.15,-0.65,500,"sd","10:39:36",1402200
20.2,-0.6,2000,"bu","10:39:26",1401700
20.15,-0.65,2100,"sd","10:39:19",1399700
20.2,-0.6,300,"bu","10:39:17",1397600
20.2,-0.6,200,"bu","10:39:08",1397300
20.15,-0.65,2500,"sd","10:38:38",1397100
20.15,-0.65,500,"sd","10:38:30",1394600
20.2,-0.6,5000,"bu","10:38:26",1394100
20.15,-0.65,500,"sd","10:38:08",1389100
20.2,-0.6,1000,"bu","10:38:00",1388600
20.15,-0.65,4000,"sd","10:37:59",1387600
20.15,-0.65,600,"sd","10:37:56",1383600
20.2,-0.6,300,"bu","10:37:52",1383000
20.2,-0.6,3000,"bu","10:37:49",1382700
20.15,-0.65,3000,"sd","10:37:46",1379700
20.2,-0.6,2000,"bu","10:37:24",1376700
20.15,-0.65,3000,"sd","10:37:16",1374700
20.2,-0.6,100,"bu","10:37:14",1371700
20.15,-0.65,2200,"sd","10:37:12",1371600
20.15,-0.65,500,"sd","10:37:12",1369400
20.2,-0.6,26300,"sd","10:36:48",1368900
20.2,-0.6,25000,"sd","10:36:47",1342600
20.2,-0.6,1700,"sd","10:36:36",1317600
20.25,-0.55,3300,"sd","10:36:36",1315900
20.25,-0.55,7800,"sd","10:36:33",1312600
20.3,-0.5,2000,"bu","10:36:29",1304800
20.25,-0.55,1000,"sd","10:36:23",1302800
20.25,-0.55,4400,"sd","10:36:19",1301800
20.3,-0.5,100,"sd","10:35:59",1297400
20.25,-0.55,38000,"sd","10:35:48",1297300
20.3,-0.5,2000,"sd","10:35:48",1259300
20.3,-0.5,10000,"sd","10:35:46",1257300
20.3,-0.5,6000,"sd","10:35:44",1247300
20.3,-0.5,2000,"sd","10:35:43",1241300
20.3,-0.5,50000,"sd","10:35:36",1239300
20.4,-0.4,100,"bu","10:35:33",1189300
20.3,-0.5,21600,"sd","10:35:24",1189200
20.35,-0.45,8400,"sd","10:35:24",1167600
20.4,-0.4,100,"bu","10:35:16",1159200
20.35,-0.45,20000,"sd","10:34:51",1159100
20.4,-0.4,200,"bu","10:34:48",1139100
20.4,-0.4,200,"sd","10:33:59",1138900
20.4,-0.4,5000,"sd","10:33:52",1138700
20.4,-0.4,100,"sd","10:33:49",1133700
20.4,-0.4,2900,"sd","10:33:48",1133600
20.4,-0.4,500,"sd","10:33:30",1130700
20.4,-0.4,1500,"sd","10:32:55",1130200
20.4,-0.4,1000,"sd","10:32:23",1128700
20.4,-0.4,1100,"sd","10:30:41",1127700
20.4,-0.4,1200,"sd","10:30:31",1126600
20.4,-0.4,100,"sd","10:30:26",1125400
20.4,-0.4,5000,"sd","10:29:54",1125300
20.4,-0.4,400,"sd","10:29:11",1120300
20.4,-0.4,4700,"bu","10:29:03",1119900
20.35,-0.45,200,"sd","10:28:12",1115200
20.4,-0.4,100,"bu","10:27:27",1115000
20.4,-0.4,500,"bu","10:27:15",1114900
20.4,-0.4,1100,"sd","10:27:02",1114400
20.45,-0.35,1000,"bu","10:26:17",1113300
20.4,-0.4,20000,"sd","10:26:05",1112300
20.4,-0.4,2200,"sd","10:25:52",1092300
20.4,-0.4,1200,"sd","10:25:29",1090100
20.4,-0.4,2000,"sd","10:25:12",1088900
20.45,-0.35,1000,"bu","10:25:04",1086900
20.45,-0.35,100,"bu","10:24:32",1085900
20.4,-0.4,500,"sd","10:24:14",1085800
20.4,-0.4,3000,"sd","10:23:56",1085300
20.4,-0.4,200,"sd","10:22:52",1082300
20.4,-0.4,2500,"sd","10:22:47",1082100
20.4,-0.4,300,"sd","10:22:44",1079600
20.4,-0.4,1000,"sd","10:22:39",1079300
20.4,-0.4,1000,"sd","10:22:08",1078300
20.4,-0.4,100,"sd","10:21:50",1077300
20.4,-0.4,200,"sd","10:21:28",1077200
20.45,-0.35,500,"bu","10:20:35",1077000
20.4,-0.4,1000,"sd","10:20:30",1076500
20.4,-0.4,500,"sd","10:20:20",1075500
20.4,-0.4,400,"sd","10:19:50",1075000
20.4,-0.4,100,"sd","10:19:17",1074600
20.4,-0.4,3000,"sd","10:19:00",1074500
20.45,-0.35,1000,"bu","10:18:05",1071500
20.45,-0.35,100,"bu","10:17:58",1070500
20.4,-0.4,200,"sd","10:17:37",1070400
20.45,-0.35,200,"bu","10:17:23",1070200
20.45,-0.35,5000,"bu","10:17:05",1070000
20.45,-0.35,1000,"bu","10:16:12",1065000
20.45,-0.35,200,"bu","10:15:48",1064000
20.45,-0.35,100,"bu","10:15:46",1063800
20.45,-0.35,600,"bu","10:15:35",1063700
20.45,-0.35,100,"bu","10:15:21",1063100
20.45,-0.35,1000,"bu","10:15:12",1063000
20.4,-0.4,2000,"sd","10:15:10",1062000
20.45,-0.35,1000,"bu","10:15:03",1060000
20.45,-0.35,5000,"bu","10:15:02",1059000
20.45,-0.35,500,"bu","10:14:53",1054000
20.4,-0.4,600,"sd","10:14:33",1053500
20.4,-0.4,300,"sd","10:14:29",1052900
20.4,-0.4,300,"sd","10:14:06",1052600
20.4,-0.4,500,"sd","10:13:58",1052300
20.4,-0.4,400,"sd","10:13:57",1051800
20.45,-0.35,200,"bu","10:13:51",1051400
20.35,-0.45,3200,"sd","10:13:19",1051200
20.4,-0.4,1800,"sd","10:13:19",1048000
20.4,-0.4,1300,"bu","10:13:18",1046200
20.4,-0.4,5000,"bu","10:13:16",1044900
20.4,-0.4,100,"bu","10:13:15",1039900
20.4,-0.4,1800,"bu","10:13:10",1039800
20.4,-0.4,7000,"bu","10:13:09",1038000
20.4,-0.4,100,"bu","10:13:06",1031000
20.4,-0.4,500,"bu","10:13:05",1030900
20.4,-0.4,20000,"bu","10:13:01",1030400
20.4,-0.4,1000,"bu","10:12:58",1010400
20.4,-0.4,500,"bu","10:12:52",1009400
20.35,-0.45,5000,"sd","10:12:48",1008900
20.4,-0.4,7700,"bu","10:12:42",1003900
20.4,-0.4,500,"bu","10:12:32",996200
20.4,-0.4,2000,"bu","10:12:18",995700
20.4,-0.4,100,"bu","10:12:12",993700
20.4,-0.4,100,"bu","10:12:08",993600
20.35,-0.45,300,"sd","10:12:05",993500
20.35,-0.45,2500,"sd","10:11:57",993200
20.35,-0.45,1000,"sd","10:11:43",990700
20.35,-0.45,800,"sd","10:11:11",989700
20.35,-0.45,3000,"sd","10:10:52",988900
20.35,-0.45,100,"sd","10:10:48",985900
20.35,-0.45,500,"sd","10:10:45",985800
20.35,-0.45,2000,"sd","10:10:43",985300
20.35,-0.45,5000,"sd","10:10:32",983300
20.35,-0.45,1400,"bu","10:10:24",978300
20.35,-0.45,3000,"bu","10:10:22",976900
20.35,-0.45,300,"bu","10:10:14",973900
20.35,-0.45,500,"bu","10:10:13",973600
20.3,-0.5,100,"sd","10:10:12",973100
20.35,-0.45,2000,"bu","10:09:55",973000
20.35,-0.45,100,"bu","10:09:49",971000
20.35,-0.45,2800,"sd","10:09:47",970900
20.35,-0.45,400,"sd","10:09:46",968100
20.35,-0.45,9300,"bu","10:09:19",967700
20.35,-0.45,2000,"bu","10:09:14",958400
20.35,-0.45,300,"bu","10:09:13",956400
20.35,-0.45,5000,"bu","10:09:12",956100
20.3,-0.5,3300,"bu","10:09:00",951100
20.3,-0.5,2500,"sd","10:08:56",947800
20.3,-0.5,1500,"bu","10:08:53",945300
20.25,-0.55,3900,"sd","10:08:50",943800
20.3,-0.5,4100,"sd","10:08:50",939900
20.3,-0.5,1000,"sd","10:08:36",935800
20.3,-0.5,500,"sd","10:08:29",934800
20.3,-0.5,300,"sd","10:08:23",934300
20.35,-0.45,500,"bu","10:08:20",934000
20.35,-0.45,200,"bu","10:07:56",933500
20.35,-0.45,100,"bu","10:07:49",933300
20.35,-0.45,1000,"bu","10:07:44",933200
20.25,-0.55,300,"sd","10:07:44",932200
20.25,-0.55,1000,"sd","10:07:42",931900
20.25,-0.55,2000,"sd","10:07:38",930900
20.25,-0.55,2200,"sd","10:07:28",928900
20.3,-0.5,1800,"sd","10:07:28",926700
20.25,-0.55,1000,"sd","10:07:23",924900
20.25,-0.55,500,"sd","10:07:21",923900
20.25,-0.55,5300,"sd","10:06:53",923400
20.3,-0.5,500,"bu","10:06:38",918100
20.25,-0.55,100,"sd","10:06:28",917600
20.3,-0.5,1100,"bu","10:06:16",913600
20.3,-0.5,500,"bu","10:06:15",912500
20.3,-0.5,500,"bu","10:06:07",912000
20.3,-0.5,500,"bu","10:06:00",911500
20.3,-0.5,200,"bu","10:05:57",911000
20.3,-0.5,1000,"bu","10:05:54",910800
20.3,-0.5,500,"bu","10:05:46",909800
20.25,-0.55,100,"sd","10:05:45",909300
20.25,-0.55,3000,"sd","10:05:39",909200
20.3,-0.5,1000,"bu","10:05:39",906200
20.3,-0.5,500,"bu","10:05:37",905200
20.25,-0.55,600,"sd","10:05:33",904700
20.3,-0.5,500,"bu","10:05:33",904100
20.25,-0.55,2000,"sd","10:05:32",903600
20.3,-0.5,1000,"bu","10:05:32",901600
20.25,-0.55,600,"sd","10:05:23",900600
20.3,-0.5,3900,"bu","10:05:21",900000
20.25,-0.55,200,"sd","10:05:21",896100
20.3,-0.5,1400,"bu","10:05:21",895900
20.25,-0.55,600,"sd","10:05:18",894500
20.25,-0.55,600,"sd","10:05:16",893900
20.25,-0.55,600,"sd","10:05:11",893300
20.25,-0.55,2000,"sd","10:05:10",892700
20.25,-0.55,200,"sd","10:05:09",890700
20.25,-0.55,600,"sd","10:05:06",890500
20.25,-0.55,600,"sd","10:05:06",889900
20.25,-0.55,600,"sd","10:05:05",889300
20.25,-0.55,200,"sd","10:05:00",888700
20.25,-0.55,500,"sd","10:04:58",888500
20.25,-0.55,600,"sd","10:04:54",888000
20.25,-0.55,600,"sd","10:04:51",887400
20.25,-0.55,200,"sd","10:04:50",886800
20.25,-0.55,600,"sd","10:04:48",886600
20.25,-0.55,600,"sd","10:04:38",886000
20.25,-0.55,3400,"sd","10:04:35",885400
20.3,-0.5,100,"bu","10:04:35",882000
20.3,-0.5,100,"bu","10:04:32",881900
20.3,-0.5,100,"bu","10:04:27",881800
20.25,-0.55,500,"sd","10:04:21",881700
20.3,-0.5,1300,"sd","10:04:20",881200
20.3,-0.5,3000,"sd","10:04:19",879900
20.3,-0.5,300,"bu","10:04:11",876900
20.3,-0.5,6700,"sd","10:04:01",876600
20.3,-0.5,4000,"sd","10:03:59",869900
20.3,-0.5,1000,"sd","10:03:57",865900
20.3,-0.5,4000,"sd","10:03:50",864900
20.35,-0.45,4000,"sd","10:03:50",860900
20.35,-0.45,1500,"sd","10:03:45",856900
20.35,-0.45,100,"sd","10:03:41",855400
20.35,-0.45,22500,"sd","10:03:25",855300
20.4,-0.4,500,"bu","10:03:17",832800
20.4,-0.4,56600,"sd","10:03:14",832300
20.4,-0.4,1000,"sd","10:03:03",775700
20.45,-0.35,1000,"bu","10:02:54",774700
20.4,-0.4,11000,"sd","10:02:53",773700
20.4,-0.4,1400,"sd","10:02:23",762700
20.4,-0.4,500,"sd","10:02:18",761300
20.4,-0.4,3000,"sd","10:02:17",760800
20.45,-0.35,100,"bu","10:02:16",757800
20.4,-0.4,10000,"sd","10:02:16",757700
20.45,-0.35,2000,"bu","10:02:15",747700
20.45,-0.35,5000,"bu","10:02:11",745700
20.4,-0.4,11700,"sd","10:02:10",740700
20.4,-0.4,8300,"sd","10:02:09",729000
20.45,-0.35,14100,"sd","10:02:00",720700
20.45,-0.35,1000,"sd","10:01:57",706600
20.45,-0.35,15000,"sd","10:01:50",705600
20.45,-0.35,600,"sd","10:01:41",690600
20.5,-0.3,49000,"sd","10:01:33",690000
20.5,-0.3,600,"sd","10:01:32",641000
20.5,-0.3,4000,"sd","10:01:26",640400
20.5,-0.3,300,"sd","10:01:24",636400
20.55,-0.25,100,"bu","10:01:23",636100
20.55,-0.25,1000,"bu","10:01:07",636000
20.5,-0.3,600,"sd","10:01:00",635000
20.5,-0.3,600,"sd","10:00:51",634400
20.5,-0.3,15000,"sd","10:00:44",633800
20.5,-0.3,300,"sd","10:00:38",618800
20.55,-0.25,300,"sd","10:00:38",618500
20.55,-0.25,500,"sd","10:00:28",618200
20.55,-0.25,200,"sd","10:00:26",617700
20.55,-0.25,400,"sd","10:00:21",617500
20.55,-0.25,600,"sd","10:00:18",617100
20.55,-0.25,1000,"sd","10:00:00",616500
20.55,-0.25,500,"sd","09:59:55",615500
20.55,-0.25,200,"sd","09:59:38",615000
20.6,-0.2,2000,"bu","09:59:32",614800
20.6,-0.2,2100,"sd","09:59:28",612800
20.6,-0.2,900,"sd","09:59:20",610700
20.6,-0.2,500,"sd","09:59:13",609800
20.6,-0.2,500,"sd","09:59:11",609300
20.6,-0.2,200,"sd","09:59:02",608800
20.65,-0.15,1000,"bu","09:58:47",608600
20.6,-0.2,1000,"bu","09:57:58",607600
20.55,-0.25,500,"sd","09:57:53",606600
20.55,-0.25,200,"sd","09:57:38",606100
20.55,-0.25,4100,"bu","09:57:36",605900
20.55,-0.25,300,"bu","09:57:28",601800
20.5,-0.3,200,"sd","09:57:27",601500
20.55,-0.25,600,"bu","09:57:24",601300
20.55,-0.25,3000,"bu","09:57:23",600700
20.55,-0.25,1000,"bu","09:57:16",597700
20.55,-0.25,1000,"bu","09:57:14",596700
20.55,-0.25,600,"bu","09:56:56",595700
20.55,-0.25,500,"bu","09:56:29",595100
20.55,-0.25,3000,"bu","09:56:27",594600
20.5,-0.3,200,"sd","09:56:08",591600
20.55,-0.25,16200,"bu","09:56:03",591400
20.5,-0.3,200,"sd","09:55:57",575200
20.5,-0.3,800,"sd","09:55:53",575000
20.5,-0.3,2900,"bu","09:55:47",574200
20.45,-0.35,200,"sd","09:55:45",571300
20.5,-0.3,15000,"bu","09:55:40",571100
20.5,-0.3,500,"bu","09:55:38",556100
20.45,-0.35,200,"sd","09:55:35",555600
20.5,-0.3,800,"bu","09:55:33",555400
20.45,-0.35,500,"sd","09:55:25",554600
20.45,-0.35,200,"sd","09:55:24",554100
20.45,-0.35,200,"sd","09:55:16",553900
20.45,-0.35,400,"bu","09:55:13",553700
20.45,-0.35,500,"bu","09:55:12",553300
20.45,-0.35,3000,"bu","09:55:11",552800
20.45,-0.35,5000,"bu","09:55:10",549800
20.45,-0.35,200,"bu","09:55:04",544800
20.4,-0.4,5000,"sd","09:55:01",544600
20.45,-0.35,800,"bu","09:54:59",539600
20.4,-0.4,300,"sd","09:54:18",538800
20.45,-0.35,1000,"bu","09:54:18",538500
20.4,-0.4,200,"sd","09:54:05",537500
20.4,-0.4,1200,"bu","09:54:02",537300
20.4,-0.4,400,"bu","09:53:59",536100
20.4,-0.4,1900,"sd","09:53:37",535700
20.4,-0.4,600,"sd","09:53:16",533800
20.4,-0.4,600,"sd","09:53:00",533200
20.4,-0.4,5000,"sd","09:52:58",532600
20.4,-0.4,700,"sd","09:52:49",527600
20.4,-0.4,7500,"sd","09:52:43",526900
20.4,-0.4,500,"sd","09:52:42",519400
20.45,-0.35,3400,"bu","09:52:40",518900
20.45,-0.35,1100,"bu","09:52:32",515500
20.4,-0.4,500,"sd","09:52:32",514400
20.4,-0.4,100,"sd","09:52:27",513900
20.45,-0.35,900,"sd","09:52:27",513800
20.45,-0.35,30300,"sd","09:52:18",512900
20.45,-0.35,1000,"sd","09:52:12",482600
20.45,-0.35,5000,"sd","09:52:06",481600
20.45,-0.35,100,"sd","09:51:58",476600
20.45,-0.35,500,"sd","09:51:50",476500
20.5,-0.3,8100,"sd","09:51:42",476000
20.5,-0.3,100,"sd","09:51:39",467900
20.5,-0.3,1000,"sd","09:51:33",467800
20.5,-0.3,12000,"sd","09:51:26",466800
20.5,-0.3,100,"sd","09:51:08",454800
20.5,-0.3,400,"sd","09:50:57",454700
20.5,-0.3,400,"sd","09:50:53",454300
20.5,-0.3,10000,"sd","09:50:45",453900
20.5,-0.3,600,"sd","09:50:40",443900
20.5,-0.3,1000,"sd","09:50:40",443300
20.5,-0.3,2000,"sd","09:50:31",442300
20.5,-0.3,10000,"sd","09:50:26",440300
20.5,-0.3,1500,"sd","09:50:25",430300
20.5,-0.3,2800,"sd","09:50:16",428800
20.5,-0.3,5200,"sd","09:50:14",426000
20.5,-0.3,600,"sd","09:50:09",420800
20.5,-0.3,500,"sd","09:50:08",420200
20.5,-0.3,600,"sd","09:50:01",419700
20.55,-0.25,4300,"sd","09:50:00",419100
20.55,-0.25,20600,"sd","09:49:57",414800
20.55,-0.25,200,"sd","09:49:55",394200
20.55,-0.25,600,"sd","09:49:54",394000
20.55,-0.25,28000,"sd","09:49:49",393400
20.55,-0.25,700,"sd","09:49:47",365400
20.55,-0.25,1900,"sd","09:49:28",364700
20.55,-0.25,11700,"sd","09:49:26",362800
20.55,-0.25,7200,"sd","09:49:22",351100
20.55,-0.25,2000,"sd","09:49:18",343900
20.55,-0.25,10000,"sd","09:49:15",341900
20.55,-0.25,5000,"sd","09:49:15",331900
20.55,-0.25,700,"sd","09:49:03",326900
20.55,-0.25,500,"sd","09:48:53",326200
20.55,-0.25,500,"sd","09:48:47",325700
20.55,-0.25,7000,"sd","09:48:40",325200
20.55,-0.25,300,"sd","09:48:34",318200
20.55,-0.25,2000,"sd","09:48:31",317900
20.6,-0.2,2800,"sd","09:48:31",315900
20.6,-0.2,1000,"sd","09:48:26",313100
20.6,-0.2,1400,"bu","09:48:18",312100
20.6,-0.2,1600,"sd","09:48:16",310700
20.6,-0.2,11700,"sd","09:48:08",309100
20.6,-0.2,1000,"sd","09:47:57",297400
20.6,-0.2,10000,"sd","09:47:56",296400
20.6,-0.2,1500,"sd","09:47:55",286400
20.6,-0.2,1000,"sd","09:47:52",284900
20.6,-0.2,5000,"sd","09:47:50",283900
20.6,-0.2,2800,"sd","09:47:35",278900
20.6,-0.2,3300,"sd","09:47:10",276100
20.6,-0.2,1000,"sd","09:47:09",272800
20.6,-0.2,2000,"sd","09:46:56",271800
20.6,-0.2,100,"sd","09:46:31",269800
20.65,-0.15,500,"bu","09:46:24",269700
20.6,-0.2,300,"sd","09:46:24",269200
20.65,-0.15,1200,"sd","09:46:13",268900
20.65,-0.15,3000,"sd","09:46:11",267700
20.65,-0.15,300,"sd","09:46:09",264700
20.65,-0.15,700,"sd","09:45:55",264400
20.65,-0.15,400,"sd","09:45:54",263700
20.65,-0.15,7300,"sd","09:45:44",263300
20.65,-0.15,600,"sd","09:45:43",256000
20.65,-0.15,600,"sd","09:45:36",255400
20.65,-0.15,600,"sd","09:45:26",254800
20.65,-0.15,100,"sd","09:45:24",254200
20.65,-0.15,2200,"bu","09:44:58",254100
20.6,-0.2,8000,"sd","09:44:39",251900
20.65,-0.15,2500,"bu","09:44:22",243900
20.65,-0.15,1600,"sd","09:44:16",241400
20.65,-0.15,8400,"bu","09:44:11",239800
20.65,-0.15,100,"bu","09:44:00",231400
20.65,-0.15,1000,"bu","09:43:50",231300
20.65,-0.15,3600,"sd","09:43:48",230300
20.65,-0.15,7000,"sd","09:43:47",226700
20.65,-0.15,1000,"sd","09:43:44",219700
20.65,-0.15,10000,"sd","09:43:31",218700
20.65,-0.15,600,"sd","09:43:19",208700
20.65,-0.15,600,"sd","09:43:18",208100
20.65,-0.15,500,"sd","09:43:15",207500
20.65,-0.15,1200,"sd","09:42:54",207000
20.65,-0.15,10000,"sd","09:42:33",205800
20.65,-0.15,800,"sd","09:42:30",195800
20.65,-0.15,1200,"sd","09:42:26",195000
20.65,-0.15,100,"sd","09:42:09",193800
20.65,-0.15,200,"sd","09:41:53",193700
20.65,-0.15,100,"sd","09:41:51",193500
20.65,-0.15,1200,"sd","09:41:34",193400
20.65,-0.15,400,"sd","09:41:30",192200
20.65,-0.15,10000,"sd","09:41:27",191800
20.65,-0.15,200,"sd","09:41:04",181800
20.65,-0.15,5000,"sd","09:40:48",181600
20.65,-0.15,6300,"sd","09:40:38",176600
20.65,-0.15,5000,"sd","09:40:08",170300
20.65,-0.15,1200,"sd","09:39:47",165300
20.65,-0.15,2000,"sd","09:39:46",164100
20.65,-0.15,300,"sd","09:39:39",162100
20.65,-0.15,1000,"sd","09:39:16",161800
20.65,-0.15,100,"sd","09:38:46",160800
20.7,-0.1,400,"bu","09:38:30",160700
20.65,-0.15,600,"sd","09:38:10",160300
20.65,-0.15,600,"sd","09:38:09",159700
20.65,-0.15,600,"sd","09:38:05",159100
20.65,-0.15,600,"sd","09:38:04",158500
20.65,-0.15,600,"sd","09:38:04",157900
20.65,-0.15,600,"sd","09:38:00",157300
20.7,-0.1,2000,"bu","09:37:57",156700
20.7,-0.1,400,"sd","09:37:17",154700
20.65,-0.15,8900,"sd","09:36:21",154300
20.65,-0.15,10000,"sd","09:36:02",145400
20.7,-0.1,2200,"sd","09:35:21",135400
20.7,-0.1,10000,"sd","09:35:19",133200
20.7,-0.1,200,"sd","09:35:18",123200
20.7,-0.1,6500,"sd","09:35:17",123000
20.7,-0.1,400,"sd","09:34:59",116500
20.7,-0.1,16000,"sd","09:34:39",116100
20.7,-0.1,200,"sd","09:34:26",100100
20.7,-0.1,200,"sd","09:34:14",99900
20.75,-0.05,5000,"bu","09:34:08",99700
20.7,-0.1,200,"sd","09:34:04",94700
20.7,-0.1,600,"sd","09:33:54",94500
20.7,-0.1,300,"sd","09:33:53",93900
20.7,-0.1,600,"sd","09:33:53",93600
20.7,-0.1,600,"sd","09:33:52",93000
20.7,-0.1,800,"sd","09:33:51",92400
20.7,-0.1,1800,"sd","09:33:50",91600
20.75,-0.05,2000,"bu","09:33:48",89800
20.7,-0.1,600,"sd","09:33:46",87800
20.7,-0.1,600,"sd","09:33:46",87200
20.7,-0.1,200,"sd","09:33:39",86000
20.75,-0.05,5000,"bu","09:33:14",85800
20.7,-0.1,2800,"sd","09:33:10",80800
20.7,-0.1,1200,"sd","09:33:09",78000
20.7,-0.1,100,"sd","09:32:50",76800
20.7,-0.1,100,"sd","09:32:16",76700
20.7,-0.1,900,"sd","09:31:15",76600
20.7,-0.1,300,"sd","09:31:14",75700
20.7,-0.1,2000,"sd","09:31:07",75400
20.75,-0.05,200,"bu","09:30:56",73400
20.7,-0.1,2000,"sd","09:30:55",73200
20.75,-0.05,300,"bu","09:30:37",71200
20.75,-0.05,2500,"bu","09:30:36",70900
20.75,-0.05,100,"bu","09:30:32",68400
20.75,-0.05,100,"bu","09:30:26",68300
20.75,-0.05,5000,"bu","09:30:25",68200
20.75,-0.05,800,"bu","09:30:22",63200
20.75,-0.05,100,"bu","09:29:12",62400
20.75,-0.05,4000,"bu","09:29:03",62300
20.7,-0.1,400,"sd","09:29:03",58300
20.7,-0.1,100,"sd","09:28:57",57900
20.7,-0.1,100,"sd","09:28:41",57800
20.7,-0.1,200,"sd","09:28:21",57700
20.7,-0.1,200,"sd","09:28:11",57500
20.7,-0.1,500,"sd","09:28:04",57300
20.7,-0.1,200,"sd","09:28:00",56800
20.7,-0.1,200,"sd","09:27:51",56600
20.7,-0.1,200,"sd","09:27:38",56400
20.7,-0.1,200,"sd","09:27:29",56200
20.7,-0.1,5000,"sd","09:27:23",56000
20.7,-0.1,2000,"sd","09:27:21",51000
20.7,-0.1,200,"sd","09:27:08",49000
20.75,-0.05,500,"bu","09:26:57",48800
20.7,-0.1,200,"sd","09:26:57",48300
20.75,-0.05,7500,"sd","09:26:52",48100
20.75,-0.05,600,"sd","09:26:40",40600
20.75,-0.05,600,"sd","09:26:39",40000
20.75,-0.05,2500,"sd","09:26:31",39400
20.75,-0.05,200,"sd","09:26:17",36900
20.75,-0.05,200,"sd","09:26:01",36700
20.75,-0.05,200,"sd","09:25:50",36500
20.75,-0.05,200,"sd","09:25:39",36300
20.75,-0.05,200,"sd","09:25:31",36100
20.75,-0.05,600,"sd","09:25:30",35900
20.75,-0.05,1200,"sd","09:25:29",35300
20.75,-0.05,600,"sd","09:25:29",34100
20.75,-0.05,600,"sd","09:25:26",33500
20.75,-0.05,300,"sd","09:25:24",32900
20.75,-0.05,200,"sd","09:25:19",32600
20.75,-0.05,1700,"sd","09:25:10",32400
20.75,-0.05,200,"sd","09:25:09",30700
20.8,0,1000,"bu","09:25:01",30500
20.8,0,100,"bu","09:24:43",29500
20.8,0,2000,"bu","09:23:38",29400
20.75,-0.05,600,"sd","09:23:12",27400
20.8,0,1800,"bu","09:22:32",26800
20.75,-0.05,200,"sd","09:22:32",25000
20.75,-0.05,200,"sd","09:22:22",24800
20.8,0,500,"bu","09:22:02",24600
20.75,-0.05,100,"sd","09:22:01",24100
20.8,0,1000,"bu","09:21:58",24000
20.75,-0.05,200,"sd","09:21:49",23000
20.75,-0.05,400,"bu","09:21:24",22800
20.75,-0.05,200,"bu","09:21:22",22400
20.7,-0.1,200,"sd","09:21:19",22200
20.7,-0.1,200,"sd","09:21:18",22000
20.75,-0.05,500,"bu","09:21:13",21800
20.75,-0.05,200,"bu","09:21:11",21300
20.7,-0.1,600,"sd","09:21:10",21100
20.7,-0.1,200,"sd","09:21:07",20500
20.7,-0.1,300,"sd","09:21:01",20300
20.75,-0.05,200,"bu","09:20:44",20000
20.7,-0.1,200,"sd","09:20:40",19800
20.7,-0.1,1000,"sd","09:19:46",19600
20.75,-0.05,500,"sd","09:19:17",18600
20.8,0,100,"bu","09:19:04",18100
20.7,-0.1,100,"sd","09:18:58",18000
20.75,-0.05,200,"sd","09:18:58",17900
20.7,-0.1,300,"sd","09:18:52",17700
20.7,-0.1,100,"sd","09:18:41",17400
20.75,-0.05,200,"sd","09:18:41",17300
20.75,-0.05,200,"sd","09:18:18",17100
20.75,-0.05,500,"sd","09:18:11",16900
20.75,-0.05,200,"sd","09:18:09",16400
20.75,-0.05,200,"sd","09:17:58",16200
20.75,-0.05,300,"sd","09:17:50",16000
20.75,-0.05,500,"sd","09:17:40",15700
20.75,-0.05,100,"sd","09:17:36",15200
20.75,-0.05,200,"sd","09:17:07",15100
20.75,-0.05,200,"sd","09:17:06",14900
20.75,-0.05,400,"sd","09:17:05",14700
20.75,-0.05,200,"sd","09:16:53",14300
20.75,-0.05,200,"sd","09:16:20",14100
20.75,-0.05,200,"sd","09:15:58",13900
20.75,-0.05,1000,"sd","09:15:23",13700
20.8,0,12700,"","09:15:03",12700
