"price","change","match_qtty","side","time","total_vol"
8,-0.01,64900,"","14:45:07",1009800
8.03,0.02,1300,"bu","14:29:56",944900
8.02,0.01,15100,"bu","14:29:36",943600
8.01,0,100,"sd","14:29:27",928500
8.02,0.01,5000,"bu","14:29:26",928400
8.01,0,500,"sd","14:29:24",923400
8.02,0.01,1000,"bu","14:28:49",922900
8.01,0,3000,"sd","14:28:47",921900
8.03,0.02,300,"bu","14:27:48",918900
8.03,0.02,900,"bu","14:27:18",918600
8,-0.01,6800,"sd","14:27:16",917700
8.01,0,3200,"sd","14:27:16",910900
8.03,0.02,9000,"sd","14:26:57",907700
8.04,0.03,300,"bu","14:26:43",898700
8.03,0.02,1000,"sd","14:26:36",898400
8.04,0.03,3500,"bu","14:26:22",897400
8.04,0.03,1500,"sd","14:26:09",893900
8.04,0.03,300,"sd","14:26:07",892400
8.04,0.03,2200,"sd","14:25:56",892100
8.04,0.03,5300,"sd","14:25:50",889900
8.04,0.03,4000,"sd","14:25:48",884600
8.04,0.03,1000,"bu","14:25:41",880600
8.02,0.01,18000,"bu","14:25:41",879600
8.02,0.01,7700,"sd","14:25:39",861600
8.03,0.02,900,"sd","14:25:39",853900
8.04,0.03,500,"sd","14:25:29",853000
8.04,0.03,1000,"sd","14:25:28",852500
8.04,0.03,100,"sd","14:25:23",851500
8.04,0.03,2000,"sd","14:25:21",851400
8.05,0.04,4300,"bu","14:25:18",849400
8.04,0.03,5000,"sd","14:25:14",845100
8.05,0.04,20000,"bu","14:25:13",840100
8.05,0.04,200,"bu","14:25:12",820100
8.04,0.03,100,"sd","14:25:10",819900
8.04,0.03,100,"sd","14:25:05",819800
8.04,0.03,500,"sd","14:24:52",819700
8.04,0.03,1200,"bu","14:24:43",819200
8.04,0.03,500,"bu","14:24:41",818000
8.04,0.03,5000,"bu","14:24:32",817500
8.04,0.03,300,"bu","14:24:26",812500
8.03,0.02,700,"bu","14:24:26",812200
8.03,0.02,1200,"bu","14:24:23",811500
8.03,0.02,1000,"bu","14:24:18",810300
8.03,0.02,1000,"bu","14:24:17",809300
8.02,0.01,20000,"sd","14:24:16",808300
8.03,0.02,2500,"bu","14:24:11",788300
8.02,0.01,1600,"sd","14:24:07",785800
8.03,0.02,100,"bu","14:24:01",784200
8.02,0.01,1300,"bu","14:24:00",784100
8.02,0.01,1000,"bu","14:23:45",782800
8.02,0.01,3000,"bu","14:23:44",781800
8.01,0,200,"sd","14:23:37",778800
8.02,0.01,100,"bu","14:23:35",778600
8.01,0,600,"sd","14:23:34",778500
8.01,0,100,"sd","14:23:28",777900
8.01,0,1500,"bu","14:23:22",777800
8.01,0,2000,"bu","14:23:15",776300
8.01,0,200,"bu","14:23:13",774300
8.01,0,1200,"bu","14:22:57",774100
8.01,0,200,"bu","14:22:56",772900
8.01,0,2000,"bu","14:22:47",772700
8,-0.01,4900,"sd","14:22:34",770700
8,-0.01,100,"sd","14:21:58",765800
8,-0.01,2700,"bu","14:21:56",765700
8,-0.01,200,"bu","14:21:55",763000
8,-0.01,1000,"bu","14:21:52",762800
8,-0.01,1000,"bu","14:21:37",761800
8,-0.01,6100,"sd","14:21:31",760800
8,-0.01,3900,"bu","14:21:27",754700
8,-0.01,200,"bu","14:21:23",750800
8,-0.01,200,"bu","14:20:52",750600
7.99,-0.02,1000,"sd","14:20:49",750400
7.99,-0.02,200,"sd","14:20:44",749400
8,-0.01,200,"bu","14:20:16",749200
8,-0.01,300,"bu","14:20:09",749000
7.99,-0.02,4100,"sd","14:19:57",748700
7.99,-0.02,1900,"sd","14:19:56",744600
8,-0.01,100,"bu","14:19:36",742700
8,-0.01,2500,"bu","14:19:31",742600
8,-0.01,300,"bu","14:19:27",740100
8,-0.01,2100,"sd","14:19:01",739800
8,-0.01,9100,"bu","14:17:59",737700
7.99,-0.02,5300,"sd","14:17:27",728600
8,-0.01,500,"bu","14:17:16",723300
8,-0.01,1000,"bu","14:17:14",722800
8,-0.01,1600,"sd","14:16:44",721800
8,-0.01,200,"sd","14:16:26",720200
8,-0.01,300,"sd","14:16:23",720000
8,-0.01,5000,"sd","14:16:22",719700
8,-0.01,5300,"sd","14:15:45",714700
8,-0.01,1300,"sd","14:15:30",709400
8,-0.01,200,"bu","14:15:02",708100
8,-0.01,1000,"bu","14:14:59",707900
8,-0.01,100,"bu","14:14:56",706900
8,-0.01,500,"bu","14:14:50",706800
8,-0.01,100,"bu","14:14:46",706300
8,-0.01,100,"bu","14:14:40",706200
8,-0.01,900,"bu","14:14:36",706100
8,-0.01,100,"bu","14:14:26",705200
8,-0.01,100,"bu","14:13:38",705100
8.01,0,1600,"bu","14:13:20",705000
8,-0.01,3400,"bu","14:13:20",703400
8,-0.01,1000,"bu","14:12:56",700000
8,-0.01,100,"bu","14:12:51",699000
8,-0.01,500,"bu","14:12:49",698900
8,-0.01,200,"bu","14:12:42",698400
8,-0.01,1200,"bu","14:12:39",698200
8,-0.01,5000,"bu","14:12:12",697000
8,-0.01,1000,"bu","14:11:51",692000
8,-0.01,500,"bu","14:11:32",691000
8,-0.01,1000,"bu","14:11:24",690500
8,-0.01,3400,"bu","14:11:00",689500
7.99,-0.02,5000,"sd","14:10:58",686100
7.99,-0.02,100,"sd","14:10:57",681100
7.99,-0.02,10000,"sd","14:10:56",681000
7.99,-0.02,1000,"sd","14:10:48",671000
7.99,-0.02,4300,"bu","14:10:20",670000
7.99,-0.02,1000,"bu","14:09:34",665700
8,-0.01,500,"bu","14:09:09",664700
8,-0.01,100,"bu","14:08:51",664200
8,-0.01,1000,"bu","14:08:12",664100
8,-0.01,100,"bu","14:08:03",663100
8,-0.01,2000,"bu","14:07:54",663000
8,-0.01,100,"bu","14:07:47",661000
8,-0.01,3500,"bu","14:07:41",660900
8,-0.01,2500,"bu","14:07:24",657400
8,-0.01,100,"bu","14:07:20",654900
8,-0.01,2000,"bu","14:07:07",654800
8,-0.01,200,"bu","14:06:50",652800
8,-0.01,400,"sd","14:06:39",652600
8,-0.01,10000,"sd","14:06:36",652200
8,-0.01,5000,"sd","14:06:28",642200
8,-0.01,400,"sd","14:06:24",637200
8.01,0,1200,"sd","14:06:12",636800
8.01,0,10000,"sd","14:06:10",635600
8.02,0.01,300,"bu","14:05:56",625600
8.02,0.01,2000,"sd","14:05:52",625300
8.05,0.04,5000,"bu","14:05:43",623300
8.05,0.04,2000,"bu","14:05:41",618300
8.05,0.04,8300,"sd","14:05:35",616300
8.05,0.04,9900,"bu","14:05:31",608000
8.04,0.03,1800,"bu","14:05:31",598100
8.05,0.04,2000,"bu","14:05:19",596300
8.05,0.04,300,"bu","14:05:18",594300
8.05,0.04,3000,"bu","14:05:14",594000
8.03,0.02,100,"sd","14:05:09",591000
8.03,0.02,100,"sd","14:04:53",590900
8.05,0.04,5000,"bu","14:04:50",590800
8.05,0.04,1000,"sd","14:04:45",585800
8.05,0.04,3300,"sd","14:04:39",584800
8.05,0.04,2200,"bu","14:04:28",581500
8.05,0.04,300,"sd","14:04:09",579300
8.05,0.04,1000,"sd","14:04:03",579000
8.05,0.04,1700,"bu","14:03:45",578000
8.05,0.04,2300,"bu","14:03:43",576300
8.05,0.04,5000,"bu","14:03:24",574000
8.05,0.04,100,"bu","14:03:23",569000
8.04,0.03,100,"bu","14:03:23",568900
8,-0.01,1000,"sd","14:03:07",568800
8.01,0,500,"bu","14:03:06",567800
8.01,0,100,"bu","14:02:59",567300
8,-0.01,22600,"bu","14:02:45",567200
7.99,-0.02,900,"bu","14:02:45",544600
7.99,-0.02,100,"bu","14:02:29",543700
7.96,-0.05,2600,"bu","14:02:17",543600
7.96,-0.05,800,"bu","14:02:16",541000
7.96,-0.05,100,"bu","14:02:03",540200
7.96,-0.05,1900,"bu","14:02:00",540100
7.96,-0.05,100,"bu","14:01:57",538200
7.96,-0.05,5000,"bu","14:01:32",538100
7.96,-0.05,2400,"bu","14:01:16",533100
7.95,-0.06,5000,"bu","14:00:39",530700
7.95,-0.06,2900,"bu","14:00:21",525700
7.95,-0.06,100,"bu","14:00:20",522800
7.95,-0.06,2000,"bu","14:00:16",522700
7.95,-0.06,1600,"bu","14:00:11",520700
7.94,-0.07,2200,"bu","13:59:32",519100
7.94,-0.07,300,"bu","13:59:09",516900
7.94,-0.07,600,"sd","13:58:57",516600
7.94,-0.07,3900,"bu","13:58:47",516000
7.93,-0.08,500,"bu","13:58:47",512100
7.93,-0.08,900,"sd","13:58:05",511600
7.94,-0.07,600,"bu","13:57:36",510700
7.94,-0.07,1000,"bu","13:57:23",510100
7.94,-0.07,600,"bu","13:56:57",509100
7.94,-0.07,600,"bu","13:56:43",508500
7.94,-0.07,300,"bu","13:56:26",507900
7.93,-0.08,200,"sd","13:55:50",507600
7.93,-0.08,700,"bu","13:55:32",507400
7.92,-0.09,1200,"sd","13:55:30",506700
7.93,-0.08,100,"bu","13:55:22",505500
7.92,-0.09,5000,"sd","13:54:30",505400
7.93,-0.08,5100,"sd","13:54:29",500400
7.93,-0.08,100,"bu","13:53:40",495300
7.93,-0.08,400,"bu","13:53:17",495200
7.93,-0.08,500,"bu","13:53:11",494800
7.93,-0.08,200,"bu","13:52:50",494300
7.93,-0.08,100,"bu","13:52:12",494100
7.93,-0.08,100,"bu","13:52:01",494000
7.93,-0.08,300,"sd","13:51:50",493900
7.93,-0.08,300,"bu","13:51:35",493600
7.93,-0.08,100,"bu","13:51:23",493300
7.93,-0.08,1000,"bu","13:51:18",493200
7.93,-0.08,1600,"sd","13:51:03",492200
7.93,-0.08,1500,"sd","13:51:03",490600
7.93,-0.08,8900,"bu","13:50:51",489100
7.93,-0.08,600,"bu","13:50:44",480200
7.93,-0.08,700,"bu","13:50:40",479600
7.93,-0.08,1000,"bu","13:50:26",478900
7.93,-0.08,800,"bu","13:50:25",477900
7.93,-0.08,200,"bu","13:50:24",477100
7.93,-0.08,100,"bu","13:50:07",476900
7.93,-0.08,200,"sd","13:50:04",476800
7.95,-0.06,100,"bu","13:50:03",476600
7.93,-0.08,2000,"sd","13:49:39",476500
7.93,-0.08,1000,"sd","13:49:37",474500
7.95,-0.06,700,"sd","13:49:28",473500
7.95,-0.06,2000,"sd","13:49:20",472800
7.96,-0.05,2000,"bu","13:48:26",470800
7.96,-0.05,1500,"sd","13:48:02",468800
7.96,-0.05,2000,"sd","13:47:54",467300
7.96,-0.05,4100,"sd","13:47:48",465300
7.96,-0.05,2400,"bu","13:47:45",461200
7.95,-0.06,1300,"sd","13:47:34",458800
7.96,-0.05,2100,"sd","13:47:19",457500
7.96,-0.05,5000,"sd","13:47:15",455400
7.96,-0.05,100,"sd","13:47:06",450400
7.96,-0.05,600,"bu","13:46:42",450300
7.96,-0.05,700,"bu","13:46:38",449700
7.96,-0.05,100,"bu","13:46:19",449000
7.95,-0.06,500,"bu","13:46:10",448900
7.95,-0.06,800,"bu","13:45:55",448400
7.95,-0.06,100,"bu","13:45:30",447600
7.92,-0.09,5000,"sd","13:45:19",447500
7.9,-0.11,500,"sd","13:43:54",442500
7.9,-0.11,3800,"bu","13:43:53",442000
7.9,-0.11,2000,"bu","13:43:48",438200
7.9,-0.11,100,"bu","13:43:47",436200
7.9,-0.11,1000,"bu","13:43:46",436100
7.9,-0.11,2000,"bu","13:43:45",435100
7.9,-0.11,5000,"bu","13:43:41",433100
7.9,-0.11,25000,"bu","13:43:37",428100
7.9,-0.11,5300,"bu","13:43:33",403100
7.9,-0.11,600,"bu","13:43:30",397800
7.9,-0.11,5000,"bu","13:43:28",397200
7.9,-0.11,200,"bu","13:43:16",392200
7.9,-0.11,5000,"bu","13:43:10",392000
7.9,-0.11,1000,"bu","13:43:03",387000
7.9,-0.11,100,"bu","13:42:54",386000
7.9,-0.11,100,"bu","13:42:54",385900
7.9,-0.11,100,"bu","13:42:43",385800
7.9,-0.11,500,"bu","13:42:33",385700
7.9,-0.11,100,"bu","13:42:31",385200
7.9,-0.11,200,"bu","13:42:22",385100
7.9,-0.11,100,"bu","13:42:00",384900
7.9,-0.11,100,"bu","13:41:54",384800
7.9,-0.11,1000,"bu","13:41:41",384700
7.9,-0.11,300,"bu","13:41:19",383700
7.89,-0.12,900,"bu","13:41:09",383400
7.89,-0.12,600,"sd","13:41:05",382500
7.9,-0.11,100,"bu","13:40:56",381900
7.9,-0.11,1100,"bu","13:40:49",381800
7.9,-0.11,100,"bu","13:40:40",380700
7.89,-0.12,9500,"bu","13:40:24",380600
7.89,-0.12,100,"bu","13:39:57",371100
7.89,-0.12,200,"bu","13:39:39",371000
7.89,-0.12,100,"bu","13:39:16",370800
7.89,-0.12,2000,"bu","13:39:12",370700
7.88,-0.13,4600,"bu","13:39:00",368700
7.88,-0.13,100,"bu","13:38:44",364100
7.88,-0.13,200,"bu","13:38:37",364000
7.88,-0.13,200,"bu","13:38:15",363800
7.87,-0.14,3900,"bu","13:38:08",363600
7.87,-0.14,100,"sd","13:37:55",359700
7.87,-0.14,400,"sd","13:37:37",359600
7.87,-0.14,100,"sd","13:37:05",359200
7.87,-0.14,800,"bu","13:36:48",359100
7.87,-0.14,400,"sd","13:36:32",358300
7.87,-0.14,1000,"sd","13:35:43",357900
7.87,-0.14,3500,"bu","13:35:12",356900
7.86,-0.15,1500,"bu","13:35:12",353400
7.86,-0.15,900,"bu","13:35:04",351900
7.86,-0.15,200,"bu","13:34:53",351000
7.86,-0.15,200,"bu","13:34:28",350800
7.86,-0.15,100,"bu","13:34:21",350600
7.86,-0.15,100,"bu","13:34:01",350500
7.85,-0.16,200,"bu","13:33:43",350400
7.84,-0.17,500,"sd","13:33:35",350200
7.85,-0.16,300,"bu","13:33:32",349700
7.85,-0.16,4000,"bu","13:32:47",349400
7.85,-0.16,100,"bu","13:32:33",345400
7.85,-0.16,100,"bu","13:32:25",345300
7.85,-0.16,5000,"bu","13:32:22",345200
7.84,-0.17,900,"sd","13:31:47",340200
7.84,-0.17,5800,"bu","13:31:03",339300
7.84,-0.17,4300,"sd","13:30:47",333500
7.84,-0.17,700,"bu","13:30:39",329200
7.84,-0.17,800,"bu","13:30:25",328500
7.84,-0.17,2000,"bu","13:30:19",327700
7.84,-0.17,100,"bu","13:30:16",325700
7.84,-0.17,100,"bu","13:30:04",325600
7.84,-0.17,6300,"sd","13:29:44",325500
7.85,-0.16,500,"bu","13:29:34",319200
7.85,-0.16,700,"bu","13:29:29",318700
7.85,-0.16,100,"bu","13:29:27",318000
7.85,-0.16,4600,"bu","13:29:19",317900
7.85,-0.16,21700,"sd","13:29:11",313300
7.86,-0.15,3200,"sd","13:29:11",291600
7.87,-0.14,500,"bu","13:28:53",288400
7.87,-0.14,500,"bu","13:28:37",287900
7.86,-0.15,600,"sd","13:28:32",287400
7.86,-0.15,2200,"sd","13:28:26",286800
7.86,-0.15,1500,"sd","13:28:25",284600
7.87,-0.14,100,"bu","13:28:16",283100
7.87,-0.14,3000,"sd","13:28:12",283000
7.87,-0.14,5000,"sd","13:27:58",280000
7.87,-0.14,2200,"sd","13:27:43",275000
7.87,-0.14,4800,"bu","13:27:42",272800
7.87,-0.14,200,"sd","13:27:16",268000
7.88,-0.13,100,"bu","13:27:10",267800
7.88,-0.13,3500,"bu","13:26:49",267700
7.87,-0.14,100,"sd","13:26:38",264200
7.87,-0.14,6000,"sd","13:26:36",264100
7.87,-0.14,1000,"sd","13:25:58",258100
7.88,-0.13,100,"bu","13:25:33",257100
7.88,-0.13,100,"bu","13:25:32",257000
7.88,-0.13,100,"bu","13:25:29",256900
7.88,-0.13,100,"bu","13:25:05",256800
7.88,-0.13,1000,"bu","13:25:00",256700
7.88,-0.13,100,"bu","13:24:51",255700
7.88,-0.13,500,"bu","13:24:32",255600
7.88,-0.13,600,"bu","13:24:18",255100
7.88,-0.13,13100,"sd","13:24:11",254500
7.88,-0.13,1500,"sd","13:23:04",241400
7.89,-0.12,1000,"bu","13:23:03",239900
7.89,-0.12,2000,"bu","13:22:50",238900
7.89,-0.12,200,"bu","13:22:48",236900
7.89,-0.12,200,"bu","13:22:43",236700
7.89,-0.12,1000,"bu","13:22:02",236500
7.89,-0.12,8500,"sd","13:21:40",235500
7.9,-0.11,500,"bu","13:21:30",227000
7.9,-0.11,1000,"bu","13:21:19",226500
7.9,-0.11,7700,"sd","13:21:08",225500
7.91,-0.1,500,"sd","13:21:08",217800
7.92,-0.09,1000,"bu","13:21:07",217300
7.9,-0.11,1000,"sd","13:20:54",216300
7.9,-0.11,1000,"sd","13:19:57",215300
7.9,-0.11,2900,"bu","13:19:39",214300
7.9,-0.11,300,"bu","13:19:35",211400
7.9,-0.11,5000,"bu","13:19:10",211100
7.89,-0.12,5000,"sd","13:18:57",206100
7.89,-0.12,4100,"bu","13:18:43",201100
7.89,-0.12,900,"bu","13:18:41",197000
7.89,-0.12,100,"bu","13:18:35",196100
7.89,-0.12,100,"bu","13:18:33",196000
7.89,-0.12,200,"bu","13:18:26",195900
7.89,-0.12,500,"bu","13:18:19",195700
7.89,-0.12,2800,"bu","13:18:11",195200
7.88,-0.13,1000,"sd","13:18:01",192400
7.89,-0.12,100,"bu","13:18:01",191400
7.89,-0.12,10000,"bu","13:18:01",191300
7.88,-0.13,4000,"sd","13:17:59",181300
7.89,-0.12,200,"bu","13:17:58",177300
7.89,-0.12,1000,"bu","13:17:54",177100
7.89,-0.12,1000,"bu","13:17:43",176100
7.89,-0.12,2600,"bu","13:17:41",175100
7.89,-0.12,11800,"bu","13:17:39",172500
7.88,-0.13,2100,"bu","13:17:20",160700
7.88,-0.13,1500,"sd","13:17:04",158600
7.88,-0.13,500,"bu","13:16:57",157100
7.88,-0.13,200,"bu","13:16:49",156600
7.88,-0.13,1000,"bu","13:16:45",156400
7.88,-0.13,2000,"bu","13:16:05",155400
7.88,-0.13,500,"bu","13:15:39",153400
7.88,-0.13,12000,"bu","13:15:17",152900
7.88,-0.13,2200,"sd","13:14:57",140900
7.88,-0.13,800,"bu","13:14:53",138700
7.88,-0.13,4200,"sd","13:14:40",137900
7.89,-0.12,100,"bu","13:14:40",133700
7.89,-0.12,100,"bu","13:14:23",133600
7.88,-0.13,200,"sd","13:14:13",133500
7.89,-0.12,2000,"bu","13:14:05",133300
7.89,-0.12,200,"bu","13:13:51",131300
7.89,-0.12,100,"bu","13:13:35",131100
7.88,-0.13,200,"bu","13:13:32",131000
7.88,-0.13,100,"bu","13:13:27",130800
7.88,-0.13,300,"bu","13:13:21",130700
7.88,-0.13,8500,"sd","13:13:12",130400
7.89,-0.12,100,"bu","13:12:55",121900
7.88,-0.13,5100,"sd","13:12:53",121800
7.88,-0.13,100,"sd","13:12:49",116700
7.89,-0.12,6000,"bu","13:12:40",116600
7.89,-0.12,100,"bu","13:12:36",110600
7.89,-0.12,100,"bu","13:12:23",110500
7.89,-0.12,100,"bu","13:12:18",110400
7.88,-0.13,7300,"bu","13:12:03",110300
7.88,-0.13,300,"bu","13:10:55",103000
7.88,-0.13,100,"bu","13:10:44",102700
7.88,-0.13,100,"bu","13:10:27",102600
7.88,-0.13,1100,"bu","13:10:26",102500
7.88,-0.13,100,"bu","13:09:41",101400
7.88,-0.13,1800,"sd","13:09:22",101300
7.88,-0.13,3200,"bu","13:09:14",99500
7.88,-0.13,1800,"sd","13:09:05",96300
7.88,-0.13,200,"bu","13:08:54",94500
7.88,-0.13,100,"bu","13:08:41",94300
7.88,-0.13,100,"bu","13:08:36",94200
7.85,-0.16,1600,"sd","13:08:23",94100
7.86,-0.15,200,"sd","13:08:23",92500
7.87,-0.14,200,"sd","13:08:23",92300
7.88,-0.13,200,"bu","13:08:19",92100
7.88,-0.13,500,"bu","13:08:17",91900
7.88,-0.13,300,"bu","13:08:10",91400
7.88,-0.13,800,"bu","13:08:09",91100
7.88,-0.13,2500,"bu","13:08:03",90300
7.88,-0.13,400,"bu","13:07:49",87800
7.88,-0.13,100,"sd","13:07:47",87400
7.88,-0.13,100,"bu","13:07:42",87300
7.88,-0.13,400,"sd","13:07:39",87200
7.88,-0.13,100,"bu","13:07:38",86800
7.88,-0.13,1700,"sd","13:07:34",86700
7.88,-0.13,900,"sd","13:07:27",85000
7.88,-0.13,3000,"sd","13:07:24",84100
7.88,-0.13,100,"sd","13:07:18",81100
7.88,-0.13,5000,"sd","13:07:11",81000
7.88,-0.13,1500,"sd","13:06:53",76000
7.88,-0.13,2000,"sd","13:06:26",74500
7.88,-0.13,3800,"sd","13:06:24",72500
7.88,-0.13,2800,"sd","13:06:08",68700
7.88,-0.13,500,"sd","13:06:06",65900
7.89,-0.12,700,"bu","13:05:55",65400
7.89,-0.12,100,"bu","13:05:39",64700
7.89,-0.12,100,"bu","13:05:35",64600
7.89,-0.12,500,"bu","13:05:29",64500
7.88,-0.13,4500,"sd","13:05:29",64000
7.89,-0.12,600,"bu","13:05:27",59500
7.89,-0.12,1000,"bu","13:05:25",58900
7.89,-0.12,200,"bu","13:05:18",57900
7.89,-0.12,300,"bu","13:04:56",57700
7.88,-0.13,5700,"bu","13:04:35",57400
7.85,-0.16,2400,"sd","13:04:35",51700
7.85,-0.16,1700,"sd","13:04:25",49300
7.86,-0.15,5000,"sd","13:04:25",47600
7.87,-0.14,1100,"sd","13:04:25",42600
7.88,-0.13,200,"bu","13:04:23",41500
7.88,-0.13,500,"bu","13:03:58",41300
7.85,-0.16,700,"sd","13:03:38",40800
7.85,-0.16,4600,"bu","13:03:27",40100
7.84,-0.17,100,"sd","13:03:20",35500
7.84,-0.17,900,"bu","13:03:18",35400
7.82,-0.19,300,"sd","13:03:15",34500
7.84,-0.17,1000,"bu","13:03:11",34200
7.84,-0.17,1600,"bu","13:02:48",33200
7.81,-0.2,100,"sd","13:02:29",31600
7.81,-0.2,200,"sd","13:02:27",31500
7.8,-0.21,3400,"sd","13:02:07",31300
7.85,-0.16,400,"bu","13:02:04",27900
7.8,-0.21,5000,"sd","13:01:54",27500
7.8,-0.21,3000,"sd","13:01:46",22500
7.8,-0.21,500,"sd","13:01:41",19500
7.8,-0.21,400,"sd","13:01:31",19000
7.8,-0.21,3800,"sd","13:01:18",18600
7.81,-0.2,200,"sd","13:01:18",14800
7.8,-0.21,100,"sd","13:01:01",14600
7.81,-0.2,1000,"sd","13:01:01",14500
7.89,-0.12,100,"sd","13:01:01",13500
7.8,-0.21,100,"sd","13:00:43",13400
7.9,-0.11,1000,"bu","13:00:38",13300
7.9,-0.11,200,"bu","13:00:26",12300
7.89,-0.12,2900,"bu","13:00:26",12100
7.7,-0.31,1900,"sd","13:00:16",9200
7.7,-0.31,400,"sd","13:00:10",7300
7.7,-0.31,1300,"sd","13:00:08",6900
7.8,-0.21,1300,"sd","13:00:08",5600
7.8,-0.21,1000,"sd","13:00:08",4300
7.9,-0.11,1000,"sd","13:00:08",3300
7.99,-0.02,2000,"bu","13:00:07",2300
7.8,-0.21,100,"sd","13:00:05",300
8,-0.01,100,"bu","13:00:01",200
8.5,0.49,100,"bu","13:00:01",100
