"price","change","match_qtty","side","time","total_vol"
12.5,-0.25,16900,"","14:45:04",573800
12.5,-0.25,500,"sd","14:29:54",556900
12.5,-0.25,1900,"sd","14:29:54",556400
12.5,-0.25,600,"sd","14:29:53",554500
12.55,-0.2,100,"bu","14:29:48",553900
12.55,-0.2,1000,"bu","14:29:13",553800
12.55,-0.2,500,"bu","14:28:37",552800
12.55,-0.2,5000,"bu","14:28:26",552300
12.55,-0.2,2000,"bu","14:26:18",547300
12.55,-0.2,100,"bu","14:26:13",545300
12.55,-0.2,1000,"bu","14:25:32",545200
12.5,-0.25,200,"sd","14:25:25",544200
12.5,-0.25,1800,"bu","14:24:07",544000
12.5,-0.25,2000,"bu","14:23:56",542200
12.5,-0.25,100,"bu","14:23:36",540200
12.5,-0.25,3500,"bu","14:22:45",540100
12.5,-0.25,200,"bu","14:22:39",536600
12.5,-0.25,100,"bu","14:22:38",536400
12.5,-0.25,2000,"bu","14:22:22",536300
12.5,-0.25,100,"bu","14:20:42",534300
12.4,-0.35,1200,"bu","14:19:27",534200
12.4,-0.35,100,"bu","14:19:18",533000
12.4,-0.35,1000,"bu","14:18:29",532900
12.4,-0.35,200,"bu","14:18:07",531900
12.4,-0.35,2700,"bu","14:17:15",531700
12.4,-0.35,100,"bu","14:16:56",529000
12.35,-0.4,1800,"sd","14:15:48",528900
12.35,-0.4,2100,"bu","14:15:43",527100
12.35,-0.4,500,"bu","14:15:38",525000
12.35,-0.4,2200,"bu","14:15:28",524500
12.35,-0.4,700,"bu","14:15:19",522300
12.35,-0.4,2400,"bu","14:15:17",521600
12.35,-0.4,500,"bu","14:15:08",519200
12.35,-0.4,9300,"sd","14:14:51",518700
12.35,-0.4,2300,"sd","14:14:50",509400
12.4,-0.35,200,"bu","14:14:19",507100
12.4,-0.35,800,"bu","14:13:35",506900
12.4,-0.35,1000,"bu","14:13:02",506100
12.4,-0.35,800,"bu","14:12:50",505100
12.4,-0.35,3200,"sd","14:12:46",504300
12.4,-0.35,9000,"sd","14:12:46",501100
12.45,-0.3,2100,"sd","14:12:25",492100
12.45,-0.3,2900,"bu","14:12:21",490000
12.45,-0.3,300,"bu","14:11:31",487100
12.45,-0.3,700,"bu","14:11:23",486800
12.4,-0.35,5100,"sd","14:07:55",486100
12.45,-0.3,900,"sd","14:07:55",481000
12.45,-0.3,500,"sd","14:07:49",480100
12.45,-0.3,1000,"sd","14:07:46",479600
12.5,-0.25,100,"bu","14:06:50",478600
12.45,-0.3,4300,"bu","14:05:48",478500
12.45,-0.3,200,"bu","14:05:44",474200
12.45,-0.3,100,"bu","14:05:17",474000
12.45,-0.3,200,"bu","14:05:16",473900
12.45,-0.3,2000,"bu","14:05:08",473700
12.45,-0.3,500,"bu","14:05:07",471700
12.45,-0.3,100,"bu","14:04:51",471200
12.45,-0.3,100,"bu","14:04:49",471100
12.45,-0.3,400,"sd","14:04:44",471000
12.45,-0.3,3000,"sd","14:04:34",470600
12.45,-0.3,2800,"bu","14:03:37",467600
12.45,-0.3,500,"bu","14:03:32",464800
12.45,-0.3,1400,"bu","14:03:29",464300
12.45,-0.3,2000,"bu","14:03:15",462900
12.4,-0.35,400,"sd","14:02:20",460900
12.45,-0.3,100,"bu","14:02:19",460500
12.45,-0.3,600,"bu","14:02:15",460400
12.45,-0.3,600,"bu","14:01:58",459800
12.45,-0.3,500,"bu","14:01:51",459200
12.45,-0.3,2000,"bu","14:01:43",458700
12.45,-0.3,200,"bu","14:01:32",456700
12.45,-0.3,200,"bu","14:01:25",456500
12.45,-0.3,500,"bu","14:01:15",456300
12.45,-0.3,500,"bu","14:01:12",455800
12.45,-0.3,3100,"bu","14:01:06",455300
12.45,-0.3,700,"bu","14:01:02",452200
12.45,-0.3,1800,"bu","14:00:20",451500
12.45,-0.3,200,"bu","13:58:32",449700
12.4,-0.35,300,"sd","13:57:56",449500
12.4,-0.35,1000,"sd","13:56:57",449200
12.4,-0.35,1500,"sd","13:55:37",448200
12.4,-0.35,300,"sd","13:55:21",446700
12.45,-0.3,100,"bu","13:55:13",446400
12.45,-0.3,100,"bu","13:51:39",446300
12.4,-0.35,500,"sd","13:51:05",446200
12.45,-0.3,500,"bu","13:50:25",445700
12.45,-0.3,1800,"sd","13:49:15",445200
12.5,-0.25,300,"bu","13:47:50",443400
12.45,-0.3,100,"sd","13:47:42",443100
12.5,-0.25,500,"sd","13:47:24",443000
12.5,-0.25,500,"bu","13:47:12",442500
12.5,-0.25,300,"bu","13:46:27",442000
12.5,-0.25,1000,"bu","13:46:17",441700
12.45,-0.3,200,"sd","13:45:03",440700
12.5,-0.25,2000,"bu","13:44:33",440500
12.45,-0.3,100,"bu","13:43:38",438500
12.45,-0.3,100,"bu","13:43:31",438400
12.45,-0.3,500,"bu","13:43:14",438300
12.45,-0.3,1200,"bu","13:43:11",437800
12.45,-0.3,100,"bu","13:42:59",436600
12.45,-0.3,3000,"bu","13:41:31",436500
12.45,-0.3,200,"bu","13:41:20",433500
12.45,-0.3,5000,"bu","13:41:10",433300
12.45,-0.3,2000,"bu","13:40:22",428300
12.4,-0.35,400,"sd","13:37:47",426300
12.4,-0.35,100,"bu","13:35:33",425900
12.4,-0.35,500,"bu","13:35:12",425800
12.4,-0.35,100,"bu","13:34:11",425300
12.3,-0.45,900,"sd","13:34:08",425200
12.35,-0.4,4100,"sd","13:34:08",424300
12.4,-0.35,300,"sd","13:33:46",420200
12.4,-0.35,2000,"sd","13:33:37",419900
12.4,-0.35,200,"sd","13:32:09",417900
12.4,-0.35,600,"bu","13:32:07",417700
12.4,-0.35,100,"bu","13:31:27",417100
12.4,-0.35,1000,"bu","13:31:11",417000
12.4,-0.35,200,"bu","13:29:34",416000
12.35,-0.4,9000,"sd","13:28:55",415800
12.4,-0.35,100,"bu","13:26:18",406800
12.35,-0.4,9600,"sd","13:26:16",406700
12.35,-0.4,2000,"sd","13:26:07",397100
12.35,-0.4,3000,"sd","13:26:02",395100
12.4,-0.35,100,"sd","13:26:02",392100
12.35,-0.4,900,"sd","13:25:48",392000
12.4,-0.35,5100,"sd","13:25:48",391100
12.4,-0.35,2000,"sd","13:25:27",386000
12.4,-0.35,1000,"sd","13:25:21",384000
12.4,-0.35,5000,"sd","13:24:32",383000
12.4,-0.35,8200,"sd","13:21:48",378000
12.45,-0.3,1100,"bu","13:21:15",369800
12.45,-0.3,200,"bu","13:20:09",368700
12.45,-0.3,3000,"bu","13:19:54",368500
12.45,-0.3,500,"bu","13:19:41",365500
12.45,-0.3,100,"bu","13:16:22",365000
12.45,-0.3,300,"bu","13:15:34",364900
12.45,-0.3,1700,"bu","13:15:34",364600
12.45,-0.3,200,"bu","13:15:01",362900
12.4,-0.35,100,"sd","13:14:32",362700
12.4,-0.35,12900,"bu","13:14:19",362600
12.4,-0.35,200,"bu","13:14:01",349700
12.4,-0.35,100,"bu","13:13:38",349500
12.4,-0.35,2000,"bu","13:13:17",349400
12.4,-0.35,1000,"bu","13:12:51",347400
12.4,-0.35,200,"bu","13:12:45",346400
12.4,-0.35,1000,"bu","13:11:32",346200
12.4,-0.35,100,"bu","13:10:27",345200
12.4,-0.35,10000,"bu","13:09:39",345100
12.4,-0.35,2000,"bu","13:09:12",335100
12.4,-0.35,200,"bu","13:08:42",333100
12.4,-0.35,5000,"bu","13:07:18",332900
12.4,-0.35,1000,"sd","13:07:13",327900
12.4,-0.35,4000,"bu","13:06:29",326900
12.35,-0.4,200,"sd","13:05:39",322900
12.35,-0.4,900,"sd","13:04:46",322700
12.4,-0.35,100,"bu","13:02:48",321800
12.35,-0.4,200,"sd","13:00:41",321700
12.35,-0.4,2000,"sd","13:00:31",321500
12.4,-0.35,900,"sd","13:00:20",319500
12.4,-0.35,100,"bu","13:00:17",318600
12.4,-0.35,400,"sd","13:00:01",318500
12.4,-0.35,7000,"sd","11:28:33",318100
12.45,-0.3,1000,"bu","11:28:18",311100
12.45,-0.3,100,"sd","11:26:03",310100
12.45,-0.3,2900,"sd","11:25:58",310000
12.45,-0.3,2000,"sd","11:21:51",307100
12.45,-0.3,1800,"sd","11:21:26",305100
12.45,-0.3,1000,"sd","11:19:27",303300
12.45,-0.3,100,"sd","11:15:49",302300
12.45,-0.3,1000,"sd","11:15:48",302200
12.45,-0.3,900,"bu","11:15:10",301200
12.45,-0.3,100,"bu","11:14:31",300300
12.45,-0.3,2000,"bu","11:14:13",300200
12.45,-0.3,200,"bu","11:13:27",298200
12.45,-0.3,300,"bu","11:12:08",298000
12.4,-0.35,200,"bu","11:12:08",297700
12.3,-0.45,700,"bu","11:12:08",297500
12.3,-0.45,4300,"bu","11:12:08",296800
12.3,-0.45,200,"bu","11:12:07",292500
12.3,-0.45,1000,"bu","11:12:06",292300
12.3,-0.45,1200,"bu","11:12:06",291300
12.3,-0.45,1000,"bu","11:12:01",290100
12.3,-0.45,100,"bu","11:11:49",289100
12.3,-0.45,2500,"bu","11:11:23",289000
12.3,-0.45,100,"bu","11:11:04",286500
12.3,-0.45,500,"bu","11:10:37",286400
12.3,-0.45,100,"bu","11:10:31",285900
12.3,-0.45,100,"bu","11:10:01",285800
12.3,-0.45,200,"sd","11:09:59",285700
12.3,-0.45,1000,"bu","11:08:58",285500
12.3,-0.45,200,"bu","11:08:48",284500
12.3,-0.45,200,"bu","11:08:45",284300
12.3,-0.45,100,"bu","11:08:39",284100
12.3,-0.45,2500,"sd","11:08:36",284000
12.3,-0.45,3500,"sd","11:08:13",281500
12.3,-0.45,2100,"sd","11:08:07",278000
12.4,-0.35,300,"bu","11:08:02",275900
12.35,-0.4,100,"bu","11:07:39",275600
12.35,-0.4,100,"bu","11:07:33",275500
12.35,-0.4,200,"bu","11:07:17",275400
12.35,-0.4,4600,"sd","11:07:17",275200
12.4,-0.35,1400,"sd","11:06:13",270600
12.45,-0.3,500,"bu","11:05:57",269200
12.4,-0.35,500,"sd","11:05:46",268700
12.4,-0.35,5000,"sd","11:05:30",268200
12.45,-0.3,1000,"bu","11:04:22",263200
12.4,-0.35,6000,"sd","11:03:59",262200
12.4,-0.35,2500,"sd","11:03:57",256200
12.4,-0.35,700,"sd","11:03:55",253700
12.4,-0.35,600,"sd","11:03:47",253000
12.4,-0.35,2000,"sd","11:03:38",252400
12.4,-0.35,1500,"sd","11:03:26",250400
12.45,-0.3,100,"bu","11:02:48",248900
12.45,-0.3,400,"bu","11:02:17",248800
12.45,-0.3,3600,"sd","11:00:37",248400
12.45,-0.3,200,"sd","11:00:17",244800
12.45,-0.3,1000,"sd","10:59:12",244600
12.45,-0.3,1000,"sd","10:58:56",243600
12.45,-0.3,2000,"sd","10:58:42",242600
12.5,-0.25,400,"bu","10:52:32",240600
12.5,-0.25,2000,"bu","10:50:33",240200
12.5,-0.25,200,"bu","10:49:25",238200
12.5,-0.25,100,"bu","10:47:44",238000
12.5,-0.25,200,"bu","10:47:28",237900
12.5,-0.25,800,"bu","10:47:16",237700
12.5,-0.25,100,"bu","10:46:48",236900
12.5,-0.25,100,"bu","10:46:21",236800
12.5,-0.25,200,"bu","10:46:18",236700
12.5,-0.25,100,"bu","10:45:49",236500
12.5,-0.25,1000,"bu","10:45:28",236400
12.5,-0.25,100,"bu","10:45:13",235400
12.5,-0.25,500,"bu","10:44:51",235300
12.5,-0.25,200,"bu","10:44:37",234800
12.5,-0.25,100,"bu","10:44:29",234600
12.5,-0.25,200,"bu","10:44:08",234500
12.45,-0.3,500,"sd","10:43:30",234300
12.45,-0.3,1800,"sd","10:42:42",233800
12.45,-0.3,2000,"sd","10:42:23",232000
12.45,-0.3,7000,"sd","10:41:55",230000
12.5,-0.25,600,"sd","10:40:46",223000
12.5,-0.25,3000,"sd","10:40:45",222400
12.5,-0.25,10000,"sd","10:40:28",219400
12.5,-0.25,20000,"sd","10:40:10",209400
12.55,-0.2,200,"bu","10:40:02",189400
12.55,-0.2,2300,"sd","10:38:48",189200
12.55,-0.2,5000,"sd","10:38:36",186900
12.55,-0.2,5000,"sd","10:38:20",181900
12.55,-0.2,100,"sd","10:38:19",176900
12.55,-0.2,300,"sd","10:38:18",176800
12.55,-0.2,3800,"sd","10:38:12",176500
12.55,-0.2,4000,"sd","10:37:33",172700
12.6,-0.15,100,"bu","10:37:23",168700
12.55,-0.2,2000,"sd","10:36:43",168600
12.6,-0.15,100,"bu","10:33:35",166600
12.6,-0.15,2000,"bu","10:30:58",166500
12.6,-0.15,500,"bu","10:30:22",164500
12.6,-0.15,200,"bu","10:29:54",164000
12.55,-0.2,2000,"sd","10:29:32",163800
12.55,-0.2,5000,"sd","10:28:09",161800
12.6,-0.15,2000,"bu","10:27:30",156800
12.6,-0.15,2000,"bu","10:25:19",154800
12.6,-0.15,2000,"bu","10:25:08",152800
12.6,-0.15,500,"bu","10:24:41",150800
12.6,-0.15,3000,"bu","10:24:19",150300
12.6,-0.15,500,"bu","10:23:12",147300
12.6,-0.15,100,"bu","10:21:55",146800
12.55,-0.2,2000,"sd","10:20:22",146700
12.6,-0.15,200,"bu","10:19:14",144700
12.55,-0.2,3200,"sd","10:17:26",144500
12.6,-0.15,4700,"sd","10:17:26",141300
12.6,-0.15,1400,"sd","10:15:08",136600
12.6,-0.15,700,"sd","10:14:21",135200
12.65,-0.1,2700,"bu","10:12:11",134500
12.6,-0.15,2000,"bu","10:10:52",131800
12.55,-0.2,500,"sd","10:10:04",129800
12.55,-0.2,5000,"sd","10:09:38",129300
12.55,-0.2,1900,"sd","10:09:15",124300
12.6,-0.15,100,"sd","10:09:15",122400
12.55,-0.2,4300,"sd","10:09:03",122300
12.6,-0.15,5700,"sd","10:09:03",118000
12.65,-0.1,100,"bu","10:08:37",112300
12.6,-0.15,800,"sd","10:08:15",112200
12.6,-0.15,1000,"sd","10:08:01",111400
12.6,-0.15,4000,"sd","10:07:49",110400
12.6,-0.15,12000,"sd","10:07:45",106400
12.6,-0.15,2900,"sd","10:07:27",94400
12.65,-0.1,800,"bu","10:07:26",91500
12.6,-0.15,2000,"sd","10:07:24",90700
12.65,-0.1,4900,"sd","10:07:00",88700
12.65,-0.1,1000,"sd","10:06:18",83800
12.7,-0.05,100,"bu","10:06:12",82800
12.7,-0.05,10000,"bu","10:05:04",82700
12.65,-0.1,400,"sd","10:03:34",72700
12.7,-0.05,100,"bu","10:03:09",72300
12.7,-0.05,100,"bu","10:02:46",72200
12.7,-0.05,2200,"sd","10:02:01",72100
12.7,-0.05,400,"sd","10:00:16",69900
12.7,-0.05,200,"sd","09:58:49",69500
12.75,0,200,"bu","09:57:29",69300
12.75,0,200,"bu","09:56:57",69100
12.75,0,100,"bu","09:56:37",68900
12.75,0,200,"bu","09:56:36",68800
12.75,0,500,"bu","09:56:35",68600
12.75,0,100,"bu","09:56:12",68100
12.7,-0.05,500,"sd","09:54:46",68000
12.7,-0.05,2100,"sd","09:54:38",67500
12.7,-0.05,3000,"sd","09:54:14",65400
12.7,-0.05,500,"sd","09:53:45",62400
12.7,-0.05,1500,"sd","09:53:24",61900
12.7,-0.05,5000,"sd","09:53:04",60400
12.7,-0.05,6000,"sd","09:52:29",55400
12.75,0,600,"bu","09:52:13",49400
12.75,0,200,"sd","09:51:54",48800
12.75,0,4200,"sd","09:51:48",48600
12.8,0.05,100,"bu","09:50:36",44400
12.75,0,1000,"sd","09:50:32",44300
12.75,0,1000,"sd","09:50:30",43300
12.75,0,200,"sd","09:50:22",42300
12.75,0,1000,"sd","09:50:08",42100
12.8,0.05,200,"bu","09:49:34",41100
12.75,0,1000,"sd","09:49:30",40900
12.75,0,100,"sd","09:49:12",39900
12.75,0,900,"sd","09:48:40",39800
12.8,0.05,500,"bu","09:48:20",38900
12.75,0,100,"sd","09:46:21",38400
12.8,0.05,900,"sd","09:46:21",38300
12.8,0.05,3000,"sd","09:45:45",37400
12.8,0.05,1000,"sd","09:45:09",34400
12.8,0.05,600,"sd","09:44:41",33400
12.8,0.05,1000,"sd","09:44:15",32800
12.8,0.05,1000,"sd","09:40:39",31800
12.85,0.1,100,"bu","09:38:29",30800
12.8,0.05,1000,"sd","09:37:35",30700
12.8,0.05,2000,"sd","09:36:57",29700
12.85,0.1,2000,"bu","09:36:30",27700
12.85,0.1,300,"bu","09:35:03",25700
12.85,0.1,3000,"bu","09:34:36",25400
12.85,0.1,200,"bu","09:34:09",22400
12.85,0.1,5600,"bu","09:31:21",22200
12.8,0.05,200,"bu","09:28:33",16600
12.8,0.05,3800,"bu","09:27:05",16400
12.8,0.05,200,"bu","09:25:32",12600
12.8,0.05,100,"bu","09:24:46",12400
12.8,0.05,300,"bu","09:24:10",12300
12.8,0.05,300,"sd","09:23:33",12000
12.8,0.05,2000,"bu","09:21:43",11700
12.7,-0.05,2600,"sd","09:20:28",9700
12.8,0.05,100,"sd","09:20:28",7100
12.85,0.1,100,"sd","09:20:17",6900
12.85,0.1,1800,"bu","09:18:30",6800
12.85,0.1,1000,"sd","09:17:38",5000
12.85,0.1,2100,"bu","09:17:36",4000
12.75,0,1400,"sd","09:16:58",1900
12.8,0.05,100,"sd","09:16:58",500
12.75,0,400,"","09:15:03",400
