"price","change","match_qtty","side","time","total_vol"
26.2,-0.75,118100,"","14:45:04",1966300
26.6,-0.35,100,"bu","14:29:55",1848200
26.5,-0.45,200,"bu","14:29:55",1848100
26.5,-0.45,1000,"bu","14:29:46",1847900
26.5,-0.45,3400,"sd","14:29:23",1846900
26.55,-0.4,400,"sd","14:29:23",1843500
26.55,-0.4,100,"sd","14:29:15",1843100
26.55,-0.4,500,"sd","14:29:09",1843000
26.6,-0.35,500,"sd","14:29:06",1842500
26.6,-0.35,400,"bu","14:29:04",1842000
26.6,-0.35,500,"bu","14:28:29",1841600
26.5,-0.45,900,"sd","14:28:22",1841100
26.55,-0.4,1100,"sd","14:28:22",1840200
26.6,-0.35,200,"bu","14:28:22",1839100
26.55,-0.4,1900,"sd","14:27:58",1838900
26.6,-0.35,500,"sd","14:27:54",1836300
26.6,-0.35,1500,"sd","14:27:52",1835800
26.6,-0.35,1000,"sd","14:27:45",1834300
26.6,-0.35,1000,"sd","14:27:27",1833300
26.65,-0.3,100,"sd","14:27:27",1832300
26.6,-0.35,1400,"sd","14:26:52",1832200
26.65,-0.3,2700,"sd","14:26:52",1830800
26.7,-0.25,200,"sd","14:26:52",1828100
26.7,-0.25,4000,"sd","14:26:47",1827900
26.7,-0.25,1000,"sd","14:26:46",1823900
26.7,-0.25,1000,"sd","14:26:43",1822900
26.75,-0.2,600,"sd","14:26:30",1821900
26.75,-0.2,10000,"sd","14:26:29",1821300
26.75,-0.2,1000,"sd","14:26:28",1811300
26.75,-0.2,200,"bu","14:26:17",1810300
26.75,-0.2,1000,"bu","14:26:16",1810100
26.75,-0.2,200,"bu","14:25:34",1809100
26.75,-0.2,1000,"bu","14:25:32",1808900
26.7,-0.25,2800,"bu","14:25:27",1807900
26.7,-0.25,2000,"bu","14:25:17",1805100
26.7,-0.25,8700,"bu","14:25:14",1803100
26.7,-0.25,200,"bu","14:25:12",1794400
26.7,-0.25,100,"bu","14:25:04",1794200
26.7,-0.25,200,"bu","14:24:52",1794100
26.7,-0.25,2000,"bu","14:24:35",1793900
26.7,-0.25,5000,"bu","14:24:26",1791900
26.7,-0.25,500,"bu","14:24:20",1786900
26.7,-0.25,200,"bu","14:24:19",1786400
26.7,-0.25,1000,"bu","14:24:07",1786200
26.7,-0.25,2000,"bu","14:23:48",1785200
26.7,-0.25,700,"bu","14:23:41",1783200
26.7,-0.25,1000,"bu","14:23:29",1782500
26.7,-0.25,100,"bu","14:23:20",1781500
26.65,-0.3,3100,"bu","14:22:33",1781400
26.6,-0.35,100,"bu","14:22:26",1778300
26.6,-0.35,5000,"bu","14:22:13",1778200
26.55,-0.4,100,"sd","14:22:04",1773200
26.55,-0.4,600,"bu","14:21:57",1773100
26.55,-0.4,2000,"bu","14:21:56",1772500
26.55,-0.4,5000,"bu","14:21:53",1770500
26.55,-0.4,5000,"bu","14:21:47",1765500
26.55,-0.4,1500,"bu","14:21:18",1760500
26.55,-0.4,1100,"bu","14:21:00",1759000
26.55,-0.4,300,"bu","14:20:57",1757900
26.55,-0.4,300,"bu","14:20:45",1757600
26.55,-0.4,600,"bu","14:20:38",1757300
26.55,-0.4,1000,"bu","14:20:18",1756700
26.55,-0.4,5000,"bu","14:20:16",1755700
26.55,-0.4,100,"bu","14:19:45",1750700
26.55,-0.4,600,"sd","14:19:34",1750600
26.55,-0.4,500,"bu","14:19:00",1750000
26.5,-0.45,800,"bu","14:18:51",1749500
26.5,-0.45,500,"bu","14:18:50",1748700
26.5,-0.45,5000,"bu","14:18:41",1748200
26.5,-0.45,500,"bu","14:18:32",1743200
26.5,-0.45,1000,"bu","14:18:24",1742700
26.5,-0.45,3700,"bu","14:18:10",1741700
26.45,-0.5,500,"bu","14:17:42",1738000
26.4,-0.55,500,"bu","14:16:40",1737500
26.4,-0.55,10900,"sd","14:16:34",1737000
26.4,-0.55,200,"sd","14:16:33",1726100
26.45,-0.5,8400,"sd","14:16:33",1725900
26.45,-0.5,2600,"bu","14:15:58",1717500
26.45,-0.5,2400,"sd","14:15:03",1714900
26.45,-0.5,100,"sd","14:14:33",1712500
26.45,-0.5,2000,"bu","14:14:30",1712400
26.45,-0.5,200,"bu","14:12:34",1710400
26.4,-0.55,100,"bu","14:12:06",1710200
26.4,-0.55,100,"bu","14:12:05",1710100
26.4,-0.55,100,"bu","14:12:00",1710000
26.4,-0.55,500,"bu","14:11:36",1709900
26.4,-0.55,200,"sd","14:11:22",1709400
26.35,-0.6,200,"sd","14:10:32",1709200
26.35,-0.6,100,"bu","14:09:50",1709000
26.3,-0.65,100,"sd","14:09:44",1708900
26.35,-0.6,100,"bu","14:09:40",1708800
26.35,-0.6,1000,"bu","14:09:33",1708700
26.3,-0.65,100,"sd","14:09:29",1707700
26.3,-0.65,500,"sd","14:09:26",1707600
26.35,-0.6,1000,"bu","14:09:19",1707100
26.35,-0.6,6800,"sd","14:09:08",1706100
26.4,-0.55,1900,"sd","14:09:08",1699300
26.45,-0.5,300,"sd","14:09:07",1695600
26.5,-0.45,100,"bu","14:09:02",1695300
26.5,-0.45,100,"bu","14:08:12",1695200
26.45,-0.5,500,"sd","14:08:09",1695100
26.5,-0.45,100,"bu","14:07:33",1694600
26.5,-0.45,1000,"bu","14:07:26",1694500
26.5,-0.45,200,"bu","14:06:59",1693500
26.5,-0.45,200,"sd","14:06:45",1693300
26.5,-0.45,500,"sd","14:06:37",1693100
26.5,-0.45,500,"sd","14:06:35",1692600
26.55,-0.4,400,"sd","14:06:14",1692100
26.6,-0.35,1000,"sd","14:05:41",1691700
26.65,-0.3,900,"sd","14:05:41",1690700
26.65,-0.3,2000,"sd","14:05:39",1689800
26.65,-0.3,1000,"sd","14:05:35",1687800
26.65,-0.3,1100,"bu","14:05:35",1686800
26.6,-0.35,1500,"sd","14:05:26",1685700
26.65,-0.3,4500,"sd","14:05:09",1684200
26.7,-0.25,1000,"sd","14:04:54",1679700
26.7,-0.25,6500,"sd","14:04:25",1678700
26.75,-0.2,300,"sd","14:03:36",1672200
26.75,-0.2,1000,"sd","14:03:34",1671900
26.75,-0.2,300,"sd","14:03:28",1670900
26.8,-0.15,500,"bu","14:03:28",1670600
26.75,-0.2,900,"sd","14:02:57",1670100
26.75,-0.2,1100,"bu","14:02:55",1669200
26.7,-0.25,20500,"bu","14:02:44",1668100
26.7,-0.25,10000,"bu","14:02:25",1647600
26.7,-0.25,2000,"bu","14:02:22",1637600
26.65,-0.3,500,"bu","14:01:56",1635600
26.65,-0.3,3000,"bu","14:01:50",1635100
26.6,-0.35,3000,"bu","14:01:31",1632100
26.6,-0.35,2000,"bu","14:01:22",1629100
26.6,-0.35,5000,"bu","14:01:19",1627100
26.55,-0.4,500,"sd","14:01:12",1622100
26.55,-0.4,9000,"bu","14:01:10",1621600
26.5,-0.45,800,"sd","14:01:06",1612600
26.5,-0.45,1000,"bu","14:00:56",1611800
26.5,-0.45,100,"bu","14:00:54",1610800
26.5,-0.45,3900,"sd","14:00:51",1610700
26.5,-0.45,500,"sd","14:00:42",1606800
26.5,-0.45,1000,"bu","14:00:30",1606300
26.45,-0.5,1000,"sd","14:00:20",1605300
26.5,-0.45,500,"bu","13:59:54",1604300
26.5,-0.45,3000,"bu","13:59:49",1603800
26.5,-0.45,100,"bu","13:58:54",1600800
26.45,-0.5,500,"bu","13:58:27",1600700
26.45,-0.5,2700,"bu","13:58:27",1600200
26.4,-0.55,4900,"bu","13:57:40",1597500
26.4,-0.55,2700,"bu","13:56:55",1592600
26.4,-0.55,1000,"bu","13:56:35",1589900
26.35,-0.6,500,"sd","13:55:53",1588900
26.35,-0.6,2800,"sd","13:55:42",1588400
26.4,-0.55,3000,"bu","13:55:38",1585600
26.35,-0.6,3400,"bu","13:54:01",1582600
26.35,-0.6,100,"bu","13:53:54",1579200
26.35,-0.6,1000,"bu","13:53:51",1579100
26.3,-0.65,500,"sd","13:52:35",1578100
26.3,-0.65,1500,"sd","13:51:50",1577600
26.35,-0.6,10000,"bu","13:51:35",1576100
26.35,-0.6,6600,"sd","13:51:06",1566100
26.35,-0.6,5000,"sd","13:50:48",1559500
26.35,-0.6,1000,"sd","13:50:43",1554500
26.4,-0.55,100,"bu","13:50:10",1553500
26.4,-0.55,100,"bu","13:49:54",1553400
26.4,-0.55,4000,"sd","13:49:44",1553300
26.4,-0.55,1500,"sd","13:49:43",1549300
26.4,-0.55,900,"sd","13:49:10",1547800
26.4,-0.55,5000,"sd","13:49:00",1546900
26.45,-0.5,100,"bu","13:48:37",1541900
26.45,-0.5,3500,"sd","13:48:30",1541800
26.45,-0.5,500,"sd","13:48:19",1538300
26.45,-0.5,1000,"sd","13:48:13",1537800
26.4,-0.55,700,"sd","13:47:56",1536800
26.45,-0.5,300,"sd","13:47:56",1536100
26.5,-0.45,8600,"sd","13:47:34",1535800
26.5,-0.45,3000,"sd","13:47:32",1527200
26.5,-0.45,500,"sd","13:46:59",1524200
26.5,-0.45,500,"sd","13:46:39",1523700
26.55,-0.4,2000,"bu","13:46:28",1523200
26.5,-0.45,1000,"sd","13:46:25",1521200
26.55,-0.4,300,"bu","13:46:22",1520200
26.55,-0.4,300,"bu","13:46:07",1519900
26.5,-0.45,200,"sd","13:46:07",1519600
26.5,-0.45,1500,"bu","13:45:32",1519400
26.5,-0.45,10000,"bu","13:45:29",1517900
26.45,-0.5,100,"sd","13:45:14",1507900
26.45,-0.5,300,"bu","13:45:13",1507800
26.45,-0.5,200,"bu","13:45:11",1507500
26.45,-0.5,1900,"bu","13:45:04",1507300
26.45,-0.5,1200,"bu","13:45:01",1505400
26.45,-0.5,1000,"bu","13:44:52",1504200
26.45,-0.5,3100,"bu","13:44:51",1503200
26.4,-0.55,7100,"bu","13:44:51",1500100
26.4,-0.55,1000,"bu","13:44:17",1493000
26.4,-0.55,500,"bu","13:44:01",1492000
26.35,-0.6,400,"bu","13:43:36",1491500
26.35,-0.6,2000,"bu","13:43:32",1491100
26.35,-0.6,600,"bu","13:43:27",1489100
26.35,-0.6,1700,"bu","13:43:25",1488500
26.35,-0.6,1000,"bu","13:43:19",1486800
26.35,-0.6,1000,"bu","13:43:14",1485800
26.35,-0.6,100,"bu","13:42:57",1484800
26.35,-0.6,1000,"bu","13:42:56",1484700
26.35,-0.6,600,"bu","13:42:53",1483700
26.35,-0.6,2400,"bu","13:42:48",1483100
26.35,-0.6,500,"bu","13:42:01",1480700
26.35,-0.6,2000,"bu","13:41:52",1480200
26.3,-0.65,500,"sd","13:41:43",1478200
26.3,-0.65,2000,"sd","13:41:42",1477700
26.35,-0.6,2000,"bu","13:41:35",1475700
26.3,-0.65,3900,"bu","13:41:26",1473700
26.3,-0.65,200,"bu","13:41:17",1469800
26.3,-0.65,300,"bu","13:41:11",1469600
26.3,-0.65,100,"bu","13:41:01",1469300
26.3,-0.65,500,"bu","13:41:00",1469200
26.3,-0.65,2000,"bu","13:40:47",1468700
26.3,-0.65,2500,"bu","13:40:41",1466700
26.3,-0.65,500,"bu","13:40:36",1464200
26.3,-0.65,10000,"bu","13:40:22",1463700
26.25,-0.7,200,"sd","13:38:48",1453700
26.25,-0.7,1000,"bu","13:37:40",1453500
26.25,-0.7,1000,"bu","13:37:12",1452500
26.25,-0.7,100,"bu","13:37:11",1451500
26.25,-0.7,800,"bu","13:36:51",1451400
26.25,-0.7,500,"bu","13:35:56",1450600
26.25,-0.7,500,"bu","13:35:01",1450100
26.25,-0.7,500,"bu","13:34:30",1449600
26.25,-0.7,1000,"bu","13:34:10",1449100
26.2,-0.75,200,"sd","13:34:01",1448100
26.25,-0.7,100,"bu","13:33:23",1447900
26.2,-0.75,600,"sd","13:33:20",1447800
26.2,-0.75,500,"sd","13:33:05",1447200
26.25,-0.7,900,"sd","13:31:11",1446700
26.3,-0.65,100,"bu","13:30:56",1445800
26.25,-0.7,1000,"sd","13:30:47",1445700
26.25,-0.7,1300,"sd","13:30:30",1444700
26.3,-0.65,2400,"sd","13:29:47",1443400
26.3,-0.65,2000,"sd","13:29:42",1441000
26.3,-0.65,5000,"sd","13:29:31",1439000
26.3,-0.65,200,"sd","13:29:15",1434000
26.3,-0.65,300,"sd","13:28:52",1433800
26.35,-0.6,1000,"bu","13:28:37",1433500
26.35,-0.6,100,"bu","13:28:36",1432500
26.3,-0.65,700,"sd","13:28:22",1432400
26.3,-0.65,200,"sd","13:28:11",1431700
26.3,-0.65,4000,"sd","13:27:50",1431500
26.3,-0.65,500,"sd","13:27:35",1427500
26.3,-0.65,400,"sd","13:27:15",1427000
26.35,-0.6,900,"sd","13:26:35",1426600
26.35,-0.6,100,"bu","13:26:01",1425700
26.35,-0.6,200,"bu","13:25:57",1425600
26.35,-0.6,3700,"bu","13:25:50",1425400
26.35,-0.6,2000,"bu","13:23:00",1421700
26.3,-0.65,1000,"sd","13:21:12",1419700
26.3,-0.65,100,"sd","13:20:45",1418700
26.35,-0.6,1600,"bu","13:19:58",1418600
26.35,-0.6,400,"bu","13:19:57",1417000
26.3,-0.65,400,"sd","13:19:52",1416600
26.3,-0.65,1000,"sd","13:19:46",1416200
26.35,-0.6,600,"sd","13:19:18",1415200
26.35,-0.6,500,"sd","13:19:01",1414600
26.3,-0.65,2700,"sd","13:18:47",1414100
26.35,-0.6,1300,"sd","13:18:47",1411400
26.4,-0.55,100,"bu","13:18:03",1410100
26.4,-0.55,2000,"bu","13:17:48",1410000
26.4,-0.55,1500,"bu","13:17:28",1408000
26.4,-0.55,300,"bu","13:16:58",1406500
26.4,-0.55,200,"bu","13:16:26",1406200
26.4,-0.55,500,"bu","13:16:05",1406000
26.35,-0.6,1000,"sd","13:14:32",1405500
26.35,-0.6,1000,"bu","13:13:50",1404500
26.35,-0.6,1000,"bu","13:13:40",1403500
26.3,-0.65,1300,"sd","13:12:46",1402500
26.3,-0.65,400,"bu","13:12:32",1401200
26.3,-0.65,400,"bu","13:12:09",1400800
26.3,-0.65,300,"sd","13:10:50",1400400
26.3,-0.65,700,"bu","13:10:31",1400100
26.2,-0.75,2700,"sd","13:09:14",1399400
26.3,-0.65,1000,"bu","13:09:13",1396700
26.3,-0.65,2000,"bu","13:09:09",1395700
26.25,-0.7,2000,"sd","13:09:02",1393700
26.3,-0.65,1800,"sd","13:09:02",1391700
26.3,-0.65,3200,"bu","13:08:35",1389900
26.3,-0.65,100,"bu","13:08:33",1386700
26.3,-0.65,5500,"bu","13:08:30",1386600
26.3,-0.65,2000,"bu","13:08:21",1381100
26.2,-0.75,4000,"bu","13:07:37",1379100
26.2,-0.75,100,"bu","13:07:37",1375100
26.2,-0.75,1100,"bu","13:07:32",1375000
26.2,-0.75,5000,"bu","13:07:18",1373900
26.15,-0.8,100,"bu","13:06:55",1368900
26.15,-0.8,1000,"bu","13:06:54",1368800
26.15,-0.8,500,"bu","13:06:47",1367800
26.1,-0.85,100,"sd","13:06:17",1367300
26.1,-0.85,3200,"sd","13:06:12",1367200
26.1,-0.85,100,"sd","13:04:41",1364000
26.1,-0.85,400,"sd","13:04:09",1363900
26.1,-0.85,700,"sd","13:03:54",1363500
26.1,-0.85,4000,"sd","13:03:12",1362800
26.15,-0.8,200,"bu","13:03:00",1358800
26.15,-0.8,100,"bu","13:02:45",1358600
26.15,-0.8,100,"bu","13:02:35",1358500
26.1,-0.85,1000,"sd","13:02:23",1358400
26.1,-0.85,2000,"sd","13:01:55",1357400
26.1,-0.85,5000,"sd","13:01:51",1355400
26.1,-0.85,5000,"sd","13:01:26",1350400
26.15,-0.8,300,"sd","13:01:09",1345400
26.15,-0.8,1200,"bu","13:01:08",1345100
26.1,-0.85,200,"sd","13:00:57",1343900
26.1,-0.85,1000,"sd","13:00:29",1343700
26.15,-0.8,1000,"bu","13:00:18",1342700
26.15,-0.8,300,"sd","13:00:15",1341700
26.15,-0.8,9500,"sd","13:00:09",1341400
26.2,-0.75,2000,"bu","13:00:05",1331900
26.15,-0.8,9000,"sd","13:00:04",1329900
26.15,-0.8,700,"sd","13:00:02",1320900
26.15,-0.8,300,"sd","13:00:00",1320200
26.15,-0.8,600,"sd","11:29:36",1319900
26.2,-0.75,2300,"sd","11:28:47",1319300
26.2,-0.75,1000,"sd","11:26:43",1317000
26.2,-0.75,500,"sd","11:26:35",1316000
26.2,-0.75,1000,"sd","11:24:45",1315500
26.2,-0.75,2000,"sd","11:24:11",1314500
26.2,-0.75,400,"sd","11:23:12",1312500
26.2,-0.75,20000,"sd","11:22:46",1312100
26.2,-0.75,3400,"sd","11:22:14",1292100
26.3,-0.65,9800,"sd","11:21:45",1288700
26.3,-0.65,9400,"sd","11:21:22",1278900
26.4,-0.55,9000,"bu","11:21:17",1269500
26.3,-0.65,100,"sd","11:21:07",1260500
26.3,-0.65,1200,"sd","11:20:45",1260400
26.3,-0.65,1000,"sd","11:20:44",1259200
26.4,-0.55,1000,"sd","11:20:03",1258200
26.4,-0.55,19000,"bu","11:19:59",1257200
26.4,-0.55,400,"bu","11:18:47",1238200
26.25,-0.7,2600,"sd","11:18:01",1237800
26.4,-0.55,300,"bu","11:16:59",1235200
26.3,-0.65,700,"bu","11:16:59",1234900
26.3,-0.65,1300,"sd","11:16:55",1234200
26.4,-0.55,100,"bu","11:16:35",1232900
26.4,-0.55,100,"bu","11:16:20",1232800
26.4,-0.55,400,"bu","11:15:37",1232700
26.4,-0.55,1000,"bu","11:15:33",1232300
26.4,-0.55,2000,"bu","11:14:49",1231300
26.4,-0.55,100,"bu","11:14:44",1229300
26.45,-0.5,5300,"bu","11:14:01",1229200
26.45,-0.5,2300,"bu","11:13:44",1223900
26.45,-0.5,200,"sd","11:13:38",1221600
26.45,-0.5,4800,"bu","11:13:23",1221400
26.45,-0.5,3000,"bu","11:13:14",1216600
26.4,-0.55,1000,"bu","11:12:46",1213600
26.4,-0.55,2000,"bu","11:12:42",1212600
26.35,-0.6,1000,"bu","11:12:26",1210600
26.35,-0.6,3000,"bu","11:11:36",1209600
26.25,-0.7,400,"bu","11:11:29",1206600
26.2,-0.75,2700,"bu","11:11:13",1206200
26.2,-0.75,500,"bu","11:11:06",1203500
26.2,-0.75,900,"bu","11:10:50",1203000
26.15,-0.8,1000,"bu","11:10:50",1202100
26.1,-0.85,100,"bu","11:10:48",1201100
26.1,-0.85,2000,"bu","11:10:47",1201000
26.1,-0.85,500,"bu","11:10:43",1199000
26.1,-0.85,200,"bu","11:10:41",1198500
26.1,-0.85,1000,"bu","11:10:41",1198300
26.05,-0.9,500,"bu","11:10:34",1197300
26.05,-0.9,1000,"bu","11:10:30",1196800
26,-0.95,100,"sd","11:10:24",1195800
26,-0.95,5900,"bu","11:10:18",1195700
26,-0.95,3000,"bu","11:10:17",1189800
26,-0.95,500,"bu","11:10:16",1186800
26,-0.95,1000,"bu","11:10:12",1186300
25.95,-1,200,"bu","11:09:44",1185300
25.95,-1,500,"bu","11:09:39",1185100
25.9,-1.05,2300,"bu","11:09:25",1184600
25.9,-1.05,600,"bu","11:09:21",1182300
25.9,-1.05,1000,"bu","11:09:10",1181700
25.9,-1.05,500,"bu","11:09:09",1180700
25.9,-1.05,2400,"sd","11:09:09",1180200
25.95,-1,300,"bu","11:09:00",1177800
25.95,-1,1000,"bu","11:08:47",1177500
25.95,-1,500,"bu","11:08:46",1176500
25.95,-1,500,"bu","11:08:37",1176000
25.95,-1,100,"bu","11:08:26",1175500
25.95,-1,200,"bu","11:08:23",1175400
26,-0.95,500,"bu","11:08:09",1175200
26,-0.95,2000,"bu","11:08:00",1174700
26,-0.95,200,"bu","11:07:57",1172700
26,-0.95,100,"bu","11:07:56",1172500
26,-0.95,500,"bu","11:07:38",1172400
26,-0.95,100,"bu","11:07:36",1171900
26,-0.95,100,"bu","11:07:26",1171800
26,-0.95,100,"bu","11:07:08",1171700
26,-0.95,2800,"sd","11:07:07",1171600
26,-0.95,38400,"sd","11:07:07",1168800
26.05,-0.9,100,"bu","11:07:00",1130400
26.05,-0.9,100,"bu","11:06:50",1130300
26.05,-0.9,200,"bu","11:06:48",1130200
26.05,-0.9,100,"bu","11:06:40",1130000
26,-0.95,2000,"sd","11:06:37",1129900
26.05,-0.9,100,"bu","11:06:18",1127900
26.05,-0.9,100,"bu","11:05:57",1127800
26.05,-0.9,5900,"sd","11:05:56",1127700
26.1,-0.85,100,"bu","11:05:51",1121800
26.1,-0.85,100,"bu","11:05:39",1121700
26.05,-0.9,1800,"sd","11:05:37",1121600
26.1,-0.85,100,"sd","11:05:31",1119800
26.05,-0.9,100,"sd","11:04:28",1119700
26.05,-0.9,7000,"sd","11:04:17",1119600
26.05,-0.9,8900,"sd","11:03:40",1112600
26.1,-0.85,1100,"sd","11:03:40",1103700
26.1,-0.85,2000,"sd","11:03:37",1102600
26.1,-0.85,500,"sd","11:03:33",1100600
26.1,-0.85,200,"sd","11:03:26",1100100
26.1,-0.85,2000,"sd","11:03:21",1099900
26.1,-0.85,5000,"sd","11:03:16",1097900
26.1,-0.85,2100,"sd","11:03:02",1092900
26.1,-0.85,7000,"sd","11:03:01",1090800
26.1,-0.85,500,"sd","11:02:49",1083800
26.1,-0.85,14000,"sd","11:02:28",1083300
26.1,-0.85,2600,"sd","11:02:19",1069300
26.15,-0.8,6200,"sd","11:02:19",1066700
26.15,-0.8,3000,"sd","11:02:13",1060500
26.15,-0.8,1000,"sd","11:01:50",1057500
26.15,-0.8,2900,"sd","11:01:30",1056500
26.2,-0.75,2000,"bu","11:01:30",1053600
26.2,-0.75,4100,"sd","11:01:27",1051600
26.2,-0.75,600,"sd","11:01:14",1047500
26.25,-0.7,200,"bu","11:01:07",1046900
26.2,-0.75,5000,"sd","11:01:00",1046700
26.2,-0.75,2000,"sd","11:00:53",1041700
26.2,-0.75,5000,"sd","11:00:42",1039700
26.25,-0.7,100,"bu","11:00:12",1034700
26.25,-0.7,4100,"sd","10:59:51",1034600
26.25,-0.7,100,"sd","10:59:41",1030500
26.25,-0.7,1700,"sd","10:59:32",1030400
26.3,-0.65,8300,"sd","10:59:32",1028700
26.3,-0.65,10000,"sd","10:59:20",1020400
26.3,-0.65,1000,"sd","10:59:09",1010400
26.3,-0.65,400,"sd","10:59:03",1009400
26.35,-0.6,5000,"sd","10:58:49",1009000
26.35,-0.6,5000,"sd","10:58:46",1004000
26.4,-0.55,2100,"sd","10:57:56",999000
26.4,-0.55,5000,"sd","10:57:52",996900
26.4,-0.55,5000,"sd","10:57:15",991900
26.45,-0.5,1000,"bu","10:56:42",986900
26.4,-0.55,3000,"sd","10:56:06",985900
26.4,-0.55,1700,"sd","10:55:19",982900
26.45,-0.5,500,"bu","10:54:41",981200
26.45,-0.5,3000,"bu","10:54:29",980700
26.4,-0.55,1000,"sd","10:54:07",977700
26.45,-0.5,1000,"bu","10:54:02",976700
26.45,-0.5,5000,"bu","10:53:34",975700
26.45,-0.5,100,"bu","10:52:58",970700
26.4,-0.55,100,"sd","10:52:32",970600
26.4,-0.55,200,"sd","10:52:26",970500
26.45,-0.5,500,"bu","10:51:58",970300
26.45,-0.5,1800,"sd","10:49:51",969800
26.45,-0.5,500,"sd","10:49:33",968000
26.4,-0.55,1400,"sd","10:49:01",967500
26.45,-0.5,3600,"sd","10:49:01",966100
26.45,-0.5,500,"sd","10:48:58",962500
26.5,-0.45,300,"bu","10:48:55",962000
26.45,-0.5,900,"bu","10:48:48",961700
26.4,-0.55,1500,"sd","10:47:14",960800
26.4,-0.55,400,"sd","10:47:00",959300
26.45,-0.5,3000,"bu","10:47:00",958900
26.4,-0.55,600,"sd","10:46:40",955900
26.4,-0.55,3000,"sd","10:46:39",955300
26.5,-0.45,3400,"bu","10:46:19",952300
26.5,-0.45,2600,"bu","10:46:14",948900
26.5,-0.45,900,"bu","10:46:06",946300
26.5,-0.45,1100,"bu","10:46:05",945400
26.5,-0.45,100,"bu","10:45:50",944300
26.35,-0.6,100,"sd","10:44:39",944200
26.4,-0.55,2900,"bu","10:44:36",944000
26.35,-0.6,700,"sd","10:44:28",941100
26.35,-0.6,800,"bu","10:44:13",940400
26.35,-0.6,600,"bu","10:44:12",939600
26.35,-0.6,800,"bu","10:44:09",939000
26.3,-0.65,7400,"bu","10:43:57",938200
26.3,-0.65,1000,"bu","10:43:55",930800
26.3,-0.65,200,"bu","10:43:54",929800
26.3,-0.65,1300,"bu","10:43:52",929600
26.3,-0.65,500,"bu","10:43:47",928300
26.3,-0.65,400,"bu","10:43:44",927800
26.3,-0.65,200,"bu","10:43:44",927400
26.25,-0.7,1000,"bu","10:43:03",927200
26.25,-0.7,500,"bu","10:42:54",926200
26.2,-0.75,500,"sd","10:42:52",925700
26.25,-0.7,5000,"bu","10:42:50",925200
26.25,-0.7,5800,"bu","10:42:46",920200
26.2,-0.75,400,"sd","10:42:35",914400
26.25,-0.7,4500,"bu","10:42:30",914000
26.25,-0.7,200,"bu","10:42:28",909500
26.25,-0.7,500,"bu","10:42:19",909300
26.2,-0.75,400,"sd","10:42:19",908800
26.25,-0.7,2000,"bu","10:42:18",908400
26.25,-0.7,1000,"bu","10:42:15",906400
26.25,-0.7,4000,"bu","10:42:00",905400
26.2,-0.75,1000,"bu","10:42:00",901400
26.2,-0.75,2000,"bu","10:41:57",900400
26.15,-0.8,600,"bu","10:41:53",898400
26.15,-0.8,100,"bu","10:41:36",897800
26.15,-0.8,4300,"sd","10:41:35",897700
26.2,-0.75,900,"bu","10:41:28",893400
26.2,-0.75,400,"bu","10:41:26",892500
26.2,-0.75,500,"sd","10:41:22",892100
26.2,-0.75,200,"sd","10:41:06",891600
26.2,-0.75,500,"sd","10:41:01",891400
26.2,-0.75,100,"sd","10:40:55",890900
26.2,-0.75,1600,"sd","10:40:50",890800
26.25,-0.7,200,"bu","10:40:49",889200
26.2,-0.75,3000,"sd","10:40:48",889000
26.25,-0.7,100,"bu","10:40:47",886000
26.25,-0.7,500,"bu","10:40:46",885900
26.25,-0.7,500,"bu","10:40:38",885400
26.25,-0.7,200,"sd","10:40:35",884900
26.25,-0.7,800,"sd","10:40:26",884700
26.25,-0.7,1100,"sd","10:39:51",883900
26.3,-0.65,3900,"sd","10:39:51",882800
26.4,-0.55,100,"bu","10:39:46",878900
26.3,-0.65,300,"sd","10:39:46",878800
26.3,-0.65,1500,"sd","10:39:45",878500
26.35,-0.6,200,"sd","10:39:45",877000
26.35,-0.6,400,"sd","10:39:45",876800
26.4,-0.55,200,"bu","10:39:24",876400
26.4,-0.55,6800,"sd","10:39:23",876200
26.4,-0.55,20000,"sd","10:39:18",869400
26.45,-0.5,800,"sd","10:39:13",849400
26.45,-0.5,200,"sd","10:39:11",848600
26.4,-0.55,1000,"sd","10:39:09",848400
26.45,-0.5,9000,"sd","10:39:09",847400
26.45,-0.5,3000,"sd","10:38:54",838400
26.45,-0.5,1000,"sd","10:38:49",835400
26.5,-0.45,200,"bu","10:38:45",834400
26.45,-0.5,5000,"sd","10:38:45",834200
26.45,-0.5,6200,"sd","10:38:13",829200
26.5,-0.45,800,"sd","10:37:56",823000
26.5,-0.45,2300,"sd","10:37:55",822200
26.5,-0.45,5500,"sd","10:37:54",819900
26.5,-0.45,500,"sd","10:37:53",814400
26.5,-0.45,2500,"sd","10:37:50",813900
26.5,-0.45,1000,"sd","10:37:49",811400
26.5,-0.45,400,"sd","10:37:47",810400
26.5,-0.45,3000,"sd","10:37:45",810000
26.5,-0.45,44800,"sd","10:37:37",807000
26.5,-0.45,900,"sd","10:37:34",762200
26.5,-0.45,5000,"sd","10:37:33",761300
26.5,-0.45,1000,"sd","10:37:32",756300
26.5,-0.45,3800,"sd","10:37:28",755300
26.5,-0.45,1000,"sd","10:37:27",751500
26.5,-0.45,1200,"sd","10:37:24",750500
26.5,-0.45,1000,"sd","10:37:20",749300
26.55,-0.4,200,"bu","10:37:19",748300
26.55,-0.4,1000,"bu","10:36:53",748100
26.5,-0.45,2000,"sd","10:36:47",747100
26.55,-0.4,30500,"sd","10:36:40",745100
26.55,-0.4,6000,"sd","10:36:38",714600
26.55,-0.4,1000,"sd","10:36:33",708600
26.6,-0.35,1200,"sd","10:35:41",707600
26.6,-0.35,21600,"sd","10:35:05",706400
26.7,-0.25,200,"sd","10:34:00",684800
26.7,-0.25,4800,"bu","10:33:21",684600
26.6,-0.35,5800,"sd","10:33:17",679800
26.65,-0.3,10300,"sd","10:33:17",674000
26.65,-0.3,400,"sd","10:32:07",663700
26.7,-0.25,500,"bu","10:32:05",663300
26.7,-0.25,1000,"bu","10:30:54",662800
26.7,-0.25,300,"bu","10:30:02",661800
26.65,-0.3,300,"sd","10:29:34",661500
26.65,-0.3,200,"sd","10:29:29",661200
26.7,-0.25,100,"bu","10:29:18",661000
26.7,-0.25,2000,"bu","10:28:19",660900
26.7,-0.25,100,"bu","10:27:56",658900
26.7,-0.25,1000,"bu","10:27:22",658800
26.6,-0.35,600,"bu","10:26:51",657800
26.6,-0.35,500,"bu","10:26:42",657200
26.6,-0.35,1000,"bu","10:26:40",656700
26.55,-0.4,500,"sd","10:26:39",655700
26.6,-0.35,500,"bu","10:26:24",655200
26.6,-0.35,500,"bu","10:26:18",654700
26.55,-0.4,300,"sd","10:26:17",654200
26.6,-0.35,100,"bu","10:26:11",653900
26.6,-0.35,500,"bu","10:26:10",653800
26.6,-0.35,300,"bu","10:25:54",653300
26.6,-0.35,1000,"bu","10:25:51",653000
26.6,-0.35,200,"bu","10:25:32",652000
26.6,-0.35,500,"bu","10:25:28",651800
26.6,-0.35,1000,"bu","10:25:25",651300
26.6,-0.35,500,"bu","10:24:37",650300
26.6,-0.35,300,"bu","10:24:01",649800
26.55,-0.4,100,"sd","10:23:56",649500
26.6,-0.35,100,"bu","10:23:43",649400
26.6,-0.35,27000,"sd","10:23:18",649300
26.65,-0.3,400,"sd","10:23:18",622300
26.7,-0.25,1000,"bu","10:22:31",621900
26.65,-0.3,1800,"sd","10:21:43",620900
26.7,-0.25,1700,"sd","10:21:14",619100
26.75,-0.2,1000,"bu","10:21:07",617400
26.7,-0.25,1300,"bu","10:20:29",616400
26.7,-0.25,200,"sd","10:20:17",615100
26.7,-0.25,800,"sd","10:19:37",614900
26.7,-0.25,500,"sd","10:19:29",614100
26.7,-0.25,500,"sd","10:19:25",613600
26.8,-0.15,100,"sd","10:18:03",613100
26.8,-0.15,100,"sd","10:17:35",613000
26.85,-0.1,500,"bu","10:17:31",612900
26.85,-0.1,300,"bu","10:16:38",612400
26.8,-0.15,500,"bu","10:16:38",612100
26.7,-0.25,5000,"sd","10:16:36",611600
26.85,-0.1,1000,"bu","10:16:24",606600
26.85,-0.1,200,"bu","10:16:19",605600
26.85,-0.1,1000,"bu","10:15:49",605400
26.85,-0.1,1000,"bu","10:14:50",604400
26.7,-0.25,1500,"sd","10:14:12",603400
26.7,-0.25,800,"bu","10:14:07",601900
26.7,-0.25,1100,"bu","10:13:43",601100
26.7,-0.25,1000,"bu","10:13:27",600000
26.7,-0.25,15000,"bu","10:13:26",599000
26.7,-0.25,500,"bu","10:13:16",584000
26.6,-0.35,11000,"bu","10:12:57",583500
26.55,-0.4,2000,"bu","10:12:00",572500
26.55,-0.4,200,"bu","10:11:59",570500
26.55,-0.4,1000,"bu","10:11:57",570300
26.55,-0.4,1000,"bu","10:11:54",569300
26.55,-0.4,1700,"bu","10:11:53",568300
26.55,-0.4,500,"bu","10:11:43",566600
26.55,-0.4,3500,"bu","10:11:35",566100
26.55,-0.4,500,"bu","10:11:31",562600
26.55,-0.4,300,"bu","10:11:30",562100
26.55,-0.4,5000,"bu","10:11:18",561800
26.55,-0.4,100,"bu","10:11:06",556800
26.5,-0.45,3000,"sd","10:10:35",556700
26.5,-0.45,1200,"sd","10:10:34",553700
26.5,-0.45,1500,"bu","10:10:31",552500
26.5,-0.45,200,"bu","10:10:28",551000
26.5,-0.45,300,"sd","10:10:21",550800
26.5,-0.45,5000,"sd","10:10:06",550500
26.5,-0.45,1000,"sd","10:09:50",545500
26.55,-0.4,1000,"bu","10:09:20",544500
26.5,-0.45,1500,"sd","10:09:19",543500
26.55,-0.4,8200,"sd","10:09:13",542000
26.55,-0.4,1000,"bu","10:08:50",533800
26.55,-0.4,200,"bu","10:08:47",532800
26.55,-0.4,3000,"bu","10:08:39",532600
26.5,-0.45,3400,"sd","10:08:26",529600
26.5,-0.45,4000,"sd","10:08:02",526200
26.5,-0.45,500,"sd","10:08:01",522200
26.5,-0.45,500,"sd","10:07:44",521700
26.5,-0.45,700,"bu","10:06:42",521200
26.45,-0.5,500,"sd","10:06:39",520500
26.45,-0.5,1000,"sd","10:06:37",520000
26.5,-0.45,500,"bu","10:06:37",519000
26.45,-0.5,2400,"bu","10:06:27",518500
26.45,-0.5,2600,"sd","10:06:20",516100
26.45,-0.5,100,"sd","10:05:58",513500
26.45,-0.5,4000,"sd","10:05:51",513400
26.5,-0.45,300,"bu","10:05:44",509400
26.5,-0.45,100,"bu","10:05:41",509100
26.5,-0.45,1200,"sd","10:05:33",509000
26.5,-0.45,500,"sd","10:05:25",507800
26.5,-0.45,10300,"sd","10:05:24",507300
26.6,-0.35,400,"bu","10:05:24",497000
26.5,-0.45,5700,"sd","10:05:23",496600
26.55,-0.4,14300,"sd","10:05:23",490900
26.55,-0.4,14400,"sd","10:05:19",476600
26.6,-0.35,500,"bu","10:05:17",462200
26.6,-0.35,500,"bu","10:05:16",461700
26.6,-0.35,3900,"sd","10:05:13",461200
26.6,-0.35,4800,"sd","10:05:04",457300
26.6,-0.35,2200,"sd","10:05:04",452500
26.6,-0.35,500,"sd","10:04:40",450300
26.6,-0.35,300,"sd","10:04:33",449800
26.6,-0.35,2000,"sd","10:04:33",449500
26.6,-0.35,2800,"sd","10:03:56",447500
26.6,-0.35,3000,"sd","10:03:52",444400
26.6,-0.35,200,"sd","10:03:48",441400
26.65,-0.3,800,"sd","10:03:41",441200
26.65,-0.3,300,"bu","10:03:24",440400
26.65,-0.3,100,"bu","10:03:18",440100
26.65,-0.3,200,"bu","10:03:17",440000
26.65,-0.3,100,"bu","10:02:58",439800
26.65,-0.3,1300,"sd","10:02:44",439700
26.65,-0.3,5900,"sd","10:02:29",438400
26.65,-0.3,1000,"sd","10:02:07",432500
26.65,-0.3,700,"sd","10:01:44",431500
26.65,-0.3,400,"sd","10:01:43",430800
26.65,-0.3,500,"sd","10:01:35",430400
26.65,-0.3,10000,"sd","10:01:32",429900
26.65,-0.3,4800,"sd","10:01:14",419900
26.65,-0.3,2500,"sd","10:00:35",415100
26.65,-0.3,700,"sd","10:00:26",412600
26.7,-0.25,4000,"bu","10:00:05",411900
26.65,-0.3,1000,"sd","10:00:05",407900
26.65,-0.3,500,"sd","09:59:51",406900
26.65,-0.3,4000,"sd","09:59:49",406400
26.7,-0.25,16400,"sd","09:59:38",402400
26.8,-0.15,13600,"sd","09:59:38",386000
26.85,-0.1,1200,"sd","09:59:35",372400
26.85,-0.1,100,"sd","09:59:34",371200
26.85,-0.1,1000,"sd","09:59:33",371100
26.85,-0.1,3000,"sd","09:59:28",370100
26.85,-0.1,500,"sd","09:59:11",367100
26.9,-0.05,600,"bu","09:59:02",366600
26.95,0,3000,"bu","09:58:34",366000
26.9,-0.05,2000,"bu","09:58:34",363000
26.95,0,1000,"bu","09:57:46",361000
26.95,0,2000,"bu","09:57:30",360000
26.95,0,3000,"bu","09:57:09",358000
26.95,0,5000,"bu","09:56:45",355000
26.9,-0.05,1000,"bu","09:55:45",350000
26.95,0,1900,"sd","09:55:39",349000
26.95,0,6700,"bu","09:55:27",347100
26.9,-0.05,1400,"bu","09:55:27",340400
26.85,-0.1,100,"sd","09:55:27",339000
26.85,-0.1,1600,"bu","09:55:16",338900
26.8,-0.15,1000,"sd","09:55:13",337300
26.8,-0.15,300,"sd","09:55:08",336300
26.8,-0.15,300,"bu","09:55:01",336000
26.8,-0.15,200,"bu","09:54:57",335700
26.8,-0.15,1000,"bu","09:54:42",335500
26.8,-0.15,1000,"bu","09:54:35",334500
26.7,-0.25,200,"sd","09:54:11",333500
26.65,-0.3,1700,"sd","09:54:08",333300
26.65,-0.3,500,"sd","09:53:50",331600
26.8,-0.15,1000,"sd","09:53:50",331100
26.8,-0.15,100,"bu","09:53:37",330100
26.65,-0.3,1700,"sd","09:53:36",330000
26.7,-0.25,3300,"sd","09:53:36",328300
26.65,-0.3,300,"sd","09:53:25",325000
26.65,-0.3,200,"sd","09:53:23",324700
26.65,-0.3,400,"sd","09:53:04",324500
26.65,-0.3,6400,"bu","09:52:57",324100
26.65,-0.3,500,"bu","09:52:55",317700
26.6,-0.35,5100,"sd","09:52:55",317200
26.65,-0.3,500,"bu","09:52:49",312100
26.6,-0.35,200,"sd","09:52:34",311600
26.65,-0.3,1000,"bu","09:52:33",311400
26.6,-0.35,700,"sd","09:52:01",310400
26.65,-0.3,5000,"bu","09:51:57",309700
26.6,-0.35,5000,"sd","09:51:55",304700
26.6,-0.35,5000,"sd","09:51:46",299700
26.6,-0.35,14000,"sd","09:51:45",294700
26.6,-0.35,15000,"sd","09:51:35",280700
26.65,-0.3,900,"sd","09:51:29",265700
26.65,-0.3,600,"bu","09:51:06",264800
26.65,-0.3,6000,"bu","09:50:55",264200
26.6,-0.35,2900,"sd","09:50:45",258200
26.65,-0.3,1000,"bu","09:50:44",255300
26.6,-0.35,300,"sd","09:50:30",254300
26.65,-0.3,100,"bu","09:50:24",254000
26.6,-0.35,200,"sd","09:50:23",253900
26.6,-0.35,300,"sd","09:50:12",253700
26.65,-0.3,3000,"bu","09:50:10",253400
26.65,-0.3,500,"bu","09:50:06",250400
26.65,-0.3,600,"bu","09:50:03",249900
26.65,-0.3,100,"bu","09:50:00",249300
26.65,-0.3,500,"bu","09:49:52",249200
26.65,-0.3,4000,"sd","09:49:51",248700
26.65,-0.3,3000,"sd","09:49:44",244700
26.7,-0.25,2100,"sd","09:49:09",241700
26.8,-0.15,500,"bu","09:49:01",239600
26.7,-0.25,1500,"sd","09:48:57",239100
26.75,-0.2,500,"sd","09:48:57",237600
26.8,-0.15,12800,"sd","09:48:44",237100
26.85,-0.1,1000,"sd","09:48:44",224300
26.85,-0.1,1000,"sd","09:48:43",223300
26.9,-0.05,3700,"sd","09:48:31",222300
26.9,-0.05,1000,"sd","09:48:23",218600
27,0.05,3000,"bu","09:48:13",217600
26.95,0,2000,"bu","09:48:13",214600
26.9,-0.05,1000,"sd","09:48:12",212600
27,0.05,1100,"bu","09:48:03",211600
26.95,0,3900,"bu","09:48:03",210500
26.95,0,5000,"bu","09:48:00",206600
26.95,0,11100,"sd","09:47:52",201600
26.95,0,5000,"sd","09:47:49",190500
27,0.05,22200,"sd","09:47:35",185500
27,0.05,5000,"sd","09:47:22",163300
27,0.05,10000,"sd","09:47:21",158300
27,0.05,300,"sd","09:47:11",148300
27,0.05,1000,"sd","09:47:10",148000
27,0.05,400,"sd","09:47:05",147000
27,0.05,600,"sd","09:47:02",146600
27,0.05,500,"sd","09:46:55",146000
27,0.05,900,"sd","09:46:46",145500
27,0.05,300,"sd","09:46:45",144600
27.05,0.1,200,"sd","09:45:34",144300
27.05,0.1,500,"sd","09:45:32",144100
27.05,0.1,100,"sd","09:45:15",143600
27.05,0.1,1000,"sd","09:45:12",143500
27.05,0.1,100,"sd","09:43:49",142500
27.05,0.1,1100,"sd","09:43:41",142400
27.05,0.1,2000,"sd","09:43:37",141300
27.05,0.1,100,"sd","09:43:17",139300
27,0.05,200,"sd","09:42:54",139200
27.05,0.1,800,"sd","09:42:54",139000
27.05,0.1,700,"sd","09:42:51",138200
27.05,0.1,500,"bu","09:42:37",137500
27.05,0.1,200,"sd","09:41:29",137000
27.05,0.1,1200,"sd","09:41:28",136800
27.05,0.1,2000,"sd","09:41:05",135600
27.1,0.15,1000,"sd","09:40:12",133600
27.1,0.15,600,"sd","09:40:00",132600
27.1,0.15,1000,"sd","09:39:32",132000
27.1,0.15,500,"sd","09:39:21",131000
27.1,0.15,100,"sd","09:39:13",130500
27.1,0.15,1000,"sd","09:39:04",130400
27.1,0.15,1000,"sd","09:39:02",129400
27.1,0.15,1000,"sd","09:39:01",128400
27.1,0.15,1000,"sd","09:38:53",127400
27.1,0.15,5000,"sd","09:38:51",126400
27.1,0.15,400,"sd","09:38:25",121400
27.1,0.15,1000,"sd","09:38:01",121000
27.1,0.15,1000,"sd","09:37:50",120000
27.1,0.15,1000,"sd","09:37:27",119000
27.1,0.15,1000,"sd","09:37:16",118000
27.1,0.15,100,"sd","09:36:47",117000
27.1,0.15,500,"sd","09:36:43",116900
27.1,0.15,500,"sd","09:36:41",116400
27.15,0.2,6000,"sd","09:35:04",115900
27.15,0.2,2000,"sd","09:34:37",109900
27.15,0.2,3000,"sd","09:34:32",107900
27.15,0.2,500,"sd","09:34:28",104900
27.15,0.2,1800,"sd","09:33:52",104400
27.15,0.2,100,"sd","09:32:44",102600
27.2,0.25,500,"bu","09:32:39",102500
27.2,0.25,1900,"bu","09:31:54",102000
27.15,0.2,500,"sd","09:30:35",100100
27.15,0.2,100,"sd","09:30:24",99600
27.15,0.2,1000,"sd","09:29:53",99500
27.2,0.25,100,"bu","09:28:54",98500
27.15,0.2,300,"sd","09:28:20",98400
27.2,0.25,5000,"bu","09:28:05",98100
27.2,0.25,2500,"bu","09:27:57",93100
27.15,0.2,2500,"bu","09:27:57",90600
27.15,0.2,1000,"bu","09:27:28",88100
27.15,0.2,500,"bu","09:27:26",87100
27.15,0.2,500,"bu","09:27:16",86600
27.15,0.2,1000,"bu","09:27:02",86100
27.15,0.2,10000,"bu","09:27:00",85100
27.15,0.2,100,"bu","09:26:52",75100
27.15,0.2,6000,"bu","09:26:48",75000
27.15,0.2,100,"bu","09:26:11",69000
27.15,0.2,200,"bu","09:26:00",68900
27.15,0.2,1000,"bu","09:25:52",68700
27.15,0.2,200,"bu","09:25:51",67700
27.15,0.2,6000,"bu","09:25:10",67500
27.1,0.15,500,"sd","09:24:29",61500
27.1,0.15,2400,"sd","09:24:01",61000
27.1,0.15,300,"sd","09:23:31",58600
27.1,0.15,1000,"sd","09:22:46",58300
27.1,0.15,500,"sd","09:22:12",57300
27.1,0.15,500,"sd","09:22:05",56800
27.1,0.15,200,"sd","09:21:39",56300
27.15,0.2,100,"bu","09:21:09",56100
27.15,0.2,200,"bu","09:20:56",56000
27.15,0.2,500,"bu","09:20:42",55800
27.15,0.2,2600,"sd","09:20:19",55300
27.15,0.2,200,"sd","09:20:11",52700
27.15,0.2,1000,"sd","09:20:09",52500
27.2,0.25,600,"bu","09:20:09",51500
27.2,0.25,300,"bu","09:19:32",50900
27.15,0.2,500,"sd","09:19:31",50600
27.15,0.2,100,"sd","09:19:28",50100
27.2,0.25,1000,"bu","09:19:27",50000
27.15,0.2,500,"sd","09:19:21",49000
27.2,0.25,500,"bu","09:19:03",48500
27.15,0.2,800,"sd","09:18:20",48000
27.15,0.2,100,"sd","09:18:02",47200
27.15,0.2,100,"sd","09:17:58",47100
27.2,0.25,7900,"sd","09:17:47",47000
27.2,0.25,100,"sd","09:17:44",39100
27.2,0.25,1000,"sd","09:17:43",39000
27.25,0.3,4500,"bu","09:17:31",38000
27.2,0.25,3000,"bu","09:16:54",33500
27.2,0.25,2000,"bu","09:16:43",30500
27.15,0.2,300,"sd","09:16:29",28500
27.2,0.25,1200,"bu","09:16:29",28200
27.15,0.2,4200,"bu","09:15:46",27000
27.1,0.15,100,"sd","09:15:27",22800
27.1,0.15,400,"bu","09:15:27",22700
27.1,0.15,1000,"bu","09:15:22",22300
27.1,0.15,3000,"bu","09:15:14",21300
27.05,0.1,18300,"","09:15:02",18300
