"price","change","match_qtty","side","time","total_vol"
13,0,207000,"","14:45:05",6952700
13,0,30800,"sd","14:29:58",6745700
13,0,7600,"sd","14:29:57",6714900
13,0,600,"sd","14:29:57",6707300
13.05,0.05,1300,"bu","14:29:41",6706700
13.05,0.05,500,"bu","14:29:33",6705400
13.05,0.05,200,"bu","14:29:15",6704900
13.05,0.05,1000,"bu","14:29:12",6704700
13.05,0.05,500,"bu","14:29:07",6703700
13.05,0.05,5000,"bu","14:29:06",6703200
13.05,0.05,5000,"bu","14:29:01",6698200
13.05,0.05,1000,"bu","14:28:47",6693200
13.05,0.05,3000,"bu","14:28:24",6692200
13.05,0.05,6500,"sd","14:28:23",6689200
13.05,0.05,1000,"sd","14:28:21",6682700
13.05,0.05,7100,"bu","14:28:10",6681700
13.05,0.05,6000,"bu","14:28:08",6674600
13.05,0.05,900,"bu","14:28:07",6668600
13.05,0.05,2100,"bu","14:28:06",6667700
13.05,0.05,10000,"bu","14:28:01",6665600
13.05,0.05,300,"bu","14:27:58",6655600
13.05,0.05,3000,"bu","14:27:21",6655300
13.05,0.05,34000,"bu","14:27:17",6652300
13.05,0.05,5000,"bu","14:27:06",6618300
13.05,0.05,1000,"bu","14:27:04",6613300
13.05,0.05,200,"bu","14:26:58",6612300
13.05,0.05,1000,"bu","14:26:32",6612100
13.05,0.05,2000,"bu","14:26:31",6611100
13.05,0.05,2000,"bu","14:26:26",6609100
13.05,0.05,1000,"bu","14:26:25",6607100
13.05,0.05,100,"bu","14:26:23",6606100
13.05,0.05,49200,"sd","14:26:08",6606000
13.05,0.05,16600,"bu","14:25:58",6556800
13,0,100,"sd","14:25:57",6540200
13.05,0.05,29000,"bu","14:25:55",6540100
13.05,0.05,3000,"bu","14:25:51",6511100
13.05,0.05,800,"bu","14:25:49",6508100
13.05,0.05,600,"sd","14:25:47",6507300
13.05,0.05,1600,"bu","14:25:45",6506700
13.05,0.05,800,"bu","14:25:44",6505100
13.05,0.05,36100,"bu","14:25:32",6504300
13.05,0.05,11500,"sd","14:25:28",6468200
13.05,0.05,4000,"sd","14:25:21",6456700
13.05,0.05,9000,"bu","14:25:12",6452700
13.05,0.05,100,"bu","14:25:11",6443700
13.05,0.05,10000,"bu","14:25:08",6443600
13.05,0.05,500,"bu","14:25:06",6433600
13.05,0.05,5200,"bu","14:25:05",6433100
13.05,0.05,100,"bu","14:25:03",6427900
13.05,0.05,2000,"bu","14:25:01",6427800
13.05,0.05,20000,"bu","14:24:53",6425800
13.05,0.05,10000,"bu","14:24:37",6405800
13.05,0.05,5000,"bu","14:24:31",6395800
13.05,0.05,100,"bu","14:24:29",6390800
13.05,0.05,700,"bu","14:24:25",6390700
13.05,0.05,3000,"bu","14:24:22",6390000
13.05,0.05,500,"bu","14:24:21",6387000
13,0,100,"sd","14:24:19",6386500
13.05,0.05,1000,"bu","14:24:16",6386400
13.05,0.05,14500,"bu","14:24:13",6385400
13.05,0.05,500,"bu","14:24:09",6370900
13.05,0.05,100,"bu","14:24:05",6370400
13.05,0.05,100,"bu","14:24:00",6370300
13.05,0.05,200,"bu","14:23:54",6370200
13.05,0.05,100,"bu","14:23:48",6370000
13.05,0.05,1000,"bu","14:23:46",6369900
13.05,0.05,500,"bu","14:23:20",6368900
13.05,0.05,200,"bu","14:23:10",6368400
13.05,0.05,100,"bu","14:23:09",6368200
13.05,0.05,100,"bu","14:23:06",6368100
13.05,0.05,2000,"bu","14:22:59",6368000
13.05,0.05,5000,"bu","14:22:57",6366000
13.05,0.05,300,"bu","14:22:53",6361000
13.05,0.05,300,"bu","14:22:52",6360700
13.05,0.05,1000,"bu","14:22:50",6360400
13.05,0.05,2000,"bu","14:22:42",6359400
13.05,0.05,5000,"bu","14:22:42",6357400
13.05,0.05,100,"bu","14:22:39",6352400
13.05,0.05,3500,"bu","14:22:35",6352300
13.05,0.05,5000,"bu","14:22:33",6348800
13.05,0.05,20000,"bu","14:22:29",6343800
13.05,0.05,300,"bu","14:22:28",6323800
13.05,0.05,2100,"bu","14:22:26",6323500
13.05,0.05,24800,"bu","14:22:19",6321400
13.05,0.05,600,"bu","14:22:16",6296600
13.05,0.05,300,"bu","14:22:09",6296000
13.05,0.05,100,"bu","14:22:08",6295700
13.05,0.05,3000,"bu","14:22:07",6295600
13.05,0.05,5000,"bu","14:22:01",6292600
13.05,0.05,11500,"bu","14:22:00",6287600
13.05,0.05,500,"bu","14:21:55",6276100
13.05,0.05,100,"bu","14:21:53",6275600
13.05,0.05,4400,"bu","14:21:46",6275500
13.05,0.05,300,"bu","14:21:44",6271100
13.05,0.05,1000,"bu","14:21:27",6270800
13.05,0.05,600,"bu","14:21:25",6269800
13.05,0.05,200,"bu","14:20:38",6269200
13.05,0.05,100,"bu","14:20:18",6269000
13,0,1200,"sd","14:19:27",6268900
13.05,0.05,5000,"bu","14:19:20",6267700
13,0,2000,"sd","14:18:46",6262700
13,0,4000,"sd","14:18:37",6260700
13.05,0.05,16000,"bu","14:18:29",6256700
13,0,10000,"sd","14:17:26",6240700
13,0,1000,"sd","14:16:46",6230700
13,0,1900,"sd","14:16:37",6229700
13,0,1900,"sd","14:16:18",6227800
13,0,500,"sd","14:16:16",6225900
13,0,5400,"sd","14:16:06",6225400
13,0,2000,"sd","14:15:50",6220000
13,0,14800,"sd","14:15:47",6218000
13,0,5200,"sd","14:15:46",6203200
13,0,5400,"sd","14:15:01",6198000
13,0,800,"sd","14:14:55",6192600
13,0,1900,"sd","14:14:51",6191800
13,0,700,"sd","14:14:42",6189900
13,0,1200,"sd","14:14:42",6189200
13,0,5400,"sd","14:14:21",6188000
13,0,5400,"sd","14:13:53",6182600
13,0,500,"sd","14:13:40",6177200
13.05,0.05,1500,"bu","14:13:35",6176700
13.05,0.05,500,"bu","14:13:33",6175200
13.05,0.05,1000,"bu","14:13:25",6174700
13.05,0.05,1900,"bu","14:13:09",6173700
13.05,0.05,200,"bu","14:12:42",6171800
13.05,0.05,3000,"bu","14:12:39",6171600
13.05,0.05,100,"bu","14:12:31",6168600
13.05,0.05,100,"bu","14:12:27",6168500
13.05,0.05,500,"bu","14:12:21",6168400
13.05,0.05,15500,"bu","14:12:14",6167900
13,0,5000,"sd","14:12:12",6152400
13.05,0.05,1000,"bu","14:12:09",6147400
13.05,0.05,4000,"bu","14:12:05",6146400
13.05,0.05,1000,"bu","14:11:42",6142400
13.05,0.05,400,"bu","14:11:09",6141400
13.05,0.05,500,"bu","14:10:59",6141000
13.05,0.05,500,"bu","14:10:58",6140500
13.05,0.05,500,"bu","14:10:53",6140000
13.05,0.05,500,"bu","14:10:52",6139500
13,0,100,"sd","14:10:50",6139000
13.05,0.05,500,"bu","14:10:47",6138900
13.05,0.05,500,"bu","14:10:44",6138400
13.05,0.05,500,"bu","14:10:43",6137900
13.05,0.05,500,"bu","14:10:39",6137400
13,0,100,"sd","14:10:33",6136900
13.05,0.05,100,"bu","14:10:33",6136800
13.05,0.05,500,"bu","14:10:30",6136700
13.05,0.05,200,"bu","14:10:27",6136200
13.05,0.05,500,"bu","14:10:26",6136000
13.05,0.05,200,"bu","14:10:11",6135500
13.05,0.05,400,"bu","14:10:01",6135300
13.05,0.05,500,"bu","14:09:50",6134900
13.05,0.05,500,"bu","14:09:49",6134400
13.05,0.05,500,"bu","14:09:44",6133900
13.05,0.05,500,"bu","14:09:43",6133400
13.05,0.05,500,"bu","14:09:39",6132900
13.05,0.05,500,"bu","14:09:35",6132400
13.05,0.05,500,"bu","14:09:34",6131900
13.05,0.05,500,"bu","14:09:30",6131400
13.05,0.05,200,"bu","14:09:23",6130900
13.05,0.05,500,"bu","14:09:21",6130700
13.05,0.05,500,"bu","14:09:18",6130200
13.05,0.05,400,"bu","14:09:05",6129700
13.05,0.05,500,"bu","14:08:54",6129300
13.05,0.05,500,"bu","14:08:54",6128800
13.05,0.05,500,"bu","14:08:50",6128300
13.05,0.05,500,"bu","14:08:48",6127800
13.05,0.05,500,"bu","14:08:44",6127300
13.05,0.05,500,"bu","14:08:40",6126800
13.05,0.05,500,"bu","14:08:39",6126300
13.05,0.05,500,"bu","14:08:35",6125800
13.05,0.05,500,"bu","14:08:28",6125300
13.05,0.05,500,"bu","14:08:24",6124800
13.05,0.05,400,"bu","14:08:12",6124300
13.05,0.05,2800,"bu","14:08:09",6123900
13.05,0.05,200,"bu","14:08:07",6121100
13,0,300,"sd","14:08:04",6120900
13.05,0.05,52000,"bu","14:08:03",6120600
13.05,0.05,500,"bu","14:08:01",6068600
13.05,0.05,15500,"bu","14:08:00",6068100
13.05,0.05,500,"bu","14:07:56",6052600
13.05,0.05,500,"bu","14:07:53",6052100
13.05,0.05,500,"bu","14:07:51",6051600
13.05,0.05,500,"bu","14:07:48",6051100
13.05,0.05,500,"bu","14:07:44",6050600
13.05,0.05,500,"bu","14:07:44",6050100
13.05,0.05,500,"bu","14:07:39",6049600
13.05,0.05,500,"bu","14:07:28",6049100
13.05,0.05,500,"bu","14:07:24",6048600
13.05,0.05,100,"bu","14:07:05",6048100
13.05,0.05,100,"bu","14:07:01",6048000
13.05,0.05,400,"bu","14:06:58",6047900
13.05,0.05,500,"bu","14:06:45",6047500
13.05,0.05,500,"bu","14:06:44",6047000
13.05,0.05,500,"bu","14:06:40",6046500
13.05,0.05,500,"bu","14:06:38",6046000
13,0,3000,"sd","14:06:35",6045500
13.05,0.05,500,"bu","14:06:34",6042500
13.05,0.05,500,"bu","14:06:30",6042000
13.05,0.05,500,"bu","14:06:25",6041000
13,0,1000,"sd","14:06:18",6040500
13.05,0.05,500,"bu","14:06:17",6039500
13,0,1000,"sd","14:06:14",6039000
13.05,0.05,500,"bu","14:06:14",6038000
13.05,0.05,10000,"bu","14:06:12",6037500
13.05,0.05,1000,"bu","14:06:06",6027500
13,0,5000,"sd","14:06:04",6026500
13.05,0.05,400,"bu","14:05:53",6021500
13.05,0.05,500,"bu","14:05:42",6021100
13.05,0.05,500,"bu","14:05:33",6020600
13.05,0.05,500,"bu","14:05:33",6020100
13.05,0.05,500,"bu","14:05:31",6019600
13.05,0.05,500,"bu","14:05:24",6019100
13.05,0.05,500,"bu","14:05:20",6018600
13.05,0.05,10000,"bu","14:05:12",6018100
13.05,0.05,500,"bu","14:05:12",6008100
13.05,0.05,100,"bu","14:05:10",6007600
13.05,0.05,200,"bu","14:05:07",6007500
13.05,0.05,3000,"bu","14:05:06",6007300
13.05,0.05,500,"bu","14:05:05",6004300
13.05,0.05,500,"bu","14:05:03",6003800
13.05,0.05,500,"bu","14:04:56",6003300
13.05,0.05,3000,"bu","14:04:48",6002800
13.05,0.05,500,"bu","14:04:40",5999800
13.05,0.05,500,"bu","14:04:33",5999300
13.05,0.05,15000,"bu","14:04:11",5998800
13,0,3100,"sd","14:03:29",5983800
13,0,200,"sd","14:03:16",5980700
13,0,1800,"bu","14:03:10",5980500
13,0,20000,"bu","14:03:08",5978700
13,0,10000,"bu","14:03:07",5958700
13,0,5000,"bu","14:03:06",5948700
13,0,200,"bu","14:03:06",5943700
13,0,1000,"bu","14:03:05",5943500
13,0,6200,"bu","14:03:01",5942500
13,0,2000,"bu","14:03:00",5936300
13,0,1000,"bu","14:02:59",5934300
13,0,3000,"bu","14:02:59",5933300
13,0,1000,"bu","14:02:56",5930300
13,0,2100,"bu","14:02:54",5929300
13,0,9100,"bu","14:02:54",5927200
13,0,3000,"bu","14:02:53",5918100
13,0,1000,"bu","14:02:53",5915100
13,0,5000,"bu","14:02:51",5914100
13,0,10000,"bu","14:02:50",5909100
13,0,20000,"bu","14:02:47",5899100
13,0,5000,"bu","14:02:45",5879100
13,0,200,"bu","14:02:44",5874100
13,0,10000,"bu","14:02:43",5873900
13,0,10000,"bu","14:02:42",5863900
13,0,1000,"bu","14:02:39",5853900
13,0,5800,"bu","14:02:36",5852900
13,0,500,"bu","14:02:33",5847100
13,0,1000,"bu","14:02:31",5846600
13,0,5000,"bu","14:02:28",5845600
13,0,1000,"bu","14:02:26",5840600
13,0,3000,"bu","14:02:26",5839600
13,0,10000,"bu","14:02:21",5836600
13,0,5000,"bu","14:02:18",5826600
13,0,300,"bu","14:02:16",5821600
13,0,1000,"bu","14:02:04",5821300
13,0,3900,"bu","14:02:02",5820300
13,0,3000,"bu","14:01:59",5816400
13,0,3700,"bu","14:01:51",5813400
13,0,1000,"bu","14:01:49",5809700
13,0,100,"bu","14:01:44",5808700
13,0,2000,"bu","14:01:31",5808600
13,0,10000,"bu","14:01:28",5806600
13,0,5000,"bu","14:01:21",5796600
13,0,200,"bu","14:01:15",5791600
13,0,500,"bu","14:01:14",5791400
13,0,500,"bu","14:01:11",5790900
13,0,1000,"bu","14:01:09",5790400
13,0,300,"bu","14:00:59",5789400
13,0,2000,"bu","14:00:55",5789100
13,0,3800,"bu","14:00:54",5787100
13,0,2000,"bu","14:00:51",5783300
13,0,5000,"bu","14:00:43",5781300
13,0,6400,"bu","14:00:33",5776300
13,0,1100,"bu","14:00:23",5769900
13,0,3000,"bu","14:00:12",5768800
12.95,-0.05,1000,"sd","13:59:41",5765800
12.95,-0.05,2000,"sd","13:59:38",5764800
12.95,-0.05,1000,"sd","13:59:10",5762800
13,0,1000,"bu","13:58:11",5761800
13,0,300,"bu","13:57:43",5760800
13,0,2000,"bu","13:56:55",5760500
13,0,200,"bu","13:56:39",5758500
13,0,500,"bu","13:55:56",5758300
13,0,2000,"bu","13:55:41",5757800
13,0,300,"bu","13:55:22",5755800
13,0,10000,"bu","13:54:58",5755500
12.95,-0.05,500,"sd","13:54:52",5745500
12.95,-0.05,1000,"sd","13:54:51",5745000
12.95,-0.05,15000,"sd","13:54:40",5744000
12.95,-0.05,1400,"sd","13:54:39",5729000
12.95,-0.05,1700,"sd","13:54:24",5727600
12.95,-0.05,2200,"sd","13:52:01",5725900
13,0,200,"bu","13:51:32",5723700
13,0,100,"bu","13:51:27",5723500
13,0,200,"bu","13:49:48",5723400
13,0,1000,"bu","13:49:40",5723200
13,0,200,"bu","13:49:22",5722200
13,0,2000,"bu","13:49:17",5722000
13,0,100,"bu","13:49:10",5720000
13,0,9600,"sd","13:48:19",5719900
13,0,12600,"sd","13:47:55",5710300
13,0,700,"sd","13:47:20",5697700
13,0,50000,"sd","13:47:12",5697000
13.05,0.05,300,"bu","13:47:12",5647000
13.05,0.05,100,"bu","13:47:09",5646700
13,0,2500,"sd","13:47:03",5646600
13.05,0.05,1000,"bu","13:47:00",5644100
13.05,0.05,5800,"bu","13:46:48",5643100
13,0,3000,"sd","13:45:47",5637300
13,0,600,"bu","13:45:29",5634300
13,0,1000,"bu","13:45:23",5633700
13,0,1500,"bu","13:45:21",5632700
13,0,10000,"bu","13:45:21",5631200
13,0,8000,"bu","13:45:16",5621200
13,0,2300,"bu","13:45:15",5613200
13,0,20000,"bu","13:45:14",5610900
13,0,300,"bu","13:45:14",5590900
13,0,3000,"bu","13:45:12",5590600
13,0,40000,"bu","13:45:07",5587600
12.95,-0.05,5000,"sd","13:44:59",5547600
13,0,10000,"bu","13:44:59",5542600
13,0,3800,"bu","13:44:36",5532600
13,0,1100,"bu","13:44:07",5528800
12.95,-0.05,1200,"sd","13:43:54",5527700
12.95,-0.05,1000,"sd","13:43:05",5526500
12.95,-0.05,500,"sd","13:42:50",5525500
12.95,-0.05,5000,"sd","13:42:42",5525000
12.95,-0.05,300,"sd","13:42:05",5520000
12.95,-0.05,8000,"sd","13:41:41",5519700
12.95,-0.05,1000,"sd","13:41:02",5511700
12.95,-0.05,5800,"bu","13:39:14",5510700
12.95,-0.05,800,"bu","13:39:08",5504900
12.95,-0.05,23400,"sd","13:39:07",5504100
12.95,-0.05,1000,"sd","13:38:56",5480700
12.95,-0.05,30000,"sd","13:38:13",5479700
12.95,-0.05,1000,"sd","13:38:11",5449700
12.95,-0.05,800,"sd","13:37:46",5448700
12.95,-0.05,15200,"bu","13:37:10",5447900
12.95,-0.05,100,"bu","13:36:57",5432700
12.95,-0.05,14900,"sd","13:36:34",5432600
12.95,-0.05,200,"sd","13:36:33",5417700
12.95,-0.05,35000,"sd","13:36:24",5417500
12.95,-0.05,2000,"sd","13:36:22",5382500
12.95,-0.05,100,"sd","13:36:22",5380500
12.95,-0.05,100,"sd","13:36:05",5380400
12.95,-0.05,2000,"sd","13:36:03",5380300
12.95,-0.05,1000,"sd","13:35:51",5378300
12.95,-0.05,100,"sd","13:35:31",5377300
12.95,-0.05,8800,"bu","13:33:12",5377200
12.95,-0.05,5000,"bu","13:32:23",5368400
12.95,-0.05,13100,"sd","13:31:42",5363400
12.95,-0.05,1000,"sd","13:31:37",5350300
12.95,-0.05,10000,"sd","13:31:20",5349300
12.95,-0.05,20000,"sd","13:31:19",5339300
12.95,-0.05,2100,"sd","13:30:56",5319300
12.95,-0.05,10000,"sd","13:30:44",5317200
12.95,-0.05,1000,"sd","13:30:34",5307200
12.95,-0.05,4000,"sd","13:30:25",5306200
12.95,-0.05,300,"sd","13:29:39",5302200
12.95,-0.05,300,"sd","13:29:35",5301900
12.95,-0.05,3000,"sd","13:29:34",5301600
12.95,-0.05,5000,"sd","13:29:22",5298600
12.95,-0.05,1500,"sd","13:29:14",5293600
12.95,-0.05,1000,"sd","13:29:01",5292100
12.95,-0.05,100,"sd","13:28:32",5291100
12.95,-0.05,2000,"sd","13:27:00",5291000
12.95,-0.05,600,"sd","13:26:33",5289000
12.95,-0.05,4000,"sd","13:25:06",5288400
12.95,-0.05,500,"sd","13:24:14",5284400
12.95,-0.05,100,"sd","13:24:08",5283900
12.95,-0.05,500,"sd","13:24:02",5283800
12.95,-0.05,200,"sd","13:22:45",5283300
12.95,-0.05,25000,"sd","13:22:23",5283100
12.95,-0.05,500,"sd","13:22:20",5258100
12.95,-0.05,2000,"sd","13:22:07",5257600
12.95,-0.05,5900,"sd","13:21:55",5255600
12.95,-0.05,3000,"sd","13:21:53",5249700
12.95,-0.05,88300,"sd","13:21:39",5246700
12.95,-0.05,100,"sd","13:19:56",5158400
13,0,1000,"bu","13:19:32",5158300
13,0,100,"bu","13:18:57",5157300
13,0,1000,"bu","13:18:54",5157200
13,0,12500,"bu","13:18:44",5156200
12.95,-0.05,5200,"sd","13:18:17",5143700
13,0,3700,"bu","13:18:13",5138500
13,0,1000,"bu","13:18:09",5134800
13,0,3000,"bu","13:17:50",5133800
12.95,-0.05,2000,"sd","13:17:17",5130800
13,0,200,"bu","13:16:34",5128800
12.95,-0.05,1000,"sd","13:16:00",5128600
13,0,200,"bu","13:15:46",5127600
13,0,100,"bu","13:15:36",5127400
13,0,100,"bu","13:15:04",5127300
13,0,200,"bu","13:14:58",5127200
13,0,200,"bu","13:14:49",5127000
12.95,-0.05,300,"sd","13:14:43",5126800
12.95,-0.05,35000,"sd","13:14:09",5126500
12.95,-0.05,100,"sd","13:13:56",5091500
12.95,-0.05,3000,"sd","13:13:45",5091400
12.95,-0.05,5000,"sd","13:13:22",5088400
13,0,900,"bu","13:13:07",5083400
12.95,-0.05,500,"sd","13:13:06",5082500
13,0,500,"bu","13:13:04",5082000
13,0,500,"bu","13:13:00",5081500
13,0,1000,"bu","13:11:18",5081000
12.95,-0.05,9400,"sd","13:11:16",5080000
12.95,-0.05,2000,"sd","13:11:11",5070600
12.95,-0.05,5000,"sd","13:11:04",5068600
12.95,-0.05,2000,"sd","13:10:54",5063600
12.95,-0.05,5000,"sd","13:10:44",5061600
12.95,-0.05,2200,"sd","13:10:30",5056600
12.95,-0.05,700,"bu","13:09:43",5054400
12.95,-0.05,700,"sd","13:09:39",5053700
12.95,-0.05,1100,"sd","13:09:38",5053000
12.95,-0.05,10000,"sd","13:09:27",5051900
12.95,-0.05,60000,"sd","13:09:22",5041900
12.95,-0.05,500,"sd","13:09:05",4981900
12.95,-0.05,3000,"sd","13:08:46",4981400
12.95,-0.05,11700,"sd","13:08:40",4978400
12.95,-0.05,500,"sd","13:08:39",4966700
12.95,-0.05,6500,"sd","13:08:38",4966200
12.95,-0.05,50000,"sd","13:08:32",4959700
12.95,-0.05,900,"sd","13:08:19",4909700
12.95,-0.05,100,"sd","13:08:02",4908800
12.95,-0.05,700,"sd","13:07:22",4908700
12.95,-0.05,1000,"sd","13:07:06",4908000
12.95,-0.05,100,"sd","13:07:01",4907000
12.95,-0.05,10000,"sd","13:06:58",4906900
12.95,-0.05,1000,"sd","13:05:54",4896900
12.95,-0.05,5000,"sd","13:04:24",4895900
12.95,-0.05,100,"sd","13:04:15",4890900
12.95,-0.05,2000,"sd","13:03:55",4890800
12.95,-0.05,1000,"sd","13:03:36",4888800
12.95,-0.05,1000,"sd","13:03:26",4887800
12.95,-0.05,3200,"sd","13:03:04",4886800
12.95,-0.05,5000,"sd","13:03:02",4883600
12.95,-0.05,200,"sd","13:02:31",4878600
12.95,-0.05,5000,"sd","13:02:03",4878400
12.95,-0.05,2000,"sd","13:01:58",4873400
12.95,-0.05,2000,"sd","13:01:30",4871400
12.95,-0.05,100,"sd","13:01:21",4869400
12.95,-0.05,2400,"sd","13:01:07",4869300
12.95,-0.05,1300,"sd","13:00:45",4866900
12.95,-0.05,1100,"sd","13:00:29",4865600
12.95,-0.05,300,"sd","13:00:24",4864500
13,0,2000,"bu","13:00:19",4864200
12.95,-0.05,5500,"sd","13:00:16",4862200
12.95,-0.05,2000,"sd","13:00:15",4856700
13,0,500,"bu","13:00:10",4854700
13,0,100,"bu","13:00:04",4854200
12.95,-0.05,2000,"sd","13:00:03",4854100
13,0,100,"bu","13:00:02",4852100
12.95,-0.05,5000,"sd","13:00:02",4852000
13,0,100,"bu","13:00:01",4847000
12.95,-0.05,200,"sd","13:00:01",4846900
13,0,300,"bu","11:29:53",4846700
13,0,300,"bu","11:29:45",4846400
13,0,300,"bu","11:29:33",4846100
12.95,-0.05,20000,"sd","11:29:29",4845800
12.95,-0.05,1000,"sd","11:29:28",4825800
12.95,-0.05,200,"sd","11:29:15",4824800
12.95,-0.05,50000,"sd","11:29:12",4824600
12.95,-0.05,200,"sd","11:29:02",4774600
12.95,-0.05,1000,"sd","11:28:19",4774400
12.95,-0.05,1000,"sd","11:27:24",4773400
12.95,-0.05,100,"sd","11:27:00",4772400
13,0,2000,"bu","11:26:36",4772300
13,0,200,"bu","11:25:50",4770300
13,0,100,"bu","11:24:03",4770100
13,0,200,"bu","11:23:36",4770000
13,0,500,"bu","11:23:32",4769800
13,0,500,"bu","11:23:06",4769300
13,0,1000,"bu","11:22:32",4768800
13,0,200,"bu","11:22:21",4767800
13,0,5000,"bu","11:22:06",4767600
13,0,11400,"bu","11:21:50",4762600
13,0,1000,"bu","11:20:46",4751200
13,0,400,"bu","11:20:36",4750200
13,0,6000,"bu","11:20:32",4749800
12.95,-0.05,1000,"sd","11:20:02",4743800
13,0,300,"bu","11:19:39",4742800
13,0,1400,"bu","11:19:30",4742500
13,0,100,"bu","11:19:20",4741100
13,0,100,"bu","11:19:10",4741000
13,0,200,"bu","11:16:29",4740900
13,0,14000,"bu","11:16:24",4740700
13,0,26200,"bu","11:15:59",4726700
13,0,200,"bu","11:15:45",4700500
13,0,200,"bu","11:15:42",4700300
12.95,-0.05,10800,"sd","11:15:38",4700100
12.95,-0.05,7000,"sd","11:15:35",4689300
12.95,-0.05,400,"sd","11:14:03",4682300
13,0,10000,"bu","11:13:57",4681900
13,0,300,"bu","11:13:51",4671900
12.95,-0.05,1300,"sd","11:13:31",4671600
13,0,100,"bu","11:13:30",4670300
13,0,1000,"bu","11:13:29",4670200
13,0,200,"bu","11:13:22",4669200
13,0,200,"bu","11:13:20",4669000
13,0,500,"bu","11:13:19",4668800
13,0,24500,"bu","11:12:46",4668300
13,0,6000,"bu","11:12:41",4643800
13,0,5000,"bu","11:12:13",4637800
13,0,5000,"bu","11:12:06",4632800
13,0,1900,"bu","11:11:51",4627800
13,0,2000,"bu","11:11:23",4625900
12.95,-0.05,4200,"bu","11:11:05",4623900
12.95,-0.05,12300,"bu","11:11:04",4619700
12.95,-0.05,10000,"bu","11:10:58",4607400
12.95,-0.05,800,"bu","11:10:52",4597400
12.95,-0.05,500,"bu","11:10:38",4596600
12.95,-0.05,100,"bu","11:10:31",4596100
12.95,-0.05,1500,"bu","11:10:29",4596000
12.95,-0.05,5000,"bu","11:10:28",4594500
12.95,-0.05,200,"bu","11:10:12",4589500
12.95,-0.05,7500,"bu","11:10:11",4589300
12.95,-0.05,500,"bu","11:10:07",4581800
12.95,-0.05,200,"bu","11:09:54",4581300
12.95,-0.05,100,"bu","11:09:51",4581100
12.95,-0.05,2000,"bu","11:09:36",4581000
12.95,-0.05,2000,"bu","11:09:05",4579000
12.9,-0.1,900,"sd","11:09:03",4577000
12.9,-0.1,4700,"sd","11:09:02",4576100
12.9,-0.1,100,"sd","11:09:00",4571400
12.9,-0.1,300,"sd","11:08:22",4571300
12.9,-0.1,300,"sd","11:08:10",4571000
12.9,-0.1,1500,"sd","11:08:07",4570700
12.9,-0.1,15000,"sd","11:08:06",4569200
12.95,-0.05,1000,"bu","11:08:03",4554200
12.95,-0.05,6000,"bu","11:08:00",4553200
12.95,-0.05,5600,"bu","11:07:44",4547200
12.95,-0.05,500,"bu","11:07:40",4541600
12.95,-0.05,10900,"sd","11:07:17",4541100
12.95,-0.05,5000,"sd","11:07:16",4530200
12.95,-0.05,400,"sd","11:07:15",4525200
12.95,-0.05,10000,"sd","11:07:10",4524800
12.95,-0.05,700,"sd","11:07:09",4514800
12.95,-0.05,3000,"sd","11:07:05",4514100
12.95,-0.05,1000,"sd","11:07:02",4511100
12.95,-0.05,1000,"sd","11:06:50",4510100
12.95,-0.05,20000,"sd","11:06:49",4509100
12.95,-0.05,200,"sd","11:06:33",4489100
12.95,-0.05,17300,"sd","11:06:30",4488900
12.95,-0.05,1500,"sd","11:06:23",4471600
12.95,-0.05,30000,"sd","11:06:21",4470100
12.95,-0.05,1000,"sd","11:06:15",4440100
12.95,-0.05,600,"sd","11:06:14",4439100
12.95,-0.05,3000,"sd","11:06:09",4438500
12.95,-0.05,5000,"sd","11:06:05",4435500
12.95,-0.05,10000,"sd","11:06:04",4430500
12.95,-0.05,3000,"sd","11:05:58",4420500
12.95,-0.05,2000,"sd","11:05:52",4417500
12.95,-0.05,200,"sd","11:05:50",4415500
12.95,-0.05,6000,"sd","11:05:47",4415300
12.95,-0.05,10000,"sd","11:05:45",4409300
12.95,-0.05,5000,"sd","11:05:36",4399300
12.95,-0.05,9900,"sd","11:05:27",4394300
12.95,-0.05,4000,"sd","11:05:17",4384400
12.95,-0.05,5000,"sd","11:04:55",4380400
12.95,-0.05,3000,"sd","11:04:51",4375400
12.95,-0.05,4800,"sd","11:04:39",4372400
12.95,-0.05,7000,"sd","11:04:28",4367600
12.95,-0.05,100,"sd","11:04:06",4360600
12.95,-0.05,2000,"sd","11:04:05",4360500
13,0,300,"bu","11:03:01",4358500
13,0,4900,"sd","11:02:57",4358200
13,0,100,"bu","11:02:52",4353300
13,0,10000,"bu","11:02:44",4353200
13,0,7000,"sd","11:02:34",4343200
13,0,10000,"sd","11:02:32",4336200
13,0,70600,"sd","11:02:31",4326200
13,0,10000,"sd","11:02:28",4255600
13,0,5000,"sd","11:02:23",4245600
13,0,35000,"sd","11:02:20",4240600
13,0,1500,"sd","11:02:13",4205600
13,0,2000,"sd","11:02:11",4204100
13,0,5000,"sd","11:01:58",4202100
13,0,1000,"sd","11:01:49",4197100
13,0,400,"sd","11:01:47",4196100
13,0,2000,"sd","11:01:46",4195700
13,0,8500,"sd","11:01:39",4193700
13,0,5000,"sd","11:01:34",4185200
13,0,15000,"sd","11:01:31",4180200
13,0,110000,"sd","11:01:17",4165200
13,0,2000,"sd","11:01:16",4055200
13,0,2000,"sd","11:01:15",4053200
13,0,14400,"sd","11:01:01",4051200
13,0,1500,"sd","11:01:00",4036800
13,0,500,"sd","11:00:48",4035300
13,0,5000,"sd","11:00:32",4034800
13,0,800,"sd","11:00:29",4029800
13,0,200,"sd","11:00:20",4029000
13,0,1000,"sd","11:00:10",4028800
13,0,500,"sd","10:59:30",4027800
13.05,0.05,100,"bu","10:59:03",4027300
13,0,1100,"sd","10:59:03",4027200
13,0,1000,"sd","10:58:59",4026100
13.05,0.05,5000,"bu","10:58:40",4025100
13.05,0.05,1000,"bu","10:58:27",4020100
13.05,0.05,100,"bu","10:58:26",4019100
13,0,200,"sd","10:58:08",4019000
13.05,0.05,5000,"bu","10:55:45",4018800
13.05,0.05,200,"bu","10:55:36",4013800
13.05,0.05,100,"bu","10:55:29",4013600
13.05,0.05,500,"bu","10:55:02",4013500
13.05,0.05,500,"sd","10:55:00",4013000
13.05,0.05,5000,"sd","10:54:52",4012500
13.05,0.05,10000,"sd","10:54:47",4007500
13.05,0.05,2000,"sd","10:54:42",3997500
13.05,0.05,500,"sd","10:54:31",3995500
13.05,0.05,10000,"sd","10:54:27",3995000
13.05,0.05,1000,"sd","10:54:14",3985000
13.05,0.05,3500,"sd","10:54:05",3984000
13.05,0.05,10000,"sd","10:53:52",3980500
13.05,0.05,3000,"sd","10:53:50",3970500
13.05,0.05,10000,"sd","10:53:45",3967500
13.05,0.05,1000,"sd","10:53:35",3957500
13.05,0.05,5800,"sd","10:53:31",3956500
13.05,0.05,400,"sd","10:53:15",3950700
13.05,0.05,1000,"sd","10:53:05",3950300
13.05,0.05,2000,"sd","10:52:56",3949300
13.05,0.05,4600,"sd","10:52:53",3947300
13.05,0.05,100,"sd","10:52:51",3942700
13.05,0.05,5000,"sd","10:52:32",3942600
13.05,0.05,3000,"sd","10:52:29",3937600
13.05,0.05,600,"sd","10:52:02",3934600
13.05,0.05,4000,"sd","10:52:00",3934000
13.05,0.05,500,"sd","10:51:40",3930000
13.05,0.05,5000,"sd","10:51:38",3929500
13.05,0.05,12800,"sd","10:51:36",3924500
13.05,0.05,1500,"sd","10:51:14",3911700
13.05,0.05,500,"sd","10:50:59",3910200
13.05,0.05,200,"sd","10:50:47",3909700
13.05,0.05,2000,"sd","10:49:39",3909500
13.05,0.05,700,"sd","10:49:35",3907500
13.05,0.05,1000,"sd","10:49:05",3906800
13.05,0.05,4300,"sd","10:49:02",3905800
13.05,0.05,1000,"sd","10:48:50",3901500
13.05,0.05,10000,"sd","10:48:46",3900500
13.05,0.05,5000,"sd","10:48:26",3890500
13.05,0.05,500,"sd","10:48:02",3885500
13.05,0.05,20000,"sd","10:47:47",3885000
13.05,0.05,1000,"sd","10:47:41",3865000
13.05,0.05,10000,"sd","10:47:25",3864000
13.05,0.05,1000,"sd","10:47:18",3854000
13.05,0.05,1100,"sd","10:46:11",3853000
13.05,0.05,800,"sd","10:44:47",3851900
13.05,0.05,7400,"bu","10:44:04",3851100
13.05,0.05,20000,"bu","10:43:59",3843700
13.05,0.05,500,"bu","10:43:57",3823700
13.05,0.05,500,"bu","10:43:46",3823200
13.05,0.05,23900,"sd","10:43:36",3822700
13.05,0.05,1900,"bu","10:43:06",3798800
13.05,0.05,7100,"bu","10:43:04",3796900
13.05,0.05,100,"bu","10:43:00",3789800
13.05,0.05,10000,"bu","10:42:56",3789700
13.05,0.05,50000,"bu","10:42:52",3779700
13.05,0.05,1000,"bu","10:42:36",3729700
13.05,0.05,19100,"bu","10:42:11",3728700
13.05,0.05,10000,"bu","10:42:00",3709600
13.05,0.05,10000,"bu","10:41:56",3699600
13,0,100,"sd","10:41:43",3689600
13,0,5000,"sd","10:41:39",3689500
13,0,2000,"sd","10:41:23",3684500
13,0,700,"sd","10:41:22",3682500
13,0,2900,"sd","10:41:21",3681800
13.05,0.05,5000,"bu","10:40:09",3678900
13.05,0.05,300,"bu","10:39:22",3673900
13.05,0.05,5300,"sd","10:39:21",3673600
13.05,0.05,9000,"sd","10:39:19",3657100
13.05,0.05,10000,"sd","10:39:16",3648100
13.05,0.05,800,"sd","10:39:14",3638100
13.05,0.05,800,"sd","10:39:10",3637300
13.05,0.05,300,"sd","10:39:08",3636500
13.05,0.05,2000,"sd","10:39:06",3636200
13.05,0.05,10000,"sd","10:39:05",3634200
13.05,0.05,1000,"sd","10:39:05",3624200
13.05,0.05,3000,"sd","10:39:03",3623200
13.05,0.05,5600,"sd","10:39:02",3620200
13.05,0.05,20000,"sd","10:38:56",3614600
13.05,0.05,5000,"sd","10:38:54",3594600
13.05,0.05,7000,"sd","10:38:52",3589600
13.05,0.05,500,"sd","10:38:47",3582600
13.05,0.05,2000,"sd","10:38:36",3582100
13.05,0.05,5500,"sd","10:38:31",3580100
13.05,0.05,10000,"sd","10:38:24",3574600
13.05,0.05,2000,"sd","10:37:40",3564600
13.1,0.1,100,"bu","10:37:25",3562600
13.05,0.05,1000,"sd","10:37:22",3562500
13.05,0.05,14700,"sd","10:37:20",3561500
13.05,0.05,10000,"sd","10:37:17",3546800
13.05,0.05,800,"sd","10:37:15",3536800
13.05,0.05,500,"sd","10:37:06",3536000
13.05,0.05,300,"sd","10:37:01",3535500
13.05,0.05,1000,"sd","10:36:38",3535200
13.05,0.05,1000,"sd","10:36:25",3534200
13.1,0.1,3000,"bu","10:35:39",3533200
13.1,0.1,46300,"sd","10:35:32",3530200
13.1,0.1,1000,"sd","10:35:30",3483900
13.1,0.1,11000,"sd","10:35:29",3482900
13.1,0.1,5000,"sd","10:35:28",3471900
13.1,0.1,10000,"sd","10:35:21",3466900
13.1,0.1,5000,"sd","10:35:18",3456900
13.1,0.1,1000,"sd","10:35:17",3451900
13.1,0.1,100,"sd","10:35:16",3450900
13.1,0.1,2000,"sd","10:35:15",3450800
13.1,0.1,10000,"sd","10:35:10",3448800
13.1,0.1,5000,"sd","10:35:07",3438800
13.1,0.1,11500,"sd","10:35:06",3433800
13.1,0.1,2000,"sd","10:35:04",3422300
13.1,0.1,10000,"sd","10:34:57",3420300
13.1,0.1,6000,"sd","10:34:43",3410300
13.1,0.1,25000,"sd","10:34:35",3404300
13.1,0.1,1100,"sd","10:34:34",3379300
13.1,0.1,20000,"sd","10:34:21",3378200
13.1,0.1,30000,"sd","10:34:19",3358200
13.1,0.1,30000,"sd","10:33:51",3328200
13.1,0.1,1500,"sd","10:32:19",3298200
13.15,0.15,1000,"bu","10:32:15",3296700
13.1,0.1,100,"sd","10:31:58",3295700
13.1,0.1,800,"sd","10:31:36",3295600
13.1,0.1,300,"sd","10:30:57",3294800
13.1,0.1,4000,"sd","10:30:52",3294500
13.1,0.1,900,"sd","10:30:35",3290500
13.1,0.1,5000,"sd","10:30:03",3289600
13.1,0.1,3000,"sd","10:30:01",3284600
13.1,0.1,200,"sd","10:28:57",3281600
13.1,0.1,100,"sd","10:27:54",3281400
13.15,0.15,10000,"bu","10:27:41",3281300
13.1,0.1,20000,"sd","10:26:54",3271300
13.1,0.1,1000,"sd","10:25:49",3251300
13.1,0.1,200,"sd","10:25:48",3250300
13.15,0.15,500,"bu","10:24:25",3250100
13.15,0.15,5800,"bu","10:24:04",3249600
13.1,0.1,100,"sd","10:24:01",3243800
13.15,0.15,5000,"bu","10:23:05",3243700
13.15,0.15,60000,"bu","10:22:59",3238700
13.15,0.15,15000,"bu","10:22:19",3178700
13.15,0.15,1000,"bu","10:22:01",3163700
13.1,0.1,200,"sd","10:21:56",3162700
13.1,0.1,20000,"sd","10:21:54",3162500
13.1,0.1,100,"sd","10:21:49",3142500
13.1,0.1,300,"sd","10:21:43",3142400
13.1,0.1,4200,"sd","10:21:32",3142100
13.1,0.1,200,"sd","10:21:17",3137900
13.1,0.1,9800,"sd","10:21:16",3137700
13.1,0.1,5000,"sd","10:21:09",3127900
13.1,0.1,5000,"sd","10:21:01",3122900
13.1,0.1,1000,"sd","10:20:51",3117900
13.15,0.15,100,"bu","10:18:19",3116900
13.1,0.1,300,"sd","10:17:47",3116800
13.1,0.1,200,"sd","10:17:38",3116500
13.1,0.1,3000,"sd","10:17:36",3116300
13.1,0.1,500,"sd","10:17:35",3113300
13.1,0.1,300,"sd","10:17:27",3112800
13.1,0.1,500,"sd","10:17:23",3112500
13.15,0.15,200,"bu","10:17:18",3112000
13.1,0.1,1000,"sd","10:17:15",3111800
13.1,0.1,800,"sd","10:16:40",3110800
13.1,0.1,2700,"sd","10:16:05",3110000
13.1,0.1,1500,"sd","10:15:26",3107300
13.15,0.15,1000,"bu","10:15:20",3105800
13.15,0.15,5000,"bu","10:15:13",3104800
13.15,0.15,100,"bu","10:14:49",3099800
13.1,0.1,100,"sd","10:14:25",3099700
13.1,0.1,100,"sd","10:13:28",3099600
13.1,0.1,10000,"sd","10:12:44",3099500
13.1,0.1,1200,"bu","10:12:33",3089500
13.1,0.1,4500,"bu","10:12:32",3088300
13.1,0.1,50000,"bu","10:12:29",3083800
13.1,0.1,1900,"bu","10:12:27",3033800
13.1,0.1,1000,"bu","10:12:26",3031900
13.1,0.1,20000,"bu","10:12:09",3030900
13.1,0.1,5000,"bu","10:12:07",3010900
13.1,0.1,100,"bu","10:11:50",3005900
13.1,0.1,1000,"bu","10:11:45",3005800
13.1,0.1,10000,"bu","10:11:35",3004800
13.1,0.1,500,"bu","10:11:22",2994800
13.1,0.1,300,"bu","10:11:17",2994300
13.1,0.1,100,"bu","10:11:08",2994000
13.1,0.1,3600,"bu","10:11:04",2993900
13.1,0.1,500,"bu","10:10:51",2990300
13.1,0.1,100,"bu","10:10:49",2989800
13.1,0.1,5000,"bu","10:10:45",2989700
13.1,0.1,5000,"bu","10:10:37",2984700
13.1,0.1,1200,"bu","10:10:32",2979700
13.1,0.1,2500,"bu","10:10:26",2978500
13.1,0.1,8000,"bu","10:10:17",2976000
13.1,0.1,200,"bu","10:10:00",2968000
13.1,0.1,100,"bu","10:09:58",2967800
13.1,0.1,6200,"bu","10:09:47",2967700
13.1,0.1,3000,"bu","10:09:36",2961500
13.1,0.1,2000,"bu","10:09:25",2958500
13.05,0.05,1000,"sd","10:09:18",2956500
13.1,0.1,5000,"bu","10:09:08",2955500
13.1,0.1,300,"bu","10:08:51",2950500
13.05,0.05,2000,"sd","10:08:51",2950200
13.05,0.05,500,"sd","10:08:38",2948200
13.05,0.05,9000,"sd","10:08:23",2947700
13.05,0.05,1400,"sd","10:08:21",2938700
13.05,0.05,800,"sd","10:08:07",2937300
13.05,0.05,1000,"sd","10:07:59",2936500
13.05,0.05,100,"sd","10:07:56",2935500
13.05,0.05,200,"sd","10:07:49",2935400
13.05,0.05,10000,"sd","10:07:44",2935200
13.05,0.05,1800,"sd","10:07:35",2925200
13.05,0.05,100,"sd","10:06:57",2923400
13.05,0.05,900,"sd","10:06:56",2923300
13.05,0.05,5000,"sd","10:06:48",2922400
13.05,0.05,1200,"sd","10:06:21",2917400
13.05,0.05,4000,"sd","10:06:12",2916200
13.05,0.05,10200,"sd","10:06:01",2912200
13.05,0.05,5500,"sd","10:05:57",2902000
13.1,0.1,500,"bu","10:05:48",2896500
13.1,0.1,2800,"sd","10:05:45",2896000
13.1,0.1,1000,"sd","10:05:44",2893200
13.1,0.1,2500,"sd","10:05:43",2892200
13.1,0.1,65000,"sd","10:05:41",2889700
13.1,0.1,1000,"sd","10:05:40",2824700
13.1,0.1,7000,"sd","10:05:38",2823700
13.1,0.1,300,"sd","10:05:37",2816700
13.1,0.1,11000,"sd","10:05:35",2816400
13.1,0.1,40000,"sd","10:05:33",2805400
13.1,0.1,300,"sd","10:05:28",2765400
13.1,0.1,3800,"sd","10:05:24",2765100
13.1,0.1,1000,"sd","10:05:14",2761300
13.1,0.1,4000,"sd","10:05:07",2760300
13.1,0.1,3800,"sd","10:05:06",2756300
13.1,0.1,1100,"sd","10:05:03",2752500
13.1,0.1,3800,"sd","10:04:58",2751400
13.1,0.1,21000,"sd","10:04:56",2747600
13.1,0.1,1000,"sd","10:04:35",2726600
13.1,0.1,400,"sd","10:04:14",2725600
13.1,0.1,100,"sd","10:04:08",2725200
13.1,0.1,1000,"sd","10:04:06",2725100
13.1,0.1,1000,"sd","10:03:37",2724100
13.1,0.1,300,"sd","10:03:23",2723100
13.1,0.1,100,"sd","10:03:18",2722800
13.1,0.1,3800,"sd","10:03:05",2722700
13.1,0.1,2000,"sd","10:02:53",2718900
13.15,0.15,1000,"bu","10:02:39",2716900
13.15,0.15,100,"bu","10:02:10",2715900
13.15,0.15,5300,"bu","10:01:36",2715800
13.15,0.15,10000,"bu","10:01:20",2710500
13.15,0.15,2000,"bu","10:00:59",2700500
13.1,0.1,200,"sd","10:00:52",2698500
13.15,0.15,5000,"bu","10:00:34",2698300
13.15,0.15,700,"bu","10:00:20",2693300
13.15,0.15,2000,"bu","10:00:17",2692600
13.15,0.15,100,"bu","10:00:16",2690600
13.15,0.15,700,"bu","10:00:03",2690500
13.15,0.15,700,"bu","09:59:54",2689800
13.15,0.15,200,"bu","09:59:09",2689100
13.15,0.15,1000,"bu","09:59:07",2688900
13.15,0.15,200,"bu","09:58:55",2687900
13.15,0.15,500,"bu","09:58:44",2687700
13.1,0.1,100,"sd","09:58:43",2687200
13.15,0.15,500,"bu","09:58:24",2687100
13.15,0.15,3900,"bu","09:58:20",2686600
13.15,0.15,2300,"bu","09:58:14",2682700
13.15,0.15,500,"bu","09:58:06",2680400
13.15,0.15,10000,"bu","09:57:57",2679900
13.15,0.15,1500,"bu","09:57:50",2669900
13.15,0.15,10000,"bu","09:57:30",2668400
13.15,0.15,100,"bu","09:57:29",2658400
13.15,0.15,100,"bu","09:57:14",2658300
13.15,0.15,500,"bu","09:57:13",2658200
13.15,0.15,1400,"bu","09:57:00",2657700
13.15,0.15,1000,"bu","09:56:48",2656300
13.15,0.15,100,"bu","09:56:40",2655300
13.15,0.15,100,"bu","09:56:34",2655200
13.15,0.15,5000,"bu","09:56:28",2655100
13.15,0.15,100,"bu","09:56:25",2650100
13.1,0.1,300,"sd","09:56:20",2650000
13.15,0.15,1400,"bu","09:56:07",2649700
13.15,0.15,200,"bu","09:56:06",2648300
13.15,0.15,1000,"bu","09:56:02",2648100
13.15,0.15,5000,"bu","09:55:57",2647100
13.15,0.15,300,"bu","09:55:53",2642100
13.15,0.15,200,"bu","09:55:52",2641800
13.15,0.15,10000,"bu","09:55:45",2641600
13.15,0.15,4100,"bu","09:55:33",2631600
13.15,0.15,1000,"bu","09:55:12",2627500
13.1,0.1,10000,"sd","09:55:05",2626500
13.1,0.1,1600,"sd","09:55:04",2616500
13.1,0.1,400,"sd","09:54:51",2614900
13.1,0.1,9300,"bu","09:54:46",2614500
13.1,0.1,2700,"bu","09:54:46",2605200
13.1,0.1,1000,"bu","09:54:45",2602500
13.1,0.1,5000,"bu","09:54:45",2601500
13.1,0.1,300,"bu","09:54:44",2596500
13.1,0.1,2000,"bu","09:54:43",2596200
13.1,0.1,9500,"bu","09:54:40",2594200
13.1,0.1,2000,"bu","09:54:32",2584700
13.1,0.1,100,"bu","09:54:31",2582700
13.1,0.1,4000,"bu","09:54:24",2582600
13.1,0.1,1000,"bu","09:54:23",2578600
13.1,0.1,10000,"bu","09:54:22",2577600
13.1,0.1,2000,"bu","09:54:21",2567600
13.1,0.1,1000,"bu","09:54:19",2565600
13.1,0.1,8000,"bu","09:54:13",2564600
13.1,0.1,1000,"bu","09:54:09",2556600
13.1,0.1,900,"bu","09:54:06",2555600
13.1,0.1,400,"bu","09:54:04",2554700
13.1,0.1,500,"bu","09:53:54",2554300
13.05,0.05,1000,"sd","09:53:45",2553800
13.1,0.1,100,"bu","09:53:37",2552800
13.1,0.1,2000,"bu","09:53:33",2552700
13.05,0.05,4000,"sd","09:53:21",2550700
13.1,0.1,200,"bu","09:53:17",2546700
13.1,0.1,200,"bu","09:53:08",2546500
13.1,0.1,2600,"sd","09:53:05",2546300
13.1,0.1,3500,"sd","09:53:02",2543700
13.1,0.1,500,"sd","09:53:01",2540200
13.1,0.1,500,"sd","09:52:56",2539700
13.1,0.1,700,"sd","09:52:49",2539200
13.1,0.1,1000,"sd","09:52:46",2538500
13.15,0.15,2000,"bu","09:52:45",2537500
13.1,0.1,1000,"sd","09:52:39",2535500
13.1,0.1,900,"sd","09:52:35",2534500
13.15,0.15,100,"sd","09:52:35",2533600
13.15,0.15,500,"sd","09:52:34",2533500
13.15,0.15,200,"sd","09:52:33",2533000
13.15,0.15,24400,"bu","09:52:32",2532800
13.15,0.15,24800,"bu","09:52:31",2508400
13.1,0.1,100,"sd","09:52:30",2483600
13.1,0.1,500,"sd","09:52:28",2483500
13.15,0.15,15000,"bu","09:52:27",2483000
13.1,0.1,2000,"sd","09:52:25",2468000
13.1,0.1,500,"sd","09:52:24",2466000
13.1,0.1,100,"sd","09:52:22",2465500
13.1,0.1,3600,"sd","09:52:20",2465400
13.1,0.1,100,"sd","09:52:19",2461800
13.1,0.1,59000,"sd","09:52:10",2461700
13.1,0.1,10000,"sd","09:52:04",2402700
13.1,0.1,4000,"sd","09:51:58",2392700
13.1,0.1,5000,"sd","09:51:56",2388700
13.1,0.1,10000,"sd","09:51:54",2383700
13.1,0.1,3000,"sd","09:51:49",2373700
13.1,0.1,600,"sd","09:51:47",2370700
13.15,0.15,200,"bu","09:51:41",2370100
13.1,0.1,6000,"sd","09:51:37",2369900
13.1,0.1,1000,"sd","09:51:34",2363900
13.1,0.1,5000,"sd","09:51:23",2362900
13.1,0.1,2000,"sd","09:51:22",2357900
13.1,0.1,5000,"sd","09:51:20",2355900
13.1,0.1,300,"sd","09:51:18",2350900
13.1,0.1,200,"sd","09:51:18",2350600
13.1,0.1,7000,"sd","09:51:11",2350400
13.1,0.1,1000,"sd","09:50:52",2343400
13.15,0.15,300,"bu","09:50:45",2342400
13.15,0.15,2900,"bu","09:50:23",2342100
13.15,0.15,43500,"sd","09:50:13",2339200
13.15,0.15,50000,"sd","09:50:13",2295700
13.15,0.15,2000,"sd","09:50:12",2245700
13.15,0.15,9300,"sd","09:50:11",2243700
13.15,0.15,2000,"sd","09:50:11",2234400
13.15,0.15,30000,"sd","09:50:10",2232400
13.15,0.15,5000,"sd","09:50:09",2202400
13.15,0.15,7000,"sd","09:50:08",2197400
13.15,0.15,1400,"sd","09:50:03",2190400
13.15,0.15,700,"sd","09:50:00",2189000
13.15,0.15,2000,"sd","09:49:56",2188300
13.15,0.15,6000,"sd","09:49:38",2186300
13.15,0.15,2000,"sd","09:49:37",2180300
13.15,0.15,1000,"sd","09:49:30",2178300
13.15,0.15,1000,"sd","09:49:29",2177300
13.15,0.15,800,"sd","09:49:23",2176300
13.15,0.15,10000,"sd","09:49:10",2175500
13.15,0.15,1000,"sd","09:49:09",2165500
13.15,0.15,1000,"sd","09:49:06",2164500
13.15,0.15,1000,"sd","09:49:05",2163500
13.15,0.15,5200,"sd","09:48:59",2162500
13.15,0.15,500,"sd","09:48:49",2157300
13.15,0.15,100,"sd","09:48:48",2156800
13.15,0.15,100,"sd","09:48:45",2156700
13.15,0.15,500,"sd","09:48:35",2156600
13.15,0.15,200,"sd","09:48:23",2156100
13.15,0.15,500,"sd","09:48:16",2155900
13.15,0.15,1500,"sd","09:47:55",2155400
13.2,0.2,5000,"bu","09:47:52",2153900
13.2,0.2,128500,"sd","09:47:46",2148900
13.2,0.2,2000,"sd","09:47:45",2020400
13.2,0.2,1600,"sd","09:47:44",2018400
13.2,0.2,10000,"sd","09:47:42",2016800
13.2,0.2,100,"sd","09:47:39",2006800
13.2,0.2,5000,"sd","09:47:38",2006700
13.2,0.2,4300,"sd","09:47:37",2001700
13.2,0.2,50000,"sd","09:47:36",1997400
13.2,0.2,600,"sd","09:47:32",1947400
13.2,0.2,100000,"sd","09:47:31",1946800
13.2,0.2,10700,"sd","09:47:30",1846800
13.2,0.2,3000,"sd","09:47:30",1836100
13.2,0.2,4800,"sd","09:47:28",1833100
13.2,0.2,10000,"sd","09:47:27",1828300
13.2,0.2,1000,"sd","09:47:26",1818300
13.2,0.2,200,"sd","09:47:20",1817300
13.2,0.2,100,"sd","09:47:18",1817100
13.2,0.2,1000,"sd","09:47:04",1817000
13.2,0.2,1700,"sd","09:46:56",1816000
13.2,0.2,5000,"sd","09:46:46",1814300
13.2,0.2,1000,"sd","09:46:36",1809300
13.25,0.25,5000,"bu","09:46:31",1808300
13.2,0.2,10000,"sd","09:46:24",1803300
13.2,0.2,6000,"sd","09:46:13",1793300
13.2,0.2,100,"sd","09:46:10",1787300
13.2,0.2,15000,"sd","09:46:07",1787200
13.2,0.2,300,"sd","09:45:51",1772200
13.25,0.25,400,"bu","09:45:45",1771900
13.2,0.2,1500,"sd","09:45:44",1771500
13.25,0.25,500,"bu","09:45:40",1770000
13.25,0.25,200,"bu","09:45:40",1769500
13.25,0.25,10000,"bu","09:45:29",1769300
13.25,0.25,500,"bu","09:45:28",1759300
13.25,0.25,1000,"bu","09:45:27",1758800
13.2,0.2,2000,"sd","09:45:24",1757800
13.25,0.25,900,"bu","09:45:22",1755800
13.25,0.25,10000,"bu","09:45:11",1754900
13.25,0.25,1000,"bu","09:45:06",1744900
13.25,0.25,100,"bu","09:45:04",1743900
13.25,0.25,100,"bu","09:45:01",1743800
13.25,0.25,1000,"bu","09:44:55",1743700
13.25,0.25,300,"bu","09:44:39",1742700
13.25,0.25,100,"bu","09:44:27",1742400
13.25,0.25,23000,"bu","09:44:24",1742300
13.25,0.25,9900,"bu","09:44:19",1719300
13.25,0.25,1000,"bu","09:44:09",1709400
13.25,0.25,500,"bu","09:44:04",1708400
13.25,0.25,100,"bu","09:44:00",1707900
13.25,0.25,1500,"bu","09:43:56",1707800
13.25,0.25,100,"bu","09:43:46",1706300
13.2,0.2,4000,"sd","09:43:42",1706200
13.2,0.2,1000,"sd","09:43:32",1702200
13.2,0.2,4000,"sd","09:43:18",1701200
13.25,0.25,200,"bu","09:43:15",1697200
13.2,0.2,2200,"sd","09:43:14",1697000
13.2,0.2,1000,"sd","09:43:13",1694800
13.25,0.25,700,"bu","09:43:12",1693800
13.2,0.2,4800,"sd","09:43:08",1693100
13.2,0.2,1000,"sd","09:43:07",1688300
13.2,0.2,3000,"sd","09:43:06",1687300
13.2,0.2,500,"sd","09:43:05",1684300
13.2,0.2,300,"sd","09:43:03",1683800
13.2,0.2,200,"sd","09:43:01",1683500
13.2,0.2,500,"sd","09:42:57",1683300
13.2,0.2,1800,"sd","09:42:56",1682800
13.2,0.2,3700,"sd","09:42:56",1681000
13.2,0.2,5000,"sd","09:42:55",1677300
13.2,0.2,3500,"sd","09:42:53",1672300
13.2,0.2,2000,"sd","09:42:50",1668800
13.2,0.2,4100,"sd","09:42:48",1666800
13.2,0.2,100000,"sd","09:42:44",1662700
13.2,0.2,1000,"sd","09:42:36",1562700
13.25,0.25,200,"bu","09:42:36",1561700
13.2,0.2,200,"sd","09:42:31",1561500
13.2,0.2,1000,"sd","09:42:16",1561300
13.25,0.25,300,"bu","09:42:16",1560300
13.2,0.2,4000,"sd","09:42:14",1560000
13.2,0.2,2500,"sd","09:42:09",1556000
13.2,0.2,300,"sd","09:42:04",1553500
13.2,0.2,100,"sd","09:41:57",1553200
13.2,0.2,20000,"sd","09:41:56",1553100
13.2,0.2,200,"sd","09:41:54",1533100
13.2,0.2,100,"sd","09:41:37",1532900
13.25,0.25,100,"bu","09:41:31",1532800
13.25,0.25,5300,"bu","09:41:25",1532700
13.2,0.2,30000,"sd","09:41:15",1527400
13.2,0.2,10000,"sd","09:41:07",1497400
13.25,0.25,5300,"bu","09:41:02",1487400
13.2,0.2,100,"sd","09:41:00",1482100
13.25,0.25,2900,"bu","09:40:59",1482000
13.2,0.2,5000,"sd","09:40:57",1479100
13.2,0.2,200,"sd","09:40:56",1474100
13.2,0.2,3000,"sd","09:40:49",1473900
13.2,0.2,500,"sd","09:40:45",1470900
13.25,0.25,1600,"bu","09:40:37",1470400
13.2,0.2,3000,"sd","09:40:35",1468800
13.25,0.25,2100,"bu","09:40:29",1465800
13.25,0.25,2000,"bu","09:40:25",1463700
13.25,0.25,2500,"bu","09:40:23",1461700
13.25,0.25,2000,"bu","09:40:04",1459200
13.25,0.25,5000,"bu","09:40:00",1457200
13.25,0.25,7000,"bu","09:39:50",1452200
13.25,0.25,200,"bu","09:39:47",1445200
13.25,0.25,5000,"bu","09:39:45",1445000
13.25,0.25,100,"bu","09:39:28",1440000
13.25,0.25,19100,"bu","09:39:15",1439900
13.25,0.25,100,"bu","09:38:57",1420800
13.2,0.2,10800,"sd","09:38:57",1420700
13.2,0.2,3100,"sd","09:38:50",1409900
13.25,0.25,100,"bu","09:38:48",1406800
13.25,0.25,100,"bu","09:38:40",1406700
13.2,0.2,500,"sd","09:38:39",1406600
13.25,0.25,100,"bu","09:38:35",1406100
13.25,0.25,1000,"bu","09:38:24",1406000
13.25,0.25,200,"bu","09:38:11",1405000
13.25,0.25,100,"bu","09:38:07",1404800
13.25,0.25,300,"bu","09:37:49",1404700
13.25,0.25,100,"bu","09:37:40",1404400
13.25,0.25,200,"bu","09:37:31",1404300
13.2,0.2,10800,"sd","09:37:24",1404100
13.2,0.2,100,"sd","09:37:21",1393300
13.25,0.25,3000,"bu","09:37:15",1393200
13.25,0.25,1000,"bu","09:37:08",1390200
13.25,0.25,5000,"bu","09:37:04",1389200
13.2,0.2,300,"sd","09:37:02",1384200
13.25,0.25,100,"bu","09:36:59",1383900
13.25,0.25,200,"bu","09:36:56",1383800
13.25,0.25,100,"bu","09:36:38",1383600
13.25,0.25,5000,"bu","09:36:27",1383500
13.25,0.25,10000,"bu","09:36:27",1378500
13.25,0.25,9700,"bu","09:36:22",1368500
13.25,0.25,100,"bu","09:36:21",1358800
13.25,0.25,100,"bu","09:36:15",1358700
13.25,0.25,10000,"bu","09:36:12",1358600
13.2,0.2,100,"sd","09:36:11",1348600
13.25,0.25,1200,"bu","09:36:08",1348500
13.2,0.2,5000,"sd","09:35:35",1347300
13.2,0.2,200,"sd","09:35:13",1342300
13.25,0.25,3000,"bu","09:35:12",1342100
13.25,0.25,10000,"bu","09:34:50",1339100
13.25,0.25,100,"bu","09:34:39",1329100
13.2,0.2,5000,"sd","09:34:35",1329000
13.2,0.2,900,"sd","09:34:29",1324000
13.2,0.2,1000,"sd","09:34:27",1323100
13.25,0.25,100,"bu","09:34:20",1322100
13.2,0.2,21800,"bu","09:34:16",1322000
13.2,0.2,500,"bu","09:34:16",1300200
13.2,0.2,16400,"bu","09:34:15",1299700
13.2,0.2,4200,"bu","09:34:11",1283300
13.2,0.2,500,"bu","09:34:10",1279100
13.2,0.2,500,"bu","09:34:10",1278600
13.2,0.2,5000,"bu","09:34:09",1278100
13.2,0.2,20000,"bu","09:34:08",1273100
13.2,0.2,10000,"bu","09:34:08",1253100
13.2,0.2,5000,"bu","09:34:07",1243100
13.2,0.2,2000,"bu","09:34:06",1238100
13.2,0.2,2000,"bu","09:34:05",1236100
13.2,0.2,100,"bu","09:34:03",1234100
13.2,0.2,1000,"bu","09:34:02",1234000
13.2,0.2,300,"bu","09:34:02",1233000
13.2,0.2,1100,"bu","09:34:01",1232700
13.2,0.2,5000,"bu","09:34:00",1231600
13.2,0.2,500,"bu","09:33:58",1226600
13.2,0.2,21800,"bu","09:33:57",1226100
13.2,0.2,100,"bu","09:33:56",1204300
13.2,0.2,100,"bu","09:33:55",1204200
13.2,0.2,50000,"bu","09:33:54",1204100
13.2,0.2,55100,"bu","09:33:52",1154100
13.2,0.2,5100,"bu","09:33:51",1099000
13.2,0.2,5000,"bu","09:33:48",1093900
13.2,0.2,3000,"bu","09:33:47",1088900
13.2,0.2,20000,"bu","09:33:46",1085900
13.2,0.2,3000,"bu","09:33:43",1065900
13.2,0.2,35200,"bu","09:33:40",1062900
13.2,0.2,5000,"bu","09:33:36",1027700
13.2,0.2,1000,"bu","09:33:34",1022700
13.2,0.2,100,"bu","09:33:33",1021700
13.2,0.2,10000,"bu","09:33:33",1021600
13.2,0.2,10000,"bu","09:33:31",1011600
13.2,0.2,100,"bu","09:33:25",1001600
13.2,0.2,700,"bu","09:33:23",1001500
13.2,0.2,800,"bu","09:33:22",1000800
13.2,0.2,800,"bu","09:33:20",1000000
13.2,0.2,9000,"bu","09:33:19",999200
13.2,0.2,3000,"bu","09:33:18",990200
13.2,0.2,300,"bu","09:33:14",987200
13.2,0.2,17700,"bu","09:33:13",986900
13.2,0.2,5000,"bu","09:33:06",969200
13.2,0.2,4200,"bu","09:33:05",964200
13.2,0.2,200,"bu","09:33:01",960000
13.2,0.2,20100,"bu","09:33:00",959800
13.2,0.2,10000,"bu","09:32:49",939700
13.2,0.2,400,"bu","09:32:45",929700
13.2,0.2,1600,"bu","09:32:44",929300
13.2,0.2,1000,"bu","09:32:35",927700
13.2,0.2,1000,"bu","09:32:23",926700
13.2,0.2,1000,"bu","09:32:22",925700
13.2,0.2,1000,"bu","09:32:21",924700
13.2,0.2,1000,"bu","09:32:21",923700
13.2,0.2,1000,"bu","09:32:20",922700
13.2,0.2,30000,"bu","09:32:16",921700
13.2,0.2,100,"bu","09:32:05",891700
13.15,0.15,400,"sd","09:32:04",891600
13.2,0.2,1000,"bu","09:32:02",891200
13.2,0.2,50000,"bu","09:31:55",890200
13.2,0.2,4000,"bu","09:31:49",840200
13.2,0.2,200,"bu","09:31:46",836200
13.2,0.2,500,"bu","09:31:42",836000
13.15,0.15,200,"sd","09:31:40",835500
13.2,0.2,4500,"bu","09:31:31",835300
13.2,0.2,500,"bu","09:31:24",830800
13.2,0.2,100,"bu","09:31:20",830300
13.15,0.15,100,"sd","09:31:07",830200
13.2,0.2,600,"bu","09:31:01",830100
13.2,0.2,100,"bu","09:31:00",829500
13.2,0.2,5000,"bu","09:30:57",829400
13.2,0.2,100,"bu","09:30:51",824400
13.2,0.2,300,"bu","09:30:41",824300
13.2,0.2,5000,"bu","09:30:40",824000
13.2,0.2,1000,"bu","09:30:30",819000
13.2,0.2,10000,"bu","09:30:23",818000
13.2,0.2,2000,"bu","09:30:17",808000
13.2,0.2,2000,"bu","09:30:16",806000
13.2,0.2,5000,"bu","09:30:08",804000
13.2,0.2,200,"bu","09:29:59",799000
13.2,0.2,1000,"bu","09:29:58",798800
13.2,0.2,1800,"bu","09:29:52",797800
13.2,0.2,50000,"bu","09:29:50",796000
13.15,0.15,1000,"sd","09:29:43",746000
13.2,0.2,5000,"bu","09:29:39",745000
13.2,0.2,2000,"bu","09:29:37",740000
13.2,0.2,300,"bu","09:29:29",738000
13.2,0.2,100,"bu","09:29:27",737700
13.2,0.2,1000,"bu","09:29:26",737600
13.2,0.2,500,"bu","09:28:42",736600
13.2,0.2,200,"bu","09:28:38",736100
13.2,0.2,1000,"bu","09:28:36",735900
13.2,0.2,1200,"bu","09:28:35",734900
13.2,0.2,400,"bu","09:28:19",733700
13.2,0.2,1000,"bu","09:28:17",733300
13.2,0.2,800,"bu","09:28:08",732300
13.2,0.2,1000,"bu","09:28:07",731500
13.2,0.2,5400,"bu","09:28:07",730500
13.2,0.2,10000,"bu","09:28:06",725100
13.2,0.2,1000,"bu","09:27:52",715100
13.15,0.15,100,"sd","09:27:46",714100
13.2,0.2,600,"bu","09:27:43",714000
13.2,0.2,20000,"bu","09:27:33",713400
13.15,0.15,100,"sd","09:27:22",693400
13.2,0.2,2100,"bu","09:27:13",693300
13.2,0.2,2500,"bu","09:27:11",691200
13.2,0.2,1800,"bu","09:27:08",688700
13.2,0.2,20000,"bu","09:27:05",686900
13.2,0.2,6900,"bu","09:26:38",666900
13.15,0.15,300,"bu","09:26:38",660000
13.15,0.15,35000,"bu","09:26:32",659700
13.15,0.15,30000,"bu","09:26:29",624700
13.15,0.15,1000,"bu","09:26:28",594700
13.15,0.15,200,"bu","09:26:25",593700
13.15,0.15,500,"bu","09:26:24",593000
13.15,0.15,4500,"bu","09:26:22",592500
13.15,0.15,51600,"bu","09:26:16",588000
13.15,0.15,1000,"bu","09:26:12",536400
13.15,0.15,5000,"bu","09:26:10",535400
13.15,0.15,300,"bu","09:26:09",530400
13.15,0.15,900,"bu","09:26:07",530100
13.15,0.15,5000,"bu","09:26:03",529200
13.15,0.15,2000,"bu","09:25:48",524200
13.15,0.15,200,"bu","09:25:34",522200
13.1,0.1,1000,"sd","09:25:30",522000
13.15,0.15,2500,"bu","09:25:28",521000
13.15,0.15,20000,"bu","09:25:13",518500
13.15,0.15,1000,"bu","09:24:57",498500
13.15,0.15,30000,"bu","09:24:40",497500
13.1,0.1,30000,"sd","09:24:29",467500
13.15,0.15,400,"bu","09:24:19",437500
13.1,0.1,100,"sd","09:24:13",437100
13.15,0.15,21000,"bu","09:23:51",437000
13.1,0.1,10000,"sd","09:23:05",416000
13.1,0.1,500,"sd","09:22:58",406000
13.1,0.1,200,"sd","09:22:37",405500
13.1,0.1,1000,"sd","09:22:04",405300
13.1,0.1,1000,"sd","09:21:54",404300
13.1,0.1,500,"sd","09:21:46",403300
13.1,0.1,800,"sd","09:21:41",402800
13.1,0.1,400,"sd","09:21:40",402000
13.1,0.1,25000,"sd","09:21:34",401600
13.1,0.1,20000,"sd","09:21:28",376600
13.1,0.1,1000,"sd","09:21:24",356600
13.1,0.1,5000,"sd","09:20:47",355600
13.1,0.1,2000,"bu","09:20:45",350600
13.1,0.1,5300,"bu","09:20:44",348600
13.1,0.1,100,"bu","09:20:42",343300
13.1,0.1,80000,"bu","09:20:38",343200
13.1,0.1,500,"bu","09:20:26",263200
13.1,0.1,500,"bu","09:20:12",262700
13.1,0.1,200,"bu","09:20:09",262200
13.1,0.1,5000,"bu","09:20:01",262000
13.05,0.05,300,"sd","09:19:51",257000
13.1,0.1,2000,"bu","09:19:34",256700
13.05,0.05,3800,"sd","09:19:30",254700
13.05,0.05,3900,"sd","09:19:24",250900
13.05,0.05,3800,"sd","09:19:12",247000
13.05,0.05,3000,"sd","09:19:08",243200
13.1,0.1,20000,"bu","09:19:06",240200
13.05,0.05,100,"sd","09:19:03",220200
13.05,0.05,23700,"sd","09:19:02",220100
13.05,0.05,3800,"sd","09:18:59",196400
13.05,0.05,10000,"sd","09:18:45",192600
13.05,0.05,4000,"sd","09:18:30",182600
13.05,0.05,2700,"sd","09:18:10",178600
13.1,0.1,2000,"bu","09:18:01",175900
13.1,0.1,2000,"bu","09:17:50",173900
13.1,0.1,1000,"bu","09:17:05",171900
13.1,0.1,100,"bu","09:16:57",170900
13.1,0.1,2000,"bu","09:16:55",170800
13.1,0.1,40000,"bu","09:16:47",168800
13.05,0.05,10000,"sd","09:16:39",128800
13.1,0.1,400,"bu","09:16:34",118800
13.1,0.1,1000,"bu","09:16:32",118400
13.05,0.05,20000,"sd","09:16:27",117400
13.1,0.1,200,"bu","09:15:57",97400
13.05,0.05,20000,"sd","09:15:56",97200
13.1,0.1,5000,"bu","09:15:48",77200
13.05,0.05,500,"sd","09:15:29",72200
13.05,0.05,500,"sd","09:15:15",71700
13.05,0.05,71200,"","09:15:02",71200
