"price","change","match_qtty","side","time","total_vol"
11.5,-0.05,74400,"","14:45:04",5040900
11.55,0,500,"bu","14:29:53",4966500
11.55,0,1000,"sd","14:29:17",4966000
11.55,0,1000,"sd","14:29:05",4965000
11.5,-0.05,200,"sd","14:28:48",4964000
11.55,0,800,"sd","14:28:48",4963800
11.55,0,9200,"bu","14:28:26",4963000
11.55,0,500,"bu","14:28:16",4953800
11.55,0,800,"bu","14:28:13",4953300
11.55,0,1300,"bu","14:27:49",4952500
11.55,0,1000,"bu","14:27:45",4951200
11.55,0,2000,"bu","14:27:35",4950200
11.55,0,400,"bu","14:27:23",4948200
11.55,0,2000,"bu","14:27:03",4947800
11.55,0,1000,"bu","14:26:58",4945800
11.55,0,1100,"sd","14:26:57",4944800
11.55,0,100,"sd","14:26:47",4943700
11.6,0.05,800,"bu","14:26:47",4943600
11.55,0,1000,"sd","14:26:26",4942800
11.55,0,200,"sd","14:26:24",4941800
11.55,0,100,"sd","14:26:21",4941600
11.55,0,2000,"sd","14:26:13",4941500
11.55,0,5000,"sd","14:26:06",4939500
11.6,0.05,1200,"bu","14:25:44",4934500
11.55,0,43400,"bu","14:25:42",4933300
11.55,0,1000,"bu","14:25:41",4889900
11.55,0,300,"bu","14:25:40",4888900
11.55,0,6800,"bu","14:25:35",4888600
11.55,0,20000,"bu","14:25:34",4881800
11.55,0,1000,"bu","14:25:30",4861800
11.55,0,9900,"bu","14:25:28",4860800
11.55,0,1000,"bu","14:25:26",4850900
11.55,0,5000,"bu","14:25:26",4849900
11.55,0,123200,"bu","14:25:14",4844900
11.5,-0.05,10700,"sd","14:25:00",4721700
11.55,0,2400,"bu","14:24:55",4711000
11.55,0,2000,"bu","14:24:53",4708600
11.55,0,1600,"bu","14:24:49",4706600
11.55,0,2400,"bu","14:24:45",4705000
11.55,0,1600,"bu","14:24:43",4702600
11.55,0,700,"bu","14:24:41",4701000
11.55,0,2000,"bu","14:24:39",4700300
11.55,0,800,"bu","14:24:38",4698300
11.5,-0.05,4000,"sd","14:24:34",4697500
11.55,0,2400,"bu","14:24:34",4693500
11.55,0,800,"bu","14:24:32",4691100
11.55,0,700,"bu","14:24:30",4690300
11.55,0,1900,"bu","14:24:25",4689600
11.55,0,1600,"bu","14:24:24",4687700
11.55,0,2400,"bu","14:24:23",4686100
11.5,-0.05,1000,"sd","14:24:22",4683700
11.55,0,700,"bu","14:24:21",4682700
11.55,0,1600,"bu","14:24:15",4682000
11.55,0,2400,"bu","14:24:13",4680400
11.55,0,700,"bu","14:24:13",4678000
11.55,0,2400,"bu","14:24:03",4677300
11.55,0,2400,"bu","14:23:51",4674900
11.55,0,2400,"bu","14:23:48",4672500
11.5,-0.05,200,"sd","14:23:48",4670100
11.55,0,1600,"bu","14:23:47",4669900
11.5,-0.05,6000,"sd","14:23:20",4668300
11.55,0,3000,"bu","14:23:04",4662300
11.55,0,5000,"bu","14:22:58",4659300
11.55,0,2400,"bu","14:22:36",4654300
11.55,0,1600,"bu","14:22:24",4651900
11.55,0,1600,"bu","14:22:17",4650300
11.55,0,2400,"bu","14:22:13",4648700
11.55,0,2100,"bu","14:22:09",4646300
11.55,0,1600,"bu","14:22:09",4644200
11.55,0,1600,"bu","14:22:01",4642600
11.55,0,2400,"bu","14:21:59",4641000
11.55,0,1600,"bu","14:21:51",4638600
11.55,0,2200,"bu","14:21:49",4637000
11.55,0,2400,"bu","14:21:48",4634800
11.55,0,100,"bu","14:21:41",4632400
11.55,0,2200,"bu","14:21:39",4632300
11.55,0,2400,"bu","14:21:37",4630100
11.55,0,2100,"bu","14:21:33",4627700
11.55,0,2400,"bu","14:21:26",4625600
11.55,0,2200,"bu","14:21:21",4623200
11.5,-0.05,8000,"sd","14:21:18",4621000
11.5,-0.05,20300,"sd","14:20:47",4613000
11.5,-0.05,200,"sd","14:20:23",4592700
11.5,-0.05,5000,"sd","14:20:06",4592500
11.5,-0.05,700,"bu","14:19:52",4587500
11.5,-0.05,2300,"sd","14:19:49",4586800
11.5,-0.05,17500,"bu","14:19:36",4584500
11.5,-0.05,20000,"bu","14:19:34",4567000
11.5,-0.05,100,"bu","14:19:34",4547000
11.5,-0.05,10000,"bu","14:19:31",4546900
11.5,-0.05,300,"bu","14:19:23",4536900
11.5,-0.05,500,"bu","14:18:52",4536600
11.5,-0.05,2000,"bu","14:17:59",4536100
11.5,-0.05,4000,"bu","14:17:51",4534100
11.5,-0.05,1900,"bu","14:17:49",4530100
11.5,-0.05,1700,"sd","14:17:48",4528200
11.55,0,800,"bu","14:17:45",4526500
11.55,0,2400,"bu","14:17:40",4525700
11.55,0,2300,"bu","14:17:38",4523300
11.55,0,800,"bu","14:17:36",4521000
11.55,0,2000,"bu","14:17:31",4520200
11.55,0,800,"bu","14:17:30",4518200
11.55,0,2400,"bu","14:17:29",4517400
11.55,0,2300,"bu","14:17:22",4515000
11.5,-0.05,1100,"bu","14:17:21",4512700
11.5,-0.05,5000,"bu","14:17:13",4511600
11.5,-0.05,2000,"bu","14:17:01",4506600
11.5,-0.05,10000,"bu","14:17:00",4504600
11.5,-0.05,2000,"bu","14:16:53",4494600
11.5,-0.05,300,"bu","14:16:10",4492600
11.5,-0.05,1000,"bu","14:16:04",4492300
11.5,-0.05,200,"bu","14:15:17",4491300
11.5,-0.05,1000,"bu","14:15:03",4491100
11.5,-0.05,900,"sd","14:14:03",4490100
11.5,-0.05,3000,"sd","14:14:01",4489200
11.5,-0.05,5000,"sd","14:13:38",4486200
11.5,-0.05,500,"sd","14:12:46",4481200
11.5,-0.05,600,"sd","14:12:23",4480700
11.5,-0.05,5000,"sd","14:12:09",4480100
11.5,-0.05,1000,"sd","14:11:45",4475100
11.5,-0.05,200,"sd","14:11:25",4474100
11.55,0,2400,"bu","14:11:24",4473900
11.5,-0.05,500,"sd","14:11:22",4471500
11.5,-0.05,2800,"sd","14:11:00",4471000
11.5,-0.05,5300,"bu","14:10:41",4468200
11.5,-0.05,14700,"sd","14:10:37",4462900
11.5,-0.05,300,"sd","14:10:33",4448200
11.5,-0.05,1000,"sd","14:10:16",4447900
11.5,-0.05,2000,"sd","14:10:06",4446900
11.55,0,200,"bu","14:10:03",4444900
11.55,0,800,"bu","14:09:46",4444700
11.5,-0.05,400,"sd","14:09:42",4443900
11.5,-0.05,900,"sd","14:08:37",4443500
11.5,-0.05,300,"sd","14:08:34",4442600
11.55,0,500,"bu","14:08:19",4442300
11.5,-0.05,1000,"sd","14:08:17",4441800
11.5,-0.05,200,"sd","14:08:04",4440800
11.5,-0.05,100,"sd","14:07:58",4440600
11.5,-0.05,1500,"sd","14:07:18",4440500
11.5,-0.05,3000,"sd","14:07:03",4439000
11.5,-0.05,300,"sd","14:07:01",4436000
11.5,-0.05,500,"sd","14:06:59",4435700
11.5,-0.05,5000,"sd","14:06:39",4435200
11.5,-0.05,2000,"sd","14:06:19",4430200
11.5,-0.05,300,"sd","14:06:05",4428200
11.5,-0.05,3000,"sd","14:06:00",4427900
11.5,-0.05,4000,"sd","14:04:52",4424900
11.5,-0.05,600,"sd","14:04:50",4420900
11.5,-0.05,21500,"sd","14:04:43",4420300
11.5,-0.05,200,"sd","14:04:31",4398800
11.5,-0.05,6000,"sd","14:04:24",4398600
11.5,-0.05,3000,"sd","14:03:55",4392600
11.5,-0.05,100,"sd","14:03:49",4389600
11.5,-0.05,1500,"sd","14:03:34",4389500
11.5,-0.05,200,"sd","14:03:13",4388000
11.55,0,500,"bu","14:02:50",4387800
11.55,0,100,"bu","14:02:34",4387300
11.5,-0.05,300,"bu","14:02:29",4387200
11.5,-0.05,1000,"bu","14:02:23",4386900
11.5,-0.05,100,"bu","14:02:22",4385900
11.5,-0.05,3000,"bu","14:02:18",4385800
11.5,-0.05,20000,"bu","14:02:17",4382800
11.5,-0.05,4100,"bu","14:02:13",4362800
11.5,-0.05,2000,"bu","14:02:09",4358700
11.5,-0.05,1100,"bu","14:02:08",4356700
11.5,-0.05,2000,"bu","14:02:07",4355600
11.45,-0.1,100,"sd","14:02:03",4353600
11.5,-0.05,100,"bu","14:02:03",4353500
11.5,-0.05,100,"bu","14:02:01",4353400
11.5,-0.05,3600,"bu","14:01:55",4353300
11.5,-0.05,9000,"bu","14:01:54",4349700
11.5,-0.05,100,"bu","14:01:49",4340700
11.5,-0.05,800,"bu","14:01:48",4340600
11.45,-0.1,100,"sd","14:01:46",4319800
11.5,-0.05,10000,"bu","14:01:45",4319700
11.5,-0.05,100,"bu","14:01:43",4309700
11.5,-0.05,4400,"bu","14:01:43",4309600
11.5,-0.05,800,"bu","14:01:40",4305200
11.5,-0.05,2200,"bu","14:01:39",4304400
11.5,-0.05,1000,"bu","14:01:34",4302200
11.5,-0.05,900,"bu","14:01:33",4301200
11.5,-0.05,2400,"bu","14:01:29",4300300
11.5,-0.05,800,"bu","14:01:27",4297900
11.5,-0.05,1900,"bu","14:01:25",4297100
11.5,-0.05,800,"bu","14:01:20",4295200
11.5,-0.05,2300,"bu","14:01:15",4294400
11.5,-0.05,800,"bu","14:01:12",4292100
11.5,-0.05,800,"bu","14:01:04",4291300
11.5,-0.05,3800,"bu","14:00:58",4290500
11.45,-0.1,100,"sd","14:00:58",4286700
11.5,-0.05,1000,"bu","14:00:57",4286600
11.5,-0.05,200,"bu","14:00:55",4285600
11.5,-0.05,20000,"bu","14:00:54",4285400
11.5,-0.05,2200,"bu","14:00:50",4265400
11.5,-0.05,1900,"bu","14:00:27",4263200
11.45,-0.1,100,"sd","14:00:19",4261300
11.5,-0.05,1000,"bu","13:59:53",4261200
11.5,-0.05,100,"bu","13:59:40",4260200
11.5,-0.05,100,"bu","13:59:39",4260100
11.45,-0.1,100,"sd","13:59:25",4260000
11.45,-0.1,5000,"sd","13:59:17",4259900
11.5,-0.05,500,"bu","13:59:01",4254900
11.45,-0.1,100,"sd","13:58:42",4254400
11.5,-0.05,300,"bu","13:58:31",4254300
11.45,-0.1,100,"sd","13:57:58",4254000
11.5,-0.05,1000,"bu","13:57:30",4253900
11.45,-0.1,300,"sd","13:57:20",4252900
11.45,-0.1,100,"sd","13:57:01",4252600
11.45,-0.1,2000,"sd","13:56:06",4252500
11.45,-0.1,100,"sd","13:55:58",4250500
11.5,-0.05,800,"bu","13:55:49",4250400
11.45,-0.1,100,"sd","13:55:44",4249600
11.45,-0.1,100,"sd","13:55:18",4249500
11.45,-0.1,5500,"sd","13:54:30",4249400
11.45,-0.1,100,"sd","13:54:06",4243900
11.5,-0.05,3000,"bu","13:54:05",4243800
11.5,-0.05,100,"bu","13:54:00",4240800
11.5,-0.05,13400,"bu","13:53:54",4240700
11.5,-0.05,5000,"bu","13:53:38",4227300
11.5,-0.05,500,"bu","13:53:19",4222300
11.45,-0.1,100,"sd","13:53:18",4221800
11.5,-0.05,500,"bu","13:53:13",4221700
11.5,-0.05,100,"bu","13:52:40",4221200
11.45,-0.1,100,"sd","13:52:37",4221100
11.5,-0.05,100,"bu","13:52:02",4221000
11.5,-0.05,2000,"bu","13:52:01",4220900
11.45,-0.1,100,"sd","13:51:41",4218900
11.45,-0.1,5000,"sd","13:51:20",4218800
11.45,-0.1,50000,"sd","13:51:03",4213800
11.45,-0.1,100,"sd","13:50:48",4163800
11.5,-0.05,20000,"bu","13:50:32",4163700
11.45,-0.1,800,"sd","13:50:29",4143700
11.45,-0.1,800,"sd","13:50:23",4142900
11.45,-0.1,800,"sd","13:50:18",4142100
11.45,-0.1,2400,"sd","13:50:17",4141300
11.45,-0.1,1600,"sd","13:50:13",4138900
11.45,-0.1,800,"sd","13:50:11",4137300
11.45,-0.1,800,"sd","13:50:09",4136500
11.45,-0.1,600,"sd","13:50:08",4135700
11.5,-0.05,300,"bu","13:50:00",4135100
11.5,-0.05,14100,"sd","13:49:11",4134800
11.5,-0.05,100,"sd","13:49:01",4120700
11.5,-0.05,1500,"sd","13:48:45",4120600
11.5,-0.05,3400,"sd","13:48:29",4119100
11.5,-0.05,8800,"sd","13:48:24",4115700
11.5,-0.05,100,"sd","13:48:09",4106900
11.5,-0.05,500,"sd","13:47:54",4106800
11.5,-0.05,800,"sd","13:47:44",4106300
11.5,-0.05,2400,"sd","13:47:23",4105500
11.5,-0.05,5000,"sd","13:47:21",4103100
11.5,-0.05,4000,"sd","13:46:39",4098100
11.5,-0.05,1000,"sd","13:45:48",4094100
11.5,-0.05,3000,"sd","13:45:11",4093100
11.5,-0.05,1000,"sd","13:44:24",4090100
11.5,-0.05,200,"bu","13:43:31",4089100
11.5,-0.05,100,"bu","13:43:27",4088900
11.5,-0.05,100,"bu","13:43:26",4088800
11.5,-0.05,100,"bu","13:43:24",4088700
11.5,-0.05,100,"bu","13:43:23",4088600
11.5,-0.05,100,"bu","13:43:21",4088500
11.5,-0.05,3900,"bu","13:43:11",4088400
11.5,-0.05,1000,"bu","13:42:42",4084500
11.5,-0.05,100,"bu","13:42:33",4083500
11.5,-0.05,10000,"bu","13:42:17",4083400
11.5,-0.05,2000,"bu","13:42:14",4073400
11.5,-0.05,2000,"bu","13:42:13",4071400
11.5,-0.05,10000,"bu","13:41:57",4069400
11.5,-0.05,100,"bu","13:41:55",4059400
11.5,-0.05,200,"bu","13:41:52",4059300
11.5,-0.05,20000,"bu","13:41:46",4059100
11.5,-0.05,300,"bu","13:41:34",4039100
11.5,-0.05,2000,"bu","13:41:10",4038800
11.5,-0.05,5000,"bu","13:40:56",4036800
11.5,-0.05,500,"bu","13:40:47",4031800
11.5,-0.05,1000,"bu","13:40:08",4031300
11.5,-0.05,800,"bu","13:39:56",4030300
11.5,-0.05,20000,"bu","13:35:54",4029500
11.5,-0.05,700,"bu","13:34:54",4009500
11.5,-0.05,5000,"bu","13:34:49",4008800
11.45,-0.1,300,"sd","13:33:04",4003800
11.45,-0.1,1000,"sd","13:32:40",4003500
11.45,-0.1,1000,"sd","13:32:31",4002500
11.45,-0.1,3600,"bu","13:32:30",4001500
11.45,-0.1,1300,"bu","13:32:11",3997900
11.45,-0.1,100,"bu","13:32:03",3996600
11.45,-0.1,148000,"sd","13:31:23",3996500
11.5,-0.05,5000,"bu","13:30:47",3848500
11.45,-0.1,4000,"sd","13:29:46",3843500
11.5,-0.05,100,"bu","13:29:45",3839500
11.45,-0.1,800,"sd","13:29:09",3839400
11.5,-0.05,300,"bu","13:28:53",3838600
11.5,-0.05,10000,"bu","13:28:52",3838300
11.5,-0.05,100,"bu","13:28:49",3828300
11.5,-0.05,200,"bu","13:28:20",3828200
11.5,-0.05,1500,"bu","13:28:11",3828000
11.5,-0.05,500,"sd","13:27:55",3826500
11.5,-0.05,19500,"bu","13:27:48",3826000
11.5,-0.05,500,"bu","13:27:37",3806500
11.5,-0.05,31500,"sd","13:27:31",3806000
11.5,-0.05,300,"sd","13:27:23",3774500
11.5,-0.05,500,"sd","13:27:17",3774200
11.5,-0.05,3000,"sd","13:27:07",3773700
11.5,-0.05,1300,"sd","13:27:01",3770700
11.5,-0.05,7000,"sd","13:26:44",3769400
11.5,-0.05,800,"sd","13:26:34",3762400
11.5,-0.05,5000,"sd","13:26:22",3761600
11.5,-0.05,800,"sd","13:26:01",3756600
11.5,-0.05,1000,"sd","13:24:51",3755800
11.5,-0.05,2000,"sd","13:23:03",3754800
11.55,0,1500,"bu","13:22:32",3752800
11.55,0,800,"bu","13:22:20",3751300
11.55,0,800,"bu","13:21:54",3750500
11.55,0,800,"bu","13:21:32",3749700
11.5,-0.05,100,"sd","13:20:47",3748900
11.5,-0.05,200,"sd","13:20:44",3748800
11.5,-0.05,1000,"sd","13:20:34",3748600
11.5,-0.05,300,"sd","13:20:32",3747600
11.5,-0.05,100,"sd","13:19:56",3747300
11.5,-0.05,1000,"sd","13:19:49",3747200
11.5,-0.05,2000,"sd","13:19:02",3746200
11.5,-0.05,200,"sd","13:18:20",3744200
11.5,-0.05,100,"sd","13:18:12",3744000
11.5,-0.05,2000,"sd","13:18:06",3743900
11.5,-0.05,1000,"sd","13:18:00",3741900
11.5,-0.05,2500,"sd","13:16:54",3740900
11.5,-0.05,500,"sd","13:16:24",3738400
11.5,-0.05,2000,"sd","13:15:56",3737900
11.5,-0.05,1000,"sd","13:14:52",3735900
11.5,-0.05,1300,"sd","13:14:48",3734900
11.5,-0.05,20000,"sd","13:14:35",3733600
11.5,-0.05,400,"sd","13:14:09",3713600
11.5,-0.05,100,"sd","13:13:47",3713200
11.5,-0.05,100,"sd","13:12:56",3713100
11.5,-0.05,24000,"bu","13:12:55",3713000
11.5,-0.05,500,"bu","13:12:52",3689000
11.5,-0.05,25000,"bu","13:12:48",3688500
11.5,-0.05,45000,"bu","13:12:17",3663500
11.45,-0.1,100,"sd","13:10:39",3618500
11.5,-0.05,1000,"bu","13:09:57",3618400
11.45,-0.1,400,"sd","13:09:36",3617400
11.45,-0.1,10000,"sd","13:08:50",3617000
11.5,-0.05,100,"bu","13:08:19",3607000
11.5,-0.05,800,"bu","13:06:35",3606900
11.5,-0.05,800,"bu","13:06:28",3606100
11.5,-0.05,3200,"bu","13:06:22",3605300
11.5,-0.05,800,"bu","13:06:18",3602100
11.5,-0.05,800,"bu","13:06:12",3601300
11.5,-0.05,800,"bu","13:06:09",3600500
11.45,-0.1,500,"sd","13:05:38",3599700
11.45,-0.1,500,"sd","13:05:25",3599200
11.45,-0.1,300,"sd","13:03:34",3598700
11.45,-0.1,300,"sd","13:03:13",3598400
11.5,-0.05,800,"bu","13:03:12",3598100
11.5,-0.05,100,"bu","13:02:31",3597300
11.5,-0.05,800,"bu","13:02:10",3597200
11.5,-0.05,2400,"bu","13:02:01",3596400
11.5,-0.05,800,"bu","13:01:53",3594000
11.45,-0.1,400,"sd","13:01:34",3593200
11.5,-0.05,800,"bu","13:00:59",3592800
11.45,-0.1,100,"sd","13:00:38",3592000
11.45,-0.1,400,"sd","13:00:33",3591900
11.45,-0.1,2000,"sd","13:00:32",3591500
11.5,-0.05,100,"bu","13:00:27",3589500
11.45,-0.1,100,"sd","13:00:23",3589400
11.45,-0.1,100,"sd","13:00:19",3589300
11.45,-0.1,700,"sd","13:00:18",3589200
11.45,-0.1,100,"sd","13:00:17",3588500
11.45,-0.1,500,"sd","13:00:12",3588400
11.5,-0.05,2000,"bu","13:00:11",3587900
11.45,-0.1,1000,"sd","13:00:10",3585900
11.5,-0.05,8000,"bu","13:00:07",3584900
11.45,-0.1,300,"sd","13:00:05",3576900
11.45,-0.1,6700,"sd","13:00:05",3576600
11.5,-0.05,100,"bu","13:00:03",3569900
11.45,-0.1,2000,"sd","13:00:02",3569800
11.45,-0.1,61000,"sd","13:00:00",3567800
11.45,-0.1,5100,"sd","13:00:00",3506800
11.45,-0.1,10000,"sd","11:29:27",3501700
11.5,-0.05,100,"bu","11:28:01",3491700
11.45,-0.1,9200,"sd","11:27:44",3491600
11.5,-0.05,2000,"bu","11:27:29",3482400
11.5,-0.05,200,"bu","11:27:22",3480400
11.45,-0.1,1600,"sd","11:27:00",3480200
11.45,-0.1,1500,"sd","11:26:30",3478600
11.5,-0.05,10000,"bu","11:26:13",3477100
11.5,-0.05,800,"bu","11:25:49",3467100
11.5,-0.05,1000,"bu","11:25:44",3466300
11.5,-0.05,800,"bu","11:25:35",3465300
11.5,-0.05,400,"bu","11:25:33",3464500
11.5,-0.05,800,"bu","11:25:22",3464100
11.5,-0.05,1000,"bu","11:25:19",3463300
11.5,-0.05,800,"bu","11:25:13",3462300
11.5,-0.05,800,"bu","11:25:06",3461500
11.45,-0.1,200,"sd","11:24:58",3460700
11.5,-0.05,800,"bu","11:24:39",3460500
11.5,-0.05,100,"bu","11:24:28",3459700
11.45,-0.1,8400,"sd","11:23:46",3459600
11.45,-0.1,8000,"sd","11:23:18",3451200
11.5,-0.05,1000,"bu","11:23:00",3443200
11.5,-0.05,40000,"bu","11:22:04",3442200
11.5,-0.05,13200,"sd","11:22:00",3402200
11.5,-0.05,2000,"sd","11:21:57",3389000
11.5,-0.05,500,"sd","11:21:08",3387000
11.5,-0.05,100,"sd","11:20:43",3386500
11.5,-0.05,200,"sd","11:20:40",3386400
11.5,-0.05,1800,"sd","11:20:25",3386200
11.5,-0.05,100,"sd","11:20:10",3384400
11.5,-0.05,200,"sd","11:20:01",3384300
11.5,-0.05,1000,"sd","11:19:32",3384100
11.5,-0.05,200,"sd","11:19:25",3383100
11.5,-0.05,500,"sd","11:19:10",3382900
11.5,-0.05,5000,"sd","11:18:54",3382400
11.5,-0.05,2000,"sd","11:18:41",3377400
11.5,-0.05,2400,"sd","11:17:48",3375400
11.5,-0.05,200,"sd","11:17:46",3373000
11.5,-0.05,1000,"sd","11:16:49",3372800
11.55,0,100,"bu","11:15:48",3371800
11.5,-0.05,3000,"sd","11:15:47",3371700
11.5,-0.05,800,"sd","11:15:42",3368700
11.5,-0.05,2400,"sd","11:15:40",3367900
11.5,-0.05,800,"sd","11:15:33",3365500
11.5,-0.05,800,"sd","11:15:12",3364700
11.5,-0.05,800,"sd","11:15:11",3363900
11.55,0,900,"bu","11:15:05",3363100
11.5,-0.05,2400,"sd","11:14:15",3362200
11.5,-0.05,2000,"sd","11:14:14",3359800
11.55,0,115400,"bu","11:13:12",3357800
11.55,0,1200,"bu","11:13:11",3242400
11.5,-0.05,1000,"sd","11:12:53",3241200
11.5,-0.05,6400,"bu","11:12:47",3240200
11.45,-0.1,100,"sd","11:12:42",3233800
11.5,-0.05,800,"bu","11:12:15",3233700
11.5,-0.05,800,"bu","11:12:14",3232900
11.5,-0.05,800,"bu","11:12:13",3232100
11.5,-0.05,100,"bu","11:12:07",3231300
11.45,-0.1,100,"sd","11:11:48",3231200
11.5,-0.05,500,"bu","11:11:41",3231100
11.45,-0.1,200,"sd","11:11:40",3230600
11.5,-0.05,1000,"bu","11:11:37",3230400
11.5,-0.05,100,"bu","11:11:35",3229400
11.5,-0.05,1000,"bu","11:11:22",3229300
11.5,-0.05,19000,"bu","11:11:07",3228300
11.5,-0.05,300,"bu","11:10:59",3209300
11.5,-0.05,200,"sd","11:10:55",3209000
11.5,-0.05,500,"sd","11:10:49",3208800
11.5,-0.05,43600,"bu","11:10:34",3208300
11.5,-0.05,600,"bu","11:10:31",3164700
11.5,-0.05,100,"bu","11:10:09",3164100
11.5,-0.05,100,"bu","11:09:40",3164000
11.5,-0.05,2400,"bu","11:09:38",3163900
11.5,-0.05,100,"bu","11:09:38",3161500
11.5,-0.05,100,"bu","11:09:33",3161400
11.5,-0.05,2400,"bu","11:09:27",3161300
11.5,-0.05,2400,"bu","11:09:14",3158900
11.5,-0.05,600,"bu","11:09:07",3156500
11.5,-0.05,2400,"bu","11:08:54",3155900
11.5,-0.05,500,"bu","11:08:18",3153500
11.45,-0.1,300,"sd","11:08:18",3153000
11.5,-0.05,100,"bu","11:08:17",3152700
11.45,-0.1,200,"sd","11:08:02",3152600
11.5,-0.05,2400,"bu","11:08:01",3152400
11.5,-0.05,2300,"bu","11:07:36",3150000
11.45,-0.1,200,"bu","11:07:25",3147700
11.45,-0.1,100,"bu","11:07:24",3147500
11.45,-0.1,1400,"bu","11:07:23",3147400
11.45,-0.1,2400,"bu","11:07:13",3146000
11.45,-0.1,300,"bu","11:07:12",3143600
11.45,-0.1,11000,"sd","11:07:01",3143300
11.45,-0.1,3000,"sd","11:07:00",3132300
11.45,-0.1,2000,"sd","11:06:57",3129300
11.45,-0.1,49000,"sd","11:06:43",3127300
11.45,-0.1,9100,"sd","11:06:39",3078300
11.45,-0.1,600,"sd","11:06:34",3069200
11.45,-0.1,20000,"sd","11:06:25",3068600
11.5,-0.05,2200,"bu","11:06:17",3048600
11.45,-0.1,800,"sd","11:06:14",3046400
11.45,-0.1,500,"sd","11:06:07",3045600
11.45,-0.1,2000,"sd","11:05:49",3045100
11.45,-0.1,100000,"sd","11:05:15",3043100
11.5,-0.05,500,"bu","11:04:58",2943100
11.5,-0.05,400,"bu","11:04:47",2942600
11.5,-0.05,1000,"bu","11:04:39",2942200
11.5,-0.05,10000,"bu","11:04:25",2941200
11.45,-0.1,9000,"sd","11:04:25",2931200
11.45,-0.1,1000,"sd","11:04:24",2922200
11.5,-0.05,2400,"bu","11:04:24",2921200
11.5,-0.05,11900,"sd","11:04:22",2918800
11.5,-0.05,3000,"sd","11:04:18",2906900
11.5,-0.05,400,"sd","11:04:14",2903900
11.5,-0.05,300,"sd","11:04:12",2903500
11.5,-0.05,3000,"sd","11:03:51",2903200
11.5,-0.05,2000,"sd","11:03:47",2900200
11.5,-0.05,1000,"sd","11:03:38",2898200
11.5,-0.05,5200,"sd","11:03:36",2897200
11.5,-0.05,3000,"sd","11:03:19",2892000
11.5,-0.05,2000,"sd","11:03:04",2889000
11.5,-0.05,5900,"sd","11:03:01",2887000
11.55,0,2400,"bu","11:03:00",2881100
11.55,0,800,"bu","11:02:56",2878700
11.5,-0.05,500,"sd","11:02:54",2877900
11.5,-0.05,1000,"sd","11:02:46",2877400
11.5,-0.05,200,"sd","11:02:44",2876400
11.5,-0.05,1200,"sd","11:02:42",2876200
11.5,-0.05,5600,"sd","11:02:29",2875000
11.5,-0.05,2500,"sd","11:02:25",2869400
11.5,-0.05,180200,"sd","11:02:24",2866900
11.5,-0.05,100,"sd","11:01:45",2686700
11.55,0,2400,"bu","11:01:43",2686600
11.5,-0.05,30000,"sd","11:01:41",2684200
11.55,0,5000,"bu","11:01:40",2654200
11.55,0,2000,"bu","11:01:32",2649200
11.55,0,500,"bu","11:01:31",2647200
11.55,0,2400,"bu","11:01:03",2646700
11.55,0,5400,"sd","11:00:57",2644300
11.55,0,4000,"sd","11:00:47",2638900
11.55,0,5000,"sd","11:00:43",2634900
11.55,0,200,"sd","11:00:31",2629900
11.55,0,5000,"sd","11:00:27",2629700
11.55,0,3000,"sd","11:00:20",2624700
11.55,0,400,"sd","11:00:18",2621700
11.55,0,20000,"sd","11:00:13",2621300
11.55,0,19400,"sd","11:00:12",2601300
11.55,0,15000,"sd","10:59:54",2581900
11.55,0,200,"sd","10:59:36",2566900
11.55,0,500,"sd","10:59:26",2566700
11.55,0,100,"sd","10:59:14",2566200
11.55,0,1000,"sd","10:59:10",2566100
11.55,0,21000,"sd","10:59:07",2565100
11.55,0,2000,"sd","10:58:43",2544100
11.55,0,400,"sd","10:58:38",2542100
11.55,0,100,"sd","10:58:37",2541700
11.55,0,20000,"sd","10:58:21",2541600
11.6,0.05,2000,"bu","10:58:20",2521600
11.6,0.05,2400,"bu","10:58:13",2519600
11.6,0.05,2400,"bu","10:57:59",2517200
11.6,0.05,30000,"bu","10:57:48",2514800
11.6,0.05,1200,"bu","10:57:47",2484800
11.6,0.05,2400,"bu","10:57:45",2483600
11.6,0.05,2400,"bu","10:57:29",2481200
11.55,0,1100,"sd","10:57:13",2478800
11.55,0,2000,"sd","10:57:03",2477700
11.55,0,100,"sd","10:56:50",2475700
11.55,0,600,"sd","10:56:44",2475600
11.55,0,300,"sd","10:56:39",2475000
11.55,0,3000,"sd","10:56:36",2474700
11.55,0,1000,"sd","10:56:29",2471700
11.55,0,400,"sd","10:55:57",2470700
11.55,0,3000,"sd","10:55:55",2470300
11.55,0,1000,"sd","10:55:16",2467300
11.55,0,2800,"sd","10:54:50",2466300
11.55,0,200,"sd","10:54:49",2463500
11.55,0,1000,"sd","10:54:46",2463300
11.55,0,50000,"sd","10:54:36",2462300
11.55,0,2000,"sd","10:54:01",2412300
11.6,0.05,400,"bu","10:53:28",2410300
11.6,0.05,100,"bu","10:53:17",2409900
11.55,0,3000,"sd","10:53:16",2409800
11.6,0.05,100,"bu","10:52:20",2406800
11.6,0.05,100,"bu","10:52:03",2406700
11.55,0,500,"sd","10:52:01",2406600
11.6,0.05,100,"bu","10:51:45",2406100
11.6,0.05,100,"bu","10:51:32",2406000
11.6,0.05,100,"bu","10:51:16",2405900
11.6,0.05,100,"bu","10:50:57",2405800
11.55,0,3000,"sd","10:50:38",2405700
11.55,0,300,"sd","10:50:27",2402700
11.55,0,200,"sd","10:50:17",2402400
11.55,0,5000,"sd","10:50:04",2402200
11.55,0,300,"sd","10:49:52",2397200
11.55,0,2000,"sd","10:49:27",2396900
11.55,0,4000,"sd","10:49:22",2394900
11.55,0,100,"sd","10:49:17",2390900
11.55,0,2900,"sd","10:49:00",2390800
11.55,0,300,"sd","10:48:54",2387900
11.55,0,300,"sd","10:48:38",2387600
11.55,0,6900,"sd","10:48:11",2387300
11.55,0,2000,"sd","10:47:47",2380400
11.55,0,500,"sd","10:47:44",2378400
11.55,0,300,"sd","10:47:27",2377900
11.55,0,2000,"sd","10:47:27",2377600
11.55,0,2000,"sd","10:47:04",2375600
11.55,0,200,"sd","10:47:01",2373600
11.55,0,100,"sd","10:46:36",2373400
11.55,0,100,"sd","10:46:19",2373300
11.55,0,100,"sd","10:46:18",2373200
11.55,0,500,"sd","10:46:13",2373100
11.55,0,15100,"bu","10:46:00",2372600
11.5,-0.05,1500,"sd","10:45:59",2357500
11.55,0,500,"bu","10:45:50",2356000
11.55,0,20000,"bu","10:45:38",2355500
11.55,0,1700,"bu","10:45:26",2335500
11.55,0,10000,"bu","10:45:17",2333800
11.55,0,2000,"bu","10:44:46",2323800
11.55,0,2000,"bu","10:44:10",2321800
11.55,0,300,"bu","10:43:50",2319800
11.55,0,800,"bu","10:43:09",2319500
11.55,0,100,"bu","10:42:57",2318700
11.55,0,800,"bu","10:42:54",2318600
11.55,0,800,"bu","10:42:48",2317800
11.55,0,800,"bu","10:42:25",2317000
11.55,0,800,"bu","10:42:16",2316200
11.5,-0.05,10000,"sd","10:41:56",2315400
11.55,0,800,"bu","10:41:55",2305400
11.55,0,900,"bu","10:41:40",2304600
11.55,0,2400,"bu","10:41:38",2303700
11.55,0,800,"bu","10:41:34",2301300
11.55,0,100,"bu","10:41:27",2300500
11.55,0,4900,"bu","10:41:20",2300400
11.55,0,800,"bu","10:41:15",2295500
11.55,0,2400,"bu","10:41:13",2294700
11.55,0,800,"bu","10:41:08",2292300
11.55,0,800,"bu","10:40:51",2291500
11.55,0,800,"bu","10:40:43",2290700
11.5,-0.05,500,"sd","10:40:15",2289900
11.5,-0.05,500,"sd","10:40:13",2289400
11.55,0,15000,"bu","10:40:12",2288900
11.5,-0.05,2000,"sd","10:40:07",2273900
11.5,-0.05,2000,"sd","10:40:00",2271900
11.55,0,100,"bu","10:39:57",2269900
11.55,0,800,"bu","10:39:49",2269800
11.5,-0.05,300,"sd","10:39:44",2269000
11.55,0,800,"bu","10:39:17",2268700
11.5,-0.05,300,"sd","10:39:10",2267900
11.5,-0.05,2000,"sd","10:38:54",2267600
11.5,-0.05,1000,"sd","10:38:36",2265600
11.5,-0.05,500,"sd","10:38:14",2264600
11.55,0,3500,"bu","10:38:10",2264100
11.5,-0.05,1000,"sd","10:37:21",2260600
11.5,-0.05,100,"sd","10:37:09",2259600
11.55,0,100,"sd","10:36:23",2259500
11.55,0,10000,"sd","10:36:14",2259400
11.55,0,500,"sd","10:36:03",2249400
11.55,0,500,"bu","10:34:57",2248900
11.55,0,200,"bu","10:34:52",2248400
11.55,0,100,"bu","10:34:36",2248200
11.55,0,1000,"bu","10:34:30",2248100
11.55,0,25000,"bu","10:34:26",2247100
11.55,0,10000,"bu","10:34:14",2222100
11.55,0,200,"bu","10:33:11",2212100
11.55,0,500,"bu","10:33:10",2211900
11.55,0,10000,"bu","10:32:51",2211400
11.55,0,2000,"bu","10:32:48",2201400
11.55,0,100,"bu","10:32:47",2199400
11.55,0,10000,"bu","10:32:34",2199300
11.55,0,600,"bu","10:32:29",2189300
11.55,0,500,"bu","10:32:01",2188700
11.55,0,600,"bu","10:31:56",2188200
11.55,0,10000,"bu","10:31:00",2187600
11.55,0,10000,"bu","10:30:37",2177600
11.55,0,3000,"bu","10:30:29",2167600
11.55,0,10000,"bu","10:30:04",2164600
11.55,0,100,"bu","10:29:57",2154600
11.55,0,100,"bu","10:29:45",2154500
11.55,0,1500,"bu","10:29:00",2154400
11.55,0,300,"bu","10:28:58",2152900
11.55,0,46900,"sd","10:28:37",2152600
11.55,0,200,"sd","10:27:48",2105700
11.55,0,300,"sd","10:27:44",2105500
11.55,0,200,"sd","10:27:32",2105200
11.55,0,400,"sd","10:27:17",2105000
11.55,0,17000,"sd","10:27:06",2104600
11.55,0,15000,"sd","10:26:49",2087600
11.55,0,200,"sd","10:24:48",2072600
11.6,0.05,800,"bu","10:24:43",2072400
11.55,0,43300,"bu","10:24:37",2071600
11.55,0,500,"bu","10:24:35",2028300
11.55,0,1500,"bu","10:24:31",2027800
11.55,0,1600,"bu","10:24:24",2026300
11.55,0,1000,"bu","10:24:17",2024700
11.55,0,1000,"bu","10:24:08",2023700
11.55,0,1200,"bu","10:24:05",2022700
11.55,0,31500,"bu","10:24:01",2021500
11.55,0,1000,"bu","10:24:01",1990000
11.55,0,4000,"bu","10:23:56",1989000
11.55,0,2000,"bu","10:23:45",1985000
11.5,-0.05,100,"sd","10:22:52",1983000
11.55,0,300,"bu","10:22:52",1982900
11.55,0,500,"bu","10:22:36",1982600
11.5,-0.05,1400,"sd","10:22:20",1982100
11.55,0,100,"bu","10:21:35",1980700
11.55,0,500,"bu","10:20:57",1980600
11.55,0,5000,"bu","10:20:56",1980100
11.5,-0.05,400,"sd","10:20:37",1975100
11.55,0,5000,"bu","10:20:03",1974700
11.5,-0.05,10000,"sd","10:19:37",1969700
11.55,0,400,"bu","10:19:17",1959700
11.55,0,5000,"bu","10:19:08",1959300
11.55,0,200,"bu","10:19:01",1954300
11.55,0,5000,"bu","10:18:37",1954100
11.55,0,100,"bu","10:17:59",1949100
11.55,0,4800,"bu","10:17:49",1949000
11.55,0,300,"bu","10:17:34",1944200
11.55,0,100,"bu","10:16:51",1943900
11.55,0,100,"bu","10:16:44",1943800
11.5,-0.05,500,"sd","10:16:27",1943700
11.55,0,200,"bu","10:16:26",1943200
11.55,0,200,"bu","10:16:12",1943000
11.55,0,1000,"bu","10:15:47",1942800
11.55,0,200,"bu","10:15:25",1941800
11.5,-0.05,10000,"sd","10:15:25",1941600
11.55,0,7000,"bu","10:14:37",1931600
11.5,-0.05,2400,"sd","10:14:25",1924600
11.55,0,200,"bu","10:14:24",1922200
11.55,0,400,"bu","10:13:54",1922000
11.55,0,100,"bu","10:13:14",1921600
11.55,0,100,"bu","10:13:07",1921500
11.55,0,800,"bu","10:12:57",1921400
11.55,0,6000,"bu","10:12:19",1920600
11.5,-0.05,500,"sd","10:12:11",1914600
11.5,-0.05,500,"sd","10:12:01",1914100
11.5,-0.05,2400,"sd","10:11:55",1913600
11.5,-0.05,3000,"sd","10:11:43",1911200
11.5,-0.05,2400,"sd","10:11:11",1908200
11.5,-0.05,2400,"sd","10:10:40",1905800
11.5,-0.05,2400,"sd","10:10:23",1903400
11.55,0,1000,"bu","10:10:07",1901000
11.55,0,1000,"bu","10:09:42",1900000
11.55,0,1000,"bu","10:09:35",1899000
11.55,0,100,"bu","10:09:22",1898000
11.5,-0.05,300,"sd","10:09:17",1897900
11.5,-0.05,1100,"sd","10:08:54",1897600
11.55,0,300,"bu","10:08:47",1896500
11.5,-0.05,3000,"sd","10:08:45",1896200
11.5,-0.05,1500,"sd","10:08:41",1893200
11.5,-0.05,1000,"sd","10:08:35",1891700
11.5,-0.05,200,"sd","10:08:29",1890700
11.5,-0.05,1000,"sd","10:08:18",1890500
11.5,-0.05,2400,"sd","10:07:49",1889500
11.5,-0.05,800,"sd","10:07:44",1887100
11.5,-0.05,500,"sd","10:07:13",1886300
11.5,-0.05,2400,"sd","10:07:11",1885800
11.5,-0.05,200,"sd","10:06:50",1883400
11.5,-0.05,3000,"sd","10:06:29",1883200
11.5,-0.05,6100,"sd","10:06:03",1880200
11.5,-0.05,200,"sd","10:05:45",1874100
11.5,-0.05,2300,"sd","10:05:33",1873900
11.5,-0.05,700,"sd","10:05:32",1871600
11.5,-0.05,2400,"sd","10:05:28",1870900
11.5,-0.05,2300,"sd","10:05:23",1868500
11.5,-0.05,700,"sd","10:05:21",1866200
11.5,-0.05,1600,"sd","10:05:18",1865500
11.5,-0.05,4500,"sd","10:05:16",1863900
11.55,0,24800,"sd","10:05:11",1859400
11.55,0,700,"sd","10:05:10",1834600
11.55,0,17500,"sd","10:05:09",1833900
11.55,0,1600,"sd","10:05:05",1816400
11.55,0,2400,"sd","10:05:05",1814800
11.55,0,3800,"sd","10:05:04",1812400
11.55,0,10700,"sd","10:05:00",1808600
11.55,0,2300,"sd","10:04:57",1797900
11.55,0,300,"sd","10:04:54",1795600
11.55,0,4500,"sd","10:04:52",1795300
11.55,0,1600,"sd","10:04:51",1790800
11.55,0,700,"sd","10:04:50",1789200
11.55,0,2000,"sd","10:04:47",1788500
11.55,0,10000,"sd","10:04:43",1786500
11.55,0,2300,"sd","10:04:39",1776500
11.55,0,5100,"sd","10:04:08",1774200
11.55,0,14300,"sd","10:04:07",1769100
11.55,0,100,"sd","10:04:03",1754800
11.55,0,2400,"sd","10:04:03",1754700
11.55,0,700,"sd","10:03:41",1752300
11.55,0,500,"sd","10:03:28",1751600
11.55,0,10000,"sd","10:03:26",1751100
11.55,0,1000,"sd","10:03:15",1741100
11.55,0,1000,"sd","10:02:58",1740100
11.55,0,20000,"sd","10:02:53",1739100
11.55,0,1000,"sd","10:02:47",1719100
11.55,0,5000,"sd","10:02:27",1718100
11.55,0,500,"sd","10:02:23",1713100
11.55,0,400,"sd","10:02:16",1712600
11.55,0,200,"sd","10:02:12",1712200
11.55,0,1000,"sd","10:01:44",1712000
11.55,0,1600,"sd","10:01:41",1711000
11.55,0,1600,"sd","10:01:32",1709400
11.55,0,2400,"sd","10:01:28",1707800
11.55,0,800,"sd","10:01:24",1705400
11.55,0,800,"sd","10:01:14",1704600
11.55,0,1600,"sd","10:01:00",1703800
11.55,0,19000,"sd","10:00:59",1702200
11.55,0,2400,"sd","10:00:56",1683200
11.55,0,10000,"sd","10:00:52",1680800
11.55,0,1600,"sd","10:00:51",1670800
11.55,0,4000,"sd","10:00:43",1669200
11.55,0,1600,"sd","10:00:42",1665200
11.55,0,1600,"sd","10:00:42",1663600
11.55,0,2200,"sd","10:00:40",1662000
11.55,0,700,"sd","10:00:39",1659800
11.55,0,3200,"sd","10:00:36",1659100
11.55,0,1600,"sd","10:00:35",1655900
11.55,0,1600,"sd","10:00:34",1654300
11.55,0,1600,"sd","10:00:33",1652700
11.55,0,2400,"sd","10:00:32",1651100
11.55,0,700,"sd","10:00:27",1648700
11.55,0,2000,"sd","10:00:26",1648000
11.55,0,2000,"sd","10:00:16",1646000
11.55,0,1000,"sd","10:00:13",1644000
11.55,0,2400,"sd","09:59:57",1643000
11.55,0,1900,"sd","09:59:54",1640600
11.6,0.05,400,"bu","09:59:49",1638700
11.55,0,2400,"sd","09:59:44",1638300
11.55,0,700,"sd","09:59:37",1635900
11.55,0,2400,"sd","09:59:21",1635200
11.55,0,700,"sd","09:59:02",1632800
11.55,0,100,"sd","09:58:59",1632100
11.55,0,1500,"sd","09:58:47",1632000
11.55,0,200,"sd","09:58:12",1630500
11.55,0,2400,"sd","09:57:59",1630300
11.55,0,1800,"sd","09:57:52",1627900
11.55,0,30000,"sd","09:57:45",1626100
11.55,0,2400,"sd","09:57:41",1596100
11.55,0,700,"sd","09:57:38",1593700
11.55,0,700,"sd","09:57:26",1593000
11.55,0,2400,"sd","09:57:26",1592300
11.55,0,100,"sd","09:57:12",1589900
11.55,0,2400,"sd","09:56:56",1589800
11.55,0,100,"sd","09:56:43",1587400
11.55,0,1000,"sd","09:56:23",1587300
11.55,0,11500,"bu","09:56:09",1586300
11.5,-0.05,700,"sd","09:56:07",1574800
11.55,0,500,"bu","09:56:05",1574100
11.5,-0.05,700,"sd","09:55:56",1573600
11.55,0,2000,"bu","09:55:52",1572900
11.5,-0.05,700,"sd","09:55:47",1570900
11.55,0,42100,"sd","09:55:42",1570200
11.55,0,700,"sd","09:55:37",1528100
11.55,0,700,"sd","09:55:25",1527400
11.55,0,5000,"sd","09:55:17",1526700
11.55,0,700,"sd","09:55:15",1521700
11.55,0,500,"sd","09:55:08",1521000
11.55,0,77900,"bu","09:55:01",1520500
11.55,0,100,"bu","09:54:50",1442600
11.55,0,200,"bu","09:54:41",1442500
11.5,-0.05,10000,"sd","09:54:36",1442300
11.55,0,100,"bu","09:54:36",1432300
11.55,0,5000,"bu","09:54:25",1432200
11.55,0,20000,"bu","09:54:23",1427200
11.55,0,200,"bu","09:54:13",1407200
11.55,0,100,"bu","09:53:56",1407000
11.5,-0.05,1200,"sd","09:53:51",1406900
11.55,0,26400,"sd","09:53:48",1405700
11.6,0.05,11000,"bu","09:53:41",1379300
11.55,0,100000,"sd","09:53:41",1368300
11.55,0,1000,"sd","09:53:31",1268300
11.55,0,10000,"sd","09:53:26",1267300
11.55,0,1600,"sd","09:53:16",1257300
11.55,0,1000,"sd","09:53:14",1255700
11.55,0,2000,"sd","09:53:10",1254700
11.55,0,400,"sd","09:53:07",1252700
11.55,0,2300,"sd","09:53:00",1252300
11.55,0,17000,"sd","09:52:59",1250000
11.55,0,1600,"sd","09:52:49",1233000
11.55,0,1000,"sd","09:52:29",1231400
11.55,0,2400,"sd","09:52:26",1230400
11.55,0,2000,"sd","09:52:24",1228000
11.55,0,50000,"sd","09:52:17",1226000
11.55,0,5100,"sd","09:52:16",1176000
11.55,0,100,"sd","09:52:02",1170900
11.55,0,50000,"sd","09:51:53",1170800
11.55,0,2200,"sd","09:51:43",1120800
11.55,0,200,"sd","09:51:36",1118600
11.55,0,2500,"sd","09:51:31",1118400
11.55,0,3000,"sd","09:51:23",1115900
11.55,0,700,"sd","09:51:18",1112900
11.55,0,300,"sd","09:51:17",1112200
11.55,0,3000,"sd","09:51:06",1111900
11.55,0,500,"sd","09:50:44",1108900
11.55,0,1600,"sd","09:50:40",1108400
11.55,0,500,"sd","09:50:32",1106800
11.55,0,800,"sd","09:50:25",1106300
11.55,0,2900,"sd","09:50:23",1105500
11.55,0,1600,"sd","09:50:09",1102600
11.55,0,4000,"sd","09:50:06",1101000
11.55,0,1600,"sd","09:50:01",1097000
11.55,0,1600,"sd","09:49:54",1095400
11.55,0,700,"sd","09:49:53",1093800
11.6,0.05,1000,"bu","09:49:52",1093100
11.6,0.05,200,"bu","09:49:48",1092100
11.55,0,1600,"sd","09:49:47",1091900
11.6,0.05,100,"bu","09:49:42",1090300
11.6,0.05,2000,"bu","09:49:26",1090200
11.55,0,800,"sd","09:48:34",1088200
11.6,0.05,21000,"sd","09:48:07",1087400
11.6,0.05,10000,"sd","09:48:05",1066400
11.6,0.05,3000,"sd","09:48:03",1056400
11.6,0.05,200,"sd","09:48:02",1053400
11.6,0.05,30000,"sd","09:47:58",1053200
11.6,0.05,1000,"sd","09:47:46",1023200
11.6,0.05,30000,"sd","09:47:44",1022200
11.6,0.05,100,"sd","09:47:42",992200
11.6,0.05,5000,"sd","09:47:38",992100
11.6,0.05,1000,"sd","09:47:29",987100
11.6,0.05,500,"sd","09:47:21",986100
11.6,0.05,2500,"sd","09:47:04",985600
11.6,0.05,100,"sd","09:47:02",983100
11.6,0.05,100,"sd","09:46:33",983000
11.6,0.05,800,"sd","09:46:24",982900
11.6,0.05,1500,"sd","09:46:09",982100
11.6,0.05,3300,"sd","09:45:57",980600
11.6,0.05,400,"sd","09:45:54",977300
11.6,0.05,10000,"sd","09:45:44",976900
11.6,0.05,1600,"sd","09:45:44",966900
11.6,0.05,1600,"sd","09:45:36",965300
11.6,0.05,1600,"sd","09:45:26",963700
11.65,0.1,1700,"bu","09:45:21",962100
11.6,0.05,2000,"sd","09:45:19",960400
11.6,0.05,800,"sd","09:45:17",958400
11.6,0.05,2000,"sd","09:44:52",957600
11.65,0.1,1700,"bu","09:44:01",955600
11.6,0.05,100,"sd","09:44:01",953900
11.65,0.1,100,"bu","09:43:31",953800
11.6,0.05,1600,"sd","09:43:19",953700
11.6,0.05,1600,"sd","09:43:18",952100
11.6,0.05,100,"sd","09:42:59",950500
11.6,0.05,3200,"sd","09:42:54",950400
11.6,0.05,100,"sd","09:42:52",947200
11.6,0.05,3200,"sd","09:42:26",947100
11.6,0.05,5000,"sd","09:42:08",943900
11.65,0.1,1000,"bu","09:42:06",938900
11.6,0.05,20000,"sd","09:41:28",937900
11.6,0.05,3000,"sd","09:41:18",917900
11.6,0.05,2200,"sd","09:41:00",914900
11.6,0.05,10000,"sd","09:40:46",912700
11.6,0.05,200,"sd","09:40:11",902700
11.65,0.1,300,"bu","09:39:52",902500
11.65,0.1,8000,"bu","09:38:46",902200
11.6,0.05,2400,"sd","09:38:40",894200
11.65,0.1,200,"bu","09:38:26",891800
11.65,0.1,500,"bu","09:38:11",891600
11.6,0.05,3200,"sd","09:38:09",891100
11.6,0.05,1600,"sd","09:38:04",887900
11.6,0.05,1600,"sd","09:38:02",886300
11.6,0.05,1600,"sd","09:38:01",884700
11.6,0.05,1600,"sd","09:38:00",883100
11.6,0.05,100,"sd","09:37:54",881500
11.6,0.05,2400,"sd","09:37:54",881400
11.65,0.1,1000,"bu","09:37:32",879000
11.6,0.05,100,"sd","09:37:25",878000
11.65,0.1,100,"bu","09:37:24",877900
11.65,0.1,100,"bu","09:37:02",877800
11.6,0.05,2400,"sd","09:36:59",877700
11.6,0.05,100,"sd","09:36:35",875300
11.6,0.05,1500,"sd","09:35:50",875200
11.65,0.1,20000,"bu","09:35:31",873700
11.6,0.05,100,"sd","09:35:28",853700
11.65,0.1,800,"bu","09:35:22",853600
11.6,0.05,700,"sd","09:35:19",852800
11.6,0.05,1000,"sd","09:35:12",852100
11.6,0.05,15000,"sd","09:35:07",851100
11.6,0.05,700,"sd","09:34:25",836100
11.6,0.05,100,"sd","09:34:20",835400
11.6,0.05,3000,"sd","09:34:17",835300
11.6,0.05,700,"sd","09:34:13",832300
11.6,0.05,700,"sd","09:34:06",831600
11.6,0.05,1000,"sd","09:33:59",830900
11.6,0.05,2400,"sd","09:33:51",829900
11.6,0.05,2300,"sd","09:33:50",827500
11.6,0.05,1600,"sd","09:33:50",825200
11.6,0.05,1600,"sd","09:33:49",823600
11.6,0.05,100,"sd","09:33:49",822000
11.6,0.05,3200,"sd","09:33:47",821900
11.6,0.05,1600,"sd","09:33:46",818700
11.6,0.05,1600,"sd","09:33:46",817100
11.6,0.05,1600,"sd","09:33:45",815500
11.6,0.05,1600,"sd","09:33:45",813900
11.6,0.05,700,"sd","09:33:41",812300
11.6,0.05,1000,"sd","09:33:29",811600
11.65,0.1,500,"bu","09:33:17",810600
11.65,0.1,100,"bu","09:32:57",810100
11.65,0.1,1400,"bu","09:32:51",810000
11.65,0.1,200,"bu","09:32:28",808600
11.65,0.1,100,"bu","09:32:19",808400
11.65,0.1,300,"bu","09:31:38",808300
11.65,0.1,500,"bu","09:31:02",808000
11.65,0.1,4000,"bu","09:30:51",807500
11.65,0.1,2000,"bu","09:30:25",803500
11.65,0.1,12800,"bu","09:30:20",801500
11.65,0.1,400,"bu","09:29:55",788700
11.65,0.1,1200,"bu","09:29:40",788300
11.65,0.1,400,"bu","09:29:34",787100
11.65,0.1,13200,"bu","09:29:24",786700
11.65,0.1,200,"bu","09:28:58",773500
11.65,0.1,100,"bu","09:28:54",773300
11.65,0.1,10000,"bu","09:28:36",773200
11.6,0.05,600,"sd","09:28:33",763200
11.6,0.05,700,"sd","09:28:21",762600
11.6,0.05,700,"sd","09:28:13",761900
11.6,0.05,700,"sd","09:28:02",761200
11.65,0.1,2000,"bu","09:27:54",760500
11.6,0.05,700,"sd","09:27:50",758500
11.6,0.05,700,"sd","09:27:37",757800
11.65,0.1,300,"sd","09:27:29",757100
11.65,0.1,700,"sd","09:27:28",756800
11.65,0.1,100,"sd","09:27:26",756100
11.65,0.1,3900,"bu","09:27:25",756000
11.65,0.1,1100,"sd","09:27:24",752100
11.65,0.1,700,"sd","09:27:08",751000
11.65,0.1,4200,"bu","09:27:02",750300
11.6,0.05,700,"sd","09:26:57",746100
11.65,0.1,100,"bu","09:26:53",745400
11.65,0.1,1600,"sd","09:26:39",745300
11.65,0.1,15500,"bu","09:26:35",743700
11.65,0.1,2000,"bu","09:26:27",728200
11.65,0.1,5000,"bu","09:26:27",726200
11.6,0.05,700,"sd","09:26:17",721200
11.65,0.1,1400,"sd","09:26:15",720500
11.65,0.1,3000,"sd","09:26:13",719100
11.65,0.1,1000,"sd","09:26:11",716100
11.65,0.1,100,"sd","09:26:08",715100
11.65,0.1,1000,"sd","09:26:07",715000
11.65,0.1,3400,"bu","09:26:02",714000
11.6,0.05,700,"sd","09:26:01",710600
11.65,0.1,300,"bu","09:25:59",709900
11.65,0.1,6200,"sd","09:25:52",709600
11.65,0.1,5700,"sd","09:25:52",703400
11.65,0.1,4000,"sd","09:25:45",697700
11.65,0.1,700,"sd","09:25:42",693700
11.65,0.1,1500,"sd","09:25:40",693000
11.65,0.1,100,"sd","09:25:37",691500
11.65,0.1,1000,"sd","09:25:34",691400
11.65,0.1,100,"sd","09:25:33",690400
11.65,0.1,700,"sd","09:25:29",690300
11.65,0.1,1600,"sd","09:25:29",689600
11.65,0.1,1600,"sd","09:25:26",688000
11.65,0.1,1900,"sd","09:25:25",686400
11.65,0.1,300,"sd","09:25:22",684500
11.65,0.1,700,"sd","09:25:19",684200
11.65,0.1,700,"sd","09:25:08",683500
11.65,0.1,1000,"sd","09:24:59",682800
11.7,0.15,100,"bu","09:24:55",681800
11.7,0.15,34200,"bu","09:24:47",681700
11.7,0.15,5800,"bu","09:24:46",647500
11.65,0.1,1900,"bu","09:24:46",641700
11.65,0.1,1500,"bu","09:24:41",639800
11.65,0.1,30000,"bu","09:24:38",638300
11.65,0.1,5000,"bu","09:24:29",608300
11.65,0.1,6200,"sd","09:24:26",603300
11.65,0.1,9300,"sd","09:24:25",597100
11.65,0.1,2400,"sd","09:24:16",587800
11.65,0.1,2000,"sd","09:24:11",585400
11.65,0.1,4400,"sd","09:24:00",583400
11.65,0.1,100,"sd","09:23:55",579000
11.65,0.1,100,"sd","09:23:54",578900
11.65,0.1,2300,"bu","09:23:48",578800
11.65,0.1,2800,"sd","09:23:46",576500
11.65,0.1,19600,"bu","09:23:45",573700
11.65,0.1,5000,"bu","09:23:45",554100
11.65,0.1,200,"bu","09:23:43",549100
11.65,0.1,33500,"bu","09:23:42",548900
11.65,0.1,1000,"bu","09:23:38",515400
11.65,0.1,1900,"bu","09:23:37",514400
11.65,0.1,1000,"bu","09:23:35",512500
11.65,0.1,40200,"bu","09:23:32",511500
11.6,0.05,500,"sd","09:23:30",471300
11.65,0.1,600,"bu","09:23:25",470800
11.65,0.1,4000,"bu","09:23:20",470200
11.65,0.1,4500,"bu","09:23:15",466200
11.6,0.05,1600,"sd","09:23:12",461700
11.65,0.1,40000,"bu","09:23:12",460100
11.6,0.05,10000,"sd","09:23:11",420100
11.65,0.1,3300,"bu","09:23:10",410100
11.65,0.1,10000,"bu","09:23:03",406800
11.65,0.1,200,"bu","09:22:59",396800
11.65,0.1,500,"bu","09:22:49",396600
11.65,0.1,100,"bu","09:22:39",396100
11.65,0.1,6200,"bu","09:22:32",396000
11.6,0.05,700,"sd","09:22:31",389800
11.6,0.05,1000,"sd","09:22:27",389100
11.6,0.05,700,"sd","09:22:22",388100
11.6,0.05,700,"sd","09:21:49",387400
11.6,0.05,500,"sd","09:21:47",386700
11.65,0.1,10000,"bu","09:21:29",386200
11.6,0.05,800,"sd","09:21:25",376200
11.6,0.05,700,"sd","09:21:17",375400
11.6,0.05,5000,"sd","09:21:12",374700
11.6,0.05,1700,"sd","09:21:09",369700
11.65,0.1,2000,"bu","09:21:07",368000
11.6,0.05,700,"sd","09:21:05",366000
11.6,0.05,800,"sd","09:21:01",365300
11.65,0.1,1000,"bu","09:20:56",364500
11.65,0.1,200,"bu","09:20:47",363500
11.65,0.1,300,"bu","09:20:43",363300
11.65,0.1,500,"bu","09:20:41",363000
11.65,0.1,5000,"bu","09:20:26",362500
11.65,0.1,1000,"bu","09:20:23",357500
11.65,0.1,700,"bu","09:20:14",356500
11.6,0.05,500,"sd","09:20:07",355800
11.65,0.1,1000,"bu","09:20:03",355300
11.6,0.05,200,"sd","09:19:44",354300
11.6,0.05,200,"sd","09:19:43",354100
11.6,0.05,55400,"bu","09:19:29",353900
11.6,0.05,20000,"bu","09:19:28",298500
11.6,0.05,2000,"bu","09:19:26",278500
11.55,0,800,"sd","09:19:24",276500
11.6,0.05,5000,"bu","09:19:22",275700
11.6,0.05,300,"bu","09:19:20",270700
11.6,0.05,5500,"bu","09:19:18",270400
11.6,0.05,1100,"bu","09:19:15",264900
11.6,0.05,2000,"bu","09:19:14",263800
11.55,0,1000,"sd","09:19:09",261800
11.6,0.05,1000,"bu","09:19:07",260800
11.6,0.05,31400,"bu","09:19:05",259800
11.55,0,2400,"sd","09:18:58",228400
11.55,0,800,"sd","09:18:58",226000
11.55,0,800,"sd","09:18:52",225200
11.55,0,800,"sd","09:18:41",224400
11.6,0.05,100,"bu","09:18:39",223600
11.55,0,100,"sd","09:18:37",223500
11.6,0.05,800,"bu","09:18:36",223400
11.55,0,6000,"sd","09:18:26",222600
11.55,0,700,"sd","09:18:18",216600
11.55,0,100,"sd","09:18:15",215900
11.6,0.05,10000,"bu","09:18:11",215800
11.55,0,700,"sd","09:18:07",205800
11.55,0,700,"sd","09:17:56",205100
11.6,0.05,500,"bu","09:17:51",204400
11.55,0,800,"sd","09:17:50",203900
11.6,0.05,200,"bu","09:17:32",203100
11.55,0,200,"sd","09:17:31",202900
11.6,0.05,5000,"bu","09:17:26",202700
11.55,0,300,"sd","09:17:19",197700
11.55,0,2300,"sd","09:17:06",197400
11.55,0,700,"sd","09:16:52",195100
11.55,0,700,"sd","09:16:19",194400
11.55,0,1000,"sd","09:16:04",193700
11.55,0,500,"sd","09:16:01",192700
11.55,0,2400,"sd","09:15:58",192200
11.55,0,700,"sd","09:15:56",189800
11.6,0.05,500,"bu","09:15:54",189100
11.6,0.05,1000,"bu","09:15:43",188600
11.55,0,100,"sd","09:15:41",187600
11.55,0,70000,"sd","09:15:35",187500
11.55,0,117500,"","09:15:02",117500
