"price","change","match_qtty","side","time","total_vol"
19.3,0.1,473000,"","14:45:07",7027400
19.25,0.05,2000,"bu","14:29:20",6554400
19.25,0.05,1000,"bu","14:29:05",6552400
19.25,0.05,1800,"bu","14:29:01",6551400
19.25,0.05,100,"bu","14:28:38",6549600
19.25,0.05,1700,"sd","14:28:30",6549500
19.25,0.05,1600,"sd","14:28:28",6547800
19.25,0.05,47100,"sd","14:28:26",6546200
19.25,0.05,2000,"sd","14:28:24",6499100
19.25,0.05,200000,"sd","14:27:21",6497100
19.3,0.1,1000,"bu","14:27:15",6297100
19.3,0.1,500,"bu","14:27:00",6296100
19.3,0.1,11600,"sd","14:26:50",6295600
19.35,0.15,1000,"bu","14:26:08",6284000
19.35,0.15,1000,"bu","14:26:06",6283000
19.35,0.15,9000,"bu","14:25:48",6282000
19.35,0.15,2300,"bu","14:25:28",6273000
19.35,0.15,1000,"bu","14:25:00",6270700
19.35,0.15,6900,"bu","14:24:55",6269700
19.35,0.15,4200,"bu","14:24:54",6262800
19.35,0.15,6900,"bu","14:24:45",6258600
19.35,0.15,2000,"bu","14:24:43",6251700
19.35,0.15,4500,"bu","14:24:38",6249700
19.35,0.15,6900,"bu","14:24:34",6245200
19.35,0.15,2000,"bu","14:24:32",6238300
19.35,0.15,4000,"bu","14:24:26",6236300
19.3,0.1,100,"sd","14:24:24",6232300
19.35,0.15,6900,"bu","14:24:23",6232200
19.3,0.1,300,"bu","14:24:21",6225300
19.3,0.1,5000,"bu","14:24:19",6225000
19.3,0.1,2000,"bu","14:24:19",6220000
19.3,0.1,8900,"bu","14:24:18",6218000
19.3,0.1,6500,"bu","14:24:17",6209100
19.3,0.1,7000,"bu","14:24:14",6202600
19.25,0.05,100,"sd","14:24:14",6195600
19.3,0.1,5000,"bu","14:24:13",6195500
19.3,0.1,6900,"bu","14:24:13",6190500
19.3,0.1,2000,"bu","14:24:10",6183600
19.3,0.1,3000,"bu","14:24:05",6181600
19.3,0.1,6900,"bu","14:24:03",6178600
19.3,0.1,6900,"bu","14:23:51",6171700
19.25,0.05,100,"sd","14:23:35",6164800
19.25,0.05,100,"sd","14:23:05",6164700
19.3,0.1,6900,"bu","14:22:36",6164600
19.25,0.05,100,"sd","14:22:09",6157700
19.3,0.1,5000,"bu","14:22:08",6157600
19.3,0.1,5000,"bu","14:22:07",6152600
19.3,0.1,4500,"bu","14:22:05",6147600
19.25,0.05,100,"sd","14:21:59",6143100
19.3,0.1,6900,"bu","14:21:59",6143000
19.3,0.1,4900,"bu","14:21:54",6136100
19.3,0.1,3000,"bu","14:21:52",6131200
19.3,0.1,6900,"bu","14:21:48",6128200
19.3,0.1,4600,"bu","14:21:41",6121300
19.3,0.1,6900,"bu","14:21:37",6116700
19.3,0.1,4600,"bu","14:21:31",6109800
19.3,0.1,6900,"bu","14:21:26",6105200
19.3,0.1,4800,"bu","14:21:19",6098300
19.3,0.1,100,"bu","14:20:54",6093500
19.25,0.05,1000,"sd","14:20:48",6093400
19.3,0.1,100,"bu","14:20:46",6092400
19.3,0.1,200000,"bu","14:20:38",6092300
19.3,0.1,100,"bu","14:20:15",5892300
19.25,0.05,3200,"bu","14:20:15",5892200
19.25,0.05,20000,"bu","14:20:05",5889000
19.25,0.05,400,"bu","14:20:02",5869000
19.25,0.05,20000,"bu","14:19:51",5868600
19.25,0.05,7800,"sd","14:19:19",5848600
19.25,0.05,200,"bu","14:19:08",5840800
19.25,0.05,300,"sd","14:19:03",5840600
19.25,0.05,9700,"bu","14:19:02",5840300
19.25,0.05,20000,"bu","14:18:57",5830600
19.25,0.05,2000,"bu","14:18:55",5810600
19.25,0.05,1000,"bu","14:18:51",5808600
19.25,0.05,10000,"bu","14:18:50",5807600
19.2,0,100,"sd","14:18:42",5797600
19.25,0.05,100,"bu","14:18:24",5797500
19.25,0.05,1000,"bu","14:18:06",5797400
19.25,0.05,2000,"bu","14:18:01",5796400
19.25,0.05,200,"bu","14:17:51",5794400
19.25,0.05,6900,"bu","14:17:51",5794200
19.25,0.05,4200,"bu","14:17:47",5787300
19.25,0.05,6900,"bu","14:17:40",5783100
19.2,0,100,"sd","14:17:38",5776200
19.25,0.05,4900,"bu","14:17:38",5776100
19.25,0.05,4400,"bu","14:17:29",5771200
19.25,0.05,6900,"bu","14:17:28",5766800
19.25,0.05,4900,"bu","14:17:23",5759900
19.25,0.05,10000,"bu","14:17:01",5755000
19.2,0,100,"sd","14:16:45",5745000
19.2,0,1700,"sd","14:16:37",5744900
19.2,0,100,"sd","14:16:36",5743200
19.2,0,1700,"sd","14:16:18",5743100
19.2,0,4400,"sd","14:16:05",5741400
19.2,0,100,"sd","14:15:34",5737000
19.2,0,100,"sd","14:15:27",5736900
19.2,0,4400,"sd","14:15:01",5736800
19.2,0,1700,"sd","14:14:51",5732400
19.2,0,1700,"sd","14:14:41",5730700
19.2,0,100,"sd","14:14:34",5729000
19.2,0,4400,"sd","14:14:20",5728900
19.2,0,100,"sd","14:14:10",5724500
19.25,0.05,3000,"bu","14:14:03",5724400
19.2,0,4400,"sd","14:13:53",5721400
19.2,0,100,"sd","14:13:34",5717000
19.25,0.05,600,"bu","14:13:02",5716900
19.2,0,100,"sd","14:12:54",5716300
19.25,0.05,7100,"sd","14:12:46",5716200
19.25,0.05,100,"sd","14:12:35",5709100
19.25,0.05,1000,"sd","14:12:34",5709000
19.25,0.05,200,"bu","14:12:06",5708000
19.3,0.1,3400,"bu","14:11:24",5707800
19.25,0.05,3500,"bu","14:11:24",5704400
19.25,0.05,20000,"bu","14:11:23",5700900
19.25,0.05,300,"bu","14:11:17",5680900
19.25,0.05,200,"bu","14:11:13",5680600
19.25,0.05,400,"bu","14:11:09",5680400
19.25,0.05,2000,"bu","14:10:58",5680000
19.25,0.05,500,"bu","14:10:55",5678000
19.25,0.05,500,"bu","14:10:52",5677500
19.2,0,100,"sd","14:10:50",5677000
19.25,0.05,500,"bu","14:10:48",5676900
19.25,0.05,500,"bu","14:10:45",5676400
19.25,0.05,1000,"bu","14:10:42",5675900
19.25,0.05,500,"bu","14:10:40",5674900
19.2,0,100,"sd","14:10:38",5674400
19.25,0.05,500,"bu","14:10:37",5674300
19.25,0.05,500,"bu","14:10:33",5673800
19.2,0,1000,"sd","14:10:33",5673300
19.2,0,100,"sd","14:10:28",5672300
19.25,0.05,500,"bu","14:10:24",5672200
19.25,0.05,400,"bu","14:10:01",5671700
19.25,0.05,1000,"bu","14:09:55",5671300
19.25,0.05,500,"bu","14:09:46",5670300
19.25,0.05,500,"bu","14:09:43",5669800
19.25,0.05,500,"bu","14:09:40",5669300
19.25,0.05,500,"bu","14:09:36",5668800
19.25,0.05,500,"bu","14:09:31",5668300
19.25,0.05,500,"bu","14:09:28",5667800
19.25,0.05,500,"bu","14:09:25",5667300
19.25,0.05,500,"bu","14:09:16",5666800
19.2,0,100,"sd","14:09:11",5666300
19.25,0.05,400,"bu","14:09:05",5666200
19.25,0.05,20000,"bu","14:08:55",5665800
19.25,0.05,500,"bu","14:08:51",5645800
19.25,0.05,500,"bu","14:08:49",5645300
19.25,0.05,500,"bu","14:08:45",5644800
19.25,0.05,500,"bu","14:08:40",5644300
19.2,0,100,"sd","14:08:40",5643800
19.25,0.05,500,"bu","14:08:37",5643700
19.25,0.05,500,"bu","14:08:34",5643200
19.25,0.05,500,"bu","14:08:31",5642700
19.2,0,100,"sd","14:08:23",5642200
19.25,0.05,500,"bu","14:08:22",5642100
19.25,0.05,400,"bu","14:08:12",5641600
19.25,0.05,200,"sd","14:08:11",5641200
19.25,0.05,200,"sd","14:07:59",5641000
19.25,0.05,1000,"bu","14:07:57",5640800
19.25,0.05,1100,"sd","14:07:56",5639800
19.25,0.05,200,"sd","14:07:47",5638700
19.25,0.05,200,"bu","14:07:46",5638500
19.25,0.05,1800,"sd","14:07:44",5638300
19.25,0.05,100,"sd","14:07:43",5636500
19.25,0.05,100,"bu","14:07:23",5636400
19.3,0.1,400,"bu","14:06:58",5636300
19.2,0,100,"sd","14:06:46",5635900
19.3,0.1,500,"bu","14:06:42",5635800
19.3,0.1,500,"bu","14:06:39",5635300
19.3,0.1,500,"bu","14:06:35",5634800
19.3,0.1,500,"bu","14:06:31",5634300
19.3,0.1,500,"bu","14:06:27",5633800
19.3,0.1,500,"bu","14:06:24",5633300
19.2,0,500,"sd","14:06:22",5632800
19.3,0.1,500,"bu","14:06:21",5632300
19.3,0.1,1700,"bu","14:06:13",5631800
19.3,0.1,500,"bu","14:06:12",5630100
19.3,0.1,200,"bu","14:05:58",5629600
19.3,0.1,400,"bu","14:05:53",5629400
19.3,0.1,7600,"bu","14:05:41",5629000
19.25,0.05,8400,"bu","14:05:41",5621400
19.25,0.05,500,"bu","14:05:27",5613000
19.25,0.05,10400,"bu","14:05:21",5612500
19.25,0.05,25000,"bu","14:05:17",5602100
19.25,0.05,500,"bu","14:05:14",5577100
19.25,0.05,500,"bu","14:05:05",5576600
19.25,0.05,200,"bu","14:05:04",5576100
19.25,0.05,500,"bu","14:04:59",5575900
19.2,0,600,"sd","14:04:59",5575400
19.25,0.05,3400,"bu","14:04:58",5574800
19.2,0,4400,"sd","14:04:54",5571400
19.25,0.05,500,"bu","14:04:53",5567000
19.2,0,100,"sd","14:04:51",5566500
19.25,0.05,500,"bu","14:04:47",5566400
19.25,0.05,20000,"bu","14:04:34",5565900
19.25,0.05,500,"bu","14:04:30",5545900
19.2,0,4400,"sd","14:04:24",5545400
19.2,0,100,"sd","14:04:20",5541000
19.25,0.05,24300,"sd","14:04:15",5540900
19.25,0.05,4400,"sd","14:04:14",5516600
19.25,0.05,1000,"sd","14:04:04",5512200
19.25,0.05,100,"sd","14:03:56",5511200
19.3,0.1,10000,"bu","14:03:53",5511100
19.3,0.1,100,"bu","14:03:37",5501100
19.3,0.1,2000,"bu","14:03:13",5501000
19.25,0.05,100,"sd","14:03:08",5499000
19.3,0.1,500,"bu","14:03:01",5498900
19.25,0.05,100,"sd","14:02:58",5498400
19.3,0.1,300,"bu","14:02:31",5498300
19.3,0.1,30000,"bu","14:02:28",5498000
19.3,0.1,4300,"bu","14:01:43",5468000
19.25,0.05,6300,"bu","14:01:43",5463700
19.25,0.05,100,"bu","14:01:42",5457400
19.25,0.05,500,"bu","14:01:35",5457300
19.25,0.05,5900,"bu","14:01:34",5456800
19.25,0.05,2900,"bu","14:01:30",5450900
19.25,0.05,6900,"bu","14:01:29",5448000
19.25,0.05,4200,"bu","14:01:22",5441100
19.25,0.05,1000,"bu","14:01:19",5436900
19.25,0.05,4900,"bu","14:01:15",5435900
19.2,0,100,"sd","14:01:06",5431000
19.25,0.05,500,"bu","14:01:01",5430900
19.25,0.05,6900,"bu","14:00:58",5430400
19.25,0.05,3000,"bu","14:00:57",5423500
19.25,0.05,4800,"bu","14:00:47",5420500
19.2,0,100,"sd","14:00:46",5415700
19.2,0,700,"sd","14:00:45",5415600
19.2,0,600,"sd","14:00:27",5414900
19.2,0,100,"sd","14:00:10",5414300
19.25,0.05,100,"bu","13:59:55",5414200
19.2,0,100,"sd","13:59:35",5414100
19.2,0,2000,"sd","13:59:18",5414000
19.2,0,100,"sd","13:59:14",5412000
19.2,0,10000,"sd","13:59:01",5411900
19.2,0,1000,"sd","13:58:43",5401900
19.2,0,100,"sd","13:58:25",5400900
19.2,0,100,"sd","13:58:20",5400800
19.2,0,3300,"sd","13:58:00",5400700
19.2,0,100,"sd","13:57:24",5397400
19.2,0,100,"sd","13:57:16",5397300
19.2,0,200,"sd","13:56:46",5397200
19.2,0,500,"sd","13:56:17",5397000
19.2,0,7200,"bu","13:55:44",5396500
19.15,-0.05,100,"sd","13:55:34",5389300
19.2,0,200,"bu","13:55:16",5389200
19.15,-0.05,100,"sd","13:54:58",5389000
19.2,0,100,"bu","13:54:55",5388900
19.2,0,200,"bu","13:54:46",5388800
19.15,-0.05,100,"sd","13:54:40",5388600
19.2,0,2600,"sd","13:54:14",5388500
19.25,0.05,100,"bu","13:54:10",5385900
19.2,0,500,"bu","13:53:29",5385800
19.25,0.05,84400,"bu","13:53:05",5385300
19.2,0,15600,"bu","13:53:05",5300900
19.15,-0.05,100,"sd","13:52:55",5285300
19.15,-0.05,100,"sd","13:52:40",5285200
19.15,-0.05,100,"sd","13:51:57",5285100
19.15,-0.05,100,"sd","13:51:31",5285000
19.2,0,300,"bu","13:51:21",5284900
19.15,-0.05,100,"sd","13:51:03",5284600
19.15,-0.05,6900,"sd","13:50:17",5284500
19.2,0,1300,"sd","13:49:28",5277600
19.2,0,200,"sd","13:49:24",5276300
19.2,0,3500,"bu","13:49:18",5276100
19.15,-0.05,200,"sd","13:49:16",5272600
19.2,0,5000,"bu","13:49:00",5272400
19.2,0,700,"sd","13:48:44",5267400
19.2,0,7000,"sd","13:48:43",5266700
19.2,0,100000,"sd","13:48:39",5259700
19.2,0,700,"sd","13:48:24",5159700
19.2,0,100,"sd","13:48:22",5159000
19.2,0,100,"sd","13:48:08",5158900
19.2,0,2300,"sd","13:47:44",5158800
19.2,0,100,"sd","13:47:29",5156500
19.2,0,6900,"sd","13:47:23",5156400
19.2,0,100,"sd","13:47:01",5149500
19.25,0.05,300,"bu","13:47:01",5149400
19.25,0.05,2000,"bu","13:46:57",5149100
19.25,0.05,500,"bu","13:46:44",5147100
19.2,0,100,"sd","13:46:35",5146600
19.25,0.05,100,"bu","13:46:30",5146500
19.2,0,200,"sd","13:45:55",5146400
19.2,0,100,"sd","13:45:54",5146200
19.2,0,100,"sd","13:45:43",5146100
19.2,0,600,"sd","13:45:36",5146000
19.2,0,100,"sd","13:44:49",5145400
19.2,0,100,"sd","13:44:46",5145300
19.2,0,100,"sd","13:43:57",5145200
19.2,0,28800,"bu","13:43:36",5145100
19.2,0,3000,"bu","13:43:33",5116300
19.2,0,500,"bu","13:43:25",5113300
19.2,0,17900,"sd","13:43:20",5112800
19.2,0,85400,"bu","13:42:40",5094900
19.2,0,100,"bu","13:42:36",5009500
19.15,-0.05,100,"sd","13:42:32",5009400
19.2,0,20000,"bu","13:42:19",5009300
19.2,0,500,"bu","13:42:16",4989300
19.15,-0.05,100,"sd","13:42:13",4988800
19.15,-0.05,100,"sd","13:41:27",4988700
19.15,-0.05,100,"sd","13:41:23",4988600
19.15,-0.05,1000,"sd","13:41:12",4988500
19.15,-0.05,1000,"sd","13:41:11",4987500
19.15,-0.05,100,"sd","13:40:27",4986500
19.15,-0.05,100,"sd","13:40:21",4986400
19.2,0,19000,"bu","13:40:15",4986300
19.2,0,2300,"bu","13:39:57",4967300
19.2,0,500,"bu","13:39:44",4965000
19.15,-0.05,100,"sd","13:39:36",4964500
19.15,-0.05,100,"sd","13:39:14",4964400
19.15,-0.05,100,"sd","13:38:43",4964300
19.15,-0.05,6000,"sd","13:38:23",4964200
19.15,-0.05,200,"sd","13:37:56",4958200
19.15,-0.05,1000,"sd","13:37:48",4958000
19.15,-0.05,200,"sd","13:37:29",4957000
19.15,-0.05,35000,"bu","13:37:15",4956800
19.1,-0.1,100,"sd","13:37:02",4921800
19.15,-0.05,10000,"bu","13:37:00",4921700
19.1,-0.1,100,"sd","13:36:59",4911700
19.1,-0.1,1300,"sd","13:36:46",4911600
19.1,-0.1,100,"sd","13:36:06",4910300
19.1,-0.1,100,"sd","13:35:56",4910200
19.1,-0.1,100,"sd","13:35:15",4910100
19.15,-0.05,5000,"bu","13:34:58",4910000
19.1,-0.1,100,"sd","13:34:51",4905000
19.15,-0.05,100,"bu","13:34:44",4904900
19.1,-0.1,100,"sd","13:34:23",4904800
19.15,-0.05,1000,"bu","13:34:20",4904700
19.15,-0.05,200,"bu","13:34:00",4903700
19.1,-0.1,100,"sd","13:33:45",4903500
19.15,-0.05,1000,"bu","13:33:41",4903400
19.1,-0.1,100,"sd","13:33:32",4902400
19.15,-0.05,500,"bu","13:32:47",4902300
19.15,-0.05,100,"bu","13:32:45",4901800
19.1,-0.1,200,"sd","13:32:40",4901700
19.15,-0.05,600,"bu","13:32:01",4901500
19.1,-0.1,100,"sd","13:31:49",4900900
19.1,-0.1,100,"sd","13:31:35",4900800
19.1,-0.1,100,"sd","13:30:57",4900700
19.15,-0.05,100,"bu","13:30:40",4900600
19.1,-0.1,100,"sd","13:30:31",4900500
19.1,-0.1,100,"sd","13:30:30",4900400
19.1,-0.1,100,"sd","13:30:06",4900300
19.1,-0.1,100,"sd","13:29:42",4900200
19.15,-0.05,300,"bu","13:29:36",4900100
19.1,-0.1,100,"sd","13:29:33",4899800
19.15,-0.05,100,"bu","13:29:30",4899700
19.15,-0.05,200,"bu","13:29:21",4899600
19.1,-0.1,100,"sd","13:29:16",4899400
19.15,-0.05,4000,"sd","13:29:10",4899300
19.15,-0.05,29000,"sd","13:29:10",4895300
19.2,0,200,"bu","13:28:54",4866300
19.15,-0.05,15000,"sd","13:28:43",4866100
19.15,-0.05,15000,"sd","13:28:34",4851100
19.15,-0.05,100,"sd","13:28:24",4836100
19.15,-0.05,100,"sd","13:28:20",4836000
19.15,-0.05,8000,"sd","13:28:17",4835900
19.15,-0.05,100,"sd","13:27:33",4827900
19.15,-0.05,100,"sd","13:27:16",4827800
19.2,0,200,"bu","13:26:50",4827700
19.15,-0.05,100,"sd","13:26:43",4827500
19.15,-0.05,100,"sd","13:26:12",4827400
19.15,-0.05,1000,"sd","13:26:05",4827300
19.2,0,200,"bu","13:26:04",4826300
19.15,-0.05,100,"sd","13:25:52",4826100
19.2,0,2000,"bu","13:25:35",4826000
19.15,-0.05,100,"sd","13:25:29",4824000
19.2,0,5000,"bu","13:25:24",4823900
19.15,-0.05,100,"sd","13:25:11",4818900
19.15,-0.05,100,"sd","13:25:09",4818800
19.15,-0.05,100,"sd","13:25:01",4818700
19.2,0,5000,"bu","13:24:50",4818600
19.15,-0.05,100,"sd","13:24:11",4813600
19.15,-0.05,100,"sd","13:24:03",4813500
19.2,0,500,"bu","13:23:31",4813400
19.15,-0.05,1900,"sd","13:23:24",4812900
19.15,-0.05,100,"sd","13:23:20",4811000
19.2,0,500,"bu","13:23:11",4810900
19.15,-0.05,100,"sd","13:22:59",4810400
19.2,0,500,"bu","13:22:40",4810300
19.15,-0.05,100,"sd","13:22:30",4809800
19.2,0,1000,"bu","13:22:26",4809700
19.2,0,100,"bu","13:21:56",4808700
19.15,-0.05,100,"sd","13:21:56",4808600
19.15,-0.05,1100,"sd","13:21:39",4808500
19.15,-0.05,100,"sd","13:20:52",4807400
19.15,-0.05,100,"sd","13:20:49",4807300
19.2,0,100,"bu","13:20:06",4807200
19.15,-0.05,100,"sd","13:19:59",4807100
19.15,-0.05,100,"sd","13:19:49",4807000
19.15,-0.05,10700,"sd","13:19:38",4806900
19.15,-0.05,100,"sd","13:19:09",4786900
19.15,-0.05,700,"sd","13:18:53",4786800
19.15,-0.05,100,"sd","13:18:51",4786100
19.15,-0.05,100,"sd","13:18:45",4786000
19.15,-0.05,200,"sd","13:18:41",4785900
19.15,-0.05,100,"sd","13:18:19",4785700
19.15,-0.05,200,"sd","13:18:02",4785600
19.15,-0.05,100,"sd","13:17:42",4785400
19.15,-0.05,10000,"sd","13:17:32",4785300
19.15,-0.05,100,"sd","13:17:28",4775300
19.15,-0.05,3500,"sd","13:17:01",4775200
19.15,-0.05,200,"sd","13:16:38",4771700
19.15,-0.05,100,"sd","13:15:49",4771500
19.15,-0.05,100,"sd","13:15:35",4771400
19.15,-0.05,100,"sd","13:15:00",4771300
19.15,-0.05,200,"sd","13:14:59",4771200
19.15,-0.05,100,"sd","13:14:32",4771000
19.15,-0.05,100,"sd","13:14:09",4770900
19.15,-0.05,100,"sd","13:14:02",4770800
19.15,-0.05,2200,"sd","13:13:56",4770700
19.15,-0.05,100,"sd","13:13:29",4768500
19.15,-0.05,100,"sd","13:13:19",4768400
19.15,-0.05,100,"sd","13:12:29",4768300
19.15,-0.05,100,"sd","13:12:26",4768200
19.15,-0.05,1800,"sd","13:12:25",4768100
19.15,-0.05,3000,"sd","13:11:46",4766300
19.15,-0.05,100,"sd","13:11:40",4763300
19.15,-0.05,1100,"sd","13:11:23",4763200
19.15,-0.05,1000,"sd","13:11:11",4762100
19.15,-0.05,700,"sd","13:11:06",4761100
19.15,-0.05,100,"sd","13:10:50",4760400
19.15,-0.05,20000,"sd","13:10:48",4760300
19.15,-0.05,50000,"sd","13:10:40",4740300
19.15,-0.05,100,"sd","13:10:21",4690300
19.15,-0.05,6000,"sd","13:10:18",4690200
19.15,-0.05,100,"sd","13:10:01",4684200
19.15,-0.05,500,"sd","13:09:46",4684100
19.15,-0.05,100,"sd","13:09:18",4683600
19.15,-0.05,100,"sd","13:09:11",4683500
19.15,-0.05,100,"sd","13:08:22",4683400
19.15,-0.05,30000,"sd","13:08:15",4683300
19.15,-0.05,100,"sd","13:08:15",4653300
19.15,-0.05,200,"sd","13:07:50",4653200
19.15,-0.05,100,"sd","13:07:32",4653000
19.15,-0.05,18000,"sd","13:07:18",4652900
19.15,-0.05,100,"sd","13:07:13",4634900
19.15,-0.05,20000,"sd","13:07:05",4634800
19.15,-0.05,100,"sd","13:06:43",4614800
19.2,0,30000,"bu","13:06:33",4614700
19.15,-0.05,100,"sd","13:06:10",4584700
19.15,-0.05,100,"sd","13:05:54",4584600
19.15,-0.05,3300,"sd","13:05:31",4584500
19.15,-0.05,6000,"sd","13:05:27",4581200
19.15,-0.05,100,"sd","13:05:08",4575200
19.15,-0.05,100,"sd","13:05:05",4575100
19.15,-0.05,100,"sd","13:04:21",4575000
19.15,-0.05,100,"sd","13:04:19",4574900
19.2,0,200,"bu","13:04:17",4574800
19.15,-0.05,100,"sd","13:04:16",4574600
19.15,-0.05,100,"sd","13:04:06",4574500
19.15,-0.05,400,"sd","13:04:02",4574400
19.15,-0.05,200,"sd","13:03:36",4574000
19.15,-0.05,100,"sd","13:03:27",4573800
19.15,-0.05,100,"sd","13:03:04",4573700
19.2,0,800,"bu","13:03:00",4573600
19.15,-0.05,2300,"sd","13:02:57",4572800
19.15,-0.05,100,"sd","13:02:39",4570500
19.15,-0.05,19800,"sd","13:02:38",4570400
19.15,-0.05,2000,"sd","13:02:17",4550600
19.15,-0.05,100,"sd","13:02:02",4548600
19.15,-0.05,100,"sd","13:01:49",4548500
19.15,-0.05,100,"sd","13:01:45",4548400
19.15,-0.05,200,"sd","13:01:18",4548300
19.15,-0.05,1000,"sd","13:01:03",4548100
19.15,-0.05,200,"sd","13:01:02",4547100
19.15,-0.05,500,"sd","13:00:38",4546900
19.2,0,1000,"bu","13:00:34",4546400
19.2,0,100,"bu","13:00:28",4545400
19.2,0,100,"bu","13:00:17",4545300
19.15,-0.05,500,"sd","13:00:16",4545200
19.15,-0.05,5900,"sd","13:00:13",4544700
19.2,0,300,"bu","13:00:01",4538800
19.2,0,200,"bu","13:00:01",4538500
19.2,0,4000,"bu","11:28:56",4538300
19.2,0,3000,"bu","11:28:16",4534300
19.2,0,3000,"bu","11:27:55",4531300
19.15,-0.05,100,"sd","11:27:03",4528300
19.15,-0.05,1000,"sd","11:26:35",4528200
19.15,-0.05,400,"sd","11:26:23",4527200
19.15,-0.05,100,"sd","11:24:57",4526800
19.15,-0.05,2200,"sd","11:23:12",4526700
19.15,-0.05,100,"sd","11:22:51",4524500
19.15,-0.05,200,"sd","11:22:12",4524400
19.2,0,200,"bu","11:21:50",4524200
19.15,-0.05,100,"sd","11:20:46",4524000
19.15,-0.05,100,"sd","11:20:34",4523900
19.2,0,1000,"bu","11:19:38",4523800
19.2,0,1600,"bu","11:19:10",4522800
19.15,-0.05,5000,"sd","11:19:07",4521200
19.2,0,100,"bu","11:18:45",4516200
19.15,-0.05,100,"sd","11:18:40",4516100
19.2,0,2800,"sd","11:17:57",4516000
19.2,0,7200,"bu","11:17:09",4513200
19.2,0,1600,"sd","11:16:36",4506000
19.2,0,9400,"bu","11:15:54",4504400
19.15,-0.05,6900,"sd","11:15:40",4495000
19.2,0,1000,"bu","11:15:25",4488100
19.2,0,10000,"bu","11:15:20",4487100
19.2,0,5000,"bu","11:15:00",4477100
19.2,0,1000,"bu","11:14:56",4472100
19.2,0,5000,"bu","11:14:49",4471100
19.2,0,5000,"bu","11:14:39",4466100
19.15,-0.05,100,"sd","11:14:29",4461100
19.15,-0.05,6900,"sd","11:14:15",4461000
19.2,0,2000,"bu","11:14:13",4454100
19.2,0,2000,"bu","11:14:12",4452100
19.2,0,1000,"bu","11:13:57",4450100
19.2,0,1400,"bu","11:13:53",4449100
19.2,0,10000,"bu","11:13:33",4447700
19.15,-0.05,20000,"sd","11:13:23",4437700
19.2,0,2000,"bu","11:13:17",4417700
19.15,-0.05,20000,"sd","11:12:59",4415700
19.2,0,500,"bu","11:12:53",4395700
19.15,-0.05,100,"sd","11:12:25",4395200
19.2,0,2000,"bu","11:12:16",4395100
19.2,0,200,"bu","11:12:02",4393100
19.2,0,2000,"bu","11:11:59",4392900
19.2,0,1700,"bu","11:11:52",4390900
19.2,0,1000,"bu","11:11:42",4389200
19.2,0,2000,"bu","11:11:36",4388200
19.2,0,300,"bu","11:11:23",4386200
19.15,-0.05,1400,"sd","11:11:03",4385900
19.2,0,1600,"sd","11:10:19",4384500
19.2,0,10000,"sd","11:10:06",4382900
19.25,0.05,6900,"bu","11:09:38",4372900
19.2,0,10000,"sd","11:09:38",4366000
19.2,0,2000,"sd","11:09:24",4356000
19.2,0,1200,"bu","11:09:14",4354000
19.15,-0.05,2000,"sd","11:09:08",4352800
19.15,-0.05,100000,"sd","11:09:06",4350800
19.2,0,18000,"bu","11:09:04",4250800
19.2,0,1400,"bu","11:09:03",4232800
19.15,-0.05,100,"sd","11:08:53",4231400
19.15,-0.05,6000,"sd","11:08:49",4231300
19.15,-0.05,200,"sd","11:08:36",4225300
19.2,0,700,"bu","11:08:34",4225100
19.15,-0.05,1000,"sd","11:08:20",4224400
19.15,-0.05,1000,"sd","11:07:38",4223400
19.2,0,4900,"bu","11:07:35",4222400
19.2,0,3000,"bu","11:07:21",4217500
19.2,0,600,"bu","11:07:14",4214500
19.15,-0.05,5000,"sd","11:07:08",4213900
19.15,-0.05,15000,"sd","11:06:46",4208900
19.15,-0.05,2400,"sd","11:06:34",4193900
19.15,-0.05,2000,"sd","11:06:12",4191500
19.15,-0.05,100,"sd","11:06:11",4189500
19.15,-0.05,2500,"sd","11:06:07",4189400
19.15,-0.05,3000,"sd","11:05:33",4186900
19.2,0,100,"bu","11:05:32",4183900
19.2,0,100,"bu","11:05:26",4183800
19.2,0,5100,"sd","11:04:30",4183700
19.25,0.05,6900,"bu","11:04:24",4178600
19.2,0,1000,"sd","11:04:16",4171700
19.2,0,200,"sd","11:04:15",4170700
19.2,0,100,"sd","11:04:06",4170500
19.2,0,1300,"bu","11:04:04",4170400
19.2,0,3900,"sd","11:03:29",4169100
19.2,0,300,"sd","11:03:29",4165200
19.2,0,1000,"sd","11:03:28",4164900
19.2,0,300,"sd","11:03:25",4163900
19.2,0,2000,"sd","11:03:23",4163600
19.2,0,10000,"sd","11:03:19",4161600
19.2,0,2000,"sd","11:03:07",4151600
19.2,0,20000,"sd","11:02:53",4149600
19.2,0,4000,"sd","11:02:47",4129600
19.2,0,1000,"sd","11:02:46",4125600
19.2,0,500,"sd","11:02:45",4124600
19.2,0,2000,"sd","11:02:44",4124100
19.2,0,2000,"sd","11:02:41",4122100
19.2,0,800,"sd","11:02:36",4120100
19.2,0,10000,"sd","11:02:34",4119300
19.2,0,100,"sd","11:02:05",4109300
19.2,0,200,"sd","11:01:55",4109200
19.2,0,2000,"sd","11:01:54",4109000
19.2,0,22900,"sd","11:01:54",4107000
19.2,0,1000,"sd","11:01:47",4084100
19.2,0,3000,"sd","11:00:32",4083100
19.2,0,6000,"sd","11:00:31",4080100
19.2,0,1000,"sd","10:59:59",4074100
19.2,0,100,"sd","10:59:57",4073100
19.25,0.05,3000,"bu","10:59:19",4073000
19.25,0.05,6900,"bu","10:59:12",4070000
19.25,0.05,6900,"bu","10:58:13",4063100
19.25,0.05,6900,"bu","10:57:59",4056200
19.25,0.05,200,"bu","10:57:58",4049300
19.25,0.05,2700,"bu","10:57:46",4049100
19.25,0.05,6900,"bu","10:57:45",4046400
19.25,0.05,6900,"bu","10:57:29",4039500
19.2,0,300,"sd","10:57:26",4032600
19.2,0,3200,"bu","10:55:51",4032300
19.15,-0.05,100,"sd","10:55:50",4029100
19.2,0,200,"bu","10:55:32",4029000
19.2,0,3700,"sd","10:55:13",4028800
19.2,0,1300,"bu","10:54:49",4025100
19.2,0,6000,"bu","10:54:36",4023800
19.2,0,5000,"bu","10:54:35",4017800
19.2,0,2000,"bu","10:54:34",4012800
19.2,0,100,"bu","10:54:24",4010800
19.2,0,2700,"sd","10:54:11",4010700
19.2,0,10000,"sd","10:54:04",4008000
19.2,0,1000,"sd","10:54:04",3998000
19.2,0,5000,"sd","10:53:54",3997000
19.2,0,30000,"sd","10:53:48",3992000
19.2,0,100,"sd","10:53:46",3962000
19.25,0.05,700,"bu","10:53:38",3961900
19.2,0,1500,"sd","10:53:35",3961200
19.2,0,500,"sd","10:53:12",3959700
19.2,0,5800,"sd","10:53:05",3959200
19.2,0,40000,"sd","10:52:49",3953400
19.2,0,2000,"sd","10:52:08",3913400
19.2,0,67600,"sd","10:51:57",3911400
19.2,0,2400,"sd","10:51:56",3843800
19.2,0,100,"sd","10:51:42",3841400
19.2,0,1900,"sd","10:51:17",3841300
19.25,0.05,500,"bu","10:50:54",3839400
19.25,0.05,1500,"bu","10:50:38",3838900
19.25,0.05,800,"bu","10:50:20",3837400
19.25,0.05,200,"bu","10:50:09",3836600
19.25,0.05,1000,"bu","10:50:04",3836400
19.25,0.05,100,"bu","10:50:00",3835400
19.25,0.05,5000,"bu","10:49:46",3835300
19.25,0.05,1000,"bu","10:47:04",3830300
19.25,0.05,400,"bu","10:47:00",3829300
19.2,0,6700,"sd","10:46:29",3828900
19.25,0.05,1000,"bu","10:46:26",3822200
19.2,0,5000,"sd","10:46:11",3821200
19.2,0,9900,"bu","10:44:52",3816200
19.2,0,25000,"bu","10:44:49",3806300
19.2,0,20000,"bu","10:44:42",3781300
19.2,0,100,"bu","10:44:41",3761300
19.2,0,3000,"bu","10:44:40",3761200
19.2,0,3000,"bu","10:44:35",3758200
19.2,0,20000,"bu","10:44:17",3755200
19.2,0,400,"bu","10:44:16",3735200
19.2,0,1000,"bu","10:43:53",3734800
19.2,0,300,"bu","10:43:24",3733800
19.15,-0.05,300,"sd","10:42:57",3733500
19.15,-0.05,800,"sd","10:42:55",3733200
19.15,-0.05,100,"sd","10:42:44",3732400
19.15,-0.05,10000,"sd","10:42:17",3732300
19.15,-0.05,10000,"sd","10:41:25",3722300
19.2,0,6900,"bu","10:41:13",3712300
19.2,0,500,"bu","10:41:11",3705400
19.15,-0.05,50000,"sd","10:41:04",3704900
19.2,0,16000,"sd","10:40:41",3654900
19.2,0,80000,"sd","10:40:36",3638900
19.2,0,1000,"sd","10:39:45",3558900
19.2,0,2000,"sd","10:39:39",3557900
19.2,0,4000,"sd","10:39:37",3555900
19.25,0.05,500,"bu","10:39:32",3551900
19.2,0,5000,"sd","10:39:12",3551400
19.2,0,1900,"sd","10:38:57",3546400
19.2,0,20000,"sd","10:38:37",3544500
19.2,0,5000,"sd","10:38:08",3524500
19.25,0.05,5000,"bu","10:38:08",3519500
19.2,0,2000,"sd","10:38:07",3514500
19.25,0.05,2000,"bu","10:37:48",3512500
19.2,0,1000,"sd","10:37:40",3510500
19.2,0,10000,"sd","10:36:30",3509500
19.25,0.05,8000,"bu","10:36:29",3499500
19.2,0,4000,"sd","10:36:09",3491500
19.2,0,200,"sd","10:36:01",3487500
19.2,0,100,"sd","10:35:49",3487300
19.2,0,200,"sd","10:35:44",3487200
19.2,0,300,"sd","10:34:59",3487000
19.2,0,10000,"sd","10:34:28",3486700
19.2,0,400,"sd","10:34:26",3476700
19.2,0,5000,"sd","10:33:58",3476300
19.2,0,800,"sd","10:33:57",3471300
19.2,0,26300,"sd","10:33:42",3470500
19.25,0.05,23700,"sd","10:33:42",3444200
19.25,0.05,200,"sd","10:33:35",3420500
19.25,0.05,1700,"sd","10:33:23",3420300
19.3,0.1,100,"bu","10:33:20",3418600
19.25,0.05,1700,"sd","10:33:19",3418500
19.25,0.05,1700,"sd","10:33:16",3416800
19.25,0.05,1700,"sd","10:33:12",3415100
19.25,0.05,1700,"sd","10:33:07",3413400
19.25,0.05,1700,"sd","10:33:02",3411700
19.25,0.05,1700,"sd","10:32:55",3410000
19.25,0.05,1700,"sd","10:32:49",3408300
19.3,0.1,100,"bu","10:32:46",3406600
19.25,0.05,1700,"sd","10:32:43",3406500
19.25,0.05,1000,"sd","10:32:35",3404800
19.25,0.05,1700,"sd","10:32:31",3403800
19.25,0.05,100,"sd","10:32:28",3402100
19.3,0.1,100,"bu","10:32:17",3402000
19.25,0.05,100,"sd","10:31:01",3401900
19.3,0.1,2000,"bu","10:30:29",3401800
19.25,0.05,100,"sd","10:30:26",3399800
19.25,0.05,1000,"sd","10:30:01",3399700
19.25,0.05,125000,"sd","10:28:19",3398700
19.3,0.1,3000,"bu","10:28:19",3273700
19.25,0.05,100,"sd","10:28:01",3270700
19.25,0.05,1600,"sd","10:27:38",3270600
19.25,0.05,400,"sd","10:27:30",3269000
19.25,0.05,100,"sd","10:25:05",3268600
19.25,0.05,400,"sd","10:24:15",3268500
19.25,0.05,800,"sd","10:23:53",3268100
19.25,0.05,200,"bu","10:23:40",3267300
19.2,0,800,"sd","10:23:38",3267100
19.15,-0.05,73800,"sd","10:22:31",3266300
19.2,0,26200,"sd","10:22:31",3192500
19.2,0,49800,"sd","10:21:58",3166300
19.25,0.05,200,"sd","10:21:58",3116500
19.25,0.05,2500,"bu","10:21:54",3116300
19.25,0.05,47500,"sd","10:21:45",3113800
19.3,0.1,4000,"bu","10:21:45",3066300
19.3,0.1,100,"bu","10:20:53",3062300
19.3,0.1,100,"bu","10:20:44",3062200
19.3,0.1,2000,"bu","10:20:20",3062100
19.3,0.1,100,"bu","10:18:56",3060100
19.25,0.05,10000,"sd","10:18:53",3060000
19.25,0.05,54600,"bu","10:18:48",3050000
19.2,0,4400,"sd","10:18:46",2995400
19.2,0,600,"sd","10:17:51",2991000
19.2,0,124300,"sd","10:17:18",2990400
19.25,0.05,75700,"sd","10:17:18",2866100
19.25,0.05,200,"sd","10:16:42",2790400
19.25,0.05,10000,"sd","10:16:27",2790200
19.3,0.1,200,"bu","10:16:26",2780200
19.3,0.1,10000,"bu","10:16:22",2780000
19.3,0.1,100,"bu","10:16:06",2770000
19.25,0.05,30000,"sd","10:15:35",2769900
19.3,0.1,5000,"bu","10:15:34",2739900
19.25,0.05,200,"sd","10:15:26",2734900
19.3,0.1,20000,"bu","10:15:25",2734700
19.3,0.1,2300,"bu","10:15:23",2714700
19.3,0.1,5000,"bu","10:14:35",2712400
19.25,0.05,6900,"sd","10:14:25",2707400
19.3,0.1,100,"bu","10:14:23",2700500
19.3,0.1,100,"bu","10:14:18",2700400
19.25,0.05,2000,"sd","10:13:16",2700300
19.25,0.05,300,"bu","10:12:57",2698300
19.25,0.05,3300,"bu","10:12:39",2698000
19.25,0.05,1000,"bu","10:12:30",2694700
19.25,0.05,2300,"sd","10:12:27",2693700
19.25,0.05,600,"sd","10:12:27",2691400
19.25,0.05,800,"sd","10:12:00",2690800
19.25,0.05,6900,"sd","10:11:55",2690000
19.25,0.05,4200,"sd","10:11:55",2683100
19.25,0.05,600,"sd","10:11:51",2678900
19.2,0,2300,"sd","10:11:11",2678300
19.25,0.05,4600,"sd","10:11:11",2676000
19.25,0.05,10400,"bu","10:11:01",2671400
19.25,0.05,1500,"bu","10:11:00",2661000
19.25,0.05,20000,"bu","10:10:53",2659500
19.25,0.05,800,"bu","10:10:50",2639500
19.25,0.05,500,"bu","10:10:47",2638700
19.25,0.05,500,"bu","10:10:43",2638200
19.25,0.05,1000,"bu","10:10:37",2637700
19.2,0,300,"sd","10:10:28",2636700
19.25,0.05,5200,"bu","10:10:25",2636400
19.2,0,6900,"sd","10:10:23",2631200
19.25,0.05,2000,"bu","10:10:22",2624300
19.25,0.05,2000,"bu","10:09:55",2622300
19.25,0.05,1000,"bu","10:09:54",2620300
19.25,0.05,5000,"bu","10:09:09",2619300
19.25,0.05,1000,"bu","10:09:00",2614300
19.25,0.05,300,"bu","10:08:59",2613300
19.25,0.05,3000,"bu","10:08:43",2613000
19.2,0,50000,"sd","10:08:42",2610000
19.2,0,1000,"sd","10:07:58",2560000
19.2,0,6900,"sd","10:07:49",2559000
19.2,0,2300,"sd","10:07:43",2552100
19.2,0,600,"sd","10:07:26",2549800
19.2,0,6900,"sd","10:07:11",2549200
19.2,0,1100,"sd","10:06:47",2542300
19.2,0,1000,"sd","10:06:32",2541200
19.2,0,3900,"sd","10:06:18",2540200
19.2,0,1000,"sd","10:06:07",2536300
19.2,0,700,"sd","10:05:45",2535300
19.2,0,4900,"sd","10:05:34",2534600
19.2,0,2000,"sd","10:05:33",2529700
19.25,0.05,200,"sd","10:05:28",2527700
19.25,0.05,3400,"sd","10:05:24",2527500
19.25,0.05,4800,"sd","10:05:23",2524100
19.25,0.05,2000,"sd","10:05:21",2519300
19.25,0.05,8900,"sd","10:05:15",2517300
19.25,0.05,4700,"sd","10:05:14",2508400
19.25,0.05,2000,"sd","10:05:10",2503700
19.25,0.05,3400,"sd","10:05:06",2501700
19.25,0.05,6900,"sd","10:05:05",2498300
19.25,0.05,4900,"sd","10:05:04",2491400
19.25,0.05,500,"sd","10:05:02",2486500
19.25,0.05,2000,"sd","10:05:00",2486000
19.25,0.05,3400,"sd","10:04:57",2484000
19.25,0.05,4900,"sd","10:04:57",2480600
19.25,0.05,400,"sd","10:04:51",2475700
19.25,0.05,1600,"sd","10:04:50",2475300
19.25,0.05,4300,"sd","10:04:47",2473700
19.25,0.05,4900,"sd","10:04:38",2469400
19.3,0.1,10000,"bu","10:04:35",2464500
19.3,0.1,2000,"bu","10:04:31",2454500
19.3,0.1,200,"bu","10:03:58",2452500
19.25,0.05,10000,"sd","10:03:51",2452300
19.25,0.05,3400,"sd","10:03:05",2442300
19.25,0.05,56500,"sd","10:02:33",2438900
19.25,0.05,1000,"sd","10:02:01",2382400
19.3,0.1,1000,"bu","10:01:20",2381400
19.25,0.05,400,"sd","10:01:10",2380400
19.25,0.05,5000,"sd","10:01:04",2380000
19.25,0.05,6900,"sd","10:00:55",2375000
19.25,0.05,1700,"sd","10:00:48",2368100
19.25,0.05,6900,"sd","10:00:43",2366400
19.25,0.05,6900,"sd","10:00:38",2359500
19.25,0.05,8800,"sd","10:00:34",2352600
19.25,0.05,4900,"sd","10:00:32",2343800
19.3,0.1,2000,"sd","10:00:32",2338900
19.25,0.05,4200,"sd","10:00:27",2336900
19.25,0.05,2000,"sd","10:00:26",2332700
19.25,0.05,4300,"sd","10:00:17",2330700
19.25,0.05,5200,"sd","09:59:57",2326400
19.3,0.1,1700,"sd","09:59:57",2321200
19.3,0.1,4200,"sd","09:59:55",2319500
19.35,0.15,10000,"bu","09:59:52",2315300
19.3,0.1,2000,"sd","09:59:51",2305300
19.3,0.1,6900,"sd","09:59:43",2303300
19.3,0.1,2000,"sd","09:59:36",2296400
19.3,0.1,6900,"sd","09:59:21",2294400
19.3,0.1,1500,"sd","09:59:02",2287500
19.3,0.1,12400,"bu","09:58:45",2286000
19.3,0.1,3400,"bu","09:58:45",2273600
19.3,0.1,9000,"bu","09:58:34",2270200
19.3,0.1,1000,"bu","09:58:03",2261200
19.3,0.1,2300,"sd","09:57:59",2260200
19.35,0.15,5000,"bu","09:57:55",2257900
19.3,0.1,3900,"sd","09:57:53",2252900
19.3,0.1,5000,"sd","09:57:45",2249000
19.3,0.1,6900,"sd","09:57:41",2244000
19.3,0.1,2000,"sd","09:57:38",2237100
19.3,0.1,6900,"sd","09:57:26",2235100
19.3,0.1,2000,"sd","09:57:24",2228200
19.3,0.1,100,"sd","09:57:16",2226200
19.3,0.1,300,"sd","09:57:13",2226100
19.35,0.15,1000,"bu","09:56:33",2225800
19.35,0.15,900,"bu","09:56:31",2224800
19.3,0.1,700,"sd","09:56:21",2223900
19.3,0.1,2000,"sd","09:56:05",2223200
19.3,0.1,1200,"sd","09:55:58",2221200
19.3,0.1,2000,"sd","09:55:56",2220000
19.3,0.1,2000,"sd","09:55:46",2218000
19.3,0.1,2000,"sd","09:55:35",2216000
19.3,0.1,2200,"bu","09:55:27",2214000
19.25,0.05,2000,"sd","09:55:27",2211800
19.3,0.1,3000,"bu","09:55:19",2209800
19.25,0.05,2000,"sd","09:55:13",2206800
19.3,0.1,500,"bu","09:55:08",2204800
19.3,0.1,200,"bu","09:55:06",2204300
19.3,0.1,100,"bu","09:55:02",2204100
19.3,0.1,1000,"bu","09:54:57",2204000
19.3,0.1,3000,"sd","09:54:55",2203000
19.3,0.1,6500,"sd","09:54:51",2200000
19.3,0.1,500,"sd","09:54:35",2193500
19.3,0.1,5000,"sd","09:54:33",2193000
19.3,0.1,5000,"sd","09:54:31",2188000
19.3,0.1,6900,"sd","09:54:23",2183000
19.3,0.1,9500,"bu","09:54:09",2176100
19.3,0.1,4700,"bu","09:54:04",2166600
19.3,0.1,200,"bu","09:53:41",2161900
19.25,0.05,5000,"sd","09:53:39",2161700
19.25,0.05,400,"sd","09:53:30",2156700
19.25,0.05,1200,"sd","09:53:04",2156300
19.3,0.1,10000,"bu","09:52:59",2155100
19.25,0.05,100,"sd","09:52:51",2145100
19.25,0.05,500,"sd","09:52:48",2145000
19.25,0.05,100,"sd","09:52:21",2144500
19.3,0.1,10000,"bu","09:52:18",2144400
19.3,0.1,4900,"sd","09:52:05",2134400
19.3,0.1,200,"sd","09:52:03",2129500
19.3,0.1,100,"sd","09:52:03",2129300
19.3,0.1,2000,"sd","09:51:59",2129200
19.3,0.1,50000,"sd","09:51:57",2127200
19.3,0.1,2000,"sd","09:51:46",2077200
19.3,0.1,600,"sd","09:51:45",2075200
19.3,0.1,200,"sd","09:51:41",2074600
19.3,0.1,15000,"sd","09:51:40",2074400
19.3,0.1,800,"sd","09:51:35",2059400
19.3,0.1,3000,"sd","09:51:18",2058600
19.3,0.1,1000,"sd","09:51:03",2055600
19.3,0.1,2000,"sd","09:50:56",2054600
19.3,0.1,1400,"sd","09:50:28",2052600
19.35,0.15,12700,"sd","09:50:19",2051200
19.35,0.15,10000,"sd","09:50:18",2038500
19.35,0.15,5000,"sd","09:50:17",2028500
19.35,0.15,1400,"sd","09:50:14",2023500
19.35,0.15,1300,"sd","09:50:12",2022100
19.35,0.15,72400,"sd","09:50:11",2020800
19.35,0.15,2000,"sd","09:50:11",1948400
19.35,0.15,100,"sd","09:49:54",1946400
19.35,0.15,2000,"sd","09:49:52",1946300
19.35,0.15,1000,"sd","09:49:46",1944300
19.35,0.15,2000,"sd","09:49:45",1943300
19.35,0.15,200,"sd","09:49:40",1941300
19.35,0.15,6500,"sd","09:49:39",1941100
19.35,0.15,1000,"sd","09:49:21",1934600
19.35,0.15,10000,"sd","09:49:11",1933600
19.35,0.15,2000,"sd","09:49:07",1923600
19.35,0.15,500,"sd","09:49:01",1921600
19.35,0.15,100,"sd","09:49:01",1921100
19.35,0.15,100,"sd","09:48:58",1921000
19.35,0.15,500,"sd","09:48:50",1920900
19.35,0.15,200,"sd","09:48:49",1920400
19.35,0.15,2000,"sd","09:48:47",1920200
19.35,0.15,100,"sd","09:48:36",1918200
19.35,0.15,300,"sd","09:48:28",1918100
19.35,0.15,3000,"sd","09:48:22",1917800
19.35,0.15,21000,"sd","09:48:06",1914800
19.35,0.15,3400,"sd","09:47:56",1893800
19.35,0.15,300,"sd","09:47:53",1890400
19.35,0.15,3400,"sd","09:47:46",1890100
19.35,0.15,100,"sd","09:47:39",1886700
19.35,0.15,3400,"sd","09:47:37",1886600
19.35,0.15,1000,"sd","09:47:29",1883200
19.35,0.15,3400,"sd","09:47:28",1882200
19.35,0.15,500,"sd","09:47:26",1878800
19.35,0.15,300,"sd","09:46:55",1878300
19.4,0.2,20000,"bu","09:46:19",1878000
19.4,0.2,1000,"bu","09:45:00",1858000
19.4,0.2,1000,"bu","09:44:47",1857000
19.4,0.2,200,"bu","09:44:20",1856000
19.35,0.15,100,"sd","09:43:56",1855800
19.4,0.2,1000,"bu","09:43:51",1855700
19.4,0.2,5300,"bu","09:43:43",1854700
19.4,0.2,2000,"bu","09:43:37",1849400
19.35,0.15,2000,"sd","09:43:20",1847400
19.35,0.15,20000,"sd","09:43:18",1845400
19.35,0.15,100,"sd","09:43:16",1825400
19.4,0.2,2000,"bu","09:42:57",1825300
19.4,0.2,1000,"bu","09:42:44",1823300
19.4,0.2,1000,"bu","09:42:30",1822300
19.4,0.2,200,"bu","09:42:09",1821300
19.35,0.15,55000,"sd","09:41:01",1821100
19.4,0.2,100,"bu","09:41:01",1766100
19.4,0.2,200,"bu","09:40:42",1766000
19.4,0.2,25000,"bu","09:40:32",1765800
19.4,0.2,5000,"bu","09:40:16",1740800
19.4,0.2,200,"bu","09:40:13",1735800
19.4,0.2,500,"bu","09:40:03",1735600
19.4,0.2,4300,"sd","09:39:53",1735100
19.4,0.2,2500,"sd","09:39:52",1730800
19.4,0.2,5000,"sd","09:39:46",1728300
19.45,0.25,5000,"bu","09:39:43",1723300
19.4,0.2,200,"sd","09:39:36",1718300
19.4,0.2,3400,"sd","09:39:07",1718100
19.4,0.2,100,"sd","09:39:05",1714700
19.4,0.2,300,"sd","09:39:03",1714600
19.45,0.25,30000,"bu","09:38:49",1714300
19.4,0.2,10000,"sd","09:38:44",1684300
19.4,0.2,7400,"sd","09:38:40",1674300
19.4,0.2,100,"sd","09:38:15",1666900
19.4,0.2,3400,"sd","09:38:03",1666800
19.4,0.2,7000,"sd","09:37:54",1663400
19.4,0.2,1000,"sd","09:37:51",1656400
19.4,0.2,9600,"bu","09:37:49",1655400
19.4,0.2,2000,"bu","09:37:46",1645800
19.4,0.2,100,"bu","09:37:44",1643800
19.4,0.2,5000,"bu","09:37:42",1643700
19.4,0.2,200000,"bu","09:37:33",1638700
19.4,0.2,1000,"bu","09:37:29",1438700
19.4,0.2,200,"bu","09:37:27",1437700
19.4,0.2,500,"bu","09:36:22",1437500
19.4,0.2,100,"bu","09:36:16",1437000
19.4,0.2,200,"bu","09:36:00",1436900
19.4,0.2,800,"bu","09:35:51",1436700
19.4,0.2,100,"bu","09:35:49",1435900
19.4,0.2,5000,"bu","09:35:46",1435800
19.4,0.2,5000,"bu","09:35:35",1430800
19.4,0.2,2000,"bu","09:35:29",1425800
19.4,0.2,3000,"bu","09:35:25",1423800
19.4,0.2,200,"bu","09:35:16",1420800
19.35,0.15,2000,"sd","09:35:16",1420600
19.4,0.2,1000,"bu","09:34:25",1418600
19.35,0.15,2000,"sd","09:34:24",1417600
19.35,0.15,200,"sd","09:34:18",1415600
19.35,0.15,2000,"sd","09:34:16",1415400
19.4,0.2,100,"bu","09:34:08",1413400
19.35,0.15,2000,"sd","09:34:05",1413300
19.35,0.15,2000,"sd","09:33:51",1411300
19.35,0.15,50000,"sd","09:33:45",1409300
19.35,0.15,2000,"sd","09:33:40",1359300
19.4,0.2,200,"bu","09:33:40",1357300
19.35,0.15,700,"sd","09:33:34",1357100
19.4,0.2,300,"bu","09:33:25",1356400
19.4,0.2,5000,"bu","09:33:22",1356100
19.4,0.2,15000,"bu","09:32:54",1351100
19.35,0.15,100,"sd","09:32:43",1336100
19.4,0.2,600,"bu","09:32:38",1336000
19.35,0.15,1000,"sd","09:32:21",1335400
19.4,0.2,10000,"bu","09:32:20",1334400
19.35,0.15,500,"sd","09:31:41",1324400
19.4,0.2,15000,"bu","09:31:41",1323900
19.35,0.15,1800,"bu","09:31:32",1308900
19.35,0.15,11800,"sd","09:31:03",1307100
19.35,0.15,200,"sd","09:30:46",1295300
19.35,0.15,500,"sd","09:30:40",1295100
19.35,0.15,500,"sd","09:30:35",1294600
19.35,0.15,1500,"sd","09:30:32",1294100
19.35,0.15,4000,"sd","09:30:25",1292600
19.4,0.2,2000,"bu","09:30:22",1288600
19.4,0.2,200,"bu","09:30:03",1286600
19.4,0.2,2000,"bu","09:29:54",1286400
19.4,0.2,15100,"sd","09:29:48",1284400
19.4,0.2,100,"sd","09:29:44",1269300
19.4,0.2,50000,"sd","09:29:38",1269200
19.4,0.2,1800,"sd","09:29:04",1219200
19.4,0.2,1800,"sd","09:29:00",1217400
19.4,0.2,1800,"sd","09:28:47",1215600
19.4,0.2,1800,"sd","09:28:39",1213800
19.4,0.2,3000,"sd","09:28:37",1212000
19.4,0.2,100,"sd","09:28:32",1209000
19.4,0.2,900,"sd","09:28:30",1208900
19.4,0.2,2000,"sd","09:28:23",1208000
19.45,0.25,3700,"bu","09:28:17",1206000
19.4,0.2,2000,"sd","09:28:11",1202300
19.4,0.2,2000,"sd","09:28:01",1200300
19.45,0.25,200,"bu","09:27:58",1198300
19.4,0.2,2000,"sd","09:27:51",1198100
19.4,0.2,900,"sd","09:27:46",1196100
19.4,0.2,2000,"sd","09:27:36",1195200
19.4,0.2,10000,"sd","09:27:29",1193200
19.4,0.2,2000,"sd","09:27:23",1183200
19.4,0.2,2400,"sd","09:27:20",1181200
19.45,0.25,600,"bu","09:27:20",1178800
19.4,0.2,2000,"sd","09:27:06",1178200
19.4,0.2,400,"sd","09:27:00",1176200
19.45,0.25,400,"sd","09:27:00",1175800
19.45,0.25,2000,"sd","09:26:56",1175400
19.45,0.25,1800,"bu","09:26:44",1173400
19.45,0.25,1000,"bu","09:26:41",1171600
19.45,0.25,500,"bu","09:26:35",1170600
19.45,0.25,1000,"bu","09:26:33",1170100
19.45,0.25,600,"bu","09:26:27",1169100
19.45,0.25,45100,"sd","09:26:23",1168500
19.45,0.25,50000,"sd","09:26:20",1123400
19.45,0.25,2000,"sd","09:26:18",1073400
19.45,0.25,1000,"sd","09:26:14",1071400
19.45,0.25,2000,"sd","09:26:01",1070400
19.45,0.25,2000,"sd","09:25:51",1068400
19.45,0.25,34900,"bu","09:25:43",1066400
19.4,0.2,10000,"sd","09:25:43",1031500
19.45,0.25,17600,"bu","09:25:41",1021500
19.4,0.2,2000,"sd","09:25:41",1003900
19.4,0.2,2000,"sd","09:25:28",1001900
19.4,0.2,2100,"sd","09:25:27",999900
19.45,0.25,10000,"bu","09:25:26",997800
19.4,0.2,2000,"sd","09:25:19",987800
19.4,0.2,2000,"sd","09:25:10",985800
19.45,0.25,2000,"bu","09:24:59",983800
19.45,0.25,100,"bu","09:24:58",981800
19.45,0.25,45300,"sd","09:24:49",981700
19.5,0.3,2200,"bu","09:24:49",936400
19.45,0.25,4400,"sd","09:24:48",934200
19.45,0.25,1000,"sd","09:24:44",929800
19.45,0.25,6900,"bu","09:24:38",928800
19.45,0.25,16000,"bu","09:24:36",921900
19.45,0.25,2000,"bu","09:24:35",905900
19.45,0.25,17000,"bu","09:24:34",903900
19.45,0.25,1200,"bu","09:24:33",886900
19.45,0.25,20200,"bu","09:24:32",885700
19.45,0.25,10000,"bu","09:24:29",865500
19.45,0.25,8000,"bu","09:24:27",855500
19.45,0.25,7000,"bu","09:24:26",847500
19.4,0.2,1000,"sd","09:24:25",840500
19.45,0.25,2000,"bu","09:24:23",839500
19.45,0.25,10000,"bu","09:24:22",837500
19.45,0.25,500,"bu","09:24:19",827500
19.45,0.25,4000,"bu","09:24:18",827000
19.45,0.25,2000,"bu","09:24:16",823000
19.4,0.2,6900,"sd","09:24:16",821000
19.45,0.25,10000,"bu","09:24:13",814100
19.45,0.25,30000,"bu","09:24:12",804100
19.45,0.25,800,"bu","09:24:05",774100
19.4,0.2,500,"sd","09:23:52",773300
19.4,0.2,35000,"bu","09:23:50",772800
19.4,0.2,5000,"bu","09:23:49",737800
19.4,0.2,100000,"bu","09:23:46",732800
19.4,0.2,10000,"bu","09:23:37",632800
19.4,0.2,18000,"bu","09:23:31",622800
19.35,0.15,30000,"sd","09:23:30",604800
19.4,0.2,2000,"bu","09:23:30",574800
19.4,0.2,1000,"bu","09:23:16",572800
19.4,0.2,700,"bu","09:23:14",571800
19.4,0.2,500,"bu","09:23:07",571100
19.4,0.2,200,"bu","09:23:06",570600
19.4,0.2,1000,"bu","09:22:54",570400
19.35,0.15,500,"sd","09:22:51",569400
19.4,0.2,1000,"bu","09:22:47",568700
19.4,0.2,10000,"bu","09:22:45",567700
19.4,0.2,100,"bu","09:22:44",557700
19.4,0.2,100000,"bu","09:22:40",557600
19.35,0.15,2000,"sd","09:22:33",457600
19.35,0.15,2000,"sd","09:22:22",455600
19.35,0.15,135700,"bu","09:22:16",453600
19.3,0.1,5000,"sd","09:21:55",317900
19.3,0.1,2000,"sd","09:21:48",312900
19.35,0.15,3000,"bu","09:21:35",310900
19.3,0.1,100,"sd","09:21:20",307900
19.3,0.1,2000,"sd","09:21:16",307800
19.3,0.1,2000,"sd","09:21:05",305800
19.35,0.15,300,"bu","09:20:33",303800
19.3,0.1,1000,"sd","09:20:18",303500
19.3,0.1,500,"bu","09:19:51",302500
19.3,0.1,1000,"bu","09:19:49",302000
19.25,0.05,3400,"sd","09:19:30",301000
19.25,0.05,3400,"sd","09:19:11",297600
19.25,0.05,400,"sd","09:19:02",294200
19.3,0.1,2100,"sd","09:19:02",293800
19.3,0.1,17900,"bu","09:19:01",291700
19.25,0.05,6900,"sd","09:18:58",273800
19.3,0.1,5000,"bu","09:18:54",266900
19.3,0.1,100,"bu","09:18:50",261900
19.3,0.1,31400,"sd","09:18:49",261800
19.3,0.1,100,"sd","09:18:48",230400
19.3,0.1,10000,"sd","09:18:30",230300
19.3,0.1,1000,"sd","09:18:25",220300
19.3,0.1,2000,"sd","09:18:19",219300
19.3,0.1,3000,"sd","09:18:18",217300
19.25,0.05,1800,"sd","09:18:08",214300
19.3,0.1,200,"sd","09:18:08",212500
19.3,0.1,2800,"bu","09:18:05",212300
19.3,0.1,3000,"bu","09:18:02",209500
19.25,0.05,2000,"sd","09:17:58",206500
19.3,0.1,5200,"sd","09:17:51",204500
19.3,0.1,4800,"bu","09:17:50",199300
19.3,0.1,3000,"bu","09:17:41",194500
19.3,0.1,30000,"bu","09:17:37",191500
19.25,0.05,30000,"sd","09:17:35",161500
19.3,0.1,900,"bu","09:17:32",131500
19.3,0.1,100,"bu","09:17:28",130600
19.3,0.1,900,"bu","09:17:18",130500
19.25,0.05,2000,"sd","09:17:07",129600
19.3,0.1,800,"bu","09:16:56",127600
19.25,0.05,2000,"sd","09:16:53",126800
19.3,0.1,400,"bu","09:16:53",124800
19.3,0.1,2000,"bu","09:16:39",124400
19.3,0.1,12700,"sd","09:16:30",122400
19.3,0.1,5000,"sd","09:16:28",109700
19.3,0.1,1000,"sd","09:16:27",104700
19.3,0.1,1000,"sd","09:16:24",103700
19.3,0.1,2000,"sd","09:16:18",102700
19.3,0.1,1300,"bu","09:16:00",100700
19.25,0.05,6900,"sd","09:15:58",99400
19.25,0.05,2000,"sd","09:15:57",92500
19.3,0.1,40000,"bu","09:15:53",90500
19.25,0.05,20000,"sd","09:15:05",50500
19.3,0.1,30500,"","09:15:03",30500
