"price","change","match_qtty","side","time","total_vol"
19.15,0.35,33700,"","14:45:07",957000
19.2,0.4,200,"bu","14:29:09",923300
19.2,0.4,9900,"bu","14:28:45",923100
19.15,0.35,100,"bu","14:28:45",913200
19.15,0.35,2000,"bu","14:28:24",913100
19.1,0.3,2900,"bu","14:28:02",911100
19.1,0.3,1300,"bu","14:27:42",908200
19.1,0.3,1000,"bu","14:27:14",906900
19.05,0.25,2000,"bu","14:26:44",905900
19.05,0.25,600,"bu","14:26:43",903900
19,0.2,500,"sd","14:25:25",903300
19,0.2,100,"sd","14:25:17",902800
19,0.2,100,"sd","14:24:54",902700
19,0.2,200,"sd","14:23:26",902600
19,0.2,2000,"sd","14:23:00",902400
19.05,0.25,3000,"bu","14:22:40",900400
19.05,0.25,900,"bu","14:22:36",897400
19.05,0.25,2500,"bu","14:22:29",896500
19.05,0.25,100,"bu","14:22:23",894000
19,0.2,200,"bu","14:21:48",893900
19,0.2,100,"bu","14:21:46",893700
19,0.2,12000,"bu","14:20:49",893600
18.9,0.1,3400,"bu","14:20:01",881600
18.85,0.05,400,"bu","14:19:27",878200
18.9,0.1,2400,"sd","14:15:42",877800
18.9,0.1,1700,"sd","14:15:33",875400
18.9,0.1,3000,"bu","14:14:59",873700
18.9,0.1,5400,"bu","14:11:28",870700
18.8,0,1000,"sd","14:11:08",865300
18.8,0,1000,"sd","14:09:40",864300
18.9,0.1,1600,"bu","14:08:04",863300
18.8,0,2000,"bu","14:07:28",861700
18.8,0,500,"sd","14:06:48",859700
18.8,0,400,"sd","14:05:22",859200
18.8,0,8800,"sd","14:03:49",858800
18.8,0,800,"bu","14:02:44",850000
18.75,-0.05,400,"sd","14:02:37",849200
18.8,0,200,"bu","14:02:37",848800
18.8,0,1000,"bu","14:02:28",848600
18.8,0,100,"bu","14:01:04",847600
18.8,0,600,"bu","14:00:49",847500
18.8,0,1300,"sd","14:00:45",846900
18.8,0,400,"bu","13:58:54",845600
18.8,0,2600,"sd","13:58:24",845200
18.8,0,2200,"bu","13:57:44",842600
18.8,0,200,"bu","13:57:43",840400
18.8,0,4500,"bu","13:57:40",840200
18.8,0,12500,"sd","13:57:12",835700
18.8,0,2700,"bu","13:56:54",823200
18.8,0,3300,"sd","13:56:49",820500
18.8,0,1700,"bu","13:56:32",817200
18.8,0,200,"bu","13:55:51",815500
18.8,0,3100,"sd","13:55:11",815300
18.8,0,1300,"bu","13:54:59",812200
18.8,0,3700,"sd","13:53:56",810900
18.8,0,100,"bu","13:51:55",807200
18.8,0,6900,"sd","13:51:44",807100
18.8,0,9000,"sd","13:51:11",800200
18.8,0,3000,"sd","13:50:54",791200
18.8,0,10000,"sd","13:50:49",788200
18.85,0.05,500,"bu","13:50:31",778200
18.85,0.05,100,"bu","13:50:18",777700
18.85,0.05,33800,"sd","13:49:52",777600
18.9,0.1,6600,"sd","13:49:52",743800
18.9,0.1,2500,"sd","13:47:52",737200
18.95,0.15,7500,"sd","13:47:52",734700
18.95,0.15,3200,"bu","13:46:45",727200
18.9,0.1,500,"sd","13:45:09",724000
18.9,0.1,400,"sd","13:45:04",723500
18.9,0.1,200,"bu","13:45:00",723100
18.9,0.1,100,"bu","13:44:56",722900
18.9,0.1,600,"sd","13:44:55",722800
18.9,0.1,2800,"bu","13:44:38",722200
18.9,0.1,100,"sd","13:43:53",719400
18.9,0.1,400,"bu","13:43:53",719300
18.9,0.1,3000,"bu","13:43:11",718900
18.9,0.1,200,"bu","13:42:47",715900
18.85,0.05,100,"sd","13:41:19",715700
18.85,0.05,1100,"bu","13:40:09",715600
18.8,0,1000,"sd","13:39:46",714500
18.85,0.05,100,"bu","13:39:22",713500
18.85,0.05,1300,"sd","13:35:22",713400
18.85,0.05,1200,"bu","13:34:59",712100
18.85,0.05,100,"bu","13:33:15",710900
18.85,0.05,500,"bu","13:31:16",710800
18.75,-0.05,300,"sd","13:31:01",710300
18.8,0,100,"sd","13:31:01",710000
18.75,-0.05,100,"sd","13:30:34",709900
18.75,-0.05,3100,"sd","13:30:24",709800
18.8,0,900,"sd","13:30:24",706700
18.8,0,200,"sd","13:30:04",705800
18.8,0,100,"sd","13:29:52",705600
18.8,0,200,"sd","13:29:34",705500
18.8,0,500,"sd","13:29:30",705300
18.8,0,200,"sd","13:29:02",704800
18.8,0,200,"sd","13:28:27",704600
18.85,0.05,700,"sd","13:27:22",704400
18.85,0.05,500,"bu","13:27:05",703700
18.85,0.05,1000,"bu","13:24:33",703200
18.75,-0.05,1500,"sd","13:21:48",702200
18.8,0,200,"bu","13:20:08",700700
18.8,0,7600,"sd","13:18:18",700500
18.8,0,7600,"bu","13:12:57",692900
18.75,-0.05,3000,"sd","13:11:59",685300
18.75,-0.05,300,"bu","13:11:44",682300
18.75,-0.05,5000,"sd","13:11:25",682000
18.7,-0.1,2500,"sd","13:10:31",677000
18.75,-0.05,4500,"sd","13:10:31",674500
18.75,-0.05,500,"sd","13:10:27",670000
18.7,-0.1,400,"bu","13:09:00",669500
18.7,-0.1,100,"bu","13:07:08",669100
18.7,-0.1,200,"bu","13:06:01",669000
18.7,-0.1,1000,"bu","13:05:56",668800
18.7,-0.1,300,"bu","13:05:24",667800
18.65,-0.15,2000,"sd","13:04:10",667500
18.65,-0.15,5300,"sd","13:02:30",665500
18.7,-0.1,2600,"sd","13:02:30",660200
18.7,-0.1,100,"sd","13:02:18",657600
18.7,-0.1,100,"sd","13:02:07",657500
18.7,-0.1,100,"sd","13:01:37",657400
18.7,-0.1,500,"sd","13:01:23",657300
18.8,0,100,"bu","13:00:23",656800
18.8,0,1200,"sd","13:00:09",656700
18.8,0,200,"sd","13:00:01",655500
18.8,0,1000,"bu","11:29:11",655300
18.7,-0.1,200,"sd","11:28:47",654300
18.8,0,1000,"sd","11:25:01",654100
18.8,0,600,"bu","11:23:20",653100
18.8,0,400,"bu","11:22:39",652500
18.8,0,100,"bu","11:21:52",652100
18.8,0,500,"bu","11:18:02",652000
18.8,0,100,"bu","11:17:36",651500
18.8,0,2000,"bu","11:15:40",651400
18.8,0,2000,"bu","11:15:08",649400
18.8,0,100,"bu","11:14:18",647400
18.75,-0.05,3000,"bu","11:12:13",647300
18.65,-0.15,7500,"sd","11:11:58",644300
18.65,-0.15,400,"sd","11:11:39",636800
18.65,-0.15,5000,"sd","11:11:38",636400
18.7,-0.1,2100,"sd","11:10:45",631400
18.7,-0.1,500,"sd","11:10:30",629300
18.7,-0.1,1000,"sd","11:10:20",628800
18.7,-0.1,100,"sd","11:09:25",627800
18.7,-0.1,200,"sd","11:06:29",627700
18.8,0,1500,"bu","11:03:45",627500
18.7,-0.1,5000,"sd","10:59:59",626000
18.7,-0.1,29700,"sd","10:59:35",621000
18.75,-0.05,31900,"sd","10:59:35",591300
18.8,0,300,"bu","10:59:34",559400
18.8,0,200,"bu","10:59:28",559100
18.8,0,24600,"sd","10:57:55",558900
18.9,0.1,7000,"sd","10:52:36",534300
18.9,0.1,1400,"bu","10:50:37",527300
18.9,0.1,200,"bu","10:49:49",525900
18.9,0.1,2000,"bu","10:49:43",525700
18.9,0.1,2400,"sd","10:48:55",523700
18.9,0.1,600,"bu","10:48:10",521300
18.9,0.1,3000,"bu","10:47:51",520700
18.9,0.1,100,"bu","10:46:25",517700
18.8,0,1600,"bu","10:42:37",517600
18.8,0,100,"bu","10:42:12",516000
18.8,0,1000,"sd","10:41:44",515900
18.9,0.1,1500,"bu","10:40:23",514900
18.8,0,200,"sd","10:40:10",513400
18.8,0,1000,"sd","10:40:00",513200
18.9,0.1,1400,"sd","10:39:00",512200
19,0.2,2300,"sd","10:38:54",510800
19.05,0.25,100,"bu","10:38:21",508500
19.1,0.3,2800,"sd","10:37:41",508400
19.15,0.35,200,"bu","10:34:44",505600
19.15,0.35,2100,"sd","10:34:42",505400
19.15,0.35,100,"sd","10:34:25",503300
19.2,0.4,200,"bu","10:32:38",503200
19.1,0.3,100,"bu","10:31:28",503000
19.1,0.3,2500,"bu","10:31:20",502900
19.1,0.3,1100,"bu","10:31:17",500400
19.1,0.3,10000,"bu","10:31:14",499300
19.1,0.3,5000,"bu","10:31:10",489300
19.1,0.3,1500,"bu","10:31:01",484300
19,0.2,10300,"bu","10:30:51",482800
19,0.2,300,"bu","10:30:28",472500
19,0.2,5000,"bu","10:29:45",472200
19,0.2,100,"bu","10:29:36",467200
19,0.2,2400,"bu","10:29:35",467100
19,0.2,100,"bu","10:29:13",464700
19,0.2,2500,"bu","10:29:00",464600
19,0.2,2500,"bu","10:29:00",462100
19,0.2,10100,"bu","10:28:57",459600
19,0.2,5000,"bu","10:28:55",449500
19,0.2,2400,"bu","10:28:53",444500
19,0.2,14000,"bu","10:28:50",442100
19,0.2,4500,"bu","10:28:43",428100
19,0.2,8800,"bu","10:28:40",423600
19,0.2,5000,"bu","10:28:35",414800
19,0.2,3700,"bu","10:28:33",409800
19,0.2,1300,"bu","10:28:23",406100
19,0.2,6500,"bu","10:28:14",404800
19,0.2,4500,"bu","10:28:04",398300
19,0.2,100,"bu","10:28:02",393800
19,0.2,8000,"bu","10:27:55",393700
18.9,0.1,100,"sd","10:27:39",385700
19,0.2,5000,"bu","10:27:39",385600
19,0.2,3500,"bu","10:27:29",380600
19,0.2,15500,"bu","10:27:18",377100
18.9,0.1,3300,"bu","10:26:45",361600
18.9,0.1,2500,"bu","10:26:33",358300
18.9,0.1,5200,"bu","10:26:22",355800
18.9,0.1,1000,"bu","10:25:58",350600
18.9,0.1,100,"bu","10:25:18",349600
18.85,0.05,3900,"bu","10:25:06",349500
18.85,0.05,5000,"bu","10:24:52",345600
18.85,0.05,3000,"bu","10:24:40",340600
18.85,0.05,4000,"bu","10:24:30",337600
18.8,0,3100,"bu","10:24:09",333600
18.8,0,1300,"bu","10:23:44",330500
18.8,0,10000,"bu","10:23:29",329200
18.8,0,1500,"bu","10:23:02",319200
18.8,0,5000,"bu","10:22:51",317700
18.8,0,3000,"bu","10:22:37",312700
18.8,0,5200,"bu","10:22:24",309700
18.75,-0.05,100,"sd","10:21:12",304500
18.75,-0.05,100,"sd","10:19:58",304400
18.75,-0.05,700,"sd","10:19:45",304300
18.8,0,100,"sd","10:19:45",303600
18.8,0,100,"sd","10:19:44",303500
18.8,0,500,"sd","10:19:18",303400
18.8,0,1300,"bu","10:17:59",302900
18.8,0,5000,"bu","10:17:58",301600
18.8,0,5000,"bu","10:17:54",296600
18.8,0,5300,"bu","10:17:46",291600
18.8,0,100,"bu","10:17:38",286300
18.8,0,2400,"bu","10:17:32",286200
18.8,0,400,"bu","10:17:26",283800
18.8,0,4000,"bu","10:17:24",283400
18.8,0,100,"bu","10:17:13",279400
18.8,0,3000,"bu","10:17:12",279300
18.8,0,1200,"bu","10:17:05",276300
18.8,0,7000,"bu","10:17:00",275100
18.8,0,4500,"bu","10:16:49",268100
18.8,0,500,"bu","10:16:44",263600
18.8,0,100,"bu","10:16:42",263100
18.8,0,2000,"bu","10:16:38",263000
18.8,0,1500,"bu","10:16:33",261000
18.8,0,7400,"bu","10:16:25",259500
18.8,0,2500,"bu","10:16:11",252100
18.8,0,5000,"bu","10:15:59",249600
18.8,0,12500,"bu","10:15:48",244600
18.8,0,5000,"bu","10:15:43",232100
18.8,0,5500,"bu","10:15:34",227100
18.8,0,6500,"bu","10:15:23",221600
18.8,0,10000,"bu","10:15:14",215100
18.8,0,2500,"bu","10:15:05",205100
18.8,0,4000,"bu","10:14:43",202600
18.75,-0.05,7700,"bu","10:14:12",198600
18.75,-0.05,1300,"bu","10:12:35",190900
18.7,-0.1,1500,"bu","10:12:35",189600
18.6,-0.2,2200,"bu","10:12:35",188100
18.6,-0.2,100,"bu","10:11:26",185900
18.55,-0.25,100,"sd","10:11:08",185800
18.55,-0.25,400,"bu","10:09:13",185700
18.55,-0.25,100,"bu","10:08:49",185300
18.5,-0.3,600,"sd","10:07:24",185200
18.5,-0.3,600,"sd","10:06:49",184600
18.5,-0.3,500,"sd","10:06:03",184000
18.5,-0.3,1600,"sd","10:05:42",183500
18.5,-0.3,1700,"sd","10:05:26",181900
18.5,-0.3,20000,"sd","10:05:17",180200
18.55,-0.25,2000,"bu","10:04:51",160200
18.55,-0.25,200,"bu","10:04:24",158200
18.55,-0.25,100,"sd","10:03:49",158000
18.6,-0.2,200,"bu","10:03:44",157900
18.55,-0.25,100,"sd","10:03:43",157700
18.6,-0.2,4100,"sd","10:01:38",157600
18.6,-0.2,15200,"sd","10:01:36",153500
18.65,-0.15,200,"bu","10:01:31",138300
18.6,-0.2,7000,"sd","10:01:29",138100
18.65,-0.15,100,"sd","10:01:06",131100
18.65,-0.15,400,"sd","10:00:59",131000
18.65,-0.15,100,"sd","10:00:33",130600
18.65,-0.15,2700,"sd","10:00:33",130500
18.7,-0.1,400,"sd","10:00:33",127800
18.75,-0.05,100,"bu","09:59:40",127400
18.75,-0.05,500,"bu","09:59:12",127300
18.65,-0.15,600,"bu","09:57:56",126800
18.65,-0.15,4000,"bu","09:57:06",126200
18.65,-0.15,500,"bu","09:56:49",122200
18.5,-0.3,3300,"bu","09:54:27",121700
18.4,-0.4,100,"sd","09:54:20",118400
18.4,-0.4,100,"sd","09:53:43",118300
18.45,-0.35,100,"sd","09:53:43",118200
18.4,-0.4,200,"bu","09:53:03",118100
18.4,-0.4,800,"bu","09:52:43",117900
18.4,-0.4,2600,"sd","09:52:17",117100
18.4,-0.4,2000,"sd","09:52:15",114500
18.4,-0.4,1000,"sd","09:52:06",112500
18.4,-0.4,7900,"sd","09:51:48",111500
18.45,-0.35,200,"sd","09:51:48",103600
18.5,-0.3,300,"bu","09:51:21",103400
18.5,-0.3,900,"sd","09:51:01",103100
18.5,-0.3,2000,"sd","09:50:42",102200
18.55,-0.25,1300,"sd","09:50:29",100200
18.6,-0.2,2000,"sd","09:50:23",98900
18.6,-0.2,100,"sd","09:50:22",96900
18.65,-0.15,300,"sd","09:50:17",96800
18.7,-0.1,100,"bu","09:50:08",96500
18.7,-0.1,700,"sd","09:50:01",96400
18.7,-0.1,5000,"sd","09:49:56",95700
18.75,-0.05,4600,"sd","09:48:47",90700
18.8,0,700,"bu","09:47:37",86100
18.75,-0.05,1500,"sd","09:47:11",85400
18.8,0,900,"bu","09:43:00",83900
18.75,-0.05,900,"bu","09:41:26",83000
18.75,-0.05,11100,"sd","09:40:31",82100
18.75,-0.05,5000,"sd","09:39:50",71000
18.75,-0.05,500,"bu","09:37:36",66000
18.75,-0.05,100,"bu","09:32:46",65500
18.75,-0.05,400,"bu","09:32:25",65400
18.7,-0.1,300,"sd","09:31:09",65000
18.8,0,200,"bu","09:31:02",64700
18.8,0,2600,"bu","09:30:47",64500
18.8,0,100,"bu","09:29:30",61900
18.75,-0.05,300,"bu","09:29:21",61800
18.75,-0.05,300,"bu","09:29:15",61500
18.75,-0.05,1000,"bu","09:28:47",61200
18.75,-0.05,1400,"sd","09:28:40",60200
18.8,0,100,"bu","09:28:18",58800
18.8,0,11700,"sd","09:28:12",58700
18.8,0,700,"bu","09:27:50",47000
18.8,0,300,"bu","09:27:40",46300
18.75,-0.05,300,"sd","09:26:50",46000
18.75,-0.05,500,"sd","09:25:51",45700
18.75,-0.05,500,"bu","09:25:16",45200
18.7,-0.1,100,"bu","09:24:56",44700
18.75,-0.05,100,"bu","09:24:11",44600
18.75,-0.05,300,"bu","09:23:52",44500
18.6,-0.2,100,"sd","09:23:41",44200
18.6,-0.2,800,"sd","09:22:46",44100
18.65,-0.15,200,"sd","09:22:46",43300
18.75,-0.05,1100,"sd","09:22:05",43100
18.8,0,700,"sd","09:21:44",42000
18.85,0.05,2200,"sd","09:21:14",41300
18.8,0,1000,"bu","09:15:53",39100
18.8,0,7400,"sd","09:15:51",38100
18.9,0.1,1000,"sd","09:15:51",30700
19,0.2,5600,"sd","09:15:51",29700
19.3,0.5,100,"sd","09:15:31",24100
19,0.2,1900,"sd","09:15:04",24000
19.4,0.6,22100,"","09:15:03",22100
