"Stockcode","Package","TradingDate","Price","Vol","TotalVol","TotalVal","Change","IsBuy","PerChange"
"C47",144438,"/Date(1702626300000)/",6700,2500,151800,1018000000,-100,false,-1.47
"C47",142903,"/Date(1702625366000)/",6720,200,149300,1001000000,-80,true,-1.18
"C47",142601,"/Date(1702625182000)/",6750,600,149100,1000000000,-50,true,-0.74
"C47",142539,"/Date(1702625159000)/",6750,300,148500,996000000,-50,true,-0.74
"C47",142243,"/Date(1702624985000)/",6750,100,148200,994000000,-50,false,-0.74
"C47",142155,"/Date(1702624935000)/",6750,100,148100,993000000,-50,false,-0.74
"C47",142136,"/Date(1702624918000)/",6760,100,148000,992000000,-40,false,-0.59
"C47",141010,"/Date(1702624232000)/",6760,1800,147900,992000000,-40,true,-0.59
"C47",140844,"/Date(1702624144000)/",6760,500,146100,980000000,-40,true,-0.59
"C47",140837,"/Date(1702624139000)/",6760,7700,145600,976000000,-40,false,-0.59
"C47",140825,"/Date(1702624126000)/",6760,200,137900,924000000,-40,false,-0.59
"C47",140825,"/Date(1702624124000)/",6760,2100,137700,923000000,-40,false,-0.59
"C47",140825,"/Date(1702624124000)/",6760,900,135600,909000000,-40,false,-0.59
"C47",135950,"/Date(1702623609000)/",6660,400,134700,903000000,-140,false,-2.06
"C47",135934,"/Date(1702623593000)/",6660,100,134300,900000000,-140,false,-2.06
"C47",135925,"/Date(1702623585000)/",6660,300,134200,899000000,-140,false,-2.06
"C47",135912,"/Date(1702623574000)/",6660,1600,133900,897000000,-140,true,-2.06
"C47",135912,"/Date(1702623573000)/",6660,2200,132300,887000000,-140,true,-2.06
"C47",135843,"/Date(1702623544000)/",6680,100,130100,872000000,-120,true,-1.76
"C47",135843,"/Date(1702623544000)/",6680,100,130000,871000000,-120,true,-1.76
"C47",135843,"/Date(1702623544000)/",6680,200,129900,871000000,-120,true,-1.76
"C47",135843,"/Date(1702623544000)/",6680,500,129700,869000000,-120,true,-1.76
"C47",135843,"/Date(1702623544000)/",6680,1000,129200,866000000,-120,true,-1.76
"C47",135843,"/Date(1702623544000)/",6680,100,128200,859000000,-120,true,-1.76
"C47",135837,"/Date(1702623535000)/",6690,200,128100,859000000,-110,false,-1.62
"C47",135821,"/Date(1702623520000)/",6690,1300,127900,857000000,-110,false,-1.62
"C47",135821,"/Date(1702623520000)/",6690,200,126600,848000000,-110,false,-1.62
"C47",135821,"/Date(1702623520000)/",6690,600,126400,847000000,-110,false,-1.62
"C47",135701,"/Date(1702623441000)/",6700,800,125800,843000000,-100,false,-1.47
"C47",135554,"/Date(1702623374000)/",6700,300,125000,838000000,-100,false,-1.47
"C47",134903,"/Date(1702622962000)/",6680,100,124700,836000000,-120,true,-1.76
"C47",134903,"/Date(1702622962000)/",6690,1000,124600,835000000,-110,true,-1.62
"C47",134903,"/Date(1702622962000)/",6690,500,123600,828000000,-110,true,-1.62
"C47",134903,"/Date(1702622962000)/",6690,1400,123100,825000000,-110,true,-1.62
"C47",134856,"/Date(1702622956000)/",6700,100,121700,816000000,-100,false,-1.47
"C47",134837,"/Date(1702622937000)/",6700,200,121600,815000000,-100,false,-1.47
"C47",134834,"/Date(1702622934000)/",6700,800,121400,814000000,-100,false,-1.47
"C47",134740,"/Date(1702622880000)/",6700,4000,120600,808000000,-100,false,-1.47
"C47",134711,"/Date(1702622852000)/",6700,500,116600,782000000,-100,false,-1.47
"C47",134652,"/Date(1702622832000)/",6700,2800,116100,778000000,-100,false,-1.47
"C47",134601,"/Date(1702622780000)/",6700,10000,113300,759000000,-100,false,-1.47
"C47",134539,"/Date(1702622757000)/",6690,2700,103300,692000000,-110,true,-1.62
"C47",134451,"/Date(1702622709000)/",6700,2800,100600,674000000,-100,false,-1.47
"C47",134451,"/Date(1702622709000)/",6700,1000,97800,656000000,-100,false,-1.47
"C47",134451,"/Date(1702622709000)/",6700,500,96800,649000000,-100,false,-1.47
"C47",134451,"/Date(1702622709000)/",6710,500,96300,646000000,-90,true,-1.32
"C47",134451,"/Date(1702622709000)/",6720,3600,95800,642000000,-80,true,-1.18
"C47",134451,"/Date(1702622709000)/",6730,3400,92200,618000000,-70,true,-1.03
"C47",134435,"/Date(1702622693000)/",6730,1000,88800,595000000,-70,true,-1.03
"C47",134416,"/Date(1702622676000)/",6730,600,87800,588000000,-70,true,-1.03
"C47",134416,"/Date(1702622676000)/",6730,100,87200,584000000,-70,true,-1.03
"C47",134416,"/Date(1702622676000)/",6730,200,87100,584000000,-70,true,-1.03
"C47",134416,"/Date(1702622676000)/",6740,100,86900,582000000,-60,true,-0.88
"C47",134133,"/Date(1702622512000)/",6770,100,86800,582000000,-30,false,-0.44
"C47",133825,"/Date(1702622324000)/",6770,200,86700,581000000,-30,false,-0.44
"C47",133309,"/Date(1702622009000)/",6770,100,86500,580000000,-30,true,-0.44
"C47",133253,"/Date(1702621993000)/",6770,500,86400,579000000,-30,true,-0.44
"C47",133237,"/Date(1702621977000)/",6770,1400,85900,576000000,-30,true,-0.44
"C47",132929,"/Date(1702621787000)/",6770,500,84500,566000000,-30,false,-0.44
"C47",132646,"/Date(1702621623000)/",6770,200,84000,563000000,-30,false,-0.44
"C47",132448,"/Date(1702621505000)/",6720,1000,83800,561000000,-80,true,-1.18
"C47",132448,"/Date(1702621505000)/",6720,100,82800,555000000,-80,true,-1.18
"C47",132448,"/Date(1702621505000)/",6720,100,82700,554000000,-80,true,-1.18
"C47",132227,"/Date(1702621365000)/",6720,200,82600,553000000,-80,true,-1.18
"C47",131549,"/Date(1702620968000)/",6720,100,82400,552000000,-80,false,-1.18
"C47",131524,"/Date(1702620940000)/",6720,100,82300,551000000,-80,true,-1.18
"C47",130801,"/Date(1702620497000)/",6690,900,82200,551000000,-110,false,-1.62
"C47",130726,"/Date(1702620463000)/",6690,100,81300,545000000,-110,true,-1.62
"C47",130726,"/Date(1702620463000)/",6690,300,81200,544000000,-110,true,-1.62
"C47",130726,"/Date(1702620463000)/",6700,100,80900,542000000,-100,true,-1.47
"C47",130726,"/Date(1702620463000)/",6710,200,80800,541000000,-90,true,-1.32
"C47",130522,"/Date(1702620340000)/",6770,100,80600,540000000,-30,true,-0.44
"C47",130009,"/Date(1702620021000)/",6770,500,80500,539000000,-30,false,-0.44
"C47",130003,"/Date(1702620004000)/",6770,100,80000,536000000,-30,true,-0.44
"C47",130003,"/Date(1702620004000)/",6770,300,79900,535000000,-30,true,-0.44
"C47",130003,"/Date(1702620004000)/",6770,500,79600,533000000,-30,true,-0.44
"C47",112940,"/Date(1702614593000)/",6770,200,79100,530000000,-30,false,-0.44
"C47",112133,"/Date(1702614104000)/",6690,300,78900,528000000,-110,false,-1.62
"C47",112058,"/Date(1702614069000)/",6690,100,78600,526000000,-110,false,-1.62
"C47",112010,"/Date(1702614021000)/",6690,2500,78500,526000000,-110,false,-1.62
"C47",111928,"/Date(1702613980000)/",6690,3700,76000,509000000,-110,false,-1.62
"C47",111844,"/Date(1702613935000)/",6680,1000,72300,484000000,-120,true,-1.76
"C47",111718,"/Date(1702613850000)/",6680,800,71300,478000000,-120,true,-1.76
"C47",111718,"/Date(1702613850000)/",6680,500,70500,472000000,-120,true,-1.76
"C47",111718,"/Date(1702613850000)/",6680,1000,70000,469000000,-120,true,-1.76
"C47",111718,"/Date(1702613850000)/",6680,200,69000,462000000,-120,true,-1.76
"C47",111636,"/Date(1702613806000)/",6690,1000,68800,461000000,-110,true,-1.62
"C47",111633,"/Date(1702613806000)/",6690,1300,67800,454000000,-110,true,-1.62
"C47",111633,"/Date(1702613806000)/",6690,1000,66500,445000000,-110,true,-1.62
"C47",111633,"/Date(1702613806000)/",6690,100,65500,439000000,-110,true,-1.62
"C47",111225,"/Date(1702613555000)/",6700,500,65400,438000000,-100,false,-1.47
"C47",111040,"/Date(1702613449000)/",6700,200,64900,435000000,-100,true,-1.47
"C47",111040,"/Date(1702613449000)/",6700,1000,64700,433000000,-100,true,-1.47
"C47",111040,"/Date(1702613449000)/",6700,800,63700,427000000,-100,true,-1.47
"C47",111030,"/Date(1702613440000)/",6700,1200,62900,421000000,-100,true,-1.47
"C47",111030,"/Date(1702613440000)/",6700,1800,61700,413000000,-100,true,-1.47
"C47",110904,"/Date(1702613355000)/",6700,200,59900,401000000,-100,true,-1.47
"C47",110904,"/Date(1702613355000)/",6700,300,59700,400000000,-100,true,-1.47
"C47",110904,"/Date(1702613354000)/",6700,700,59400,398000000,-100,true,-1.47
"C47",110904,"/Date(1702613354000)/",6700,200,58700,393000000,-100,true,-1.47
"C47",110904,"/Date(1702613354000)/",6710,100,58500,392000000,-90,true,-1.32
"C47",110343,"/Date(1702613033000)/",6700,300,58400,391000000,-100,true,-1.47
"C47",104029,"/Date(1702611637000)/",6700,500,58100,389000000,-100,false,-1.47
"C47",104029,"/Date(1702611637000)/",6700,200,57600,386000000,-100,false,-1.47
"C47",104029,"/Date(1702611637000)/",6710,300,57400,384000000,-90,false,-1.32
"C47",101710,"/Date(1702610238000)/",6800,400,57100,382000000,0,false,0
"C47",101638,"/Date(1702610206000)/",6700,300,56700,380000000,-100,true,-1.47
"C47",101638,"/Date(1702610206000)/",6710,100,56400,378000000,-90,true,-1.32
"C47",101638,"/Date(1702610206000)/",6710,100,56300,377000000,-90,true,-1.32
"C47",101337,"/Date(1702610024000)/",6710,600,56200,376000000,-90,false,-1.32
"C47",101315,"/Date(1702610002000)/",6700,500,55600,372000000,-100,true,-1.47
"C47",101259,"/Date(1702609987000)/",6710,100,55100,369000000,-90,false,-1.32
"C47",101250,"/Date(1702609975000)/",6710,200,55000,368000000,-90,true,-1.32
"C47",101202,"/Date(1702609928000)/",6710,800,54800,367000000,-90,true,-1.32
"C47",101202,"/Date(1702609928000)/",6760,200,54000,362000000,-40,true,-0.59
"C47",95835,"/Date(1702609122000)/",6800,200,53800,360000000,0,false,0
"C47",95301,"/Date(1702608788000)/",6800,100,53600,359000000,0,false,0
"C47",95252,"/Date(1702608777000)/",6800,10000,53500,358000000,0,false,0
"C47",95151,"/Date(1702608717000)/",6700,100,43500,290000000,-100,false,-1.47
"C47",95142,"/Date(1702608707000)/",6700,100,43400,290000000,-100,false,-1.47
"C47",95132,"/Date(1702608700000)/",6700,800,43300,289000000,-100,true,-1.47
"C47",95132,"/Date(1702608700000)/",6700,1000,42500,284000000,-100,true,-1.47
"C47",95132,"/Date(1702608700000)/",6700,1000,41500,277000000,-100,true,-1.47
"C47",95132,"/Date(1702608700000)/",6700,200,40500,270000000,-100,true,-1.47
"C47",95132,"/Date(1702608700000)/",6700,500,40300,269000000,-100,true,-1.47
"C47",95132,"/Date(1702608700000)/",6710,300,39800,265000000,-90,true,-1.32
"C47",95032,"/Date(1702608639000)/",6710,200,39500,263000000,-90,true,-1.32
"C47",95022,"/Date(1702608629000)/",6710,300,39300,262000000,-90,false,-1.32
"C47",94634,"/Date(1702608400000)/",6710,200,39000,260000000,-90,false,-1.32
"C47",94518,"/Date(1702608324000)/",6710,100,38800,259000000,-90,false,-1.32
"C47",94518,"/Date(1702608322000)/",6700,100,38700,258000000,-100,true,-1.47
"C47",94518,"/Date(1702608322000)/",6700,300,38600,257000000,-100,true,-1.47
"C47",94518,"/Date(1702608322000)/",6700,200,38300,255000000,-100,true,-1.47
"C47",94518,"/Date(1702608322000)/",6700,400,38100,254000000,-100,true,-1.47
"C47",94518,"/Date(1702608322000)/",6700,600,37700,251000000,-100,true,-1.47
"C47",94518,"/Date(1702608322000)/",6700,400,37100,247000000,-100,true,-1.47
"C47",94518,"/Date(1702608322000)/",6700,600,36700,245000000,-100,true,-1.47
"C47",94518,"/Date(1702608322000)/",6700,100,36100,241000000,-100,true,-1.47
"C47",94518,"/Date(1702608322000)/",6700,300,36000,240000000,-100,true,-1.47
"C47",94436,"/Date(1702608282000)/",6710,100,35700,238000000,-90,true,-1.32
"C47",94436,"/Date(1702608282000)/",6710,100,35600,237000000,-90,true,-1.32
"C47",93333,"/Date(1702607619000)/",6700,700,35500,237000000,-100,false,-1.47
"C47",93233,"/Date(1702607558000)/",6700,100,34800,232000000,-100,false,-1.47
"C47",93233,"/Date(1702607558000)/",6600,100,34700,231000000,-200,false,-2.94
"C47",93227,"/Date(1702607551000)/",6600,100,34600,231000000,-200,true,-2.94
"C47",93227,"/Date(1702607551000)/",6600,100,34500,230000000,-200,true,-2.94
"C47",93227,"/Date(1702607551000)/",6600,1800,34400,229000000,-200,true,-2.94
"C47",93227,"/Date(1702607551000)/",6600,7000,32600,217000000,-200,true,-2.94
"C47",93227,"/Date(1702607551000)/",6650,1000,25600,171000000,-150,true,-2.21
"C47",93227,"/Date(1702607551000)/",6650,5000,24600,165000000,-150,true,-2.21
"C47",93227,"/Date(1702607551000)/",6660,200,19600,131000000,-140,true,-2.06
"C47",93220,"/Date(1702607546000)/",6700,1000,19400,130000000,-100,false,-1.47
"C47",93133,"/Date(1702607497000)/",6700,100,18400,123000000,-100,false,-1.47
"C47",93133,"/Date(1702607497000)/",6700,300,18300,123000000,-100,false,-1.47
"C47",93133,"/Date(1702607497000)/",6700,100,18000,121000000,-100,false,-1.47
"C47",93133,"/Date(1702607497000)/",6700,1000,17900,120000000,-100,false,-1.47
"C47",93133,"/Date(1702607497000)/",6700,1500,16900,113000000,-100,false,-1.47
"C47",93133,"/Date(1702607497000)/",6700,500,15400,103000000,-100,false,-1.47
"C47",93133,"/Date(1702607497000)/",6710,1000,14900,100000000,-90,true,-1.32
"C47",93133,"/Date(1702607497000)/",6710,100,13900,93000000,-90,true,-1.32
"C47",93133,"/Date(1702607497000)/",6710,700,13800,92000000,-90,true,-1.32
"C47",93133,"/Date(1702607497000)/",6710,100,13100,88000000,-90,true,-1.32
"C47",93133,"/Date(1702607497000)/",6710,200,13000,87000000,-90,true,-1.32
"C47",93133,"/Date(1702607497000)/",6720,100,12800,86000000,-80,true,-1.18
"C47",93133,"/Date(1702607497000)/",6720,500,12700,85000000,-80,true,-1.18
"C47",93133,"/Date(1702607497000)/",6720,900,12200,82000000,-80,true,-1.18
"C47",93133,"/Date(1702607497000)/",6730,200,11300,76000000,-70,true,-1.03
"C47",93020,"/Date(1702607425000)/",6720,100,11100,74000000,-80,true,-1.18
"C47",93020,"/Date(1702607425000)/",6730,300,11000,74000000,-70,true,-1.03
"C47",92606,"/Date(1702607172000)/",6710,100,10700,72000000,-90,true,-1.32
"C47",92405,"/Date(1702607049000)/",6700,300,10600,71000000,-100,false,-1.47
"C47",92405,"/Date(1702607049000)/",6700,200,10300,69000000,-100,false,-1.47
"C47",92405,"/Date(1702607049000)/",6700,5000,10100,68000000,-100,false,-1.47
"C47",92405,"/Date(1702607049000)/",6750,500,5100,34000000,-50,false,-0.74
"C47",92405,"/Date(1702607049000)/",6750,100,4600,31000000,-50,false,-0.74
"C47",92405,"/Date(1702607049000)/",6750,1000,4500,30000000,-50,false,-0.74
"C47",92405,"/Date(1702607049000)/",6750,200,3500,23000000,-50,false,-0.74
"C47",92405,"/Date(1702607049000)/",6800,1500,3300,22000000,0,true,0
"C47",92405,"/Date(1702607049000)/",6800,200,1800,12000000,0,true,0
"C47",92405,"/Date(1702607049000)/",6800,200,1600,10000000,0,true,0
"C47",92405,"/Date(1702607049000)/",6800,500,1400,9000000,0,true,0
"C47",92405,"/Date(1702607049000)/",6800,500,900,6000000,0,true,0
"C47",92405,"/Date(1702607049000)/",6800,200,400,2000000,0,true,0
"C47",92405,"/Date(1702607049000)/",6850,100,200,1000000,50,true,0.74
"C47",92405,"/Date(1702607049000)/",6880,100,100,0,80,true,1.18
