"Stockcode","Package","TradingDate","Price","Vol","TotalVol","TotalVal","Change","IsBuy","PerChange"
"PVD",144441,"/Date(1702626300000)/",27000,1101800,2754200,74837000000,-200,false,-0.74
"PVD",142935,"/Date(1702625399000)/",27200,200,1652400,45089000000,0,true,0
"PVD",142932,"/Date(1702625395000)/",27300,300,1652200,45083000000,100,false,0.37
"PVD",142850,"/Date(1702625354000)/",27200,900,1651900,45075000000,0,true,0
"PVD",142850,"/Date(1702625354000)/",27250,100,1651000,45051000000,50,false,0.18
"PVD",142834,"/Date(1702625335000)/",27200,600,1650900,45048000000,0,true,0
"PVD",142834,"/Date(1702625335000)/",27250,200,1650300,45032000000,50,true,0.18
"PVD",142834,"/Date(1702625335000)/",27300,200,1650100,45026000000,100,false,0.37
"PVD",142815,"/Date(1702625317000)/",27200,400,1649900,45021000000,0,true,0
"PVD",142815,"/Date(1702625317000)/",27200,2000,1649500,45010000000,0,true,0
"PVD",142815,"/Date(1702625317000)/",27250,300,1647500,44955000000,50,false,0.18
"PVD",142815,"/Date(1702625317000)/",27250,3300,1647200,44947000000,50,false,0.18
"PVD",142806,"/Date(1702625306000)/",27250,700,1643900,44857000000,50,true,0.18
"PVD",142806,"/Date(1702625306000)/",27250,5000,1643200,44838000000,50,true,0.18
"PVD",142806,"/Date(1702625306000)/",27250,3000,1638200,44702000000,50,true,0.18
"PVD",142806,"/Date(1702625306000)/",27250,5000,1635200,44620000000,50,true,0.18
"PVD",142806,"/Date(1702625306000)/",27250,300,1630200,44484000000,50,true,0.18
"PVD",142806,"/Date(1702625306000)/",27300,100,1629900,44476000000,100,false,0.37
"PVD",142806,"/Date(1702625306000)/",27300,500,1629800,44473000000,100,false,0.37
"PVD",142806,"/Date(1702625306000)/",27300,100,1629300,44459000000,100,false,0.37
"PVD",142806,"/Date(1702625306000)/",27300,1000,1629200,44457000000,100,false,0.37
"PVD",142806,"/Date(1702625306000)/",27300,3000,1628200,44429000000,100,false,0.37
"PVD",142806,"/Date(1702625306000)/",27300,100,1625200,44347000000,100,false,0.37
"PVD",142806,"/Date(1702625306000)/",27300,100,1625100,44345000000,100,false,0.37
"PVD",142806,"/Date(1702625306000)/",27300,1100,1625000,44342000000,100,false,0.37
"PVD",142756,"/Date(1702625297000)/",27300,100,1623900,44312000000,100,true,0.37
"PVD",142737,"/Date(1702625278000)/",27300,100,1623800,44309000000,100,true,0.37
"PVD",142724,"/Date(1702625264000)/",27300,500,1623700,44306000000,100,false,0.37
"PVD",142724,"/Date(1702625264000)/",27300,200,1623200,44293000000,100,false,0.37
"PVD",142718,"/Date(1702625260000)/",27300,200,1623000,44287000000,100,false,0.37
"PVD",142705,"/Date(1702625247000)/",27300,200,1622800,44282000000,100,false,0.37
"PVD",142655,"/Date(1702625237000)/",27300,200,1622600,44276000000,100,false,0.37
"PVD",142655,"/Date(1702625237000)/",27300,100,1622400,44271000000,100,false,0.37
"PVD",142652,"/Date(1702625233000)/",27300,1000,1622300,44268000000,100,false,0.37
"PVD",142652,"/Date(1702625233000)/",27300,1000,1621300,44241000000,100,false,0.37
"PVD",142649,"/Date(1702625230000)/",27250,100,1620300,44214000000,50,true,0.18
"PVD",142649,"/Date(1702625230000)/",27250,100,1620200,44211000000,50,true,0.18
"PVD",142642,"/Date(1702625224000)/",27300,500,1620100,44208000000,100,false,0.37
"PVD",142633,"/Date(1702625214000)/",27300,10700,1619600,44195000000,100,true,0.37
"PVD",142633,"/Date(1702625214000)/",27300,1000,1608900,43902000000,100,true,0.37
"PVD",142633,"/Date(1702625214000)/",27300,100,1607900,43875000000,100,true,0.37
"PVD",142633,"/Date(1702625214000)/",27300,10000,1607800,43872000000,100,true,0.37
"PVD",142633,"/Date(1702625214000)/",27300,500,1597800,43599000000,100,true,0.37
"PVD",142633,"/Date(1702625214000)/",27300,3000,1597300,43586000000,100,true,0.37
"PVD",142633,"/Date(1702625214000)/",27300,1000,1594300,43504000000,100,true,0.37
"PVD",142633,"/Date(1702625214000)/",27300,100,1593300,43477000000,100,true,0.37
"PVD",142633,"/Date(1702625214000)/",27300,500,1593200,43474000000,100,true,0.37
"PVD",142633,"/Date(1702625214000)/",27350,2000,1592700,43460000000,150,true,0.55
"PVD",142633,"/Date(1702625214000)/",27350,500,1590700,43405000000,150,true,0.55
"PVD",142633,"/Date(1702625214000)/",27350,100,1590200,43392000000,150,true,0.55
"PVD",142633,"/Date(1702625214000)/",27350,1400,1590100,43389000000,150,true,0.55
"PVD",142633,"/Date(1702625214000)/",27350,5000,1588700,43351000000,150,true,0.55
"PVD",142633,"/Date(1702625214000)/",27350,100,1583700,43214000000,150,true,0.55
"PVD",142633,"/Date(1702625214000)/",27350,100,1583600,43211000000,150,true,0.55
"PVD",142633,"/Date(1702625214000)/",27350,500,1583500,43209000000,150,true,0.55
"PVD",142633,"/Date(1702625214000)/",27350,1000,1583000,43195000000,150,true,0.55
"PVD",142633,"/Date(1702625214000)/",27350,900,1582000,43168000000,150,true,0.55
"PVD",142633,"/Date(1702625214000)/",27400,300,1581100,43143000000,200,false,0.74
"PVD",142604,"/Date(1702625186000)/",27350,100,1580800,43135000000,150,true,0.55
"PVD",142604,"/Date(1702625186000)/",27350,2000,1580700,43132000000,150,true,0.55
"PVD",142604,"/Date(1702625186000)/",27350,2000,1578700,43077000000,150,true,0.55
"PVD",142604,"/Date(1702625186000)/",27350,500,1576700,43023000000,150,true,0.55
"PVD",142604,"/Date(1702625186000)/",27350,100,1576200,43009000000,150,true,0.55
"PVD",142604,"/Date(1702625186000)/",27350,200,1576100,43006000000,150,true,0.55
"PVD",142604,"/Date(1702625186000)/",27350,100,1575900,43001000000,150,true,0.55
"PVD",142601,"/Date(1702625183000)/",27350,100,1575800,42998000000,150,true,0.55
"PVD",142535,"/Date(1702625157000)/",27350,300,1575700,42995000000,150,true,0.55
"PVD",142535,"/Date(1702625157000)/",27350,100,1575400,42987000000,150,true,0.55
"PVD",142535,"/Date(1702625157000)/",27350,300,1575300,42984000000,150,true,0.55
"PVD",142535,"/Date(1702625157000)/",27350,300,1575000,42976000000,150,true,0.55
"PVD",142535,"/Date(1702625157000)/",27350,500,1574700,42968000000,150,true,0.55
"PVD",142535,"/Date(1702625157000)/",27400,100,1574200,42954000000,200,false,0.74
"PVD",142535,"/Date(1702625157000)/",27400,100,1574100,42951000000,200,false,0.74
"PVD",142535,"/Date(1702625157000)/",27400,500,1574000,42949000000,200,false,0.74
"PVD",142535,"/Date(1702625157000)/",27400,500,1573500,42935000000,200,false,0.74
"PVD",142535,"/Date(1702625157000)/",27400,700,1573000,42921000000,200,false,0.74
"PVD",142535,"/Date(1702625157000)/",27400,2900,1572300,42902000000,200,false,0.74
"PVD",142535,"/Date(1702625157000)/",27400,2200,1569400,42823000000,200,false,0.74
"PVD",142535,"/Date(1702625157000)/",27400,500,1567200,42762000000,200,false,0.74
"PVD",142535,"/Date(1702625157000)/",27450,200,1566700,42749000000,250,false,0.92
"PVD",142535,"/Date(1702625157000)/",27450,2000,1566500,42743000000,250,false,0.92
"PVD",142535,"/Date(1702625157000)/",27450,500,1564500,42688000000,250,false,0.92
"PVD",142535,"/Date(1702625157000)/",27450,100,1564000,42675000000,250,false,0.92
"PVD",142535,"/Date(1702625157000)/",27450,1000,1563900,42672000000,250,false,0.92
"PVD",142535,"/Date(1702625157000)/",27450,1200,1562900,42644000000,250,false,0.92
"PVD",142535,"/Date(1702625157000)/",27500,1000,1561700,42611000000,300,false,1.1
"PVD",142529,"/Date(1702625151000)/",27500,300,1560700,42584000000,300,true,1.1
"PVD",142529,"/Date(1702625151000)/",27500,100,1560400,42576000000,300,true,1.1
"PVD",142529,"/Date(1702625151000)/",27500,100,1560300,42573000000,300,true,1.1
"PVD",142519,"/Date(1702625143000)/",27500,400,1560200,42570000000,300,true,1.1
"PVD",142513,"/Date(1702625134000)/",27550,100,1559800,42559000000,350,false,1.29
"PVD",142513,"/Date(1702625134000)/",27550,100,1559700,42556000000,350,false,1.29
"PVD",142507,"/Date(1702625130000)/",27500,700,1559600,42554000000,300,true,1.1
"PVD",142507,"/Date(1702625128000)/",27500,400,1558900,42534000000,300,true,1.1
"PVD",142441,"/Date(1702625104000)/",27550,1000,1558500,42523000000,350,false,1.29
"PVD",142432,"/Date(1702625092000)/",27550,500,1557500,42496000000,350,false,1.29
"PVD",142413,"/Date(1702625075000)/",27500,100,1557000,42482000000,300,true,1.1
"PVD",142409,"/Date(1702625072000)/",27600,400,1556900,42479000000,400,false,1.47
"PVD",142409,"/Date(1702625072000)/",27600,200,1556500,42468000000,400,false,1.47
"PVD",142409,"/Date(1702625072000)/",27550,700,1556300,42463000000,350,false,1.29
"PVD",142409,"/Date(1702625072000)/",27550,500,1555600,42444000000,350,false,1.29
"PVD",142344,"/Date(1702625046000)/",27600,500,1555100,42430000000,400,false,1.47
"PVD",142337,"/Date(1702625039000)/",27600,500,1554600,42416000000,400,false,1.47
"PVD",142334,"/Date(1702625037000)/",27600,500,1554100,42402000000,400,false,1.47
"PVD",142334,"/Date(1702625036000)/",27600,300,1553600,42388000000,400,false,1.47
"PVD",142334,"/Date(1702625036000)/",27600,200,1553300,42380000000,400,false,1.47
"PVD",142334,"/Date(1702625036000)/",27600,200,1553100,42375000000,400,false,1.47
"PVD",142331,"/Date(1702625032000)/",27600,200,1552900,42369000000,400,false,1.47
"PVD",142331,"/Date(1702625031000)/",27600,500,1552700,42363000000,400,false,1.47
"PVD",142318,"/Date(1702625019000)/",27600,500,1552200,42350000000,400,false,1.47
"PVD",142312,"/Date(1702625012000)/",27600,500,1551700,42336000000,400,false,1.47
"PVD",142302,"/Date(1702625004000)/",27600,300,1551200,42322000000,400,false,1.47
"PVD",142302,"/Date(1702625004000)/",27600,200,1550900,42314000000,400,false,1.47
"PVD",142259,"/Date(1702625001000)/",27550,100,1550700,42308000000,350,true,1.29
"PVD",142256,"/Date(1702624996000)/",27500,300,1550600,42306000000,300,true,1.1
"PVD",142256,"/Date(1702624996000)/",27500,300,1550300,42297000000,300,true,1.1
"PVD",142249,"/Date(1702624989000)/",27600,1000,1550000,42289000000,400,false,1.47
"PVD",142240,"/Date(1702624982000)/",27600,2000,1549000,42261000000,400,false,1.47
"PVD",142237,"/Date(1702624977000)/",27500,300,1547000,42206000000,300,true,1.1
"PVD",142233,"/Date(1702624976000)/",27600,1300,1546700,42198000000,400,false,1.47
"PVD",142233,"/Date(1702624976000)/",27600,1000,1545400,42162000000,400,false,1.47
"PVD",142233,"/Date(1702624976000)/",27600,200,1544400,42135000000,400,false,1.47
"PVD",142233,"/Date(1702624976000)/",27550,2000,1544200,42129000000,350,false,1.29
"PVD",142233,"/Date(1702624976000)/",27550,100,1542200,42074000000,350,false,1.29
"PVD",142233,"/Date(1702624976000)/",27550,100,1542100,42071000000,350,false,1.29
"PVD",142233,"/Date(1702624976000)/",27550,200,1542000,42068000000,350,false,1.29
"PVD",142233,"/Date(1702624976000)/",27550,4000,1541800,42063000000,350,false,1.29
"PVD",142233,"/Date(1702624976000)/",27550,1000,1537800,41953000000,350,false,1.29
"PVD",142233,"/Date(1702624976000)/",27550,100,1536800,41925000000,350,false,1.29
"PVD",142217,"/Date(1702624958000)/",27500,100,1536700,41922000000,300,true,1.1
"PVD",142211,"/Date(1702624953000)/",27500,9300,1536600,41920000000,300,true,1.1
"PVD",142211,"/Date(1702624953000)/",27500,700,1527300,41664000000,300,true,1.1
"PVD",142211,"/Date(1702624952000)/",27500,200,1526600,41645000000,300,true,1.1
"PVD",142120,"/Date(1702624900000)/",27500,200,1526400,41639000000,300,true,1.1
"PVD",142107,"/Date(1702624888000)/",27500,100,1526200,41634000000,300,true,1.1
"PVD",142107,"/Date(1702624888000)/",27500,100,1526100,41631000000,300,true,1.1
"PVD",142054,"/Date(1702624874000)/",27500,900,1526000,41628000000,300,true,1.1
"PVD",142054,"/Date(1702624874000)/",27500,100,1525100,41603000000,300,true,1.1
"PVD",142051,"/Date(1702624872000)/",27500,100,1525000,41601000000,300,true,1.1
"PVD",142010,"/Date(1702624831000)/",27500,1000,1524900,41598000000,300,false,1.1
"PVD",142010,"/Date(1702624831000)/",27500,100,1523900,41570000000,300,false,1.1
"PVD",141931,"/Date(1702624794000)/",27500,1900,1523800,41568000000,300,true,1.1
"PVD",141859,"/Date(1702624761000)/",27500,800,1521900,41515000000,300,false,1.1
"PVD",141859,"/Date(1702624761000)/",27500,100,1521100,41493000000,300,false,1.1
"PVD",141859,"/Date(1702624761000)/",27500,100,1521000,41491000000,300,false,1.1
"PVD",141834,"/Date(1702624736000)/",27450,1000,1520900,41488000000,250,true,0.92
"PVD",141812,"/Date(1702624712000)/",27450,5000,1519900,41460000000,250,true,0.92
"PVD",141721,"/Date(1702624661000)/",27450,100,1514900,41323000000,250,true,0.92
"PVD",141714,"/Date(1702624657000)/",27450,1000,1514800,41320000000,250,true,0.92
"PVD",141711,"/Date(1702624652000)/",27600,3100,1513800,41293000000,400,false,1.47
"PVD",141711,"/Date(1702624652000)/",27600,200,1510700,41207000000,400,false,1.47
"PVD",141711,"/Date(1702624652000)/",27600,100,1510500,41202000000,400,false,1.47
"PVD",141711,"/Date(1702624652000)/",27600,1000,1510400,41199000000,400,false,1.47
"PVD",141711,"/Date(1702624652000)/",27600,1000,1509400,41172000000,400,false,1.47
"PVD",141711,"/Date(1702624652000)/",27600,200,1508400,41144000000,400,false,1.47
"PVD",141711,"/Date(1702624652000)/",27600,100,1508200,41138000000,400,false,1.47
"PVD",141711,"/Date(1702624652000)/",27600,100,1508100,41136000000,400,false,1.47
"PVD",141711,"/Date(1702624652000)/",27600,200,1508000,41133000000,400,false,1.47
"PVD",141711,"/Date(1702624652000)/",27600,200,1507800,41127000000,400,false,1.47
"PVD",141711,"/Date(1702624652000)/",27600,100,1507600,41122000000,400,false,1.47
"PVD",141711,"/Date(1702624652000)/",27600,200,1507500,41119000000,400,false,1.47
"PVD",141711,"/Date(1702624652000)/",27600,100,1507300,41114000000,400,false,1.47
"PVD",141711,"/Date(1702624652000)/",27550,200,1507200,41111000000,350,false,1.29
"PVD",141711,"/Date(1702624652000)/",27550,1000,1507000,41105000000,350,false,1.29
"PVD",141711,"/Date(1702624652000)/",27550,10000,1506000,41078000000,350,false,1.29
"PVD",141711,"/Date(1702624652000)/",27550,3000,1496000,40802000000,350,false,1.29
"PVD",141711,"/Date(1702624652000)/",27550,300,1493000,40720000000,350,false,1.29
"PVD",141711,"/Date(1702624652000)/",27550,100,1492700,40711000000,350,false,1.29
"PVD",141711,"/Date(1702624652000)/",27550,100,1492600,40709000000,350,false,1.29
"PVD",141711,"/Date(1702624652000)/",27550,200,1492500,40706000000,350,false,1.29
"PVD",141711,"/Date(1702624652000)/",27550,400,1492300,40700000000,350,false,1.29
"PVD",141711,"/Date(1702624652000)/",27500,200,1491900,40689000000,300,false,1.1
"PVD",141711,"/Date(1702624652000)/",27500,2000,1491700,40684000000,300,false,1.1
"PVD",141711,"/Date(1702624652000)/",27500,100,1489700,40629000000,300,false,1.1
"PVD",141711,"/Date(1702624652000)/",27500,200,1489600,40626000000,300,false,1.1
"PVD",141711,"/Date(1702624652000)/",27500,100,1489400,40621000000,300,false,1.1
"PVD",141711,"/Date(1702624652000)/",27500,10000,1489300,40618000000,300,false,1.1
"PVD",141711,"/Date(1702624652000)/",27500,800,1479300,40343000000,300,false,1.1
"PVD",141711,"/Date(1702624652000)/",27500,600,1478500,40321000000,300,false,1.1
"PVD",141711,"/Date(1702624652000)/",27500,500,1477900,40304000000,300,false,1.1
"PVD",141711,"/Date(1702624652000)/",27500,200,1477400,40291000000,300,false,1.1
"PVD",141711,"/Date(1702624652000)/",27500,100,1477200,40285000000,300,false,1.1
"PVD",141711,"/Date(1702624652000)/",27500,100,1477100,40282000000,300,false,1.1
"PVD",141711,"/Date(1702624652000)/",27500,100,1477000,40280000000,300,false,1.1
"PVD",141711,"/Date(1702624652000)/",27500,7400,1476900,40277000000,300,false,1.1
"PVD",141711,"/Date(1702624652000)/",27500,1000,1469500,40073000000,300,false,1.1
"PVD",141711,"/Date(1702624652000)/",27500,300,1468500,40046000000,300,false,1.1
"PVD",141711,"/Date(1702624652000)/",27500,300,1468200,40038000000,300,false,1.1
"PVD",141711,"/Date(1702624652000)/",27500,100,1467900,40029000000,300,false,1.1
"PVD",141711,"/Date(1702624652000)/",27500,3000,1467800,40027000000,300,false,1.1
"PVD",141711,"/Date(1702624652000)/",27500,500,1464800,39944000000,300,false,1.1
"PVD",141711,"/Date(1702624652000)/",27500,200,1464300,39930000000,300,false,1.1
"PVD",141711,"/Date(1702624652000)/",27500,200,1464100,39925000000,300,false,1.1
"PVD",141711,"/Date(1702624652000)/",27500,100,1463900,39919000000,300,false,1.1
"PVD",141701,"/Date(1702624644000)/",27450,100,1463800,39917000000,250,true,0.92
"PVD",141658,"/Date(1702624640000)/",27450,10900,1463700,39914000000,250,true,0.92
"PVD",141649,"/Date(1702624629000)/",27450,500,1452800,39615000000,250,true,0.92
"PVD",141646,"/Date(1702624628000)/",27450,200,1452300,39601000000,250,true,0.92
"PVD",141620,"/Date(1702624599000)/",27450,200,1452100,39595000000,250,false,0.92
"PVD",141613,"/Date(1702624594000)/",27400,200,1451900,39590000000,200,true,0.74
"PVD",141613,"/Date(1702624594000)/",27400,300,1451700,39584000000,200,true,0.74
"PVD",141610,"/Date(1702624591000)/",27450,100,1451400,39576000000,250,true,0.92
"PVD",141607,"/Date(1702624589000)/",27450,400,1451300,39573000000,250,true,0.92
"PVD",141607,"/Date(1702624589000)/",27450,100,1450900,39562000000,250,true,0.92
"PVD",141558,"/Date(1702624580000)/",27450,500,1450800,39560000000,250,true,0.92
"PVD",141551,"/Date(1702624573000)/",27450,200,1450300,39546000000,250,true,0.92
"PVD",141542,"/Date(1702624562000)/",27450,100,1450100,39540000000,250,true,0.92
"PVD",141532,"/Date(1702624554000)/",27450,100,1450000,39538000000,250,true,0.92
"PVD",141532,"/Date(1702624553000)/",27450,100,1449900,39535000000,250,true,0.92
"PVD",141529,"/Date(1702624550000)/",27450,400,1449800,39532000000,250,false,0.92
"PVD",141529,"/Date(1702624550000)/",27450,300,1449400,39521000000,250,false,0.92
"PVD",141529,"/Date(1702624550000)/",27450,100,1449100,39513000000,250,false,0.92
"PVD",141529,"/Date(1702624550000)/",27450,100,1449000,39510000000,250,false,0.92
"PVD",141529,"/Date(1702624550000)/",27450,100,1448900,39508000000,250,false,0.92
"PVD",141529,"/Date(1702624550000)/",27450,200,1448800,39505000000,250,false,0.92
"PVD",141500,"/Date(1702624520000)/",27450,100,1448600,39499000000,250,false,0.92
"PVD",141438,"/Date(1702624499000)/",27450,100,1448500,39497000000,250,false,0.92
"PVD",141438,"/Date(1702624499000)/",27450,1000,1448400,39494000000,250,false,0.92
"PVD",141438,"/Date(1702624499000)/",27450,500,1447400,39466000000,250,false,0.92
"PVD",141438,"/Date(1702624499000)/",27450,400,1446900,39453000000,250,false,0.92
"PVD",141438,"/Date(1702624499000)/",27450,200,1446500,39442000000,250,false,0.92
"PVD",141438,"/Date(1702624499000)/",27450,2000,1446300,39436000000,250,false,0.92
"PVD",141438,"/Date(1702624499000)/",27450,400,1444300,39381000000,250,false,0.92
"PVD",141438,"/Date(1702624499000)/",27450,1700,1443900,39370000000,250,false,0.92
"PVD",141438,"/Date(1702624499000)/",27450,200,1442200,39324000000,250,false,0.92
"PVD",141438,"/Date(1702624499000)/",27450,3000,1442000,39318000000,250,false,0.92
"PVD",141438,"/Date(1702624499000)/",27450,200,1439000,39236000000,250,false,0.92
"PVD",141438,"/Date(1702624499000)/",27450,300,1438800,39230000000,250,false,0.92
"PVD",141435,"/Date(1702624494000)/",27400,100,1438500,39222000000,200,true,0.74
"PVD",141428,"/Date(1702624490000)/",27400,100,1438400,39219000000,200,true,0.74
"PVD",141359,"/Date(1702624461000)/",27400,100,1438300,39217000000,200,true,0.74
"PVD",141344,"/Date(1702624446000)/",27400,500,1438200,39214000000,200,true,0.74
"PVD",141340,"/Date(1702624440000)/",27400,100,1437700,39200000000,200,true,0.74
"PVD",141321,"/Date(1702624422000)/",27400,100,1437600,39197000000,200,false,0.74
"PVD",141321,"/Date(1702624422000)/",27400,1000,1437500,39195000000,200,false,0.74
"PVD",141321,"/Date(1702624422000)/",27400,1000,1436500,39167000000,200,false,0.74
"PVD",141321,"/Date(1702624422000)/",27400,21900,1435500,39140000000,200,false,0.74
"PVD",141318,"/Date(1702624418000)/",27350,2000,1413600,38540000000,150,true,0.55
"PVD",141302,"/Date(1702624404000)/",27350,100,1411600,38485000000,150,true,0.55
"PVD",141240,"/Date(1702624379000)/",27350,400,1411500,38482000000,150,false,0.55
"PVD",141240,"/Date(1702624379000)/",27350,2000,1411100,38471000000,150,false,0.55
"PVD",141240,"/Date(1702624379000)/",27350,100,1409100,38417000000,150,false,0.55
"PVD",141240,"/Date(1702624379000)/",27350,200,1409000,38414000000,150,false,0.55
"PVD",141233,"/Date(1702624375000)/",27350,500,1408800,38409000000,150,false,0.55
"PVD",141214,"/Date(1702624357000)/",27350,200,1408300,38395000000,150,false,0.55
"PVD",141205,"/Date(1702624344000)/",27350,100,1408100,38389000000,150,true,0.55
"PVD",141201,"/Date(1702624342000)/",27350,200,1408000,38387000000,150,true,0.55
"PVD",141201,"/Date(1702624342000)/",27350,400,1407800,38381000000,150,true,0.55
"PVD",141158,"/Date(1702624339000)/",27350,100,1407400,38370000000,150,true,0.55
"PVD",141142,"/Date(1702624323000)/",27350,500,1407300,38368000000,150,true,0.55
"PVD",141142,"/Date(1702624323000)/",27350,300,1406800,38354000000,150,true,0.55
"PVD",141136,"/Date(1702624317000)/",27350,100,1406500,38346000000,150,true,0.55
"PVD",141110,"/Date(1702624291000)/",27350,1000,1406400,38343000000,150,true,0.55
"PVD",141110,"/Date(1702624291000)/",27350,500,1405400,38316000000,150,true,0.55
"PVD",141110,"/Date(1702624291000)/",27350,300,1404900,38302000000,150,true,0.55
"PVD",141110,"/Date(1702624291000)/",27350,500,1404600,38294000000,150,true,0.55
"PVD",141110,"/Date(1702624290000)/",27400,200,1404100,38280000000,200,false,0.74
"PVD",141038,"/Date(1702624259000)/",27400,300,1403900,38275000000,200,true,0.74
"PVD",141038,"/Date(1702624259000)/",27400,100,1403600,38266000000,200,true,0.74
"PVD",141038,"/Date(1702624259000)/",27400,500,1403500,38264000000,200,true,0.74
"PVD",141038,"/Date(1702624259000)/",27400,500,1403000,38250000000,200,true,0.74
"PVD",141038,"/Date(1702624259000)/",27400,500,1402500,38236000000,200,true,0.74
"PVD",141038,"/Date(1702624259000)/",27400,100,1402000,38222000000,200,true,0.74
"PVD",141032,"/Date(1702624255000)/",27400,100,1401900,38220000000,200,true,0.74
"PVD",141032,"/Date(1702624254000)/",27400,1000,1401800,38217000000,200,true,0.74
"PVD",141032,"/Date(1702624251000)/",27400,100,1400800,38190000000,200,true,0.74
"PVD",141019,"/Date(1702624239000)/",27400,1500,1400700,38187000000,200,true,0.74
"PVD",141016,"/Date(1702624236000)/",27400,200,1399200,38146000000,200,true,0.74
"PVD",140919,"/Date(1702624180000)/",27450,500,1399000,38140000000,250,false,0.92
"PVD",140916,"/Date(1702624176000)/",27450,100,1398500,38127000000,250,true,0.92
"PVD",140916,"/Date(1702624176000)/",27450,100,1398400,38124000000,250,true,0.92
"PVD",140916,"/Date(1702624176000)/",27450,200,1398300,38121000000,250,true,0.92
"PVD",140916,"/Date(1702624176000)/",27450,800,1398100,38116000000,250,true,0.92
"PVD",140916,"/Date(1702624176000)/",27450,200,1397300,38094000000,250,true,0.92
"PVD",140916,"/Date(1702624176000)/",27450,100,1397100,38088000000,250,true,0.92
"PVD",140916,"/Date(1702624176000)/",27450,2000,1397000,38085000000,250,true,0.92
"PVD",140916,"/Date(1702624176000)/",27450,100,1395000,38030000000,250,true,0.92
"PVD",140916,"/Date(1702624176000)/",27450,100,1394900,38028000000,250,true,0.92
"PVD",140916,"/Date(1702624176000)/",27450,1000,1394800,38025000000,250,true,0.92
"PVD",140916,"/Date(1702624176000)/",27450,700,1393800,37998000000,250,true,0.92
"PVD",140916,"/Date(1702624176000)/",27450,500,1393100,37978000000,250,true,0.92
"PVD",140853,"/Date(1702624156000)/",27450,1000,1392600,37965000000,250,true,0.92
"PVD",140828,"/Date(1702624128000)/",27450,100,1391600,37937000000,250,true,0.92
"PVD",140821,"/Date(1702624122000)/",27450,500,1391500,37934000000,250,true,0.92
"PVD",140809,"/Date(1702624109000)/",27450,800,1391000,37921000000,250,true,0.92
"PVD",140753,"/Date(1702624094000)/",27450,1000,1390200,37899000000,250,true,0.92
"PVD",140749,"/Date(1702624089000)/",27450,200,1389200,37871000000,250,true,0.92
"PVD",140743,"/Date(1702624083000)/",27450,200,1389000,37866000000,250,true,0.92
"PVD",140743,"/Date(1702624083000)/",27450,100,1388800,37860000000,250,true,0.92
"PVD",140743,"/Date(1702624083000)/",27450,1700,1388700,37858000000,250,true,0.92
"PVD",140737,"/Date(1702624077000)/",27500,900,1387000,37811000000,300,false,1.1
"PVD",140737,"/Date(1702624077000)/",27500,1000,1386100,37786000000,300,false,1.1
"PVD",140737,"/Date(1702624077000)/",27500,3100,1385100,37759000000,300,false,1.1
"PVD",140717,"/Date(1702624058000)/",27450,100,1382000,37673000000,250,true,0.92
"PVD",140642,"/Date(1702624022000)/",27450,100,1381900,37671000000,250,true,0.92
"PVD",140636,"/Date(1702624017000)/",27500,1600,1381800,37668000000,300,false,1.1
"PVD",140632,"/Date(1702624012000)/",27450,300,1380200,37624000000,250,true,0.92
"PVD",140620,"/Date(1702624002000)/",27500,200,1379900,37616000000,300,false,1.1
"PVD",140613,"/Date(1702623993000)/",27500,2000,1379700,37610000000,300,false,1.1
"PVD",140607,"/Date(1702623986000)/",27500,300,1377700,37555000000,300,false,1.1
"PVD",140607,"/Date(1702623986000)/",27500,2000,1377400,37547000000,300,false,1.1
"PVD",140604,"/Date(1702623984000)/",27500,800,1375400,37492000000,300,false,1.1
"PVD",140604,"/Date(1702623984000)/",27500,100,1374600,37470000000,300,false,1.1
"PVD",140604,"/Date(1702623984000)/",27500,100,1374500,37467000000,300,false,1.1
"PVD",140604,"/Date(1702623983000)/",27500,100,1374400,37464000000,300,false,1.1
"PVD",140601,"/Date(1702623980000)/",27500,300,1374300,37462000000,300,false,1.1
"PVD",140601,"/Date(1702623980000)/",27500,1500,1374000,37453000000,300,false,1.1
"PVD",140557,"/Date(1702623977000)/",27500,3900,1372500,37412000000,300,false,1.1
"PVD",140554,"/Date(1702623976000)/",27500,200,1368600,37305000000,300,false,1.1
"PVD",140545,"/Date(1702623966000)/",27500,300,1368400,37299000000,300,false,1.1
"PVD",140538,"/Date(1702623959000)/",27450,100,1368100,37291000000,250,true,0.92
"PVD",140538,"/Date(1702623958000)/",27450,100,1368000,37288000000,250,true,0.92
"PVD",140532,"/Date(1702623954000)/",27500,100,1367900,37286000000,300,false,1.1
"PVD",140532,"/Date(1702623954000)/",27500,200,1367800,37283000000,300,false,1.1
"PVD",140532,"/Date(1702623951000)/",27500,2000,1367600,37277000000,300,false,1.1
"PVD",140529,"/Date(1702623950000)/",27500,100,1365600,37222000000,300,false,1.1
"PVD",140529,"/Date(1702623950000)/",27500,100,1365500,37220000000,300,false,1.1
"PVD",140529,"/Date(1702623949000)/",27500,500,1365400,37217000000,300,false,1.1
"PVD",140529,"/Date(1702623948000)/",27500,100,1364900,37203000000,300,false,1.1
"PVD",140526,"/Date(1702623947000)/",27450,100,1364800,37200000000,250,true,0.92
"PVD",140526,"/Date(1702623945000)/",27500,1000,1364700,37198000000,300,false,1.1
"PVD",140522,"/Date(1702623944000)/",27500,300,1363700,37170000000,300,false,1.1
"PVD",140516,"/Date(1702623936000)/",27500,300,1363400,37162000000,300,false,1.1
"PVD",140503,"/Date(1702623925000)/",27450,1000,1363100,37154000000,250,true,0.92
"PVD",140444,"/Date(1702623906000)/",27450,300,1362100,37126000000,250,true,0.92
"PVD",140435,"/Date(1702623894000)/",27450,1200,1361800,37118000000,250,true,0.92
"PVD",140435,"/Date(1702623894000)/",27450,500,1360600,37085000000,250,true,0.92
"PVD",140435,"/Date(1702623894000)/",27450,300,1360100,37071000000,250,true,0.92
"PVD",140431,"/Date(1702623891000)/",27450,100,1359800,37063000000,250,true,0.92
"PVD",140431,"/Date(1702623891000)/",27450,500,1359700,37060000000,250,true,0.92
"PVD",140353,"/Date(1702623854000)/",27450,800,1359200,37047000000,250,true,0.92
"PVD",140340,"/Date(1702623842000)/",27450,200,1358400,37025000000,250,false,0.92
"PVD",140340,"/Date(1702623840000)/",27500,2800,1358200,37019000000,300,false,1.1
"PVD",140340,"/Date(1702623840000)/",27500,300,1355400,36942000000,300,false,1.1
"PVD",140340,"/Date(1702623840000)/",27500,600,1355100,36934000000,300,false,1.1
"PVD",140340,"/Date(1702623840000)/",27500,1000,1354500,36917000000,300,false,1.1
"PVD",140340,"/Date(1702623840000)/",27500,1000,1353500,36890000000,300,false,1.1
"PVD",140340,"/Date(1702623840000)/",27450,100,1352500,36862000000,250,false,0.92
"PVD",140340,"/Date(1702623840000)/",27450,1000,1352400,36860000000,250,false,0.92
"PVD",140340,"/Date(1702623840000)/",27450,500,1351400,36832000000,250,false,0.92
"PVD",140340,"/Date(1702623840000)/",27450,2000,1350900,36818000000,250,false,0.92
"PVD",140340,"/Date(1702623840000)/",27450,1000,1348900,36764000000,250,false,0.92
"PVD",140340,"/Date(1702623840000)/",27450,100,1347900,36736000000,250,false,0.92
"PVD",140315,"/Date(1702623815000)/",27450,900,1347800,36733000000,250,false,0.92
"PVD",140315,"/Date(1702623815000)/",27450,100,1346900,36709000000,250,false,0.92
"PVD",140315,"/Date(1702623815000)/",27450,100,1346800,36706000000,250,false,0.92
"PVD",140315,"/Date(1702623815000)/",27450,300,1346700,36703000000,250,false,0.92
"PVD",140315,"/Date(1702623815000)/",27450,100,1346400,36695000000,250,false,0.92
"PVD",140315,"/Date(1702623815000)/",27450,200,1346300,36692000000,250,false,0.92
"PVD",140315,"/Date(1702623815000)/",27450,2000,1346100,36687000000,250,false,0.92
"PVD",140315,"/Date(1702623815000)/",27450,10000,1344100,36632000000,250,false,0.92
"PVD",140315,"/Date(1702623815000)/",27450,10000,1334100,36357000000,250,false,0.92
"PVD",140315,"/Date(1702623815000)/",27450,5000,1324100,36083000000,250,false,0.92
"PVD",140315,"/Date(1702623815000)/",27450,100,1319100,35946000000,250,false,0.92
"PVD",140315,"/Date(1702623815000)/",27450,200,1319000,35943000000,250,false,0.92
"PVD",140315,"/Date(1702623815000)/",27450,1000,1318800,35937000000,250,false,0.92
"PVD",140315,"/Date(1702623815000)/",27450,100,1317800,35910000000,250,false,0.92
"PVD",140315,"/Date(1702623815000)/",27450,100,1317700,35907000000,250,false,0.92
"PVD",140315,"/Date(1702623815000)/",27400,500,1317600,35904000000,200,false,0.74
"PVD",140315,"/Date(1702623815000)/",27400,100,1317100,35891000000,200,false,0.74
"PVD",140315,"/Date(1702623815000)/",27400,100,1317000,35888000000,200,false,0.74
"PVD",140315,"/Date(1702623815000)/",27400,200,1316900,35885000000,200,false,0.74
"PVD",140315,"/Date(1702623815000)/",27400,200,1316700,35880000000,200,false,0.74
"PVD",140315,"/Date(1702623815000)/",27400,29000,1316500,35874000000,200,false,0.74
"PVD",140315,"/Date(1702623815000)/",27400,1600,1287500,35080000000,200,false,0.74
"PVD",140315,"/Date(1702623815000)/",27400,1000,1285900,35036000000,200,false,0.74
"PVD",140315,"/Date(1702623815000)/",27400,2000,1284900,35008000000,200,false,0.74
"PVD",140315,"/Date(1702623815000)/",27400,5000,1282900,34954000000,200,false,0.74
"PVD",140315,"/Date(1702623815000)/",27400,100,1277900,34817000000,200,false,0.74
"PVD",140315,"/Date(1702623815000)/",27400,100,1277800,34814000000,200,false,0.74
"PVD",140315,"/Date(1702623815000)/",27400,500,1277700,34811000000,200,false,0.74
"PVD",140315,"/Date(1702623815000)/",27400,500,1277200,34797000000,200,false,0.74
"PVD",140315,"/Date(1702623815000)/",27400,100,1276700,34784000000,200,false,0.74
"PVD",140315,"/Date(1702623815000)/",27400,200,1276600,34781000000,200,false,0.74
"PVD",140315,"/Date(1702623815000)/",27400,100,1276400,34776000000,200,false,0.74
"PVD",140315,"/Date(1702623815000)/",27400,500,1276300,34773000000,200,false,0.74
"PVD",140315,"/Date(1702623815000)/",27400,500,1275800,34759000000,200,false,0.74
"PVD",140315,"/Date(1702623815000)/",27400,500,1275300,34745000000,200,false,0.74
"PVD",140315,"/Date(1702623815000)/",27400,2000,1274800,34732000000,200,false,0.74
"PVD",140315,"/Date(1702623815000)/",27400,200,1272800,34677000000,200,false,0.74
"PVD",140315,"/Date(1702623815000)/",27400,100,1272600,34671000000,200,false,0.74
"PVD",140315,"/Date(1702623815000)/",27400,100,1272500,34669000000,200,false,0.74
"PVD",140315,"/Date(1702623815000)/",27400,100,1272400,34666000000,200,false,0.74
"PVD",140315,"/Date(1702623815000)/",27400,300,1272300,34663000000,200,false,0.74
"PVD",140315,"/Date(1702623815000)/",27400,500,1272000,34655000000,200,false,0.74
"PVD",140315,"/Date(1702623815000)/",27350,5000,1271500,34641000000,150,false,0.55
"PVD",140315,"/Date(1702623815000)/",27350,200,1266500,34504000000,150,false,0.55
"PVD",140315,"/Date(1702623815000)/",27350,3000,1266300,34499000000,150,false,0.55
"PVD",140315,"/Date(1702623815000)/",27350,500,1263300,34417000000,150,false,0.55
"PVD",140315,"/Date(1702623815000)/",27350,5000,1262800,34403000000,150,false,0.55
"PVD",140311,"/Date(1702623813000)/",27350,4000,1257800,34267000000,150,false,0.55
"PVD",140255,"/Date(1702623797000)/",27350,1200,1253800,34157000000,150,false,0.55
"PVD",140255,"/Date(1702623797000)/",27350,600,1252600,34124000000,150,false,0.55
"PVD",140249,"/Date(1702623790000)/",27350,100,1252000,34108000000,150,false,0.55
"PVD",140240,"/Date(1702623781000)/",27300,1000,1251900,34105000000,100,true,0.37
"PVD",140240,"/Date(1702623781000)/",27300,1000,1250900,34078000000,100,true,0.37
"PVD",140158,"/Date(1702623739000)/",27150,1000,1249900,34051000000,-50,true,-0.18
"PVD",140158,"/Date(1702623739000)/",27150,4000,1248900,34023000000,-50,true,-0.18
"PVD",140158,"/Date(1702623739000)/",27150,100,1244900,33915000000,-50,true,-0.18
"PVD",140158,"/Date(1702623739000)/",27200,100,1244800,33912000000,0,true,0
"PVD",140158,"/Date(1702623739000)/",27200,100,1244700,33909000000,0,true,0
"PVD",140158,"/Date(1702623739000)/",27200,100,1244600,33907000000,0,true,0
"PVD",140158,"/Date(1702623739000)/",27200,100,1244500,33904000000,0,true,0
"PVD",140158,"/Date(1702623739000)/",27200,100,1244400,33901000000,0,true,0
"PVD",140158,"/Date(1702623739000)/",27200,5000,1244300,33899000000,0,true,0
"PVD",140158,"/Date(1702623739000)/",27200,100,1239300,33763000000,0,true,0
"PVD",140158,"/Date(1702623739000)/",27200,5000,1239200,33760000000,0,true,0
"PVD",140158,"/Date(1702623739000)/",27200,100,1234200,33624000000,0,true,0
"PVD",140158,"/Date(1702623739000)/",27200,2000,1234100,33621000000,0,true,0
"PVD",140158,"/Date(1702623739000)/",27200,100,1232100,33567000000,0,true,0
"PVD",140158,"/Date(1702623739000)/",27200,2000,1232000,33564000000,0,true,0
"PVD",140158,"/Date(1702623739000)/",27200,2000,1230000,33510000000,0,true,0
"PVD",140158,"/Date(1702623739000)/",27200,500,1228000,33455000000,0,true,0
"PVD",140158,"/Date(1702623739000)/",27200,100,1227500,33442000000,0,true,0
"PVD",140158,"/Date(1702623739000)/",27200,2000,1227400,33439000000,0,true,0
"PVD",140158,"/Date(1702623739000)/",27200,2000,1225400,33384000000,0,true,0
"PVD",140158,"/Date(1702623739000)/",27200,1000,1223400,33330000000,0,true,0
"PVD",140158,"/Date(1702623739000)/",27200,500,1222400,33303000000,0,true,0
"PVD",140158,"/Date(1702623739000)/",27200,200,1221900,33289000000,0,true,0
"PVD",140158,"/Date(1702623739000)/",27200,2000,1221700,33284000000,0,true,0
"PVD",140158,"/Date(1702623739000)/",27200,500,1219700,33229000000,0,true,0
"PVD",140158,"/Date(1702623739000)/",27200,100,1219200,33216000000,0,true,0
"PVD",140158,"/Date(1702623739000)/",27200,400,1219100,33213000000,0,true,0
"PVD",140158,"/Date(1702623739000)/",27200,1000,1218700,33202000000,0,true,0
"PVD",140158,"/Date(1702623739000)/",27200,100,1217700,33175000000,0,true,0
"PVD",140158,"/Date(1702623739000)/",27200,500,1217600,33172000000,0,true,0
"PVD",140158,"/Date(1702623739000)/",27250,3000,1217100,33159000000,50,true,0.18
"PVD",140158,"/Date(1702623739000)/",27250,200,1214100,33077000000,50,true,0.18
"PVD",140158,"/Date(1702623739000)/",27250,300,1213900,33071000000,50,true,0.18
"PVD",140158,"/Date(1702623739000)/",27250,100,1213600,33063000000,50,true,0.18
"PVD",140158,"/Date(1702623739000)/",27250,100,1213500,33061000000,50,true,0.18
"PVD",140158,"/Date(1702623739000)/",27250,500,1213400,33058000000,50,true,0.18
"PVD",140158,"/Date(1702623739000)/",27250,100,1212900,33044000000,50,true,0.18
"PVD",140158,"/Date(1702623739000)/",27250,2000,1212800,33042000000,50,true,0.18
"PVD",140158,"/Date(1702623739000)/",27250,100,1210800,32987000000,50,true,0.18
"PVD",140158,"/Date(1702623739000)/",27250,1500,1210700,32984000000,50,true,0.18
"PVD",140158,"/Date(1702623739000)/",27250,1300,1209200,32943000000,50,true,0.18
"PVD",140158,"/Date(1702623739000)/",27250,100,1207900,32908000000,50,true,0.18
"PVD",140158,"/Date(1702623739000)/",27250,500,1207800,32905000000,50,true,0.18
"PVD",140158,"/Date(1702623739000)/",27250,100,1207300,32892000000,50,true,0.18
"PVD",140158,"/Date(1702623739000)/",27250,100,1207200,32889000000,50,true,0.18
"PVD",140158,"/Date(1702623739000)/",27250,500,1207100,32886000000,50,true,0.18
"PVD",140158,"/Date(1702623739000)/",27250,500,1206600,32873000000,50,true,0.18
"PVD",140158,"/Date(1702623739000)/",27250,500,1206100,32859000000,50,true,0.18
"PVD",140158,"/Date(1702623739000)/",27250,500,1205600,32845000000,50,true,0.18
"PVD",140158,"/Date(1702623739000)/",27250,3500,1205100,32832000000,50,true,0.18
"PVD",140158,"/Date(1702623739000)/",27300,1700,1201600,32736000000,100,false,0.37
"PVD",140158,"/Date(1702623737000)/",27300,7300,1199900,32690000000,100,false,0.37
"PVD",140148,"/Date(1702623728000)/",27300,1000,1192600,32491000000,100,false,0.37
"PVD",140132,"/Date(1702623714000)/",27300,100,1191600,32463000000,100,true,0.37
"PVD",140132,"/Date(1702623714000)/",27300,100,1191500,32461000000,100,true,0.37
"PVD",140132,"/Date(1702623714000)/",27300,1000,1191400,32458000000,100,true,0.37
"PVD",140132,"/Date(1702623714000)/",27300,100,1190400,32431000000,100,true,0.37
"PVD",140132,"/Date(1702623714000)/",27300,400,1190300,32428000000,100,true,0.37
"PVD",140120,"/Date(1702623701000)/",27300,600,1189900,32417000000,100,true,0.37
"PVD",140120,"/Date(1702623701000)/",27300,600,1189300,32401000000,100,true,0.37
"PVD",140025,"/Date(1702623647000)/",27350,1700,1188700,32384000000,150,false,0.55
"PVD",140025,"/Date(1702623647000)/",27350,200,1187000,32338000000,150,false,0.55
"PVD",140025,"/Date(1702623647000)/",27350,100,1186800,32332000000,150,false,0.55
"PVD",140025,"/Date(1702623644000)/",27350,100,1186700,32329000000,150,false,0.55
"PVD",140019,"/Date(1702623641000)/",27350,600,1186600,32327000000,150,false,0.55
"PVD",140019,"/Date(1702623641000)/",27350,400,1186000,32310000000,150,false,0.55
"PVD",135915,"/Date(1702623576000)/",27350,100,1185600,32299000000,150,false,0.55
"PVD",135915,"/Date(1702623574000)/",27300,9000,1185500,32297000000,100,true,0.37
"PVD",135915,"/Date(1702623574000)/",27300,1000,1176500,32051000000,100,true,0.37
"PVD",135837,"/Date(1702623537000)/",27300,100,1175500,32024000000,100,true,0.37
"PVD",135811,"/Date(1702623512000)/",27300,200,1175400,32021000000,100,false,0.37
"PVD",135811,"/Date(1702623512000)/",27300,200,1175200,32015000000,100,false,0.37
"PVD",135811,"/Date(1702623512000)/",27300,100,1175000,32010000000,100,false,0.37
"PVD",135811,"/Date(1702623512000)/",27300,100,1174900,32007000000,100,false,0.37
"PVD",135811,"/Date(1702623512000)/",27300,3000,1174800,32005000000,100,false,0.37
"PVD",135811,"/Date(1702623512000)/",27300,100,1171800,31923000000,100,false,0.37
"PVD",135811,"/Date(1702623512000)/",27300,200,1171700,31920000000,100,false,0.37
"PVD",135811,"/Date(1702623512000)/",27300,3000,1171500,31914000000,100,false,0.37
"PVD",135811,"/Date(1702623512000)/",27300,1100,1168500,31833000000,100,false,0.37
"PVD",135802,"/Date(1702623503000)/",27250,500,1167400,31802000000,50,true,0.18
"PVD",135749,"/Date(1702623489000)/",27300,500,1166900,31789000000,100,false,0.37
"PVD",135632,"/Date(1702623412000)/",27300,100,1166400,31775000000,100,false,0.37
"PVD",135623,"/Date(1702623403000)/",27300,100,1166300,31772000000,100,false,0.37
"PVD",135444,"/Date(1702623304000)/",27250,6000,1166200,31770000000,50,true,0.18
"PVD",135444,"/Date(1702623304000)/",27250,5900,1160200,31606000000,50,true,0.18
"PVD",135431,"/Date(1702623290000)/",27300,200,1154300,31445000000,100,false,0.37
"PVD",135431,"/Date(1702623290000)/",27300,500,1154100,31440000000,100,false,0.37
"PVD",135431,"/Date(1702623290000)/",27300,100,1153600,31426000000,100,false,0.37
"PVD",135431,"/Date(1702623290000)/",27300,100,1153500,31424000000,100,false,0.37
"PVD",135431,"/Date(1702623290000)/",27300,500,1153400,31421000000,100,false,0.37
"PVD",135431,"/Date(1702623290000)/",27300,1000,1152900,31407000000,100,false,0.37
"PVD",135431,"/Date(1702623290000)/",27300,700,1151900,31380000000,100,false,0.37
"PVD",135428,"/Date(1702623286000)/",27300,300,1151200,31361000000,100,false,0.37
"PVD",135311,"/Date(1702623212000)/",27300,1000,1150900,31353000000,100,false,0.37
"PVD",135305,"/Date(1702623205000)/",27300,100,1149900,31325000000,100,false,0.37
"PVD",135305,"/Date(1702623205000)/",27300,200,1149800,31323000000,100,false,0.37
"PVD",135305,"/Date(1702623205000)/",27300,100,1149600,31317000000,100,false,0.37
"PVD",135305,"/Date(1702623205000)/",27300,900,1149500,31314000000,100,false,0.37
"PVD",135148,"/Date(1702623127000)/",27300,100,1148600,31290000000,100,false,0.37
"PVD",135139,"/Date(1702623119000)/",27250,1000,1148500,31287000000,50,true,0.18
"PVD",135120,"/Date(1702623099000)/",27250,2200,1147500,31260000000,50,true,0.18
"PVD",135107,"/Date(1702623088000)/",27300,300,1145300,31200000000,100,false,0.37
"PVD",135101,"/Date(1702623082000)/",27250,300,1145000,31192000000,50,true,0.18
"PVD",135029,"/Date(1702623048000)/",27250,100,1144700,31184000000,50,true,0.18
"PVD",135013,"/Date(1702623031000)/",27250,7000,1144600,31181000000,50,true,0.18
"PVD",135010,"/Date(1702623031000)/",27250,30000,1137600,30990000000,50,true,0.18
"PVD",135010,"/Date(1702623029000)/",27250,200,1107600,30173000000,50,true,0.18
"PVD",134909,"/Date(1702622967000)/",27250,2400,1107400,30167000000,50,true,0.18
"PVD",134909,"/Date(1702622967000)/",27250,500,1105000,30102000000,50,true,0.18
"PVD",134909,"/Date(1702622967000)/",27300,500,1104500,30088000000,100,true,0.37
"PVD",134909,"/Date(1702622967000)/",27300,1000,1104000,30074000000,100,true,0.37
"PVD",134909,"/Date(1702622967000)/",27300,1000,1103000,30047000000,100,true,0.37
"PVD",134909,"/Date(1702622967000)/",27300,5000,1102000,30020000000,100,true,0.37
"PVD",134909,"/Date(1702622967000)/",27300,20000,1097000,29883000000,100,true,0.37
"PVD",134909,"/Date(1702622967000)/",27300,500,1077000,29337000000,100,true,0.37
"PVD",134909,"/Date(1702622967000)/",27300,400,1076500,29324000000,100,true,0.37
"PVD",134909,"/Date(1702622967000)/",27300,100,1076100,29313000000,100,true,0.37
"PVD",134909,"/Date(1702622967000)/",27300,1000,1076000,29310000000,100,true,0.37
"PVD",134909,"/Date(1702622967000)/",27300,400,1075000,29283000000,100,true,0.37
"PVD",134909,"/Date(1702622967000)/",27300,2000,1074600,29272000000,100,true,0.37
"PVD",134909,"/Date(1702622967000)/",27300,5200,1072600,29217000000,100,true,0.37
"PVD",134753,"/Date(1702622892000)/",27300,5000,1067400,29075000000,100,true,0.37
"PVD",134746,"/Date(1702622886000)/",27350,800,1062400,28939000000,150,false,0.55
"PVD",134737,"/Date(1702622877000)/",27350,100,1061600,28917000000,150,false,0.55
"PVD",134714,"/Date(1702622854000)/",27350,100,1061500,28914000000,150,false,0.55
"PVD",134714,"/Date(1702622854000)/",27350,100,1061400,28911000000,150,false,0.55
"PVD",134705,"/Date(1702622845000)/",27350,100,1061300,28909000000,150,false,0.55
"PVD",134701,"/Date(1702622842000)/",27350,100,1061200,28906000000,150,false,0.55
"PVD",134655,"/Date(1702622834000)/",27350,100,1061100,28903000000,150,false,0.55
"PVD",134649,"/Date(1702622827000)/",27350,200,1061000,28900000000,150,false,0.55
"PVD",134639,"/Date(1702622818000)/",27350,200,1060800,28895000000,150,false,0.55
"PVD",134630,"/Date(1702622809000)/",27350,200,1060600,28890000000,150,false,0.55
"PVD",134617,"/Date(1702622797000)/",27350,2000,1060400,28884000000,150,false,0.55
"PVD",134610,"/Date(1702622791000)/",27350,2000,1058400,28829000000,150,true,0.55
"PVD",134607,"/Date(1702622787000)/",27350,2000,1056400,28775000000,150,true,0.55
"PVD",134604,"/Date(1702622785000)/",27350,1000,1054400,28720000000,150,true,0.55
"PVD",134604,"/Date(1702622785000)/",27350,300,1053400,28693000000,150,true,0.55
"PVD",134604,"/Date(1702622785000)/",27350,500,1053100,28684000000,150,true,0.55
"PVD",134604,"/Date(1702622785000)/",27350,100,1052600,28671000000,150,true,0.55
"PVD",134604,"/Date(1702622785000)/",27350,400,1052500,28668000000,150,true,0.55
"PVD",134604,"/Date(1702622785000)/",27350,500,1052100,28657000000,150,true,0.55
"PVD",134604,"/Date(1702622785000)/",27350,1000,1051600,28643000000,150,true,0.55
"PVD",134604,"/Date(1702622785000)/",27350,1200,1050600,28616000000,150,true,0.55
"PVD",134558,"/Date(1702622776000)/",27350,300,1049400,28583000000,150,true,0.55
"PVD",134551,"/Date(1702622771000)/",27350,2000,1049100,28575000000,150,true,0.55
"PVD",134548,"/Date(1702622768000)/",27350,500,1047100,28520000000,150,true,0.55
"PVD",134542,"/Date(1702622760000)/",27350,500,1046600,28507000000,150,true,0.55
"PVD",134532,"/Date(1702622750000)/",27350,400,1046100,28493000000,150,true,0.55
"PVD",134526,"/Date(1702622746000)/",27350,1000,1045700,28482000000,150,true,0.55
"PVD",134513,"/Date(1702622731000)/",27400,500,1044700,28455000000,200,false,0.74
"PVD",134451,"/Date(1702622711000)/",27400,100,1044200,28441000000,200,false,0.74
"PVD",134448,"/Date(1702622705000)/",27400,100,1044100,28438000000,200,false,0.74
"PVD",134409,"/Date(1702622667000)/",27400,200,1044000,28436000000,200,false,0.74
"PVD",134400,"/Date(1702622658000)/",27400,100,1043800,28430000000,200,false,0.74
"PVD",134350,"/Date(1702622648000)/",27400,500,1043700,28427000000,200,false,0.74
"PVD",134328,"/Date(1702622626000)/",27400,3000,1043200,28414000000,200,false,0.74
"PVD",134322,"/Date(1702622619000)/",27350,100,1040200,28331000000,150,true,0.55
"PVD",134315,"/Date(1702622613000)/",27350,2500,1040100,28329000000,150,true,0.55
"PVD",134309,"/Date(1702622609000)/",27350,500,1037600,28260000000,150,true,0.55
"PVD",134231,"/Date(1702622569000)/",27350,300,1037100,28247000000,150,true,0.55
"PVD",134218,"/Date(1702622558000)/",27350,700,1036800,28238000000,150,true,0.55
"PVD",134155,"/Date(1702622536000)/",27350,1000,1036100,28219000000,150,true,0.55
"PVD",134155,"/Date(1702622534000)/",27350,200,1035100,28192000000,150,true,0.55
"PVD",134152,"/Date(1702622530000)/",27350,1000,1034900,28186000000,150,false,0.55
"PVD",134133,"/Date(1702622513000)/",27350,400,1033900,28159000000,150,true,0.55
"PVD",134133,"/Date(1702622513000)/",27350,2400,1033500,28148000000,150,true,0.55
"PVD",134133,"/Date(1702622512000)/",27350,1000,1031100,28083000000,150,true,0.55
"PVD",134130,"/Date(1702622508000)/",27350,500,1030100,28055000000,150,true,0.55
"PVD",134107,"/Date(1702622488000)/",27350,1100,1029600,28041000000,150,false,0.55
"PVD",134058,"/Date(1702622478000)/",27350,900,1028500,28011000000,150,false,0.55
"PVD",134058,"/Date(1702622478000)/",27350,100,1027600,27987000000,150,false,0.55
"PVD",134048,"/Date(1702622466000)/",27350,300,1027500,27984000000,150,false,0.55
"PVD",134048,"/Date(1702622466000)/",27350,5200,1027200,27976000000,150,false,0.55
"PVD",134048,"/Date(1702622466000)/",27350,1000,1022000,27834000000,150,false,0.55
"PVD",134048,"/Date(1702622466000)/",27350,1000,1021000,27806000000,150,false,0.55
"PVD",134048,"/Date(1702622466000)/",27350,200,1020000,27779000000,150,false,0.55
"PVD",134048,"/Date(1702622466000)/",27350,2300,1019800,27773000000,150,false,0.55
"PVD",134023,"/Date(1702622442000)/",27350,500,1017500,27711000000,150,false,0.55
"PVD",134016,"/Date(1702622435000)/",27350,400,1017000,27697000000,150,false,0.55
"PVD",133941,"/Date(1702622401000)/",27350,500,1016600,27686000000,150,false,0.55
"PVD",133941,"/Date(1702622401000)/",27350,1500,1016100,27672000000,150,false,0.55
"PVD",133929,"/Date(1702622388000)/",27350,500,1014600,27631000000,150,false,0.55
"PVD",133922,"/Date(1702622382000)/",27350,300,1014100,27618000000,150,false,0.55
"PVD",133922,"/Date(1702622381000)/",27350,600,1013800,27609000000,150,false,0.55
"PVD",133916,"/Date(1702622375000)/",27350,2100,1013200,27593000000,150,false,0.55
"PVD",133916,"/Date(1702622375000)/",27350,200,1011100,27536000000,150,false,0.55
"PVD",133916,"/Date(1702622375000)/",27350,1700,1010900,27530000000,150,false,0.55
"PVD",133916,"/Date(1702622375000)/",27350,200,1009200,27484000000,150,false,0.55
"PVD",133916,"/Date(1702622375000)/",27350,500,1009000,27478000000,150,false,0.55
"PVD",133910,"/Date(1702622367000)/",27350,5500,1008500,27464000000,150,false,0.55
"PVD",133910,"/Date(1702622367000)/",27350,100,1003000,27314000000,150,false,0.55
"PVD",133910,"/Date(1702622367000)/",27350,2400,1002900,27311000000,150,false,0.55
"PVD",133818,"/Date(1702622317000)/",27300,500,1000500,27246000000,100,true,0.37
"PVD",133809,"/Date(1702622309000)/",27300,2000,1000000,27232000000,100,true,0.37
"PVD",133611,"/Date(1702622188000)/",27300,800,998000,27177000000,100,true,0.37
"PVD",133611,"/Date(1702622188000)/",27300,300,997200,27156000000,100,true,0.37
"PVD",133558,"/Date(1702622176000)/",27300,100,996900,27147000000,100,false,0.37
"PVD",133552,"/Date(1702622169000)/",27300,200,996800,27145000000,100,false,0.37
"PVD",133549,"/Date(1702622169000)/",27300,700,996600,27139000000,100,false,0.37
"PVD",133549,"/Date(1702622169000)/",27300,300,995900,27120000000,100,false,0.37
"PVD",133546,"/Date(1702622163000)/",27300,100,995600,27112000000,100,false,0.37
"PVD",133536,"/Date(1702622154000)/",27300,500,995500,27109000000,100,false,0.37
"PVD",133435,"/Date(1702622094000)/",27300,15800,995000,27095000000,100,false,0.37
"PVD",133432,"/Date(1702622091000)/",27300,1000,979200,26664000000,100,true,0.37
"PVD",133432,"/Date(1702622091000)/",27300,10000,978200,26637000000,100,true,0.37
"PVD",133432,"/Date(1702622091000)/",27300,100,968200,26364000000,100,true,0.37
"PVD",133432,"/Date(1702622091000)/",27300,2200,968100,26361000000,100,true,0.37
"PVD",133432,"/Date(1702622091000)/",27300,100,965900,26301000000,100,true,0.37
"PVD",133432,"/Date(1702622091000)/",27300,1100,965800,26298000000,100,true,0.37
"PVD",133429,"/Date(1702622088000)/",27300,300,964700,26268000000,100,true,0.37
"PVD",133429,"/Date(1702622088000)/",27300,2500,964400,26260000000,100,true,0.37
"PVD",133426,"/Date(1702622084000)/",27300,2000,961900,26192000000,100,true,0.37
"PVD",133413,"/Date(1702622073000)/",27300,200,959900,26137000000,100,true,0.37
"PVD",133407,"/Date(1702622064000)/",27300,100,959700,26132000000,100,true,0.37
"PVD",133400,"/Date(1702622060000)/",27300,3800,959600,26129000000,100,true,0.37
"PVD",133400,"/Date(1702622060000)/",27300,100,955800,26025000000,100,true,0.37
"PVD",133400,"/Date(1702622060000)/",27300,6100,955700,26023000000,100,true,0.37
"PVD",133357,"/Date(1702622057000)/",27300,200,949600,25856000000,100,true,0.37
"PVD",133348,"/Date(1702622047000)/",27300,500,949400,25851000000,100,true,0.37
"PVD",133341,"/Date(1702622041000)/",27300,2000,948900,25837000000,100,true,0.37
"PVD",133328,"/Date(1702622027000)/",27300,200,946900,25782000000,100,true,0.37
"PVD",133325,"/Date(1702622025000)/",27300,1000,946700,25777000000,100,true,0.37
"PVD",133325,"/Date(1702622025000)/",27300,500,945700,25750000000,100,true,0.37
"PVD",133325,"/Date(1702622025000)/",27300,200,945200,25736000000,100,true,0.37
"PVD",133325,"/Date(1702622025000)/",27300,200,945000,25730000000,100,true,0.37
"PVD",133325,"/Date(1702622025000)/",27300,200,944800,25725000000,100,true,0.37
"PVD",133325,"/Date(1702622025000)/",27300,100,944600,25720000000,100,true,0.37
"PVD",133325,"/Date(1702622025000)/",27300,100,944500,25717000000,100,true,0.37
"PVD",133325,"/Date(1702622025000)/",27300,300,944400,25714000000,100,true,0.37
"PVD",133325,"/Date(1702622025000)/",27300,100,944100,25706000000,100,true,0.37
"PVD",133325,"/Date(1702622025000)/",27300,100,944000,25703000000,100,true,0.37
"PVD",133325,"/Date(1702622025000)/",27300,2000,943900,25700000000,100,true,0.37
"PVD",133325,"/Date(1702622025000)/",27300,200,941900,25646000000,100,true,0.37
"PVD",133316,"/Date(1702622014000)/",27300,2000,941700,25640000000,100,true,0.37
"PVD",133231,"/Date(1702621968000)/",27300,2000,939700,25586000000,100,true,0.37
"PVD",133218,"/Date(1702621956000)/",27300,5000,937700,25531000000,100,true,0.37
"PVD",133215,"/Date(1702621952000)/",27300,500,932700,25395000000,100,true,0.37
"PVD",133149,"/Date(1702621929000)/",27350,100,932200,25381000000,150,false,0.55
"PVD",133146,"/Date(1702621926000)/",27300,500,932100,25378000000,100,true,0.37
"PVD",133146,"/Date(1702621923000)/",27300,1000,931600,25365000000,100,true,0.37
"PVD",133146,"/Date(1702621923000)/",27300,300,930600,25337000000,100,true,0.37
"PVD",133127,"/Date(1702621905000)/",27300,400,930300,25329000000,100,true,0.37
"PVD",133111,"/Date(1702621890000)/",27300,3000,929900,25318000000,100,true,0.37
"PVD",133048,"/Date(1702621861000)/",27350,1000,926900,25236000000,150,false,0.55
"PVD",133020,"/Date(1702621839000)/",27350,2300,925900,25209000000,150,false,0.55
"PVD",133020,"/Date(1702621838000)/",27350,100,923600,25146000000,150,false,0.55
"PVD",132951,"/Date(1702621811000)/",27350,200,923500,25143000000,150,false,0.55
"PVD",132948,"/Date(1702621807000)/",27350,100,923300,25138000000,150,false,0.55
"PVD",132948,"/Date(1702621807000)/",27350,100,923200,25135000000,150,false,0.55
"PVD",132948,"/Date(1702621807000)/",27350,3700,923100,25132000000,150,false,0.55
"PVD",132945,"/Date(1702621803000)/",27350,700,919400,25031000000,150,true,0.55
"PVD",132938,"/Date(1702621797000)/",27400,500,918700,25012000000,200,false,0.74
"PVD",132938,"/Date(1702621797000)/",27400,100,918200,24998000000,200,false,0.74
"PVD",132938,"/Date(1702621797000)/",27400,300,918100,24996000000,200,false,0.74
"PVD",132938,"/Date(1702621797000)/",27400,100,917800,24987000000,200,false,0.74
"PVD",132935,"/Date(1702621794000)/",27350,500,917700,24985000000,150,true,0.55
"PVD",132929,"/Date(1702621786000)/",27350,100,917200,24971000000,150,true,0.55
"PVD",132925,"/Date(1702621784000)/",27350,300,917100,24968000000,150,true,0.55
"PVD",132906,"/Date(1702621765000)/",27350,100,916800,24960000000,150,false,0.55
"PVD",132906,"/Date(1702621765000)/",27350,100,916700,24957000000,150,false,0.55
"PVD",132906,"/Date(1702621765000)/",27350,4500,916600,24955000000,150,false,0.55
"PVD",132906,"/Date(1702621764000)/",27300,10000,912100,24831000000,100,true,0.37
"PVD",132903,"/Date(1702621762000)/",27350,5500,902100,24558000000,150,false,0.55
"PVD",132903,"/Date(1702621762000)/",27350,300,896600,24408000000,150,false,0.55
"PVD",132903,"/Date(1702621762000)/",27350,700,896300,24400000000,150,false,0.55
"PVD",132903,"/Date(1702621760000)/",27300,1000,895600,24381000000,100,true,0.37
"PVD",132854,"/Date(1702621753000)/",27300,100,894600,24353000000,100,true,0.37
"PVD",132841,"/Date(1702621740000)/",27350,1000,894500,24351000000,150,false,0.55
"PVD",132838,"/Date(1702621736000)/",27350,100,893500,24323000000,150,false,0.55
"PVD",132834,"/Date(1702621732000)/",27350,5000,893400,24321000000,150,false,0.55
"PVD",132834,"/Date(1702621732000)/",27350,2500,888400,24184000000,150,false,0.55
"PVD",132812,"/Date(1702621710000)/",27350,500,885900,24115000000,150,false,0.55
"PVD",132812,"/Date(1702621710000)/",27350,3300,885400,24102000000,150,false,0.55
"PVD",132812,"/Date(1702621710000)/",27350,1000,882100,24012000000,150,false,0.55
"PVD",132812,"/Date(1702621710000)/",27350,200,881100,23984000000,150,false,0.55
"PVD",132805,"/Date(1702621703000)/",27350,100,880900,23979000000,150,false,0.55
"PVD",132753,"/Date(1702621692000)/",27350,100,880800,23976000000,150,false,0.55
"PVD",132749,"/Date(1702621687000)/",27350,600,880700,23973000000,150,false,0.55
"PVD",132749,"/Date(1702621687000)/",27350,1000,880100,23957000000,150,false,0.55
"PVD",132749,"/Date(1702621687000)/",27350,1000,879100,23929000000,150,false,0.55
"PVD",132749,"/Date(1702621687000)/",27350,4000,878100,23902000000,150,false,0.55
"PVD",132749,"/Date(1702621687000)/",27350,100,874100,23793000000,150,false,0.55
"PVD",132749,"/Date(1702621687000)/",27350,10000,874000,23790000000,150,false,0.55
"PVD",132749,"/Date(1702621687000)/",27350,100,864000,23517000000,150,false,0.55
"PVD",132749,"/Date(1702621687000)/",27350,3200,863900,23514000000,150,false,0.55
"PVD",132740,"/Date(1702621678000)/",27350,10000,860700,23426000000,150,false,0.55
"PVD",132727,"/Date(1702621665000)/",27350,1000,850700,23153000000,150,false,0.55
"PVD",132714,"/Date(1702621653000)/",27300,500,849700,23125000000,100,false,0.37
"PVD",132714,"/Date(1702621653000)/",27300,300,849200,23112000000,100,false,0.37
"PVD",132714,"/Date(1702621653000)/",27300,2900,848900,23104000000,100,false,0.37
"PVD",132711,"/Date(1702621649000)/",27300,100,846000,23024000000,100,false,0.37
"PVD",132711,"/Date(1702621649000)/",27300,300,845900,23022000000,100,false,0.37
"PVD",132711,"/Date(1702621649000)/",27300,300,845600,23013000000,100,false,0.37
"PVD",132711,"/Date(1702621649000)/",27300,200,845300,23005000000,100,false,0.37
"PVD",132711,"/Date(1702621648000)/",27300,200,845100,23000000000,100,false,0.37
"PVD",132711,"/Date(1702621648000)/",27300,3500,844900,22994000000,100,false,0.37
"PVD",132705,"/Date(1702621644000)/",27300,500,841400,22899000000,100,false,0.37
"PVD",132652,"/Date(1702621630000)/",27300,100,840900,22885000000,100,false,0.37
"PVD",132646,"/Date(1702621625000)/",27300,100,840800,22882000000,100,false,0.37
"PVD",132642,"/Date(1702621619000)/",27300,800,840700,22880000000,100,false,0.37
"PVD",132642,"/Date(1702621619000)/",27300,200,839900,22858000000,100,false,0.37
"PVD",132639,"/Date(1702621619000)/",27300,300,839700,22852000000,100,false,0.37
"PVD",132639,"/Date(1702621619000)/",27300,100,839400,22844000000,100,false,0.37
"PVD",132639,"/Date(1702621619000)/",27300,200,839300,22841000000,100,false,0.37
"PVD",132639,"/Date(1702621619000)/",27300,100,839100,22836000000,100,false,0.37
"PVD",132639,"/Date(1702621619000)/",27300,10000,839000,22833000000,100,false,0.37
"PVD",132639,"/Date(1702621619000)/",27300,100,829000,22560000000,100,false,0.37
"PVD",132639,"/Date(1702621619000)/",27300,2000,828900,22558000000,100,false,0.37
"PVD",132639,"/Date(1702621619000)/",27300,10000,826900,22503000000,100,false,0.37
"PVD",132639,"/Date(1702621619000)/",27300,6600,816900,22230000000,100,false,0.37
"PVD",132633,"/Date(1702621612000)/",27300,900,810300,22050000000,100,false,0.37
"PVD",132630,"/Date(1702621609000)/",27300,1000,809400,22025000000,100,false,0.37
"PVD",132630,"/Date(1702621608000)/",27300,1000,808400,21998000000,100,false,0.37
"PVD",132627,"/Date(1702621604000)/",27300,500,807400,21971000000,100,false,0.37
"PVD",132617,"/Date(1702621595000)/",27250,300,806900,21957000000,50,true,0.18
"PVD",132532,"/Date(1702621550000)/",27250,800,806600,21949000000,50,false,0.18
"PVD",132529,"/Date(1702621546000)/",27250,1200,805800,21927000000,50,false,0.18
"PVD",132529,"/Date(1702621546000)/",27250,1400,804600,21894000000,50,false,0.18
"PVD",132529,"/Date(1702621546000)/",27250,200,803200,21856000000,50,false,0.18
"PVD",132529,"/Date(1702621546000)/",27250,400,803000,21851000000,50,false,0.18
"PVD",132529,"/Date(1702621546000)/",27250,500,802600,21840000000,50,false,0.18
"PVD",132529,"/Date(1702621546000)/",27250,500,802100,21826000000,50,false,0.18
"PVD",132529,"/Date(1702621546000)/",27250,400,801600,21813000000,50,false,0.18
"PVD",132529,"/Date(1702621546000)/",27250,100,801200,21802000000,50,false,0.18
"PVD",132529,"/Date(1702621546000)/",27250,1700,801100,21799000000,50,false,0.18
"PVD",132526,"/Date(1702621543000)/",27250,300,799400,21753000000,50,false,0.18
"PVD",132526,"/Date(1702621543000)/",27250,100,799100,21744000000,50,false,0.18
"PVD",132523,"/Date(1702621543000)/",27250,1000,799000,21742000000,50,false,0.18
"PVD",132523,"/Date(1702621541000)/",27250,9000,798000,21714000000,50,false,0.18
"PVD",132513,"/Date(1702621532000)/",27250,5000,789000,21469000000,50,false,0.18
"PVD",132500,"/Date(1702621518000)/",27250,2900,784000,21333000000,50,false,0.18
"PVD",132500,"/Date(1702621518000)/",27250,7100,781100,21254000000,50,false,0.18
"PVD",132457,"/Date(1702621515000)/",27250,800,774000,21060000000,50,false,0.18
"PVD",132451,"/Date(1702621510000)/",27250,1000,773200,21039000000,50,false,0.18
"PVD",132451,"/Date(1702621507000)/",27250,100,772200,21011000000,50,false,0.18
"PVD",132448,"/Date(1702621504000)/",27250,500,772100,21009000000,50,false,0.18
"PVD",132441,"/Date(1702621501000)/",27200,100,771600,20995000000,0,true,0
"PVD",132419,"/Date(1702621477000)/",27200,500,771500,20992000000,0,true,0
"PVD",132416,"/Date(1702621475000)/",27200,100,771000,20979000000,0,false,0
"PVD",132416,"/Date(1702621474000)/",27200,1400,770900,20976000000,0,false,0
"PVD",132416,"/Date(1702621474000)/",27200,2500,769500,20938000000,0,false,0
"PVD",132416,"/Date(1702621474000)/",27200,800,767000,20870000000,0,false,0
"PVD",132413,"/Date(1702621469000)/",27200,200,766200,20848000000,0,false,0
"PVD",132400,"/Date(1702621459000)/",27200,1000,766000,20843000000,0,false,0
"PVD",132400,"/Date(1702621459000)/",27200,400,765000,20816000000,0,false,0
"PVD",132350,"/Date(1702621447000)/",27200,4000,764600,20805000000,0,false,0
"PVD",132322,"/Date(1702621419000)/",27200,200,760600,20696000000,0,false,0
"PVD",132318,"/Date(1702621416000)/",27200,100,760400,20690000000,0,false,0
"PVD",132309,"/Date(1702621407000)/",27200,800,760300,20688000000,0,false,0
"PVD",132230,"/Date(1702621369000)/",27200,100,759500,20666000000,0,false,0
"PVD",132230,"/Date(1702621369000)/",27200,4400,759400,20663000000,0,false,0
"PVD",132227,"/Date(1702621367000)/",27200,600,755000,20544000000,0,false,0
"PVD",132227,"/Date(1702621367000)/",27200,200,754400,20527000000,0,false,0
"PVD",132227,"/Date(1702621367000)/",27200,300,754200,20522000000,0,false,0
"PVD",132227,"/Date(1702621367000)/",27200,300,753900,20514000000,0,false,0
"PVD",132227,"/Date(1702621367000)/",27200,200,753600,20505000000,0,false,0
"PVD",132224,"/Date(1702621361000)/",27200,100,753400,20500000000,0,false,0
"PVD",132208,"/Date(1702621346000)/",27200,500,753300,20497000000,0,false,0
"PVD",132205,"/Date(1702621341000)/",27200,100,752800,20484000000,0,false,0
"PVD",132146,"/Date(1702621325000)/",27200,500,752700,20481000000,0,false,0
"PVD",132139,"/Date(1702621319000)/",27200,600,752200,20467000000,0,false,0
"PVD",132139,"/Date(1702621319000)/",27200,400,751600,20451000000,0,false,0
"PVD",132117,"/Date(1702621296000)/",27200,100,751200,20440000000,0,false,0
"PVD",132117,"/Date(1702621296000)/",27200,500,751100,20437000000,0,false,0
"PVD",132117,"/Date(1702621296000)/",27200,400,750600,20424000000,0,false,0
"PVD",132111,"/Date(1702621289000)/",27200,600,750200,20413000000,0,false,0
"PVD",132111,"/Date(1702621289000)/",27200,2000,749600,20397000000,0,false,0
"PVD",132111,"/Date(1702621289000)/",27200,300,747600,20342000000,0,false,0
"PVD",132111,"/Date(1702621289000)/",27200,100,747300,20334000000,0,false,0
"PVD",132007,"/Date(1702621224000)/",27200,1100,747200,20331000000,0,false,0
"PVD",132007,"/Date(1702621224000)/",27200,900,746100,20301000000,0,false,0
"PVD",131939,"/Date(1702621197000)/",27200,100,745200,20277000000,0,false,0
"PVD",131932,"/Date(1702621189000)/",27200,300,745100,20274000000,0,false,0
"PVD",131913,"/Date(1702621171000)/",27200,100,744800,20266000000,0,false,0
"PVD",131841,"/Date(1702621139000)/",27200,100,744700,20263000000,0,false,0
"PVD",131706,"/Date(1702621044000)/",27150,900,744600,20261000000,-50,true,-0.18
"PVD",131706,"/Date(1702621044000)/",27150,100,743700,20236000000,-50,true,-0.18
"PVD",131650,"/Date(1702621027000)/",27150,1000,743600,20233000000,-50,true,-0.18
"PVD",131647,"/Date(1702621024000)/",27150,500,742600,20206000000,-50,true,-0.18
"PVD",131621,"/Date(1702621000000)/",27150,1600,742100,20193000000,-50,true,-0.18
"PVD",131559,"/Date(1702620978000)/",27150,1000,740500,20149000000,-50,true,-0.18
"PVD",131443,"/Date(1702620900000)/",27200,100,739500,20122000000,0,false,0
"PVD",131439,"/Date(1702620896000)/",27200,1400,739400,20119000000,0,false,0
"PVD",131439,"/Date(1702620896000)/",27200,2600,738000,20081000000,0,false,0
"PVD",131427,"/Date(1702620886000)/",27200,200,735400,20011000000,0,false,0
"PVD",131423,"/Date(1702620880000)/",27200,200,735200,20005000000,0,false,0
"PVD",131407,"/Date(1702620858000)/",27200,300,735000,20000000000,0,true,0
"PVD",131407,"/Date(1702620855000)/",27200,500,734700,19992000000,0,true,0
"PVD",131407,"/Date(1702620855000)/",27200,2800,734200,19978000000,0,true,0
"PVD",131407,"/Date(1702620855000)/",27200,700,731400,19902000000,0,true,0
"PVD",131407,"/Date(1702620855000)/",27200,200,730700,19883000000,0,true,0
"PVD",131407,"/Date(1702620855000)/",27200,500,730500,19877000000,0,true,0
"PVD",131407,"/Date(1702620855000)/",27200,500,730000,19864000000,0,true,0
"PVD",131407,"/Date(1702620855000)/",27200,1000,729500,19850000000,0,true,0
"PVD",131407,"/Date(1702620855000)/",27200,500,728500,19823000000,0,true,0
"PVD",131348,"/Date(1702620847000)/",27200,500,728000,19809000000,0,true,0
"PVD",131348,"/Date(1702620846000)/",27200,1000,727500,19796000000,0,true,0
"PVD",131348,"/Date(1702620846000)/",27200,400,726500,19769000000,0,true,0
"PVD",131339,"/Date(1702620837000)/",27200,100,726100,19758000000,0,true,0
"PVD",131339,"/Date(1702620837000)/",27200,300,726000,19755000000,0,true,0
"PVD",131339,"/Date(1702620837000)/",27200,1000,725700,19747000000,0,true,0
"PVD",131339,"/Date(1702620837000)/",27200,1000,724700,19720000000,0,true,0
"PVD",131339,"/Date(1702620837000)/",27200,200,723700,19692000000,0,true,0
"PVD",131339,"/Date(1702620837000)/",27200,300,723500,19687000000,0,true,0
"PVD",131339,"/Date(1702620837000)/",27200,2100,723200,19679000000,0,true,0
"PVD",131336,"/Date(1702620832000)/",27200,100,721100,19622000000,0,true,0
"PVD",131242,"/Date(1702620780000)/",27250,400,721000,19619000000,50,false,0.18
"PVD",131154,"/Date(1702620730000)/",27250,500,720600,19608000000,50,false,0.18
"PVD",131138,"/Date(1702620715000)/",27200,800,720100,19594000000,0,false,0
"PVD",131132,"/Date(1702620708000)/",27200,100,719300,19573000000,0,false,0
"PVD",131128,"/Date(1702620706000)/",27200,100,719200,19570000000,0,true,0
"PVD",131128,"/Date(1702620706000)/",27200,1400,719100,19567000000,0,true,0
"PVD",131122,"/Date(1702620699000)/",27200,200,717700,19529000000,0,true,0
"PVD",131116,"/Date(1702620691000)/",27200,1700,717500,19524000000,0,false,0
"PVD",131116,"/Date(1702620691000)/",27200,100,715800,19477000000,0,false,0
"PVD",131116,"/Date(1702620691000)/",27200,300,715700,19475000000,0,false,0
"PVD",131116,"/Date(1702620691000)/",27200,500,715400,19467000000,0,false,0
"PVD",131112,"/Date(1702620691000)/",27200,500,714900,19453000000,0,false,0
"PVD",131112,"/Date(1702620691000)/",27200,300,714400,19439000000,0,false,0
"PVD",131103,"/Date(1702620682000)/",27200,200,714100,19431000000,0,false,0
"PVD",131103,"/Date(1702620682000)/",27200,300,713900,19426000000,0,false,0
"PVD",131103,"/Date(1702620679000)/",27200,1000,713600,19418000000,0,false,0
"PVD",131056,"/Date(1702620675000)/",27200,1300,712600,19390000000,0,false,0
"PVD",131047,"/Date(1702620665000)/",27200,400,711300,19355000000,0,false,0
"PVD",131021,"/Date(1702620639000)/",27150,800,710900,19344000000,-50,true,-0.18
"PVD",131021,"/Date(1702620639000)/",27150,100,710100,19322000000,-50,true,-0.18
"PVD",131021,"/Date(1702620639000)/",27150,500,710000,19320000000,-50,true,-0.18
"PVD",131021,"/Date(1702620639000)/",27150,600,709500,19306000000,-50,true,-0.18
"PVD",131018,"/Date(1702620636000)/",27200,1400,708900,19290000000,0,false,0
"PVD",131015,"/Date(1702620633000)/",27200,600,707500,19252000000,0,false,0
"PVD",131015,"/Date(1702620631000)/",27200,500,706900,19236000000,0,false,0
"PVD",131012,"/Date(1702620629000)/",27200,100,706400,19222000000,0,false,0
"PVD",131009,"/Date(1702620625000)/",27200,1000,706300,19219000000,0,false,0
"PVD",131002,"/Date(1702620618000)/",27200,1000,705300,19192000000,0,false,0
"PVD",130959,"/Date(1702620616000)/",27200,1000,704300,19165000000,0,false,0
"PVD",130953,"/Date(1702620611000)/",27200,500,703300,19138000000,0,false,0
"PVD",130949,"/Date(1702620606000)/",27200,900,702800,19124000000,0,false,0
"PVD",130949,"/Date(1702620606000)/",27200,500,701900,19100000000,0,false,0
"PVD",130949,"/Date(1702620606000)/",27200,100,701400,19086000000,0,false,0
"PVD",130949,"/Date(1702620606000)/",27200,500,701300,19083000000,0,false,0
"PVD",130949,"/Date(1702620606000)/",27200,300,700800,19070000000,0,false,0
"PVD",130949,"/Date(1702620606000)/",27200,200,700500,19061000000,0,false,0
"PVD",130949,"/Date(1702620606000)/",27200,500,700300,19056000000,0,false,0
"PVD",130949,"/Date(1702620606000)/",27200,300,699800,19042000000,0,false,0
"PVD",130949,"/Date(1702620606000)/",27200,100,699500,19034000000,0,false,0
"PVD",130949,"/Date(1702620606000)/",27200,6600,699400,19032000000,0,false,0
"PVD",130937,"/Date(1702620595000)/",27200,100,692800,18852000000,0,false,0
"PVD",130937,"/Date(1702620594000)/",27200,1000,692700,18849000000,0,false,0
"PVD",130921,"/Date(1702620579000)/",27150,700,691700,18822000000,-50,true,-0.18
"PVD",130905,"/Date(1702620562000)/",27200,300,691000,18803000000,0,false,0
"PVD",130858,"/Date(1702620556000)/",27200,500,690700,18795000000,0,false,0
"PVD",130839,"/Date(1702620537000)/",27200,200,690200,18781000000,0,false,0
"PVD",130827,"/Date(1702620523000)/",27200,100,690000,18776000000,0,false,0
"PVD",130811,"/Date(1702620509000)/",27200,1000,689900,18773000000,0,false,0
"PVD",130635,"/Date(1702620412000)/",27200,1000,688900,18746000000,0,false,0
"PVD",130622,"/Date(1702620399000)/",27150,100,687900,18719000000,-50,true,-0.18
"PVD",130616,"/Date(1702620391000)/",27200,1000,687800,18716000000,0,false,0
"PVD",130600,"/Date(1702620378000)/",27200,1000,686800,18689000000,0,false,0
"PVD",130547,"/Date(1702620363000)/",27150,100,685800,18662000000,-50,true,-0.18
"PVD",130547,"/Date(1702620363000)/",27150,500,685700,18659000000,-50,true,-0.18
"PVD",130544,"/Date(1702620361000)/",27150,100,685200,18645000000,-50,false,-0.18
"PVD",130525,"/Date(1702620343000)/",27150,1300,685100,18643000000,-50,false,-0.18
"PVD",130525,"/Date(1702620343000)/",27150,4700,683800,18607000000,-50,false,-0.18
"PVD",130437,"/Date(1702620293000)/",27150,100,679100,18480000000,-50,false,-0.18
"PVD",130327,"/Date(1702620222000)/",27150,100,679000,18477000000,-50,false,-0.18
"PVD",130317,"/Date(1702620213000)/",27150,100,678900,18474000000,-50,false,-0.18
"PVD",130317,"/Date(1702620213000)/",27150,400,678800,18472000000,-50,false,-0.18
"PVD",130255,"/Date(1702620192000)/",27150,100,678400,18461000000,-50,false,-0.18
"PVD",130233,"/Date(1702620168000)/",27150,300,678300,18458000000,-50,false,-0.18
"PVD",130142,"/Date(1702620119000)/",27150,200,678000,18450000000,-50,false,-0.18
"PVD",130142,"/Date(1702620119000)/",27150,100,677800,18444000000,-50,false,-0.18
"PVD",130142,"/Date(1702620119000)/",27150,700,677700,18442000000,-50,false,-0.18
"PVD",130132,"/Date(1702620110000)/",27150,1000,677000,18423000000,-50,false,-0.18
"PVD",130129,"/Date(1702620106000)/",27100,1000,676000,18396000000,-100,true,-0.37
"PVD",130012,"/Date(1702620027000)/",27100,300,675000,18368000000,-100,true,-0.37
"PVD",130012,"/Date(1702620025000)/",27150,500,674700,18360000000,-50,false,-0.18
"PVD",130009,"/Date(1702620017000)/",27150,500,674200,18347000000,-50,false,-0.18
"PVD",130006,"/Date(1702620009000)/",27150,100,673700,18333000000,-50,true,-0.18
"PVD",130006,"/Date(1702620008000)/",27150,100,673600,18330000000,-50,true,-0.18
"PVD",130006,"/Date(1702620007000)/",27150,100,673500,18328000000,-50,true,-0.18
"PVD",130003,"/Date(1702620004000)/",27150,200,673400,18325000000,-50,true,-0.18
"PVD",130003,"/Date(1702620004000)/",27150,1100,673200,18320000000,-50,true,-0.18
"PVD",130003,"/Date(1702620003000)/",27150,2000,672100,18290000000,-50,true,-0.18
"PVD",125956,"/Date(1702620001000)/",27150,100,670100,18235000000,-50,true,-0.18
"PVD",125956,"/Date(1702620001000)/",27150,1000,670000,18233000000,-50,true,-0.18
"PVD",125956,"/Date(1702620001000)/",27150,500,669000,18206000000,-50,true,-0.18
"PVD",125956,"/Date(1702620001000)/",27150,2000,668500,18192000000,-50,true,-0.18
"PVD",112924,"/Date(1702614576000)/",27150,500,666500,18138000000,-50,true,-0.18
"PVD",112902,"/Date(1702614555000)/",27150,200,666000,18124000000,-50,false,-0.18
"PVD",112902,"/Date(1702614555000)/",27150,200,665800,18119000000,-50,false,-0.18
"PVD",112902,"/Date(1702614555000)/",27150,1000,665600,18113000000,-50,false,-0.18
"PVD",112902,"/Date(1702614555000)/",27150,1400,664600,18086000000,-50,false,-0.18
"PVD",112855,"/Date(1702614547000)/",27150,8600,663200,18048000000,-50,false,-0.18
"PVD",112855,"/Date(1702614547000)/",27150,500,654600,17815000000,-50,false,-0.18
"PVD",112855,"/Date(1702614547000)/",27150,900,654100,17801000000,-50,false,-0.18
"PVD",112833,"/Date(1702614526000)/",27150,1000,653200,17777000000,-50,false,-0.18
"PVD",112814,"/Date(1702614507000)/",27150,100,652200,17749000000,-50,false,-0.18
"PVD",112808,"/Date(1702614500000)/",27150,100,652100,17747000000,-50,false,-0.18
"PVD",112758,"/Date(1702614490000)/",27150,700,652000,17744000000,-50,false,-0.18
"PVD",112755,"/Date(1702614488000)/",27150,200,651300,17725000000,-50,false,-0.18
"PVD",112755,"/Date(1702614488000)/",27150,100,651100,17720000000,-50,false,-0.18
"PVD",112749,"/Date(1702614480000)/",27150,500,651000,17717000000,-50,false,-0.18
"PVD",112745,"/Date(1702614477000)/",27150,200,650500,17703000000,-50,false,-0.18
"PVD",112658,"/Date(1702614430000)/",27150,500,650300,17698000000,-50,false,-0.18
"PVD",112619,"/Date(1702614390000)/",27150,100,649800,17684000000,-50,false,-0.18
"PVD",112613,"/Date(1702614384000)/",27150,100,649700,17682000000,-50,false,-0.18
"PVD",112506,"/Date(1702614317000)/",27150,400,649600,17679000000,-50,false,-0.18
"PVD",112450,"/Date(1702614303000)/",27150,200,649200,17668000000,-50,false,-0.18
"PVD",112330,"/Date(1702614220000)/",27100,100,649000,17663000000,-100,false,-0.37
"PVD",112330,"/Date(1702614220000)/",27100,1000,648900,17660000000,-100,false,-0.37
"PVD",112324,"/Date(1702614214000)/",27100,500,647900,17633000000,-100,false,-0.37
"PVD",112315,"/Date(1702614206000)/",27100,200,647400,17619000000,-100,false,-0.37
"PVD",112311,"/Date(1702614201000)/",27100,4800,647200,17614000000,-100,false,-0.37
"PVD",112311,"/Date(1702614201000)/",27100,200,642400,17484000000,-100,false,-0.37
"PVD",112311,"/Date(1702614201000)/",27100,2000,642200,17478000000,-100,false,-0.37
"PVD",112311,"/Date(1702614201000)/",27100,2900,640200,17424000000,-100,false,-0.37
"PVD",112311,"/Date(1702614201000)/",27100,10100,637300,17345000000,-100,false,-0.37
"PVD",112255,"/Date(1702614187000)/",27100,100,627200,17072000000,-100,false,-0.37
"PVD",112214,"/Date(1702614144000)/",27050,500,627100,17069000000,-150,true,-0.55
"PVD",112126,"/Date(1702614097000)/",27100,500,626600,17056000000,-100,false,-0.37
"PVD",112126,"/Date(1702614096000)/",27100,500,626100,17042000000,-100,false,-0.37
"PVD",112114,"/Date(1702614085000)/",27050,400,625600,17028000000,-150,true,-0.55
"PVD",111912,"/Date(1702613962000)/",27100,1000,625200,17018000000,-100,false,-0.37
"PVD",111850,"/Date(1702613941000)/",27100,100,624200,16991000000,-100,false,-0.37
"PVD",111847,"/Date(1702613937000)/",27050,600,624100,16988000000,-150,true,-0.55
"PVD",111847,"/Date(1702613937000)/",27050,100,623500,16972000000,-150,true,-0.55
"PVD",111844,"/Date(1702613936000)/",27050,1000,623400,16969000000,-150,true,-0.55
"PVD",111844,"/Date(1702613936000)/",27050,1000,622400,16942000000,-150,true,-0.55
"PVD",111844,"/Date(1702613936000)/",27050,2000,621400,16915000000,-150,true,-0.55
"PVD",111844,"/Date(1702613936000)/",27050,500,619400,16861000000,-150,true,-0.55
"PVD",111844,"/Date(1702613936000)/",27050,400,618900,16847000000,-150,true,-0.55
"PVD",111844,"/Date(1702613936000)/",27050,100,618500,16836000000,-150,true,-0.55
"PVD",111844,"/Date(1702613936000)/",27050,1000,618400,16834000000,-150,true,-0.55
"PVD",111837,"/Date(1702613928000)/",27100,500,617400,16807000000,-100,false,-0.37
"PVD",111837,"/Date(1702613928000)/",27100,100,616900,16793000000,-100,false,-0.37
"PVD",111837,"/Date(1702613928000)/",27100,1000,616800,16790000000,-100,false,-0.37
"PVD",111837,"/Date(1702613928000)/",27100,400,615800,16763000000,-100,false,-0.37
"PVD",111837,"/Date(1702613928000)/",27100,100,615400,16752000000,-100,false,-0.37
"PVD",111837,"/Date(1702613928000)/",27100,1600,615300,16750000000,-100,false,-0.37
"PVD",111806,"/Date(1702613897000)/",27150,500,613700,16706000000,-50,false,-0.18
"PVD",111756,"/Date(1702613888000)/",27100,3400,613200,16693000000,-100,true,-0.37
"PVD",111756,"/Date(1702613888000)/",27100,100,609800,16601000000,-100,true,-0.37
"PVD",111756,"/Date(1702613888000)/",27100,100,609700,16598000000,-100,true,-0.37
"PVD",111756,"/Date(1702613888000)/",27100,1000,609600,16595000000,-100,true,-0.37
"PVD",111756,"/Date(1702613888000)/",27100,2000,608600,16568000000,-100,true,-0.37
"PVD",111756,"/Date(1702613888000)/",27100,500,606600,16514000000,-100,true,-0.37
"PVD",111756,"/Date(1702613888000)/",27100,1000,606100,16500000000,-100,true,-0.37
"PVD",111756,"/Date(1702613888000)/",27100,100,605100,16473000000,-100,true,-0.37
"PVD",111756,"/Date(1702613888000)/",27100,100,605000,16471000000,-100,true,-0.37
"PVD",111756,"/Date(1702613888000)/",27100,100,604900,16468000000,-100,true,-0.37
"PVD",111756,"/Date(1702613888000)/",27100,1000,604800,16465000000,-100,true,-0.37
"PVD",111756,"/Date(1702613888000)/",27100,2000,603800,16438000000,-100,true,-0.37
"PVD",111756,"/Date(1702613888000)/",27100,1000,601800,16384000000,-100,true,-0.37
"PVD",111756,"/Date(1702613888000)/",27100,1000,600800,16357000000,-100,true,-0.37
"PVD",111756,"/Date(1702613888000)/",27100,1000,599800,16330000000,-100,true,-0.37
"PVD",111756,"/Date(1702613888000)/",27100,500,598800,16303000000,-100,true,-0.37
"PVD",111756,"/Date(1702613888000)/",27100,600,598300,16289000000,-100,true,-0.37
"PVD",111737,"/Date(1702613869000)/",27100,100,597700,16273000000,-100,true,-0.37
"PVD",111724,"/Date(1702613856000)/",27100,400,597600,16270000000,-100,true,-0.37
"PVD",111708,"/Date(1702613840000)/",27100,100,597200,16259000000,-100,true,-0.37
"PVD",111611,"/Date(1702613780000)/",27100,200,597100,16256000000,-100,true,-0.37
"PVD",111533,"/Date(1702613742000)/",27100,500,596900,16251000000,-100,true,-0.37
"PVD",111517,"/Date(1702613726000)/",27100,2000,596400,16237000000,-100,true,-0.37
"PVD",111448,"/Date(1702613698000)/",27100,1100,594400,16183000000,-100,true,-0.37
"PVD",111448,"/Date(1702613698000)/",27100,100,593300,16153000000,-100,true,-0.37
"PVD",111448,"/Date(1702613698000)/",27100,500,593200,16151000000,-100,true,-0.37
"PVD",111448,"/Date(1702613698000)/",27100,200,592700,16137000000,-100,true,-0.37
"PVD",111448,"/Date(1702613698000)/",27100,100,592500,16132000000,-100,true,-0.37
"PVD",111423,"/Date(1702613672000)/",27100,400,592400,16129000000,-100,true,-0.37
"PVD",111423,"/Date(1702613672000)/",27100,200,592000,16118000000,-100,true,-0.37
"PVD",111423,"/Date(1702613672000)/",27100,200,591800,16113000000,-100,true,-0.37
"PVD",111423,"/Date(1702613672000)/",27100,300,591600,16107000000,-100,true,-0.37
"PVD",111423,"/Date(1702613672000)/",27100,100,591300,16099000000,-100,true,-0.37
"PVD",111423,"/Date(1702613672000)/",27100,100,591200,16097000000,-100,true,-0.37
"PVD",111423,"/Date(1702613672000)/",27100,300,591100,16094000000,-100,true,-0.37
"PVD",111423,"/Date(1702613672000)/",27100,200,590800,16086000000,-100,true,-0.37
"PVD",111423,"/Date(1702613672000)/",27100,1000,590600,16080000000,-100,true,-0.37
"PVD",111423,"/Date(1702613672000)/",27100,200,589600,16053000000,-100,true,-0.37
"PVD",111357,"/Date(1702613648000)/",27150,100,589400,16048000000,-50,false,-0.18
"PVD",111357,"/Date(1702613648000)/",27150,300,589300,16045000000,-50,false,-0.18
"PVD",111348,"/Date(1702613638000)/",27150,200,589000,16037000000,-50,true,-0.18
"PVD",111348,"/Date(1702613638000)/",27150,300,588800,16031000000,-50,true,-0.18
"PVD",111341,"/Date(1702613633000)/",27150,700,588500,16023000000,-50,true,-0.18
"PVD",111341,"/Date(1702613633000)/",27150,200,587800,16004000000,-50,true,-0.18
"PVD",111341,"/Date(1702613633000)/",27150,200,587600,15999000000,-50,true,-0.18
"PVD",111341,"/Date(1702613633000)/",27150,500,587400,15993000000,-50,true,-0.18
"PVD",111341,"/Date(1702613633000)/",27150,200,586900,15980000000,-50,true,-0.18
"PVD",111341,"/Date(1702613633000)/",27150,500,586700,15974000000,-50,true,-0.18
"PVD",111341,"/Date(1702613633000)/",27150,1000,586200,15961000000,-50,true,-0.18
"PVD",111341,"/Date(1702613633000)/",27150,100,585200,15934000000,-50,true,-0.18
"PVD",111341,"/Date(1702613633000)/",27150,500,585100,15931000000,-50,true,-0.18
"PVD",111341,"/Date(1702613633000)/",27150,200,584600,15917000000,-50,true,-0.18
"PVD",111341,"/Date(1702613633000)/",27150,500,584400,15912000000,-50,true,-0.18
"PVD",111341,"/Date(1702613633000)/",27150,100,583900,15898000000,-50,true,-0.18
"PVD",111341,"/Date(1702613633000)/",27150,500,583800,15896000000,-50,true,-0.18
"PVD",111341,"/Date(1702613633000)/",27150,5000,583300,15882000000,-50,true,-0.18
"PVD",111341,"/Date(1702613633000)/",27150,2000,578300,15746000000,-50,true,-0.18
"PVD",111341,"/Date(1702613633000)/",27150,1000,576300,15692000000,-50,true,-0.18
"PVD",111341,"/Date(1702613633000)/",27150,6800,575300,15665000000,-50,true,-0.18
"PVD",111231,"/Date(1702613562000)/",27150,1000,568500,15480000000,-50,true,-0.18
"PVD",111225,"/Date(1702613555000)/",27150,600,567500,15453000000,-50,true,-0.18
"PVD",111153,"/Date(1702613522000)/",27150,1100,566900,15437000000,-50,true,-0.18
"PVD",111128,"/Date(1702613497000)/",27150,500,565800,15407000000,-50,true,-0.18
"PVD",111128,"/Date(1702613497000)/",27150,500,565300,15393000000,-50,true,-0.18
"PVD",111115,"/Date(1702613484000)/",27150,500,564800,15380000000,-50,true,-0.18
"PVD",111115,"/Date(1702613484000)/",27150,400,564300,15366000000,-50,true,-0.18
"PVD",111102,"/Date(1702613474000)/",27150,100,563900,15355000000,-50,true,-0.18
"PVD",111102,"/Date(1702613474000)/",27150,200,563800,15353000000,-50,true,-0.18
"PVD",111102,"/Date(1702613474000)/",27150,100,563600,15347000000,-50,true,-0.18
"PVD",111102,"/Date(1702613474000)/",27150,100,563500,15345000000,-50,true,-0.18
"PVD",111102,"/Date(1702613474000)/",27150,5000,563400,15342000000,-50,true,-0.18
"PVD",111102,"/Date(1702613474000)/",27150,500,558400,15206000000,-50,true,-0.18
"PVD",110829,"/Date(1702613320000)/",27150,1000,557900,15193000000,-50,true,-0.18
"PVD",110738,"/Date(1702613270000)/",27150,2000,556900,15165000000,-50,true,-0.18
"PVD",110710,"/Date(1702613240000)/",27150,300,554900,15111000000,-50,true,-0.18
"PVD",110612,"/Date(1702613182000)/",27150,400,554600,15103000000,-50,true,-0.18
"PVD",110600,"/Date(1702613171000)/",27200,2000,554200,15092000000,0,false,0
"PVD",110502,"/Date(1702613113000)/",27200,500,552200,15038000000,0,false,0
"PVD",110453,"/Date(1702613103000)/",27150,900,551700,15024000000,-50,true,-0.18
"PVD",110453,"/Date(1702613102000)/",27200,1000,550800,15000000000,0,false,0
"PVD",110148,"/Date(1702612919000)/",27150,100,549800,14972000000,-50,true,-0.18
"PVD",110104,"/Date(1702612875000)/",27200,1000,549700,14970000000,0,false,0
"PVD",105938,"/Date(1702612789000)/",27200,200,548700,14943000000,0,false,0
"PVD",105750,"/Date(1702612681000)/",27200,200,548500,14937000000,0,false,0
"PVD",105750,"/Date(1702612680000)/",27200,800,548300,14932000000,0,false,0
"PVD",105740,"/Date(1702612670000)/",27200,6800,547500,14910000000,0,false,0
"PVD",105740,"/Date(1702612670000)/",27200,2000,540700,14725000000,0,false,0
"PVD",105740,"/Date(1702612670000)/",27200,400,538700,14671000000,0,false,0
"PVD",105708,"/Date(1702612637000)/",27200,100,538300,14660000000,0,false,0
"PVD",105708,"/Date(1702612637000)/",27200,200,538200,14657000000,0,false,0
"PVD",105708,"/Date(1702612637000)/",27200,700,538000,14651000000,0,false,0
"PVD",105705,"/Date(1702612635000)/",27200,1500,537300,14632000000,0,false,0
"PVD",105705,"/Date(1702612635000)/",27200,200,535800,14592000000,0,false,0
"PVD",105705,"/Date(1702612635000)/",27200,3300,535600,14586000000,0,false,0
"PVD",105705,"/Date(1702612634000)/",27200,6700,532300,14496000000,0,false,0
"PVD",105705,"/Date(1702612634000)/",27200,1000,525600,14314000000,0,false,0
"PVD",105705,"/Date(1702612634000)/",27200,1800,524600,14287000000,0,false,0
"PVD",105705,"/Date(1702612634000)/",27200,1500,522800,14238000000,0,false,0
"PVD",105649,"/Date(1702612620000)/",27200,1200,521300,14197000000,0,false,0
"PVD",105640,"/Date(1702612608000)/",27200,3000,520100,14165000000,0,false,0
"PVD",105611,"/Date(1702612581000)/",27200,200,517100,14083000000,0,false,0
"PVD",105527,"/Date(1702612535000)/",27200,100,516900,14078000000,0,false,0
"PVD",105357,"/Date(1702612448000)/",27150,200,516800,14075000000,-50,true,-0.18
"PVD",105357,"/Date(1702612447000)/",27150,100,516600,14069000000,-50,true,-0.18
"PVD",105332,"/Date(1702612422000)/",27150,200,516500,14067000000,-50,true,-0.18
"PVD",105235,"/Date(1702612364000)/",27150,2200,516300,14061000000,-50,true,-0.18
"PVD",105235,"/Date(1702612364000)/",27150,3500,514100,14002000000,-50,true,-0.18
"PVD",105235,"/Date(1702612364000)/",27150,500,510600,13907000000,-50,true,-0.18
"PVD",105235,"/Date(1702612364000)/",27150,100,510100,13893000000,-50,true,-0.18
"PVD",105235,"/Date(1702612364000)/",27150,100,510000,13890000000,-50,true,-0.18
"PVD",105235,"/Date(1702612364000)/",27150,500,509900,13888000000,-50,true,-0.18
"PVD",105235,"/Date(1702612364000)/",27150,100,509400,13874000000,-50,true,-0.18
"PVD",105235,"/Date(1702612364000)/",27150,100,509300,13871000000,-50,true,-0.18
"PVD",105235,"/Date(1702612364000)/",27150,1900,509200,13869000000,-50,true,-0.18
"PVD",105235,"/Date(1702612364000)/",27150,1000,507300,13817000000,-50,true,-0.18
"PVD",105222,"/Date(1702612353000)/",27200,100,506300,13790000000,0,false,0
"PVD",105153,"/Date(1702612322000)/",27200,100,506200,13787000000,0,false,0
"PVD",105056,"/Date(1702612265000)/",27200,3800,506100,13784000000,0,false,0
"PVD",105056,"/Date(1702612265000)/",27200,200,502300,13681000000,0,false,0
"PVD",105053,"/Date(1702612263000)/",27200,100,502100,13676000000,0,false,0
"PVD",105053,"/Date(1702612263000)/",27200,400,502000,13673000000,0,false,0
"PVD",104613,"/Date(1702611981000)/",27100,100,501600,13662000000,-100,true,-0.37
"PVD",104547,"/Date(1702611955000)/",27100,100,501500,13659000000,-100,true,-0.37
"PVD",104544,"/Date(1702611954000)/",27100,4100,501400,13657000000,-100,true,-0.37
"PVD",104544,"/Date(1702611954000)/",27100,5500,497300,13545000000,-100,true,-0.37
"PVD",104525,"/Date(1702611934000)/",27100,1000,491800,13396000000,-100,false,-0.37
"PVD",104512,"/Date(1702611923000)/",27100,1000,490800,13369000000,-100,true,-0.37
"PVD",104512,"/Date(1702611923000)/",27100,1000,489800,13342000000,-100,true,-0.37
"PVD",104512,"/Date(1702611923000)/",27100,100,488800,13315000000,-100,true,-0.37
"PVD",104512,"/Date(1702611923000)/",27100,100,488700,13312000000,-100,true,-0.37
"PVD",104512,"/Date(1702611923000)/",27100,300,488600,13310000000,-100,true,-0.37
"PVD",104512,"/Date(1702611923000)/",27100,300,488300,13302000000,-100,true,-0.37
"PVD",104512,"/Date(1702611923000)/",27100,700,488000,13293000000,-100,true,-0.37
"PVD",104512,"/Date(1702611920000)/",27100,300,487300,13274000000,-100,true,-0.37
"PVD",104512,"/Date(1702611920000)/",27100,200,487000,13266000000,-100,true,-0.37
"PVD",104512,"/Date(1702611920000)/",27100,300,486800,13261000000,-100,true,-0.37
"PVD",104512,"/Date(1702611920000)/",27100,200,486500,13253000000,-100,true,-0.37
"PVD",104443,"/Date(1702611891000)/",27100,100,486300,13247000000,-100,true,-0.37
"PVD",104443,"/Date(1702611891000)/",27100,400,486200,13245000000,-100,true,-0.37
"PVD",104405,"/Date(1702611855000)/",27200,500,485800,13234000000,0,false,0
"PVD",104402,"/Date(1702611852000)/",27100,300,485300,13220000000,-100,true,-0.37
"PVD",104402,"/Date(1702611852000)/",27100,1000,485000,13212000000,-100,true,-0.37
"PVD",104402,"/Date(1702611852000)/",27100,1300,484000,13185000000,-100,true,-0.37
"PVD",104402,"/Date(1702611852000)/",27100,500,482700,13150000000,-100,true,-0.37
"PVD",104402,"/Date(1702611852000)/",27100,100,482200,13136000000,-100,true,-0.37
"PVD",104402,"/Date(1702611852000)/",27100,500,482100,13133000000,-100,true,-0.37
"PVD",104402,"/Date(1702611852000)/",27100,100,481600,13120000000,-100,true,-0.37
"PVD",104402,"/Date(1702611852000)/",27100,500,481500,13117000000,-100,true,-0.37
"PVD",104402,"/Date(1702611852000)/",27100,200,481000,13104000000,-100,true,-0.37
"PVD",104402,"/Date(1702611852000)/",27100,1000,480800,13098000000,-100,true,-0.37
"PVD",104402,"/Date(1702611852000)/",27100,1000,479800,13071000000,-100,true,-0.37
"PVD",104402,"/Date(1702611852000)/",27100,500,478800,13044000000,-100,true,-0.37
"PVD",104402,"/Date(1702611852000)/",27100,100,478300,13030000000,-100,true,-0.37
"PVD",104402,"/Date(1702611852000)/",27100,5000,478200,13028000000,-100,true,-0.37
"PVD",104402,"/Date(1702611852000)/",27100,100,473200,12892000000,-100,true,-0.37
"PVD",104402,"/Date(1702611852000)/",27100,100,473100,12890000000,-100,true,-0.37
"PVD",104402,"/Date(1702611852000)/",27100,1000,473000,12887000000,-100,true,-0.37
"PVD",104402,"/Date(1702611852000)/",27100,2000,472000,12860000000,-100,true,-0.37
"PVD",104402,"/Date(1702611852000)/",27100,100,470000,12806000000,-100,true,-0.37
"PVD",104402,"/Date(1702611852000)/",27100,200,469900,12803000000,-100,true,-0.37
"PVD",104402,"/Date(1702611852000)/",27100,500,469700,12797000000,-100,true,-0.37
"PVD",104402,"/Date(1702611852000)/",27100,1000,469200,12784000000,-100,true,-0.37
"PVD",104402,"/Date(1702611852000)/",27100,500,468200,12757000000,-100,true,-0.37
"PVD",104402,"/Date(1702611852000)/",27150,1000,467700,12743000000,-50,true,-0.18
"PVD",104402,"/Date(1702611852000)/",27150,200,466700,12716000000,-50,true,-0.18
"PVD",104402,"/Date(1702611852000)/",27150,1000,466500,12711000000,-50,true,-0.18
"PVD",104402,"/Date(1702611852000)/",27150,200,465500,12683000000,-50,true,-0.18
"PVD",104311,"/Date(1702611800000)/",27150,300,465300,12678000000,-50,false,-0.18
"PVD",104255,"/Date(1702611783000)/",27150,1000,465000,12670000000,-50,false,-0.18
"PVD",104243,"/Date(1702611773000)/",27150,1000,464000,12643000000,-50,false,-0.18
"PVD",104152,"/Date(1702611722000)/",27150,100,463000,12616000000,-50,false,-0.18
"PVD",104126,"/Date(1702611696000)/",27150,1000,462900,12613000000,-50,false,-0.18
"PVD",104055,"/Date(1702611663000)/",27150,2000,461900,12586000000,-50,false,-0.18
"PVD",104051,"/Date(1702611661000)/",27150,500,459900,12531000000,-50,true,-0.18
"PVD",104051,"/Date(1702611661000)/",27150,200,459400,12518000000,-50,true,-0.18
"PVD",104051,"/Date(1702611661000)/",27150,300,459200,12512000000,-50,true,-0.18
"PVD",104051,"/Date(1702611661000)/",27150,4900,458900,12504000000,-50,true,-0.18
"PVD",104029,"/Date(1702611639000)/",27200,1000,454000,12371000000,0,false,0
"PVD",104020,"/Date(1702611629000)/",27150,100,453000,12344000000,-50,true,-0.18
"PVD",104020,"/Date(1702611629000)/",27150,400,452900,12341000000,-50,true,-0.18
"PVD",104016,"/Date(1702611627000)/",27150,100,452500,12330000000,-50,true,-0.18
"PVD",104016,"/Date(1702611627000)/",27150,200,452400,12328000000,-50,true,-0.18
"PVD",104010,"/Date(1702611619000)/",27150,100,452200,12322000000,-50,true,-0.18
"PVD",104007,"/Date(1702611617000)/",27200,1400,452100,12320000000,0,false,0
"PVD",104007,"/Date(1702611617000)/",27200,5000,450700,12282000000,0,false,0
"PVD",104007,"/Date(1702611617000)/",27200,500,445700,12146000000,0,false,0
"PVD",104007,"/Date(1702611617000)/",27200,4000,445200,12132000000,0,false,0
"PVD",104007,"/Date(1702611617000)/",27200,20100,441200,12023000000,0,false,0
"PVD",103954,"/Date(1702611604000)/",27150,10000,421100,11476000000,-50,true,-0.18
"PVD",103954,"/Date(1702611603000)/",27150,400,411100,11205000000,-50,true,-0.18
"PVD",103948,"/Date(1702611595000)/",27150,500,410700,11194000000,-50,true,-0.18
"PVD",103932,"/Date(1702611581000)/",27150,1500,410200,11180000000,-50,true,-0.18
"PVD",103919,"/Date(1702611567000)/",27150,1000,408700,11140000000,-50,true,-0.18
"PVD",103916,"/Date(1702611566000)/",27150,200,407700,11113000000,-50,true,-0.18
"PVD",103910,"/Date(1702611557000)/",27150,100,407500,11107000000,-50,true,-0.18
"PVD",103903,"/Date(1702611552000)/",27150,100,407400,11104000000,-50,true,-0.18
"PVD",103900,"/Date(1702611549000)/",27150,200,407300,11102000000,-50,true,-0.18
"PVD",103851,"/Date(1702611539000)/",27150,300,407100,11096000000,-50,true,-0.18
"PVD",103844,"/Date(1702611533000)/",27150,100,406800,11088000000,-50,true,-0.18
"PVD",103844,"/Date(1702611533000)/",27150,100,406700,11085000000,-50,true,-0.18
"PVD",103844,"/Date(1702611533000)/",27150,2000,406600,11083000000,-50,true,-0.18
"PVD",103844,"/Date(1702611533000)/",27150,100,404600,11028000000,-50,true,-0.18
"PVD",103844,"/Date(1702611533000)/",27150,3100,404500,11026000000,-50,true,-0.18
"PVD",103838,"/Date(1702611528000)/",27100,500,401400,10942000000,-100,true,-0.37
"PVD",103835,"/Date(1702611523000)/",27100,100,400900,10928000000,-100,true,-0.37
"PVD",103835,"/Date(1702611523000)/",27100,300,400800,10925000000,-100,true,-0.37
"PVD",103835,"/Date(1702611523000)/",27100,300,400500,10917000000,-100,true,-0.37
"PVD",103835,"/Date(1702611523000)/",27100,300,400200,10909000000,-100,true,-0.37
"PVD",103832,"/Date(1702611519000)/",27100,700,399900,10901000000,-100,true,-0.37
"PVD",103832,"/Date(1702611519000)/",27100,300,399200,10882000000,-100,true,-0.37
"PVD",103806,"/Date(1702611493000)/",27100,100,398900,10874000000,-100,true,-0.37
"PVD",103659,"/Date(1702611430000)/",27100,1600,398800,10871000000,-100,true,-0.37
"PVD",103659,"/Date(1702611430000)/",27100,100,397200,10828000000,-100,true,-0.37
"PVD",103659,"/Date(1702611430000)/",27100,100,397100,10825000000,-100,true,-0.37
"PVD",103659,"/Date(1702611430000)/",27100,100,397000,10822000000,-100,true,-0.37
"PVD",103659,"/Date(1702611430000)/",27100,100,396900,10820000000,-100,true,-0.37
"PVD",103659,"/Date(1702611428000)/",27150,1000,396800,10817000000,-50,false,-0.18
"PVD",103656,"/Date(1702611424000)/",27150,500,395800,10790000000,-50,false,-0.18
"PVD",103653,"/Date(1702611422000)/",27150,300,395300,10776000000,-50,false,-0.18
"PVD",103653,"/Date(1702611420000)/",27150,500,395000,10768000000,-50,false,-0.18
"PVD",103615,"/Date(1702611382000)/",27150,1000,394500,10754000000,-50,false,-0.18
"PVD",103556,"/Date(1702611364000)/",27150,100,393500,10727000000,-50,false,-0.18
"PVD",103553,"/Date(1702611361000)/",27150,300,393400,10725000000,-50,false,-0.18
"PVD",103540,"/Date(1702611349000)/",27150,1000,393100,10716000000,-50,false,-0.18
"PVD",103540,"/Date(1702611348000)/",27150,2000,392100,10689000000,-50,false,-0.18
"PVD",103518,"/Date(1702611326000)/",27150,100,390100,10635000000,-50,false,-0.18
"PVD",103502,"/Date(1702611310000)/",27150,100,390000,10632000000,-50,false,-0.18
"PVD",103459,"/Date(1702611309000)/",27150,200,389900,10630000000,-50,false,-0.18
"PVD",103456,"/Date(1702611303000)/",27150,100,389700,10624000000,-50,false,-0.18
"PVD",103443,"/Date(1702611292000)/",27150,1300,389600,10621000000,-50,true,-0.18
"PVD",103443,"/Date(1702611292000)/",27150,100,388300,10586000000,-50,true,-0.18
"PVD",103443,"/Date(1702611292000)/",27150,500,388200,10583000000,-50,true,-0.18
"PVD",103443,"/Date(1702611292000)/",27150,300,387700,10570000000,-50,true,-0.18
"PVD",103443,"/Date(1702611292000)/",27150,300,387400,10562000000,-50,true,-0.18
"PVD",103443,"/Date(1702611292000)/",27150,1200,387100,10554000000,-50,true,-0.18
"PVD",103443,"/Date(1702611292000)/",27150,100,385900,10521000000,-50,true,-0.18
"PVD",103436,"/Date(1702611284000)/",27150,100,385800,10518000000,-50,true,-0.18
"PVD",103301,"/Date(1702611188000)/",27150,800,385700,10516000000,-50,true,-0.18
"PVD",103301,"/Date(1702611188000)/",27150,1200,384900,10494000000,-50,true,-0.18
"PVD",103258,"/Date(1702611185000)/",27150,200,383700,10461000000,-50,true,-0.18
"PVD",103258,"/Date(1702611185000)/",27150,900,383500,10456000000,-50,true,-0.18
"PVD",103245,"/Date(1702611174000)/",27150,100,382600,10431000000,-50,true,-0.18
"PVD",103245,"/Date(1702611174000)/",27150,100,382500,10429000000,-50,true,-0.18
"PVD",103245,"/Date(1702611174000)/",27150,1000,382400,10426000000,-50,true,-0.18
"PVD",103245,"/Date(1702611174000)/",27150,200,381400,10399000000,-50,true,-0.18
"PVD",103245,"/Date(1702611174000)/",27150,1700,381200,10393000000,-50,true,-0.18
"PVD",103245,"/Date(1702611174000)/",27150,3200,379500,10347000000,-50,true,-0.18
"PVD",103245,"/Date(1702611174000)/",27150,1000,376300,10260000000,-50,true,-0.18
"PVD",103245,"/Date(1702611174000)/",27150,1800,375300,10233000000,-50,true,-0.18
"PVD",103223,"/Date(1702611150000)/",27150,200,373500,10184000000,-50,true,-0.18
"PVD",103223,"/Date(1702611150000)/",27150,300,373300,10179000000,-50,true,-0.18
"PVD",103223,"/Date(1702611150000)/",27150,100,373000,10171000000,-50,true,-0.18
"PVD",103223,"/Date(1702611150000)/",27150,600,372900,10168000000,-50,true,-0.18
"PVD",103057,"/Date(1702611065000)/",27150,400,372300,10152000000,-50,true,-0.18
"PVD",103057,"/Date(1702611065000)/",27150,5000,371900,10141000000,-50,true,-0.18
"PVD",103057,"/Date(1702611065000)/",27150,3500,366900,10005000000,-50,true,-0.18
"PVD",103057,"/Date(1702611065000)/",27150,1000,363400,9910000000,-50,true,-0.18
"PVD",103057,"/Date(1702611065000)/",27150,100,362400,9883000000,-50,true,-0.18
"PVD",103051,"/Date(1702611059000)/",27200,900,362300,9880000000,0,false,0
"PVD",103041,"/Date(1702611051000)/",27200,100,361400,9856000000,0,false,0
"PVD",103041,"/Date(1702611050000)/",27150,900,361300,9853000000,-50,true,-0.18
"PVD",103041,"/Date(1702611050000)/",27150,100,360400,9829000000,-50,true,-0.18
"PVD",103003,"/Date(1702611011000)/",27150,300,360300,9826000000,-50,true,-0.18
"PVD",103003,"/Date(1702611011000)/",27150,200,360000,9818000000,-50,true,-0.18
"PVD",103003,"/Date(1702611011000)/",27150,500,359800,9812000000,-50,true,-0.18
"PVD",103003,"/Date(1702611011000)/",27150,100,359300,9799000000,-50,true,-0.18
"PVD",103003,"/Date(1702611011000)/",27150,100,359200,9796000000,-50,true,-0.18
"PVD",102918,"/Date(1702610965000)/",27150,100,359100,9793000000,-50,true,-0.18
"PVD",102918,"/Date(1702610965000)/",27150,100,359000,9791000000,-50,true,-0.18
"PVD",102918,"/Date(1702610965000)/",27150,100,358900,9788000000,-50,true,-0.18
"PVD",102859,"/Date(1702610948000)/",27150,200,358800,9785000000,-50,true,-0.18
"PVD",102859,"/Date(1702610948000)/",27150,100,358600,9780000000,-50,true,-0.18
"PVD",102847,"/Date(1702610936000)/",27150,400,358500,9777000000,-50,true,-0.18
"PVD",102847,"/Date(1702610936000)/",27150,100,358100,9766000000,-50,true,-0.18
"PVD",102827,"/Date(1702610914000)/",27150,1900,358000,9763000000,-50,true,-0.18
"PVD",102827,"/Date(1702610914000)/",27150,100,356100,9712000000,-50,true,-0.18
"PVD",102756,"/Date(1702610885000)/",27150,500,356000,9709000000,-50,true,-0.18
"PVD",102601,"/Date(1702610770000)/",27150,2800,355500,9696000000,-50,true,-0.18
"PVD",102601,"/Date(1702610770000)/",27150,1000,352700,9620000000,-50,true,-0.18
"PVD",102601,"/Date(1702610770000)/",27150,500,351700,9592000000,-50,true,-0.18
"PVD",102601,"/Date(1702610770000)/",27150,100,351200,9579000000,-50,true,-0.18
"PVD",102601,"/Date(1702610770000)/",27150,200,351100,9576000000,-50,true,-0.18
"PVD",102526,"/Date(1702610733000)/",27150,4000,350900,9571000000,-50,true,-0.18
"PVD",102526,"/Date(1702610733000)/",27150,1000,346900,9462000000,-50,true,-0.18
"PVD",102526,"/Date(1702610733000)/",27150,5000,345900,9435000000,-50,true,-0.18
"PVD",102514,"/Date(1702610723000)/",27200,200,340900,9299000000,0,false,0
"PVD",102423,"/Date(1702610671000)/",27200,600,340700,9294000000,0,false,0
"PVD",102325,"/Date(1702610612000)/",27200,3000,340100,9277000000,0,false,0
"PVD",102303,"/Date(1702610591000)/",27200,1000,337100,9196000000,0,false,0
"PVD",102137,"/Date(1702610504000)/",27200,100,336100,9169000000,0,false,0
"PVD",102053,"/Date(1702610461000)/",27200,1000,336000,9166000000,0,false,0
"PVD",102043,"/Date(1702610451000)/",27200,100,335000,9139000000,0,false,0
"PVD",102043,"/Date(1702610451000)/",27200,2000,334900,9136000000,0,false,0
"PVD",102043,"/Date(1702610451000)/",27200,1000,332900,9082000000,0,false,0
"PVD",102043,"/Date(1702610451000)/",27200,100,331900,9054000000,0,false,0
"PVD",102043,"/Date(1702610451000)/",27200,100,331800,9052000000,0,false,0
"PVD",102043,"/Date(1702610451000)/",27200,300,331700,9049000000,0,false,0
"PVD",102043,"/Date(1702610451000)/",27200,300,331400,9041000000,0,false,0
"PVD",102043,"/Date(1702610451000)/",27200,100,331100,9033000000,0,false,0
"PVD",102043,"/Date(1702610451000)/",27200,400,331000,9030000000,0,false,0
"PVD",102043,"/Date(1702610451000)/",27200,100,330600,9019000000,0,false,0
