"Stockcode","Package","TradingDate","Price","Vol","TotalVol","TotalVal","Change","IsBuy","PerChange"
"SMC",144457,"/Date(1702626301000)/",10150,1600,136300,1383000000,0,false,0
"SMC",142909,"/Date(1702625370000)/",10150,200,134700,1367000000,0,false,0
"SMC",142903,"/Date(1702625364000)/",10150,200,134500,1365000000,0,false,0
"SMC",142903,"/Date(1702625364000)/",10150,100,134300,1363000000,0,false,0
"SMC",142825,"/Date(1702625326000)/",10200,100,134200,1362000000,50,true,0.49
"SMC",142604,"/Date(1702625185000)/",10200,1900,134100,1361000000,50,true,0.49
"SMC",142604,"/Date(1702625185000)/",10200,100,132200,1341000000,50,true,0.49
"SMC",142604,"/Date(1702625185000)/",10200,2100,132100,1340000000,50,true,0.49
"SMC",142422,"/Date(1702625084000)/",10200,500,130000,1319000000,50,true,0.49
"SMC",141909,"/Date(1702624771000)/",10200,200,129500,1314000000,50,true,0.49
"SMC",141545,"/Date(1702624567000)/",10200,1000,129300,1312000000,50,true,0.49
"SMC",141519,"/Date(1702624541000)/",10200,800,128300,1301000000,50,true,0.49
"SMC",141422,"/Date(1702624482000)/",10250,1500,127500,1293000000,100,false,0.99
"SMC",141221,"/Date(1702624363000)/",10250,5900,126000,1278000000,100,true,0.99
"SMC",141123,"/Date(1702624303000)/",10250,200,120100,1217000000,100,true,0.99
"SMC",141123,"/Date(1702624303000)/",10250,1000,119900,1215000000,100,true,0.99
"SMC",141038,"/Date(1702624258000)/",10250,100,118900,1205000000,100,false,0.99
"SMC",141038,"/Date(1702624258000)/",10250,500,118800,1204000000,100,false,0.99
"SMC",141038,"/Date(1702624258000)/",10250,100,118300,1199000000,100,false,0.99
"SMC",141010,"/Date(1702624230000)/",10250,300,118200,1198000000,100,false,0.99
"SMC",140743,"/Date(1702624083000)/",10250,5000,117900,1195000000,100,false,0.99
"SMC",140318,"/Date(1702623818000)/",10200,400,112900,1144000000,50,true,0.49
"SMC",140311,"/Date(1702623810000)/",10200,500,112500,1139000000,50,false,0.49
"SMC",140236,"/Date(1702623778000)/",10200,600,112000,1134000000,50,false,0.49
"SMC",140236,"/Date(1702623778000)/",10200,1400,111400,1128000000,50,false,0.49
"SMC",140145,"/Date(1702623726000)/",10200,500,110000,1114000000,50,false,0.49
"SMC",135425,"/Date(1702623281000)/",10100,600,109500,1109000000,-50,true,-0.49
"SMC",135425,"/Date(1702623281000)/",10150,100,108900,1103000000,0,true,0
"SMC",135308,"/Date(1702623208000)/",10200,100,108800,1102000000,50,false,0.49
"SMC",134834,"/Date(1702622934000)/",10200,900,108700,1101000000,50,true,0.49
"SMC",134834,"/Date(1702622934000)/",10200,100,107800,1092000000,50,true,0.49
"SMC",134834,"/Date(1702622934000)/",10200,1000,107700,1091000000,50,true,0.49
"SMC",134036,"/Date(1702622455000)/",10250,200,106700,1080000000,100,false,0.99
"SMC",133601,"/Date(1702622181000)/",10250,300,106500,1078000000,100,false,0.99
"SMC",133435,"/Date(1702622093000)/",10250,500,106200,1075000000,100,false,0.99
"SMC",133221,"/Date(1702621961000)/",10250,300,105700,1070000000,100,false,0.99
"SMC",132740,"/Date(1702621679000)/",10300,500,105400,1067000000,150,false,1.48
"SMC",132630,"/Date(1702621607000)/",10300,3800,104900,1062000000,150,false,1.48
"SMC",132211,"/Date(1702621348000)/",10200,1000,101100,1023000000,50,true,0.49
"SMC",132017,"/Date(1702621233000)/",10200,100,100100,1013000000,50,false,0.49
"SMC",132017,"/Date(1702621233000)/",10200,200,100000,1012000000,50,false,0.49
"SMC",131747,"/Date(1702621085000)/",10200,100,99800,1009000000,50,false,0.49
"SMC",131731,"/Date(1702621068000)/",10200,700,99700,1008000000,50,false,0.49
"SMC",131731,"/Date(1702621068000)/",10200,300,99000,1001000000,50,false,0.49
"SMC",131605,"/Date(1702620982000)/",10200,1000,98700,998000000,50,false,0.49
"SMC",131543,"/Date(1702620961000)/",10200,500,97700,988000000,50,false,0.49
"SMC",130635,"/Date(1702620413000)/",10150,500,97200,983000000,0,false,0
"SMC",130635,"/Date(1702620413000)/",10150,200,96700,978000000,0,false,0
"SMC",130635,"/Date(1702620413000)/",10150,500,96500,976000000,0,false,0
"SMC",130249,"/Date(1702620187000)/",10100,500,96000,971000000,-50,true,-0.49
"SMC",130100,"/Date(1702620078000)/",10100,200,95500,966000000,-50,true,-0.49
"SMC",130003,"/Date(1702620004000)/",10100,300,95300,964000000,-50,false,-0.49
"SMC",130003,"/Date(1702620004000)/",10100,1200,95000,961000000,-50,false,-0.49
"SMC",112943,"/Date(1702614593000)/",10100,200,93800,949000000,-50,false,-0.49
"SMC",112658,"/Date(1702614429000)/",10100,100,93600,947000000,-50,false,-0.49
"SMC",112658,"/Date(1702614429000)/",10100,500,93500,946000000,-50,false,-0.49
"SMC",112246,"/Date(1702614176000)/",10100,2600,93000,940000000,-50,true,-0.49
"SMC",111837,"/Date(1702613929000)/",10050,100,90400,914000000,-100,true,-0.99
"SMC",111837,"/Date(1702613929000)/",10050,400,90300,913000000,-100,true,-0.99
"SMC",111636,"/Date(1702613807000)/",10050,100,89900,909000000,-100,true,-0.99
"SMC",111636,"/Date(1702613807000)/",10050,100,89800,908000000,-100,true,-0.99
"SMC",111636,"/Date(1702613807000)/",10050,1300,89700,907000000,-100,true,-0.99
"SMC",111636,"/Date(1702613807000)/",10100,500,88400,894000000,-50,true,-0.49
"SMC",111400,"/Date(1702613652000)/",10050,1600,87900,889000000,-100,true,-0.99
"SMC",111344,"/Date(1702613636000)/",10050,400,86300,873000000,-100,true,-0.99
"SMC",111335,"/Date(1702613625000)/",10100,100,85900,869000000,-50,false,-0.49
"SMC",111306,"/Date(1702613596000)/",10100,1000,85800,868000000,-50,false,-0.49
"SMC",111306,"/Date(1702613596000)/",10100,2500,84800,858000000,-50,false,-0.49
"SMC",111306,"/Date(1702613596000)/",10100,100,82300,833000000,-50,false,-0.49
"SMC",111306,"/Date(1702613596000)/",10100,1000,82200,832000000,-50,false,-0.49
"SMC",111306,"/Date(1702613596000)/",10100,200,81200,822000000,-50,false,-0.49
"SMC",111306,"/Date(1702613596000)/",10100,500,81000,819000000,-50,false,-0.49
"SMC",111306,"/Date(1702613596000)/",10100,100,80500,814000000,-50,false,-0.49
"SMC",111306,"/Date(1702613596000)/",10100,100,80400,813000000,-50,false,-0.49
"SMC",111306,"/Date(1702613596000)/",10100,2000,80300,812000000,-50,false,-0.49
"SMC",111306,"/Date(1702613596000)/",10100,500,78300,792000000,-50,false,-0.49
"SMC",111306,"/Date(1702613596000)/",10100,300,77800,787000000,-50,false,-0.49
"SMC",110946,"/Date(1702613397000)/",10100,200,77500,784000000,-50,true,-0.49
"SMC",110713,"/Date(1702613243000)/",10150,2000,77300,782000000,0,false,0
"SMC",110713,"/Date(1702613243000)/",10150,1000,75300,762000000,0,false,0
"SMC",110713,"/Date(1702613243000)/",10150,6600,74300,752000000,0,false,0
"SMC",105831,"/Date(1702612721000)/",10200,200,67700,685000000,50,false,0.49
"SMC",105831,"/Date(1702612721000)/",10200,400,67500,683000000,50,false,0.49
"SMC",105831,"/Date(1702612721000)/",10200,200,67100,679000000,50,false,0.49
"SMC",105831,"/Date(1702612721000)/",10200,200,66900,677000000,50,false,0.49
"SMC",105015,"/Date(1702612223000)/",10200,600,66700,674000000,50,false,0.49
"SMC",104936,"/Date(1702612186000)/",10200,600,66100,668000000,50,false,0.49
"SMC",104635,"/Date(1702612003000)/",10150,100,65500,662000000,0,true,0
"SMC",104412,"/Date(1702611862000)/",10150,500,65400,661000000,0,true,0
"SMC",104126,"/Date(1702611695000)/",10150,2000,64900,656000000,0,true,0
"SMC",104016,"/Date(1702611625000)/",10150,1700,62900,636000000,0,true,0
"SMC",103220,"/Date(1702611149000)/",10150,3000,61200,619000000,0,true,0
"SMC",102931,"/Date(1702610978000)/",10200,100,58200,588000000,50,false,0.49
"SMC",102737,"/Date(1702610866000)/",10200,500,58100,587000000,50,false,0.49
"SMC",102222,"/Date(1702610548000)/",10200,400,57600,582000000,50,true,0.49
"SMC",101331,"/Date(1702610018000)/",10200,5900,57200,578000000,50,true,0.49
"SMC",101243,"/Date(1702609969000)/",10200,1000,51300,518000000,50,false,0.49
"SMC",100945,"/Date(1702609793000)/",10200,100,50300,508000000,50,false,0.49
"SMC",100023,"/Date(1702609228000)/",10150,300,50200,507000000,0,true,0
"SMC",95850,"/Date(1702609138000)/",10150,3000,49900,503000000,0,true,0
"SMC",95342,"/Date(1702608829000)/",10150,2000,46900,473000000,0,true,0
"SMC",95132,"/Date(1702608698000)/",10150,500,44900,453000000,0,true,0
"SMC",95051,"/Date(1702608658000)/",10150,300,44400,448000000,0,true,0
"SMC",95051,"/Date(1702608658000)/",10150,1700,44100,445000000,0,true,0
"SMC",94452,"/Date(1702608299000)/",10150,2000,42400,427000000,0,false,0
"SMC",94452,"/Date(1702608299000)/",10150,1300,40400,407000000,0,false,0
"SMC",93844,"/Date(1702607929000)/",10100,3500,39100,394000000,-50,false,-0.49
"SMC",93831,"/Date(1702607918000)/",10100,1000,35600,359000000,-50,true,-0.49
"SMC",93831,"/Date(1702607918000)/",10100,500,34600,348000000,-50,true,-0.49
"SMC",93831,"/Date(1702607918000)/",10100,1000,34100,343000000,-50,true,-0.49
"SMC",93822,"/Date(1702607907000)/",10150,500,33100,333000000,0,false,0
"SMC",93757,"/Date(1702607882000)/",10150,100,32600,328000000,0,false,0
"SMC",93725,"/Date(1702607850000)/",10100,300,32500,327000000,-50,false,-0.49
"SMC",93706,"/Date(1702607832000)/",10100,700,32200,324000000,-50,false,-0.49
"SMC",93706,"/Date(1702607832000)/",10100,1800,31500,317000000,-50,false,-0.49
"SMC",93650,"/Date(1702607814000)/",10100,1700,29700,299000000,-50,false,-0.49
"SMC",93650,"/Date(1702607814000)/",10100,300,28000,282000000,-50,false,-0.49
"SMC",93621,"/Date(1702607787000)/",10100,1000,27700,279000000,-50,false,-0.49
"SMC",93605,"/Date(1702607770000)/",10100,1000,26700,269000000,-50,false,-0.49
"SMC",93553,"/Date(1702607758000)/",10100,200,25700,259000000,-50,false,-0.49
"SMC",93534,"/Date(1702607740000)/",10100,200,25500,256000000,-50,false,-0.49
"SMC",93502,"/Date(1702607707000)/",10100,200,25300,254000000,-50,false,-0.49
"SMC",93013,"/Date(1702607418000)/",10050,700,25100,252000000,-100,true,-0.99
"SMC",93013,"/Date(1702607418000)/",10050,700,24400,245000000,-100,true,-0.99
"SMC",92751,"/Date(1702607274000)/",10100,100,23700,238000000,-50,false,-0.49
"SMC",92751,"/Date(1702607274000)/",10100,500,23600,237000000,-50,false,-0.49
"SMC",92751,"/Date(1702607274000)/",10100,1400,23100,232000000,-50,false,-0.49
"SMC",92218,"/Date(1702606941000)/",10050,300,21700,218000000,-100,false,-0.99
"SMC",92215,"/Date(1702606939000)/",10050,2000,21400,215000000,-100,false,-0.99
"SMC",92143,"/Date(1702606906000)/",10050,300,19400,195000000,-100,false,-0.99
"SMC",92105,"/Date(1702606869000)/",10050,2000,19100,192000000,-100,true,-0.99
"SMC",92105,"/Date(1702606869000)/",10050,100,17100,172000000,-100,true,-0.99
"SMC",92105,"/Date(1702606869000)/",10050,1000,17000,171000000,-100,true,-0.99
"SMC",92105,"/Date(1702606869000)/",10050,1000,16000,161000000,-100,true,-0.99
"SMC",92105,"/Date(1702606869000)/",10050,1300,15000,151000000,-100,true,-0.99
"SMC",92105,"/Date(1702606869000)/",10050,2000,13700,138000000,-100,true,-0.99
"SMC",91933,"/Date(1702606779000)/",10100,1700,11700,118000000,-50,false,-0.49
"SMC",91859,"/Date(1702606742000)/",10100,2300,10000,101000000,-50,false,-0.49
"SMC",91849,"/Date(1702606734000)/",10050,500,7700,77000000,-100,true,-0.99
"SMC",91849,"/Date(1702606734000)/",10050,500,7200,72000000,-100,true,-0.99
"SMC",91821,"/Date(1702606704000)/",10100,700,6700,67000000,-50,true,-0.49
"SMC",91811,"/Date(1702606694000)/",10100,300,6000,60000000,-50,false,-0.49
"SMC",91730,"/Date(1702606655000)/",10100,100,5700,57000000,-50,true,-0.49
"SMC",91730,"/Date(1702606655000)/",10100,100,5600,56000000,-50,true,-0.49
"SMC",91730,"/Date(1702606655000)/",10100,3000,5500,55000000,-50,true,-0.49
"SMC",91730,"/Date(1702606655000)/",10100,1500,2500,25000000,-50,true,-0.49
"SMC",91459,"/Date(1702606500000)/",10150,1000,1000,10000000,0,false,0
