"Stockcode","Package","TradingDate","Price","Vol","TotalVol","TotalVal","Change","IsBuy","PerChange"
"VIC",144441,"/Date(1702626300000)/",43700,3609600,6066700,264804000000,-100,false,-0.23
"VIC",142935,"/Date(1702625397000)/",43450,600,2457100,107065000000,-350,false,-0.8
"VIC",142935,"/Date(1702625397000)/",43450,200,2456500,107039000000,-350,false,-0.8
"VIC",142935,"/Date(1702625397000)/",43450,400,2456300,107030000000,-350,false,-0.8
"VIC",142925,"/Date(1702625387000)/",43450,700,2455900,107013000000,-350,false,-0.8
"VIC",142916,"/Date(1702625379000)/",43400,900,2455200,106982000000,-400,true,-0.91
"VIC",142916,"/Date(1702625379000)/",43400,100,2454300,106943000000,-400,true,-0.91
"VIC",142916,"/Date(1702625379000)/",43400,100,2454200,106939000000,-400,true,-0.91
"VIC",142916,"/Date(1702625379000)/",43400,1000,2454100,106934000000,-400,true,-0.91
"VIC",142916,"/Date(1702625379000)/",43400,1000,2453100,106891000000,-400,true,-0.91
"VIC",142916,"/Date(1702625379000)/",43400,3600,2452100,106848000000,-400,true,-0.91
"VIC",142916,"/Date(1702625378000)/",43450,400,2448500,106691000000,-350,true,-0.8
"VIC",142916,"/Date(1702625378000)/",43450,4600,2448100,106674000000,-350,true,-0.8
"VIC",142913,"/Date(1702625376000)/",43450,600,2443500,106474000000,-350,true,-0.8
"VIC",142913,"/Date(1702625376000)/",43450,1000,2442900,106448000000,-350,true,-0.8
"VIC",142913,"/Date(1702625376000)/",43500,3800,2441900,106405000000,-300,true,-0.68
"VIC",142913,"/Date(1702625374000)/",43500,1000,2438100,106239000000,-300,true,-0.68
"VIC",142913,"/Date(1702625374000)/",43500,200,2437100,106196000000,-300,true,-0.68
"VIC",142909,"/Date(1702625371000)/",43450,100,2436900,106187000000,-350,true,-0.8
"VIC",142903,"/Date(1702625364000)/",43400,18700,2436800,106183000000,-400,true,-0.91
"VIC",142903,"/Date(1702625364000)/",43450,100,2418100,105371000000,-350,false,-0.8
"VIC",142903,"/Date(1702625364000)/",43450,700,2418000,105367000000,-350,false,-0.8
"VIC",142903,"/Date(1702625364000)/",43450,500,2417300,105336000000,-350,false,-0.8
"VIC",142850,"/Date(1702625352000)/",43450,1000,2416800,105315000000,-350,false,-0.8
"VIC",142844,"/Date(1702625345000)/",43450,1000,2415800,105271000000,-350,false,-0.8
"VIC",142844,"/Date(1702625345000)/",43450,500,2414800,105228000000,-350,false,-0.8
"VIC",142837,"/Date(1702625339000)/",43400,200,2414300,105206000000,-400,true,-0.91
"VIC",142831,"/Date(1702625332000)/",43450,100,2414100,105197000000,-350,false,-0.8
"VIC",142831,"/Date(1702625332000)/",43450,2000,2414000,105193000000,-350,false,-0.8
"VIC",142831,"/Date(1702625332000)/",43450,100,2412000,105106000000,-350,false,-0.8
"VIC",142828,"/Date(1702625328000)/",43400,3800,2411900,105102000000,-400,true,-0.91
"VIC",142818,"/Date(1702625321000)/",43400,3700,2408100,104937000000,-400,true,-0.91
"VIC",142818,"/Date(1702625321000)/",43400,100,2404400,104776000000,-400,true,-0.91
"VIC",142815,"/Date(1702625318000)/",43450,800,2404300,104772000000,-350,true,-0.8
"VIC",142815,"/Date(1702625318000)/",43450,100,2403500,104737000000,-350,true,-0.8
"VIC",142812,"/Date(1702625315000)/",43450,3100,2403400,104733000000,-350,true,-0.8
"VIC",142812,"/Date(1702625315000)/",43450,600,2400300,104598000000,-350,true,-0.8
"VIC",142812,"/Date(1702625315000)/",43450,100,2399700,104572000000,-350,true,-0.8
"VIC",142809,"/Date(1702625311000)/",43450,100,2399600,104568000000,-350,true,-0.8
"VIC",142809,"/Date(1702625311000)/",43450,800,2399500,104563000000,-350,true,-0.8
"VIC",142806,"/Date(1702625306000)/",43450,100,2398700,104529000000,-350,true,-0.8
"VIC",142806,"/Date(1702625306000)/",43450,500,2398600,104524000000,-350,true,-0.8
"VIC",142806,"/Date(1702625306000)/",43450,100,2398100,104503000000,-350,true,-0.8
"VIC",142806,"/Date(1702625306000)/",43450,200,2398000,104498000000,-350,true,-0.8
"VIC",142806,"/Date(1702625306000)/",43450,2000,2397800,104490000000,-350,true,-0.8
"VIC",142806,"/Date(1702625306000)/",43450,100,2395800,104403000000,-350,true,-0.8
"VIC",142806,"/Date(1702625306000)/",43500,100,2395700,104398000000,-300,false,-0.68
"VIC",142806,"/Date(1702625306000)/",43500,100,2395600,104394000000,-300,false,-0.68
"VIC",142806,"/Date(1702625306000)/",43500,1000,2395500,104390000000,-300,false,-0.68
"VIC",142806,"/Date(1702625306000)/",43500,1000,2394500,104346000000,-300,false,-0.68
"VIC",142806,"/Date(1702625306000)/",43500,500,2393500,104303000000,-300,false,-0.68
"VIC",142802,"/Date(1702625304000)/",43550,300,2393000,104281000000,-250,false,-0.57
"VIC",142802,"/Date(1702625303000)/",43550,100,2392700,104268000000,-250,false,-0.57
"VIC",142802,"/Date(1702625303000)/",43500,100,2392600,104263000000,-300,true,-0.68
"VIC",142802,"/Date(1702625303000)/",43500,200,2392500,104259000000,-300,true,-0.68
"VIC",142802,"/Date(1702625303000)/",43500,3000,2392300,104250000000,-300,true,-0.68
"VIC",142802,"/Date(1702625303000)/",43500,100,2389300,104120000000,-300,true,-0.68
"VIC",142802,"/Date(1702625303000)/",43500,100,2389200,104116000000,-300,true,-0.68
"VIC",142802,"/Date(1702625303000)/",43500,100,2389100,104111000000,-300,true,-0.68
"VIC",142802,"/Date(1702625303000)/",43500,500,2389000,104107000000,-300,true,-0.68
"VIC",142802,"/Date(1702625303000)/",43500,300,2388500,104085000000,-300,true,-0.68
"VIC",142759,"/Date(1702625301000)/",43550,100,2388200,104072000000,-250,false,-0.57
"VIC",142749,"/Date(1702625293000)/",43500,800,2388100,104068000000,-300,true,-0.68
"VIC",142749,"/Date(1702625293000)/",43550,100,2387300,104033000000,-250,true,-0.57
"VIC",142749,"/Date(1702625293000)/",43550,1000,2387200,104029000000,-250,true,-0.57
"VIC",142749,"/Date(1702625293000)/",43550,1000,2386200,103985000000,-250,true,-0.57
"VIC",142749,"/Date(1702625293000)/",43550,200,2385200,103941000000,-250,true,-0.57
"VIC",142749,"/Date(1702625293000)/",43550,100,2385000,103933000000,-250,true,-0.57
"VIC",142749,"/Date(1702625293000)/",43550,400,2384900,103928000000,-250,true,-0.57
"VIC",142749,"/Date(1702625290000)/",43550,600,2384500,103911000000,-250,true,-0.57
"VIC",142749,"/Date(1702625290000)/",43550,200,2383900,103885000000,-250,true,-0.57
"VIC",142749,"/Date(1702625290000)/",43600,2000,2383700,103876000000,-200,true,-0.46
"VIC",142746,"/Date(1702625287000)/",43600,1000,2381700,103789000000,-200,false,-0.46
"VIC",142746,"/Date(1702625287000)/",43600,300,2380700,103745000000,-200,false,-0.46
"VIC",142746,"/Date(1702625287000)/",43600,16000,2380400,103732000000,-200,false,-0.46
"VIC",142746,"/Date(1702625287000)/",43600,700,2364400,103035000000,-200,false,-0.46
"VIC",142740,"/Date(1702625283000)/",43550,1100,2363700,103004000000,-250,true,-0.57
"VIC",142730,"/Date(1702625271000)/",43550,700,2362600,102956000000,-250,true,-0.57
"VIC",142730,"/Date(1702625271000)/",43550,700,2361900,102926000000,-250,true,-0.57
"VIC",142718,"/Date(1702625258000)/",43550,100,2361200,102895000000,-250,true,-0.57
"VIC",142711,"/Date(1702625252000)/",43550,2200,2361100,102891000000,-250,true,-0.57
"VIC",142711,"/Date(1702625252000)/",43550,400,2358900,102795000000,-250,true,-0.57
"VIC",142711,"/Date(1702625252000)/",43550,300,2358500,102778000000,-250,true,-0.57
"VIC",142711,"/Date(1702625252000)/",43550,100,2358200,102765000000,-250,true,-0.57
"VIC",142711,"/Date(1702625252000)/",43550,600,2358100,102760000000,-250,true,-0.57
"VIC",142705,"/Date(1702625247000)/",43600,500,2357500,102734000000,-200,false,-0.46
"VIC",142705,"/Date(1702625247000)/",43600,100,2357000,102712000000,-200,false,-0.46
"VIC",142652,"/Date(1702625233000)/",43600,100,2356900,102708000000,-200,true,-0.46
"VIC",142652,"/Date(1702625233000)/",43600,100,2356800,102704000000,-200,true,-0.46
"VIC",142636,"/Date(1702625218000)/",43600,300,2356700,102699000000,-200,false,-0.46
"VIC",142633,"/Date(1702625216000)/",43600,100,2356400,102686000000,-200,false,-0.46
"VIC",142630,"/Date(1702625211000)/",43600,100,2356300,102682000000,-200,false,-0.46
"VIC",142620,"/Date(1702625201000)/",43600,200,2356200,102677000000,-200,false,-0.46
"VIC",142620,"/Date(1702625201000)/",43600,600,2356000,102669000000,-200,false,-0.46
"VIC",142620,"/Date(1702625201000)/",43600,200,2355400,102643000000,-200,false,-0.46
"VIC",142620,"/Date(1702625201000)/",43600,400,2355200,102634000000,-200,false,-0.46
"VIC",142620,"/Date(1702625201000)/",43600,500,2354800,102616000000,-200,false,-0.46
"VIC",142620,"/Date(1702625201000)/",43600,900,2354300,102595000000,-200,false,-0.46
"VIC",142611,"/Date(1702625192000)/",43600,300,2353400,102555000000,-200,true,-0.46
"VIC",142607,"/Date(1702625191000)/",43600,3300,2353100,102542000000,-200,true,-0.46
"VIC",142604,"/Date(1702625186000)/",43600,200,2349800,102398000000,-200,true,-0.46
"VIC",142551,"/Date(1702625174000)/",43600,5200,2349600,102390000000,-200,true,-0.46
"VIC",142551,"/Date(1702625173000)/",43650,200,2344400,102163000000,-150,false,-0.34
"VIC",142551,"/Date(1702625173000)/",43650,800,2344200,102154000000,-150,false,-0.34
"VIC",142532,"/Date(1702625154000)/",43600,100,2343400,102119000000,-200,true,-0.46
"VIC",142529,"/Date(1702625152000)/",43650,1000,2343300,102115000000,-150,false,-0.34
"VIC",142529,"/Date(1702625152000)/",43650,100,2342300,102071000000,-150,false,-0.34
"VIC",142529,"/Date(1702625152000)/",43650,1900,2342200,102067000000,-150,false,-0.34
"VIC",142523,"/Date(1702625143000)/",43650,5700,2340300,101984000000,-150,true,-0.34
"VIC",142519,"/Date(1702625142000)/",43650,900,2334600,101735000000,-150,true,-0.34
"VIC",142519,"/Date(1702625141000)/",43650,1500,2333700,101696000000,-150,true,-0.34
"VIC",142519,"/Date(1702625141000)/",43650,200,2332200,101630000000,-150,true,-0.34
"VIC",142519,"/Date(1702625141000)/",43650,100,2332000,101622000000,-150,true,-0.34
"VIC",142519,"/Date(1702625141000)/",43650,500,2331900,101617000000,-150,true,-0.34
"VIC",142519,"/Date(1702625141000)/",43650,300,2331400,101596000000,-150,true,-0.34
"VIC",142519,"/Date(1702625141000)/",43650,400,2331100,101582000000,-150,true,-0.34
"VIC",142519,"/Date(1702625141000)/",43650,800,2330700,101565000000,-150,true,-0.34
"VIC",142513,"/Date(1702625136000)/",43650,900,2329900,101530000000,-150,true,-0.34
"VIC",142513,"/Date(1702625134000)/",43650,600,2329000,101491000000,-150,true,-0.34
"VIC",142513,"/Date(1702625134000)/",43650,3200,2328400,101465000000,-150,true,-0.34
"VIC",142500,"/Date(1702625123000)/",43700,200,2325200,101325000000,-100,false,-0.23
"VIC",142457,"/Date(1702625119000)/",43700,300,2325000,101316000000,-100,true,-0.23
"VIC",142457,"/Date(1702625119000)/",43700,4200,2324700,101303000000,-100,true,-0.23
"VIC",142451,"/Date(1702625112000)/",43700,700,2320500,101120000000,-100,true,-0.23
"VIC",142451,"/Date(1702625112000)/",43700,200,2319800,101089000000,-100,true,-0.23
"VIC",142451,"/Date(1702625112000)/",43700,2200,2319600,101080000000,-100,true,-0.23
"VIC",142441,"/Date(1702625102000)/",43700,2600,2317400,100984000000,-100,true,-0.23
"VIC",142428,"/Date(1702625091000)/",43700,2000,2314800,100870000000,-100,true,-0.23
"VIC",142428,"/Date(1702625091000)/",43700,100,2312800,100783000000,-100,true,-0.23
"VIC",142428,"/Date(1702625091000)/",43700,500,2312700,100779000000,-100,true,-0.23
"VIC",142428,"/Date(1702625091000)/",43700,1100,2312200,100757000000,-100,true,-0.23
"VIC",142422,"/Date(1702625084000)/",43700,300,2311100,100709000000,-100,true,-0.23
"VIC",142416,"/Date(1702625077000)/",43700,400,2310800,100696000000,-100,true,-0.23
"VIC",142416,"/Date(1702625076000)/",43700,100,2310400,100678000000,-100,true,-0.23
"VIC",142413,"/Date(1702625075000)/",43700,500,2310300,100674000000,-100,true,-0.23
"VIC",142334,"/Date(1702625036000)/",43700,100,2309800,100652000000,-100,true,-0.23
"VIC",142334,"/Date(1702625034000)/",43700,1200,2309700,100648000000,-100,true,-0.23
"VIC",142331,"/Date(1702625031000)/",43700,100,2308500,100595000000,-100,true,-0.23
"VIC",142325,"/Date(1702625026000)/",43750,500,2308400,100591000000,-50,false,-0.11
"VIC",142249,"/Date(1702624990000)/",43750,1000,2307900,100569000000,-50,true,-0.11
"VIC",142204,"/Date(1702624946000)/",43750,100,2306900,100525000000,-50,false,-0.11
"VIC",142204,"/Date(1702624946000)/",43750,1000,2306800,100521000000,-50,false,-0.11
"VIC",142204,"/Date(1702624946000)/",43750,500,2305800,100477000000,-50,false,-0.11
"VIC",142204,"/Date(1702624946000)/",43750,800,2305300,100455000000,-50,false,-0.11
"VIC",142204,"/Date(1702624946000)/",43750,1000,2304500,100420000000,-50,false,-0.11
"VIC",142204,"/Date(1702624946000)/",43750,700,2303500,100376000000,-50,false,-0.11
"VIC",142204,"/Date(1702624946000)/",43750,100,2302800,100346000000,-50,false,-0.11
"VIC",142204,"/Date(1702624946000)/",43750,300,2302700,100341000000,-50,false,-0.11
"VIC",142201,"/Date(1702624944000)/",43750,700,2302400,100328000000,-50,false,-0.11
"VIC",142201,"/Date(1702624941000)/",43700,100,2301700,100298000000,-100,true,-0.23
"VIC",142158,"/Date(1702624939000)/",43750,600,2301600,100293000000,-50,false,-0.11
"VIC",142148,"/Date(1702624931000)/",43700,100,2301000,100267000000,-100,true,-0.23
"VIC",142145,"/Date(1702624928000)/",43700,100,2300900,100263000000,-100,true,-0.23
"VIC",142129,"/Date(1702624911000)/",43700,100,2300800,100258000000,-100,false,-0.23
"VIC",142129,"/Date(1702624911000)/",43700,4000,2300700,100254000000,-100,false,-0.23
"VIC",142057,"/Date(1702624880000)/",43700,200,2296700,100079000000,-100,false,-0.23
"VIC",142057,"/Date(1702624880000)/",43650,400,2296500,100070000000,-150,true,-0.34
"VIC",142054,"/Date(1702624875000)/",43700,100,2296100,100053000000,-100,false,-0.23
"VIC",142032,"/Date(1702624852000)/",43700,100,2296000,100049000000,-100,false,-0.23
"VIC",142016,"/Date(1702624838000)/",43700,200,2295900,100044000000,-100,false,-0.23
"VIC",141925,"/Date(1702624786000)/",43650,100,2295700,100035000000,-150,true,-0.34
"VIC",141837,"/Date(1702624739000)/",43650,2000,2295600,100031000000,-150,true,-0.34
"VIC",141831,"/Date(1702624733000)/",43700,400,2293600,99944000000,-100,false,-0.23
"VIC",141831,"/Date(1702624733000)/",43700,500,2293200,99926000000,-100,false,-0.23
"VIC",141831,"/Date(1702624733000)/",43700,100,2292700,99904000000,-100,false,-0.23
"VIC",141808,"/Date(1702624709000)/",43700,200,2292600,99900000000,-100,false,-0.23
"VIC",141808,"/Date(1702624709000)/",43700,300,2292400,99891000000,-100,false,-0.23
"VIC",141724,"/Date(1702624666000)/",43700,200,2292100,99878000000,-100,true,-0.23
"VIC",141717,"/Date(1702624660000)/",43700,100,2291900,99869000000,-100,true,-0.23
"VIC",141639,"/Date(1702624620000)/",43750,100,2291800,99865000000,-50,true,-0.11
"VIC",141639,"/Date(1702624620000)/",43750,1300,2291700,99861000000,-50,true,-0.11
"VIC",141626,"/Date(1702624606000)/",43750,100,2290400,99804000000,-50,true,-0.11
"VIC",141623,"/Date(1702624604000)/",43750,400,2290300,99799000000,-50,false,-0.11
"VIC",141623,"/Date(1702624604000)/",43750,300,2289900,99782000000,-50,false,-0.11
"VIC",141623,"/Date(1702624604000)/",43750,1000,2289600,99769000000,-50,false,-0.11
"VIC",141623,"/Date(1702624604000)/",43750,100,2288600,99725000000,-50,false,-0.11
"VIC",141623,"/Date(1702624604000)/",43750,100,2288500,99721000000,-50,false,-0.11
"VIC",141623,"/Date(1702624604000)/",43750,100,2288400,99716000000,-50,false,-0.11
"VIC",141554,"/Date(1702624574000)/",43750,200,2288300,99712000000,-50,false,-0.11
"VIC",141554,"/Date(1702624574000)/",43700,100,2288100,99703000000,-100,true,-0.23
"VIC",141542,"/Date(1702624563000)/",43700,3200,2288000,99699000000,-100,true,-0.23
"VIC",141516,"/Date(1702624538000)/",43700,400,2284800,99559000000,-100,true,-0.23
"VIC",141500,"/Date(1702624521000)/",43700,4100,2284400,99542000000,-100,true,-0.23
"VIC",141500,"/Date(1702624521000)/",43700,400,2280300,99362000000,-100,true,-0.23
"VIC",141500,"/Date(1702624521000)/",43700,500,2279900,99345000000,-100,true,-0.23
"VIC",141447,"/Date(1702624507000)/",43750,700,2279400,99323000000,-50,false,-0.11
"VIC",141447,"/Date(1702624507000)/",43750,100,2278700,99292000000,-50,false,-0.11
"VIC",141447,"/Date(1702624507000)/",43750,100,2278600,99288000000,-50,false,-0.11
"VIC",141441,"/Date(1702624503000)/",43750,100,2278500,99284000000,-50,false,-0.11
"VIC",141441,"/Date(1702624503000)/",43750,800,2278400,99279000000,-50,false,-0.11
"VIC",141431,"/Date(1702624492000)/",43750,700,2277600,99244000000,-50,false,-0.11
"VIC",141425,"/Date(1702624485000)/",43750,200,2276900,99214000000,-50,true,-0.11
"VIC",141422,"/Date(1702624484000)/",43750,900,2276700,99205000000,-50,true,-0.11
"VIC",141422,"/Date(1702624484000)/",43750,100,2275800,99166000000,-50,true,-0.11
"VIC",141422,"/Date(1702624484000)/",43750,200,2275700,99161000000,-50,true,-0.11
"VIC",141419,"/Date(1702624480000)/",43750,600,2275500,99152000000,-50,false,-0.11
"VIC",141412,"/Date(1702624473000)/",43750,200,2274900,99126000000,-50,false,-0.11
"VIC",141412,"/Date(1702624473000)/",43750,900,2274700,99117000000,-50,false,-0.11
"VIC",141412,"/Date(1702624473000)/",43750,1100,2273800,99078000000,-50,false,-0.11
"VIC",141412,"/Date(1702624473000)/",43750,2200,2272700,99030000000,-50,false,-0.11
"VIC",141403,"/Date(1702624464000)/",43750,400,2270500,98934000000,-50,true,-0.11
"VIC",141350,"/Date(1702624450000)/",43750,1000,2270100,98916000000,-50,true,-0.11
"VIC",141324,"/Date(1702624426000)/",43750,200,2269100,98872000000,-50,true,-0.11
"VIC",141324,"/Date(1702624425000)/",43800,300,2268900,98864000000,0,false,0
"VIC",141321,"/Date(1702624423000)/",43750,100,2268600,98851000000,-50,true,-0.11
"VIC",141321,"/Date(1702624423000)/",43750,100,2268500,98846000000,-50,true,-0.11
"VIC",141318,"/Date(1702624418000)/",43750,1000,2268400,98842000000,-50,true,-0.11
"VIC",141243,"/Date(1702624385000)/",43700,500,2267400,98798000000,-100,true,-0.23
"VIC",141243,"/Date(1702624385000)/",43700,500,2266900,98776000000,-100,true,-0.23
"VIC",141233,"/Date(1702624375000)/",43800,100,2266400,98754000000,0,false,0
"VIC",141211,"/Date(1702624352000)/",43750,1000,2266300,98750000000,-50,false,-0.11
"VIC",141208,"/Date(1702624348000)/",43800,3000,2265300,98706000000,0,false,0
"VIC",141158,"/Date(1702624338000)/",43800,200,2262300,98575000000,0,false,0
"VIC",141158,"/Date(1702624338000)/",43800,2000,2262100,98566000000,0,false,0
"VIC",141158,"/Date(1702624338000)/",43800,300,2260100,98478000000,0,false,0
"VIC",141158,"/Date(1702624338000)/",43800,200,2259800,98465000000,0,false,0
"VIC",141158,"/Date(1702624338000)/",43800,300,2259600,98457000000,0,false,0
"VIC",141152,"/Date(1702624332000)/",43700,100,2259300,98443000000,-100,true,-0.23
"VIC",141149,"/Date(1702624331000)/",43750,100,2259200,98439000000,-50,false,-0.11
"VIC",141139,"/Date(1702624320000)/",43700,800,2259100,98435000000,-100,true,-0.23
"VIC",141126,"/Date(1702624307000)/",43800,1700,2258300,98400000000,0,false,0
"VIC",141123,"/Date(1702624305000)/",43800,100,2256600,98325000000,0,true,0
"VIC",141107,"/Date(1702624288000)/",43850,2100,2256500,98321000000,50,true,0.11
"VIC",141107,"/Date(1702624287000)/",43850,800,2254400,98229000000,50,true,0.11
"VIC",141101,"/Date(1702624282000)/",43850,200,2253600,98194000000,50,false,0.11
"VIC",141101,"/Date(1702624282000)/",43850,500,2253400,98185000000,50,false,0.11
"VIC",141101,"/Date(1702624282000)/",43850,1400,2252900,98163000000,50,false,0.11
"VIC",141101,"/Date(1702624281000)/",43800,100,2251500,98102000000,0,true,0
"VIC",141054,"/Date(1702624276000)/",43850,6000,2251400,98097000000,50,false,0.11
"VIC",141054,"/Date(1702624275000)/",43800,600,2245400,97834000000,0,true,0
"VIC",141051,"/Date(1702624271000)/",43850,200,2244800,97808000000,50,false,0.11
"VIC",141051,"/Date(1702624271000)/",43850,100,2244600,97799000000,50,false,0.11
"VIC",141051,"/Date(1702624271000)/",43850,100,2244500,97795000000,50,false,0.11
"VIC",141051,"/Date(1702624271000)/",43850,100,2244400,97790000000,50,false,0.11
"VIC",141051,"/Date(1702624271000)/",43850,100,2244300,97786000000,50,false,0.11
"VIC",141051,"/Date(1702624271000)/",43850,5000,2244200,97782000000,50,false,0.11
"VIC",141051,"/Date(1702624271000)/",43850,400,2239200,97562000000,50,false,0.11
"VIC",141045,"/Date(1702624266000)/",43800,1000,2238800,97545000000,0,false,0
"VIC",141045,"/Date(1702624266000)/",43800,2500,2237800,97501000000,0,false,0
"VIC",141038,"/Date(1702624261000)/",43700,400,2235300,97391000000,-100,true,-0.23
"VIC",141035,"/Date(1702624256000)/",43700,5000,2234900,97374000000,-100,true,-0.23
"VIC",141035,"/Date(1702624255000)/",43700,800,2229900,97155000000,-100,true,-0.23
"VIC",141032,"/Date(1702624254000)/",43800,100,2229100,97120000000,0,false,0
"VIC",141026,"/Date(1702624247000)/",43800,1200,2229000,97116000000,0,true,0
"VIC",141026,"/Date(1702624246000)/",43800,100,2227800,97064000000,0,true,0
"VIC",141026,"/Date(1702624246000)/",43800,1100,2227700,97059000000,0,true,0
"VIC",141023,"/Date(1702624245000)/",43800,1600,2226600,97011000000,0,true,0
"VIC",141023,"/Date(1702624244000)/",43800,100,2225000,96941000000,0,true,0
"VIC",141019,"/Date(1702624240000)/",43800,500,2224900,96937000000,0,true,0
"VIC",141016,"/Date(1702624238000)/",43800,100,2224400,96915000000,0,true,0
"VIC",141000,"/Date(1702624222000)/",43800,800,2224300,96910000000,0,true,0
"VIC",140951,"/Date(1702624212000)/",43850,100,2223500,96875000000,50,true,0.11
"VIC",140951,"/Date(1702624210000)/",43850,100,2223400,96871000000,50,true,0.11
"VIC",140951,"/Date(1702624210000)/",43850,900,2223300,96866000000,50,true,0.11
"VIC",140947,"/Date(1702624208000)/",43850,100,2222400,96827000000,50,true,0.11
"VIC",140947,"/Date(1702624207000)/",43850,100,2222300,96823000000,50,true,0.11
"VIC",140944,"/Date(1702624206000)/",43850,200,2222200,96818000000,50,true,0.11
"VIC",140938,"/Date(1702624200000)/",43850,100,2222000,96809000000,50,true,0.11
"VIC",140938,"/Date(1702624199000)/",43850,200,2221900,96805000000,50,true,0.11
"VIC",140938,"/Date(1702624199000)/",43900,100,2221700,96796000000,100,false,0.23
"VIC",140935,"/Date(1702624196000)/",43850,200,2221600,96792000000,50,true,0.11
"VIC",140935,"/Date(1702624195000)/",43850,500,2221400,96783000000,50,true,0.11
"VIC",140935,"/Date(1702624195000)/",43850,100,2220900,96761000000,50,true,0.11
"VIC",140928,"/Date(1702624189000)/",43850,800,2220800,96757000000,50,true,0.11
"VIC",140928,"/Date(1702624188000)/",43850,2000,2220000,96722000000,50,true,0.11
"VIC",140925,"/Date(1702624186000)/",43850,500,2218000,96634000000,50,true,0.11
"VIC",140922,"/Date(1702624184000)/",43850,200,2217500,96612000000,50,true,0.11
"VIC",140909,"/Date(1702624171000)/",43800,800,2217300,96603000000,0,true,0
"VIC",140909,"/Date(1702624171000)/",43850,2200,2216500,96568000000,50,true,0.11
"VIC",140906,"/Date(1702624166000)/",43900,1000,2214300,96472000000,100,true,0.23
"VIC",140903,"/Date(1702624164000)/",43900,100,2213300,96428000000,100,true,0.23
"VIC",140903,"/Date(1702624163000)/",43900,500,2213200,96424000000,100,true,0.23
"VIC",140900,"/Date(1702624160000)/",43900,1000,2212700,96402000000,100,true,0.23
"VIC",140856,"/Date(1702624159000)/",43900,100,2211700,96358000000,100,true,0.23
"VIC",140856,"/Date(1702624157000)/",43900,100,2211600,96353000000,100,true,0.23
"VIC",140856,"/Date(1702624157000)/",43900,300,2211500,96349000000,100,true,0.23
"VIC",140856,"/Date(1702624157000)/",43900,500,2211200,96336000000,100,true,0.23
"VIC",140856,"/Date(1702624157000)/",43900,100,2210700,96314000000,100,true,0.23
"VIC",140856,"/Date(1702624157000)/",43900,1000,2210600,96309000000,100,true,0.23
"VIC",140856,"/Date(1702624157000)/",43900,1300,2209600,96265000000,100,true,0.23
"VIC",140856,"/Date(1702624157000)/",43850,800,2208300,96208000000,50,true,0.11
"VIC",140856,"/Date(1702624156000)/",43900,200,2207500,96173000000,100,true,0.23
"VIC",140850,"/Date(1702624151000)/",43850,100,2207300,96165000000,50,true,0.11
"VIC",140850,"/Date(1702624150000)/",43900,300,2207200,96160000000,100,true,0.23
"VIC",140850,"/Date(1702624149000)/",43900,100,2206900,96147000000,100,true,0.23
"VIC",140847,"/Date(1702624148000)/",43900,100,2206800,96143000000,100,false,0.23
"VIC",140847,"/Date(1702624148000)/",43900,500,2206700,96138000000,100,false,0.23
"VIC",140847,"/Date(1702624147000)/",43900,100,2206200,96116000000,100,false,0.23
"VIC",140847,"/Date(1702624147000)/",43900,400,2206100,96112000000,100,false,0.23
"VIC",140847,"/Date(1702624147000)/",43900,200,2205700,96094000000,100,false,0.23
"VIC",140847,"/Date(1702624147000)/",43900,500,2205500,96086000000,100,false,0.23
"VIC",140847,"/Date(1702624147000)/",43900,1000,2205000,96064000000,100,false,0.23
"VIC",140847,"/Date(1702624147000)/",43900,4800,2204000,96020000000,100,false,0.23
"VIC",140847,"/Date(1702624147000)/",43900,100,2199200,95809000000,100,false,0.23
"VIC",140847,"/Date(1702624147000)/",43900,3000,2199100,95805000000,100,false,0.23
"VIC",140847,"/Date(1702624147000)/",43900,100,2196100,95673000000,100,false,0.23
"VIC",140847,"/Date(1702624147000)/",43900,3800,2196000,95669000000,100,false,0.23
"VIC",140837,"/Date(1702624136000)/",43900,3900,2192200,95502000000,100,false,0.23
"VIC",140837,"/Date(1702624136000)/",43900,500,2188300,95330000000,100,false,0.23
"VIC",140837,"/Date(1702624136000)/",43900,600,2187800,95309000000,100,false,0.23
"VIC",140831,"/Date(1702624131000)/",43900,400,2187200,95282000000,100,true,0.23
"VIC",140831,"/Date(1702624131000)/",43900,400,2186800,95265000000,100,true,0.23
"VIC",140828,"/Date(1702624129000)/",43900,100,2186400,95247000000,100,true,0.23
"VIC",140828,"/Date(1702624129000)/",43900,300,2186300,95243000000,100,true,0.23
"VIC",140828,"/Date(1702624129000)/",43900,100,2186000,95230000000,100,true,0.23
"VIC",140828,"/Date(1702624128000)/",43900,200,2185900,95225000000,100,true,0.23
"VIC",140828,"/Date(1702624127000)/",43900,500,2185700,95216000000,100,true,0.23
"VIC",140825,"/Date(1702624124000)/",43900,800,2185200,95194000000,100,false,0.23
"VIC",140825,"/Date(1702624124000)/",43900,500,2184400,95159000000,100,false,0.23
"VIC",140825,"/Date(1702624124000)/",43900,200,2183900,95137000000,100,false,0.23
"VIC",140825,"/Date(1702624124000)/",43900,200,2183700,95129000000,100,false,0.23
"VIC",140825,"/Date(1702624124000)/",43900,1000,2183500,95120000000,100,false,0.23
"VIC",140825,"/Date(1702624124000)/",43900,700,2182500,95076000000,100,false,0.23
"VIC",140815,"/Date(1702624114000)/",43900,5300,2181800,95045000000,100,true,0.23
"VIC",140812,"/Date(1702624114000)/",43900,500,2176500,94812000000,100,true,0.23
"VIC",140809,"/Date(1702624108000)/",43950,1400,2176000,94791000000,150,false,0.34
"VIC",140809,"/Date(1702624108000)/",43950,100,2174600,94729000000,150,false,0.34
"VIC",140809,"/Date(1702624108000)/",43950,100,2174500,94725000000,150,false,0.34
"VIC",140809,"/Date(1702624108000)/",43950,100,2174400,94720000000,150,false,0.34
"VIC",140809,"/Date(1702624108000)/",43950,2500,2174300,94716000000,150,false,0.34
"VIC",140809,"/Date(1702624108000)/",43950,100,2171800,94606000000,150,false,0.34
"VIC",140809,"/Date(1702624108000)/",43950,5000,2171700,94602000000,150,false,0.34
"VIC",140809,"/Date(1702624108000)/",43950,100,2166700,94382000000,150,false,0.34
"VIC",140809,"/Date(1702624108000)/",43950,100,2166600,94377000000,150,false,0.34
"VIC",140809,"/Date(1702624108000)/",43950,500,2166500,94373000000,150,false,0.34
"VIC",140805,"/Date(1702624106000)/",43900,100,2166000,94351000000,100,true,0.23
"VIC",140805,"/Date(1702624106000)/",43900,100,2165900,94347000000,100,true,0.23
"VIC",140805,"/Date(1702624105000)/",43900,200,2165800,94342000000,100,true,0.23
"VIC",140756,"/Date(1702624098000)/",43900,100,2165600,94333000000,100,false,0.23
"VIC",140756,"/Date(1702624098000)/",43900,1700,2165500,94329000000,100,false,0.23
"VIC",140756,"/Date(1702624098000)/",43900,100,2163800,94254000000,100,false,0.23
"VIC",140756,"/Date(1702624098000)/",43900,100,2163700,94250000000,100,false,0.23
"VIC",140756,"/Date(1702624098000)/",43900,300,2163600,94246000000,100,false,0.23
"VIC",140756,"/Date(1702624098000)/",43900,2000,2163300,94232000000,100,false,0.23
"VIC",140756,"/Date(1702624098000)/",43900,200,2161300,94145000000,100,false,0.23
"VIC",140756,"/Date(1702624098000)/",43900,500,2161100,94136000000,100,false,0.23
"VIC",140756,"/Date(1702624098000)/",43900,200,2160600,94114000000,100,false,0.23
"VIC",140756,"/Date(1702624098000)/",43900,1200,2160400,94105000000,100,false,0.23
"VIC",140756,"/Date(1702624098000)/",43900,1000,2159200,94052000000,100,false,0.23
"VIC",140756,"/Date(1702624098000)/",43900,200,2158200,94009000000,100,false,0.23
"VIC",140756,"/Date(1702624098000)/",43900,400,2158000,94000000000,100,false,0.23
"VIC",140756,"/Date(1702624098000)/",43900,100,2157600,93982000000,100,false,0.23
"VIC",140756,"/Date(1702624098000)/",43900,5600,2157500,93978000000,100,false,0.23
"VIC",140756,"/Date(1702624098000)/",43850,100,2151900,93732000000,50,false,0.11
"VIC",140753,"/Date(1702624092000)/",43700,400,2151800,93728000000,-100,true,-0.23
"VIC",140753,"/Date(1702624092000)/",43750,100,2151400,93710000000,-50,true,-0.11
"VIC",140753,"/Date(1702624092000)/",43850,300,2151300,93706000000,50,true,0.11
"VIC",140749,"/Date(1702624091000)/",43850,100,2151000,93693000000,50,true,0.11
"VIC",140749,"/Date(1702624091000)/",43900,2400,2150900,93688000000,100,false,0.23
"VIC",140749,"/Date(1702624091000)/",43900,1000,2148500,93583000000,100,false,0.23
"VIC",140749,"/Date(1702624091000)/",43900,1000,2147500,93539000000,100,false,0.23
"VIC",140749,"/Date(1702624091000)/",43900,200,2146500,93495000000,100,false,0.23
"VIC",140749,"/Date(1702624091000)/",43900,400,2146300,93486000000,100,false,0.23
"VIC",140749,"/Date(1702624091000)/",43900,200,2145900,93469000000,100,false,0.23
"VIC",140749,"/Date(1702624091000)/",43900,100,2145700,93460000000,100,false,0.23
"VIC",140749,"/Date(1702624091000)/",43900,1000,2145600,93456000000,100,false,0.23
"VIC",140749,"/Date(1702624091000)/",43900,400,2144600,93412000000,100,false,0.23
"VIC",140749,"/Date(1702624091000)/",43900,500,2144200,93394000000,100,false,0.23
"VIC",140749,"/Date(1702624091000)/",43900,100,2143700,93372000000,100,false,0.23
"VIC",140749,"/Date(1702624091000)/",43900,500,2143600,93368000000,100,false,0.23
"VIC",140749,"/Date(1702624091000)/",43900,200,2143100,93346000000,100,false,0.23
"VIC",140749,"/Date(1702624091000)/",43900,100,2142900,93337000000,100,false,0.23
"VIC",140749,"/Date(1702624091000)/",43900,1000,2142800,93333000000,100,false,0.23
"VIC",140749,"/Date(1702624091000)/",43900,500,2141800,93289000000,100,false,0.23
"VIC",140749,"/Date(1702624091000)/",43900,3000,2141300,93267000000,100,false,0.23
"VIC",140749,"/Date(1702624091000)/",43900,100,2138300,93135000000,100,false,0.23
"VIC",140749,"/Date(1702624091000)/",43900,200,2138200,93131000000,100,false,0.23
"VIC",140749,"/Date(1702624091000)/",43900,400,2138000,93122000000,100,false,0.23
"VIC",140749,"/Date(1702624091000)/",43900,100,2137600,93104000000,100,false,0.23
"VIC",140749,"/Date(1702624091000)/",43900,100,2137500,93100000000,100,false,0.23
"VIC",140749,"/Date(1702624091000)/",43900,100,2137400,93096000000,100,false,0.23
"VIC",140749,"/Date(1702624091000)/",43900,100,2137300,93091000000,100,false,0.23
"VIC",140749,"/Date(1702624091000)/",43900,100,2137200,93087000000,100,false,0.23
"VIC",140749,"/Date(1702624091000)/",43900,1000,2137100,93082000000,100,false,0.23
"VIC",140749,"/Date(1702624091000)/",43900,2000,2136100,93039000000,100,false,0.23
"VIC",140749,"/Date(1702624091000)/",43900,100,2134100,92951000000,100,false,0.23
"VIC",140749,"/Date(1702624091000)/",43900,400,2134000,92946000000,100,false,0.23
"VIC",140749,"/Date(1702624091000)/",43900,500,2133600,92929000000,100,false,0.23
"VIC",140749,"/Date(1702624091000)/",43900,700,2133100,92907000000,100,false,0.23
"VIC",140749,"/Date(1702624091000)/",43900,100,2132400,92876000000,100,false,0.23
"VIC",140749,"/Date(1702624091000)/",43900,200,2132300,92872000000,100,false,0.23
"VIC",140749,"/Date(1702624091000)/",43900,900,2132100,92863000000,100,false,0.23
"VIC",140749,"/Date(1702624091000)/",43900,100,2131200,92823000000,100,false,0.23
"VIC",140749,"/Date(1702624091000)/",43900,200,2131100,92819000000,100,false,0.23
"VIC",140746,"/Date(1702624086000)/",43900,800,2130900,92810000000,100,false,0.23
"VIC",140746,"/Date(1702624086000)/",43900,2000,2130100,92775000000,100,false,0.23
"VIC",140746,"/Date(1702624086000)/",43900,100,2128100,92687000000,100,false,0.23
"VIC",140746,"/Date(1702624086000)/",43900,1000,2128000,92683000000,100,false,0.23
"VIC",140746,"/Date(1702624086000)/",43900,1000,2127000,92639000000,100,false,0.23
"VIC",140746,"/Date(1702624086000)/",43900,100,2126000,92595000000,100,false,0.23
"VIC",140746,"/Date(1702624086000)/",43900,100,2125900,92591000000,100,false,0.23
"VIC",140746,"/Date(1702624086000)/",43900,1000,2125800,92586000000,100,false,0.23
"VIC",140746,"/Date(1702624086000)/",43900,1000,2124800,92542000000,100,false,0.23
"VIC",140746,"/Date(1702624086000)/",43900,100,2123800,92499000000,100,false,0.23
"VIC",140746,"/Date(1702624086000)/",43900,800,2123700,92494000000,100,false,0.23
"VIC",140746,"/Date(1702624086000)/",43900,10000,2122900,92459000000,100,false,0.23
"VIC",140746,"/Date(1702624086000)/",43900,100,2112900,92020000000,100,false,0.23
"VIC",140746,"/Date(1702624086000)/",43900,1000,2112800,92016000000,100,false,0.23
"VIC",140746,"/Date(1702624086000)/",43900,900,2111800,91972000000,100,false,0.23
"VIC",140746,"/Date(1702624085000)/",43850,500,2110900,91932000000,50,true,0.11
"VIC",140740,"/Date(1702624080000)/",43900,100,2110400,91910000000,100,false,0.23
"VIC",140740,"/Date(1702624080000)/",43900,4600,2110300,91906000000,100,false,0.23
"VIC",140740,"/Date(1702624080000)/",43900,200,2105700,91704000000,100,false,0.23
"VIC",140740,"/Date(1702624080000)/",43900,100,2105500,91695000000,100,false,0.23
"VIC",140740,"/Date(1702624080000)/",43900,200,2105400,91691000000,100,false,0.23
"VIC",140740,"/Date(1702624080000)/",43900,100,2105200,91682000000,100,false,0.23
"VIC",140740,"/Date(1702624080000)/",43900,200,2105100,91678000000,100,false,0.23
"VIC",140740,"/Date(1702624080000)/",43900,200,2104900,91669000000,100,false,0.23
"VIC",140740,"/Date(1702624080000)/",43900,200,2104700,91660000000,100,false,0.23
"VIC",140740,"/Date(1702624080000)/",43900,100,2104500,91651000000,100,false,0.23
"VIC",140740,"/Date(1702624080000)/",43900,3000,2104400,91647000000,100,false,0.23
"VIC",140740,"/Date(1702624080000)/",43900,1000,2101400,91515000000,100,false,0.23
"VIC",140733,"/Date(1702624076000)/",43850,1300,2100400,91471000000,50,false,0.11
"VIC",140733,"/Date(1702624075000)/",43850,300,2099100,91414000000,50,false,0.11
"VIC",140733,"/Date(1702624074000)/",43850,2500,2098800,91401000000,50,false,0.11
"VIC",140727,"/Date(1702624068000)/",43850,1300,2096300,91292000000,50,false,0.11
"VIC",140727,"/Date(1702624068000)/",43850,200,2095000,91235000000,50,false,0.11
"VIC",140727,"/Date(1702624068000)/",43850,100,2094800,91226000000,50,false,0.11
"VIC",140727,"/Date(1702624068000)/",43850,400,2094700,91221000000,50,false,0.11
"VIC",140727,"/Date(1702624068000)/",43800,100,2094300,91204000000,0,false,0
"VIC",140727,"/Date(1702624066000)/",43850,100,2094200,91199000000,50,false,0.11
"VIC",140721,"/Date(1702624062000)/",43850,4500,2094100,91195000000,50,false,0.11
"VIC",140721,"/Date(1702624062000)/",43850,3000,2089600,90998000000,50,false,0.11
"VIC",140721,"/Date(1702624062000)/",43850,100,2086600,90866000000,50,false,0.11
"VIC",140721,"/Date(1702624062000)/",43850,100,2086500,90862000000,50,false,0.11
"VIC",140721,"/Date(1702624062000)/",43850,500,2086400,90857000000,50,false,0.11
"VIC",140721,"/Date(1702624062000)/",43850,100,2085900,90835000000,50,false,0.11
"VIC",140721,"/Date(1702624062000)/",43850,100,2085800,90831000000,50,false,0.11
"VIC",140721,"/Date(1702624062000)/",43850,200,2085700,90827000000,50,false,0.11
"VIC",140721,"/Date(1702624062000)/",43850,200,2085500,90818000000,50,false,0.11
"VIC",140721,"/Date(1702624062000)/",43850,200,2085300,90809000000,50,false,0.11
"VIC",140721,"/Date(1702624062000)/",43850,100,2085100,90800000000,50,false,0.11
"VIC",140721,"/Date(1702624062000)/",43850,800,2085000,90796000000,50,false,0.11
"VIC",140721,"/Date(1702624062000)/",43800,100,2084200,90761000000,0,false,0
"VIC",140721,"/Date(1702624062000)/",43700,100,2084100,90757000000,-100,true,-0.23
"VIC",140717,"/Date(1702624059000)/",43700,700,2084000,90752000000,-100,true,-0.23
"VIC",140717,"/Date(1702624057000)/",43850,200,2083300,90722000000,50,false,0.11
"VIC",140717,"/Date(1702624057000)/",43850,7700,2083100,90713000000,50,false,0.11
"VIC",140717,"/Date(1702624057000)/",43850,200,2075400,90375000000,50,false,0.11
"VIC",140717,"/Date(1702624057000)/",43850,100,2075200,90366000000,50,false,0.11
"VIC",140717,"/Date(1702624057000)/",43850,1800,2075100,90362000000,50,false,0.11
"VIC",140708,"/Date(1702624050000)/",43800,300,2073300,90283000000,0,true,0
"VIC",140701,"/Date(1702624042000)/",43800,400,2073000,90270000000,0,false,0
"VIC",140701,"/Date(1702624041000)/",43800,500,2072600,90252000000,0,false,0
"VIC",140701,"/Date(1702624041000)/",43800,100,2072100,90231000000,0,false,0
"VIC",140701,"/Date(1702624041000)/",43800,100,2072000,90226000000,0,false,0
"VIC",140701,"/Date(1702624041000)/",43800,200,2071900,90222000000,0,false,0
"VIC",140701,"/Date(1702624041000)/",43800,100,2071700,90213000000,0,false,0
"VIC",140701,"/Date(1702624041000)/",43800,500,2071600,90209000000,0,false,0
"VIC",140645,"/Date(1702624027000)/",43800,500,2071100,90187000000,0,true,0
"VIC",140645,"/Date(1702624026000)/",43800,500,2070600,90165000000,0,true,0
"VIC",140645,"/Date(1702624026000)/",43800,200,2070100,90143000000,0,true,0
"VIC",140645,"/Date(1702624026000)/",43800,1100,2069900,90134000000,0,true,0
"VIC",140645,"/Date(1702624025000)/",43850,1500,2068800,90086000000,50,false,0.11
"VIC",140645,"/Date(1702624025000)/",43850,100,2067300,90020000000,50,false,0.11
"VIC",140645,"/Date(1702624025000)/",43850,2000,2067200,90016000000,50,false,0.11
"VIC",140645,"/Date(1702624025000)/",43850,1300,2065200,89928000000,50,false,0.11
"VIC",140645,"/Date(1702624025000)/",43850,100,2063900,89871000000,50,false,0.11
"VIC",140645,"/Date(1702624025000)/",43850,100,2063800,89867000000,50,false,0.11
"VIC",140645,"/Date(1702624025000)/",43850,100,2063700,89862000000,50,false,0.11
"VIC",140645,"/Date(1702624025000)/",43850,1000,2063600,89858000000,50,false,0.11
"VIC",140645,"/Date(1702624025000)/",43850,1000,2062600,89814000000,50,false,0.11
"VIC",140645,"/Date(1702624025000)/",43850,1000,2061600,89770000000,50,false,0.11
"VIC",140645,"/Date(1702624025000)/",43850,100,2060600,89726000000,50,false,0.11
"VIC",140645,"/Date(1702624025000)/",43850,1700,2060500,89722000000,50,false,0.11
"VIC",140639,"/Date(1702624018000)/",43800,500,2058800,89648000000,0,true,0
"VIC",140636,"/Date(1702624016000)/",43800,5000,2058300,89626000000,0,true,0
"VIC",140632,"/Date(1702624012000)/",43800,200,2053300,89407000000,0,true,0
"VIC",140629,"/Date(1702624011000)/",43800,500,2053100,89398000000,0,true,0
"VIC",140629,"/Date(1702624009000)/",43800,100,2052600,89376000000,0,true,0
"VIC",140623,"/Date(1702624004000)/",43800,2000,2052500,89372000000,0,true,0
"VIC",140613,"/Date(1702623994000)/",43800,700,2050500,89284000000,0,true,0
"VIC",140610,"/Date(1702623990000)/",43850,3300,2049800,89253000000,50,false,0.11
"VIC",140610,"/Date(1702623990000)/",43850,100,2046500,89109000000,50,false,0.11
"VIC",140610,"/Date(1702623990000)/",43850,100,2046400,89104000000,50,false,0.11
"VIC",140610,"/Date(1702623990000)/",43850,400,2046300,89100000000,50,false,0.11
"VIC",140610,"/Date(1702623990000)/",43850,1000,2045900,89082000000,50,false,0.11
"VIC",140610,"/Date(1702623990000)/",43850,100,2044900,89038000000,50,false,0.11
"VIC",140610,"/Date(1702623989000)/",43800,5000,2044800,89034000000,0,true,0
"VIC",140557,"/Date(1702623979000)/",43800,100,2039800,88815000000,0,false,0
"VIC",140557,"/Date(1702623978000)/",43800,500,2039700,88811000000,0,false,0
"VIC",140557,"/Date(1702623978000)/",43800,3800,2039200,88789000000,0,false,0
"VIC",140557,"/Date(1702623978000)/",43800,100,2035400,88622000000,0,false,0
"VIC",140557,"/Date(1702623978000)/",43800,200,2035300,88618000000,0,false,0
"VIC",140557,"/Date(1702623978000)/",43800,500,2035100,88609000000,0,false,0
"VIC",140557,"/Date(1702623978000)/",43800,300,2034600,88587000000,0,false,0
"VIC",140557,"/Date(1702623978000)/",43800,100,2034300,88574000000,0,false,0
"VIC",140557,"/Date(1702623978000)/",43800,2000,2034200,88570000000,0,false,0
"VIC",140557,"/Date(1702623978000)/",43800,200,2032200,88482000000,0,false,0
"VIC",140557,"/Date(1702623978000)/",43800,100,2032000,88473000000,0,false,0
"VIC",140557,"/Date(1702623978000)/",43800,1000,2031900,88469000000,0,false,0
"VIC",140557,"/Date(1702623978000)/",43800,2000,2030900,88425000000,0,false,0
"VIC",140557,"/Date(1702623978000)/",43800,100,2028900,88338000000,0,false,0
"VIC",140557,"/Date(1702623978000)/",43800,200,2028800,88333000000,0,false,0
"VIC",140557,"/Date(1702623978000)/",43800,300,2028600,88324000000,0,false,0
"VIC",140557,"/Date(1702623978000)/",43800,300,2028300,88311000000,0,false,0
"VIC",140557,"/Date(1702623978000)/",43800,1000,2028000,88298000000,0,false,0
"VIC",140557,"/Date(1702623978000)/",43800,1000,2027000,88254000000,0,false,0
"VIC",140557,"/Date(1702623978000)/",43800,1000,2026000,88211000000,0,false,0
"VIC",140557,"/Date(1702623978000)/",43800,1000,2025000,88167000000,0,false,0
"VIC",140557,"/Date(1702623978000)/",43800,100,2024000,88123000000,0,false,0
"VIC",140557,"/Date(1702623978000)/",43800,100,2023900,88119000000,0,false,0
"VIC",140557,"/Date(1702623978000)/",43800,100,2023800,88114000000,0,false,0
"VIC",140557,"/Date(1702623978000)/",43800,500,2023700,88110000000,0,false,0
"VIC",140557,"/Date(1702623978000)/",43800,2900,2023200,88088000000,0,false,0
"VIC",140551,"/Date(1702623973000)/",43800,2100,2020300,87961000000,0,false,0
"VIC",140551,"/Date(1702623973000)/",43800,1000,2018200,87869000000,0,false,0
"VIC",140551,"/Date(1702623973000)/",43800,200,2017200,87825000000,0,false,0
"VIC",140551,"/Date(1702623973000)/",43800,2000,2017000,87816000000,0,false,0
"VIC",140551,"/Date(1702623973000)/",43800,500,2015000,87729000000,0,false,0
"VIC",140551,"/Date(1702623973000)/",43800,4200,2014500,87707000000,0,false,0
"VIC",140548,"/Date(1702623968000)/",43800,800,2010300,87523000000,0,false,0
"VIC",140548,"/Date(1702623968000)/",43800,400,2009500,87488000000,0,false,0
"VIC",140548,"/Date(1702623968000)/",43800,1200,2009100,87470000000,0,false,0
"VIC",140548,"/Date(1702623968000)/",43800,2000,2007900,87418000000,0,false,0
"VIC",140548,"/Date(1702623968000)/",43800,1000,2005900,87330000000,0,false,0
"VIC",140548,"/Date(1702623968000)/",43800,3000,2004900,87286000000,0,false,0
"VIC",140548,"/Date(1702623968000)/",43800,100,2001900,87155000000,0,false,0
"VIC",140548,"/Date(1702623968000)/",43800,200,2001800,87151000000,0,false,0
"VIC",140548,"/Date(1702623968000)/",43750,100,2001600,87142000000,-50,false,-0.11
"VIC",140548,"/Date(1702623968000)/",43750,1200,2001500,87138000000,-50,false,-0.11
"VIC",140542,"/Date(1702623961000)/",43700,700,2000300,87085000000,-100,true,-0.23
"VIC",140538,"/Date(1702623958000)/",43800,3300,1999600,87054000000,0,false,0
"VIC",140538,"/Date(1702623958000)/",43800,100,1996300,86910000000,0,false,0
"VIC",140538,"/Date(1702623958000)/",43800,1000,1996200,86906000000,0,false,0
"VIC",140538,"/Date(1702623958000)/",43800,2200,1995200,86862000000,0,false,0
"VIC",140538,"/Date(1702623958000)/",43750,1500,1993000,86765000000,-50,false,-0.11
"VIC",140538,"/Date(1702623958000)/",43750,500,1991500,86700000000,-50,false,-0.11
"VIC",140538,"/Date(1702623958000)/",43750,1400,1991000,86678000000,-50,false,-0.11
"VIC",140532,"/Date(1702623953000)/",43750,100,1989600,86617000000,-50,true,-0.11
"VIC",140532,"/Date(1702623953000)/",43750,200,1989500,86612000000,-50,true,-0.11
"VIC",140532,"/Date(1702623953000)/",43750,100,1989300,86603000000,-50,true,-0.11
"VIC",140532,"/Date(1702623953000)/",43750,200,1989200,86599000000,-50,true,-0.11
"VIC",140532,"/Date(1702623952000)/",43800,7800,1989000,86590000000,0,false,0
"VIC",140532,"/Date(1702623952000)/",43800,500,1981200,86249000000,0,false,0
"VIC",140532,"/Date(1702623952000)/",43800,1700,1980700,86227000000,0,false,0
"VIC",140532,"/Date(1702623951000)/",43750,1000,1979000,86152000000,-50,true,-0.11
"VIC",140532,"/Date(1702623951000)/",43750,2900,1978000,86109000000,-50,true,-0.11
"VIC",140532,"/Date(1702623951000)/",43750,2500,1975100,85982000000,-50,true,-0.11
"VIC",140529,"/Date(1702623948000)/",43750,100,1972600,85872000000,-50,true,-0.11
"VIC",140529,"/Date(1702623948000)/",43750,200,1972500,85868000000,-50,true,-0.11
"VIC",140529,"/Date(1702623948000)/",43750,100,1972300,85859000000,-50,true,-0.11
"VIC",140529,"/Date(1702623948000)/",43750,4700,1972200,85855000000,-50,true,-0.11
"VIC",140513,"/Date(1702623934000)/",43750,400,1967500,85649000000,-50,true,-0.11
"VIC",140513,"/Date(1702623933000)/",43750,600,1967100,85632000000,-50,true,-0.11
"VIC",140513,"/Date(1702623933000)/",43750,200,1966500,85605000000,-50,true,-0.11
"VIC",140513,"/Date(1702623933000)/",43750,4200,1966300,85597000000,-50,true,-0.11
"VIC",140510,"/Date(1702623929000)/",43750,700,1962100,85413000000,-50,true,-0.11
"VIC",140506,"/Date(1702623928000)/",43750,4000,1961400,85382000000,-50,true,-0.11
"VIC",140506,"/Date(1702623928000)/",43750,500,1957400,85207000000,-50,true,-0.11
"VIC",140506,"/Date(1702623927000)/",43750,600,1956900,85185000000,-50,true,-0.11
"VIC",140506,"/Date(1702623927000)/",43750,1000,1956300,85159000000,-50,true,-0.11
"VIC",140506,"/Date(1702623927000)/",43750,3600,1955300,85115000000,-50,true,-0.11
"VIC",140500,"/Date(1702623921000)/",43750,1000,1951700,84958000000,-50,true,-0.11
"VIC",140457,"/Date(1702623917000)/",43750,100,1950700,84914000000,-50,true,-0.11
"VIC",140454,"/Date(1702623914000)/",43750,100,1950600,84910000000,-50,true,-0.11
"VIC",140447,"/Date(1702623908000)/",43750,900,1950500,84905000000,-50,true,-0.11
"VIC",140438,"/Date(1702623897000)/",43750,100,1949600,84866000000,-50,true,-0.11
"VIC",140438,"/Date(1702623897000)/",43750,600,1949500,84862000000,-50,true,-0.11
"VIC",140419,"/Date(1702623880000)/",43750,300,1948900,84835000000,-50,true,-0.11
"VIC",140412,"/Date(1702623873000)/",43750,100,1948600,84822000000,-50,true,-0.11
"VIC",140403,"/Date(1702623864000)/",43750,700,1948500,84818000000,-50,true,-0.11
"VIC",140359,"/Date(1702623859000)/",43750,100,1947800,84787000000,-50,true,-0.11
"VIC",140356,"/Date(1702623857000)/",43750,200,1947700,84783000000,-50,true,-0.11
"VIC",140356,"/Date(1702623856000)/",43750,500,1947500,84774000000,-50,true,-0.11
"VIC",140340,"/Date(1702623840000)/",43750,1500,1947000,84752000000,-50,true,-0.11
"VIC",140337,"/Date(1702623836000)/",43750,100,1945500,84687000000,-50,true,-0.11
"VIC",140331,"/Date(1702623831000)/",43750,700,1945400,84682000000,-50,true,-0.11
"VIC",140327,"/Date(1702623829000)/",43750,400,1944700,84652000000,-50,true,-0.11
"VIC",140321,"/Date(1702623823000)/",43750,500,1944300,84634000000,-50,true,-0.11
"VIC",140315,"/Date(1702623813000)/",43800,100,1943800,84612000000,0,false,0
"VIC",140259,"/Date(1702623798000)/",43750,700,1943700,84608000000,-50,true,-0.11
"VIC",140246,"/Date(1702623787000)/",43750,400,1943000,84577000000,-50,true,-0.11
"VIC",140240,"/Date(1702623779000)/",43800,200,1942600,84560000000,0,false,0
"VIC",140240,"/Date(1702623779000)/",43800,1500,1942400,84551000000,0,false,0
"VIC",140240,"/Date(1702623779000)/",43800,100,1940900,84485000000,0,false,0
"VIC",140240,"/Date(1702623779000)/",43800,100,1940800,84481000000,0,false,0
"VIC",140240,"/Date(1702623779000)/",43750,100,1940700,84477000000,-50,true,-0.11
"VIC",140230,"/Date(1702623772000)/",43750,100,1940600,84472000000,-50,true,-0.11
"VIC",140227,"/Date(1702623765000)/",43750,700,1940500,84468000000,-50,true,-0.11
"VIC",140224,"/Date(1702623763000)/",43800,200,1939800,84437000000,0,false,0
"VIC",140224,"/Date(1702623763000)/",43800,100,1939600,84428000000,0,false,0
"VIC",140224,"/Date(1702623763000)/",43800,300,1939500,84424000000,0,false,0
"VIC",140224,"/Date(1702623763000)/",43800,1000,1939200,84411000000,0,false,0
"VIC",140224,"/Date(1702623763000)/",43800,1000,1938200,84367000000,0,false,0
"VIC",140224,"/Date(1702623763000)/",43800,100,1937200,84323000000,0,false,0
"VIC",140224,"/Date(1702623763000)/",43800,500,1937100,84319000000,0,false,0
"VIC",140224,"/Date(1702623763000)/",43800,100,1936600,84297000000,0,false,0
"VIC",140224,"/Date(1702623763000)/",43800,100,1936500,84293000000,0,false,0
"VIC",140224,"/Date(1702623763000)/",43800,1000,1936400,84288000000,0,false,0
"VIC",140224,"/Date(1702623763000)/",43800,100,1935400,84245000000,0,false,0
"VIC",140224,"/Date(1702623763000)/",43800,100,1935300,84240000000,0,false,0
"VIC",140224,"/Date(1702623763000)/",43800,100,1935200,84236000000,0,false,0
"VIC",140224,"/Date(1702623763000)/",43800,1000,1935100,84231000000,0,false,0
"VIC",140220,"/Date(1702623761000)/",43750,200,1934100,84188000000,-50,true,-0.11
"VIC",140217,"/Date(1702623756000)/",43750,100,1933900,84179000000,-50,false,-0.11
"VIC",140211,"/Date(1702623751000)/",43750,900,1933800,84174000000,-50,false,-0.11
"VIC",140211,"/Date(1702623751000)/",43750,100,1932900,84135000000,-50,false,-0.11
"VIC",140211,"/Date(1702623751000)/",43750,200,1932800,84131000000,-50,false,-0.11
"VIC",140211,"/Date(1702623751000)/",43750,300,1932600,84122000000,-50,false,-0.11
"VIC",140211,"/Date(1702623751000)/",43750,1000,1932300,84109000000,-50,false,-0.11
"VIC",140211,"/Date(1702623751000)/",43750,100,1931300,84065000000,-50,false,-0.11
"VIC",140211,"/Date(1702623751000)/",43750,600,1931200,84061000000,-50,false,-0.11
"VIC",140211,"/Date(1702623751000)/",43750,500,1930600,84034000000,-50,false,-0.11
"VIC",140211,"/Date(1702623751000)/",43750,500,1930100,84013000000,-50,false,-0.11
"VIC",140211,"/Date(1702623751000)/",43750,500,1929600,83991000000,-50,false,-0.11
"VIC",140211,"/Date(1702623751000)/",43750,200,1929100,83969000000,-50,false,-0.11
"VIC",140211,"/Date(1702623751000)/",43750,100,1928900,83960000000,-50,false,-0.11
"VIC",140211,"/Date(1702623750000)/",43700,100,1928800,83956000000,-100,false,-0.23
"VIC",140211,"/Date(1702623750000)/",43700,100,1928700,83951000000,-100,false,-0.23
"VIC",140211,"/Date(1702623750000)/",43700,900,1928600,83947000000,-100,false,-0.23
"VIC",140211,"/Date(1702623750000)/",43700,1000,1927700,83908000000,-100,false,-0.23
"VIC",140211,"/Date(1702623750000)/",43700,1000,1926700,83864000000,-100,false,-0.23
"VIC",140211,"/Date(1702623750000)/",43700,100,1925700,83820000000,-100,false,-0.23
"VIC",140211,"/Date(1702623750000)/",43700,1000,1925600,83816000000,-100,false,-0.23
"VIC",140211,"/Date(1702623750000)/",43700,1300,1924600,83772000000,-100,false,-0.23
"VIC",140211,"/Date(1702623750000)/",43700,5700,1923300,83715000000,-100,false,-0.23
"VIC",140208,"/Date(1702623747000)/",43700,3500,1917600,83466000000,-100,false,-0.23
"VIC",140155,"/Date(1702623737000)/",43700,4400,1914100,83313000000,-100,false,-0.23
"VIC",140152,"/Date(1702623733000)/",43600,200,1909700,83121000000,-200,true,-0.46
"VIC",140152,"/Date(1702623733000)/",43600,500,1909500,83112000000,-200,true,-0.46
"VIC",140152,"/Date(1702623731000)/",43700,5100,1909000,83091000000,-100,false,-0.23
"VIC",140152,"/Date(1702623731000)/",43700,300,1903900,82868000000,-100,false,-0.23
"VIC",140152,"/Date(1702623731000)/",43700,100,1903600,82855000000,-100,false,-0.23
"VIC",140152,"/Date(1702623731000)/",43700,100,1903500,82850000000,-100,false,-0.23
"VIC",140152,"/Date(1702623731000)/",43650,100,1903400,82846000000,-150,false,-0.34
"VIC",140145,"/Date(1702623727000)/",43700,200,1903300,82841000000,-100,false,-0.23
"VIC",140145,"/Date(1702623727000)/",43700,100,1903100,82833000000,-100,false,-0.23
"VIC",140145,"/Date(1702623727000)/",43700,100,1903000,82828000000,-100,false,-0.23
"VIC",140145,"/Date(1702623727000)/",43700,500,1902900,82824000000,-100,false,-0.23
"VIC",140145,"/Date(1702623727000)/",43700,1000,1902400,82802000000,-100,false,-0.23
"VIC",140145,"/Date(1702623727000)/",43700,500,1901400,82758000000,-100,false,-0.23
"VIC",140145,"/Date(1702623727000)/",43700,100,1900900,82737000000,-100,false,-0.23
"VIC",140145,"/Date(1702623727000)/",43700,1700,1900800,82732000000,-100,false,-0.23
"VIC",140142,"/Date(1702623724000)/",43700,700,1899100,82658000000,-100,false,-0.23
"VIC",140142,"/Date(1702623724000)/",43650,5000,1898400,82627000000,-150,false,-0.34
"VIC",140136,"/Date(1702623716000)/",43700,100,1893400,82409000000,-100,false,-0.23
"VIC",140136,"/Date(1702623716000)/",43700,100,1893300,82405000000,-100,false,-0.23
"VIC",140136,"/Date(1702623716000)/",43700,300,1893200,82400000000,-100,false,-0.23
"VIC",140136,"/Date(1702623716000)/",43700,100,1892900,82387000000,-100,false,-0.23
"VIC",140136,"/Date(1702623716000)/",43700,1000,1892800,82383000000,-100,false,-0.23
"VIC",140136,"/Date(1702623716000)/",43700,400,1891800,82339000000,-100,false,-0.23
"VIC",140136,"/Date(1702623716000)/",43700,100,1891400,82322000000,-100,false,-0.23
"VIC",140136,"/Date(1702623716000)/",43650,1000,1891300,82317000000,-150,false,-0.34
"VIC",140136,"/Date(1702623716000)/",43650,300,1890300,82274000000,-150,false,-0.34
"VIC",140136,"/Date(1702623716000)/",43650,800,1890000,82261000000,-150,false,-0.34
"VIC",140136,"/Date(1702623716000)/",43650,100,1889200,82226000000,-150,false,-0.34
"VIC",140136,"/Date(1702623716000)/",43650,100,1889100,82221000000,-150,false,-0.34
"VIC",140129,"/Date(1702623711000)/",43600,300,1889000,82217000000,-200,true,-0.46
"VIC",140120,"/Date(1702623700000)/",43600,700,1888700,82204000000,-200,true,-0.46
"VIC",140113,"/Date(1702623695000)/",43600,200,1888000,82173000000,-200,true,-0.46
"VIC",140101,"/Date(1702623681000)/",43650,100,1887800,82165000000,-150,true,-0.34
"VIC",140051,"/Date(1702623672000)/",43650,1000,1887700,82160000000,-150,true,-0.34
"VIC",140048,"/Date(1702623668000)/",43650,700,1886700,82117000000,-150,true,-0.34
"VIC",140038,"/Date(1702623657000)/",43650,100,1886000,82086000000,-150,false,-0.34
"VIC",140038,"/Date(1702623657000)/",43650,100,1885900,82082000000,-150,false,-0.34
"VIC",140038,"/Date(1702623657000)/",43650,3500,1885800,82077000000,-150,false,-0.34
"VIC",140038,"/Date(1702623657000)/",43650,200,1882300,81924000000,-150,false,-0.34
"VIC",140038,"/Date(1702623657000)/",43650,500,1882100,81916000000,-150,false,-0.34
"VIC",140038,"/Date(1702623657000)/",43650,100,1881600,81894000000,-150,false,-0.34
"VIC",140038,"/Date(1702623657000)/",43650,500,1881500,81890000000,-150,false,-0.34
"VIC",140038,"/Date(1702623657000)/",43650,600,1881000,81868000000,-150,false,-0.34
"VIC",140038,"/Date(1702623657000)/",43650,100,1880400,81842000000,-150,false,-0.34
"VIC",140038,"/Date(1702623657000)/",43650,7600,1880300,81837000000,-150,false,-0.34
"VIC",140032,"/Date(1702623652000)/",43650,400,1872700,81505000000,-150,false,-0.34
"VIC",140032,"/Date(1702623652000)/",43650,9600,1872300,81488000000,-150,false,-0.34
"VIC",140025,"/Date(1702623646000)/",43650,400,1862700,81069000000,-150,false,-0.34
"VIC",140019,"/Date(1702623641000)/",43600,100,1862300,81051000000,-200,false,-0.46
"VIC",140019,"/Date(1702623641000)/",43600,100,1862200,81047000000,-200,false,-0.46
"VIC",140019,"/Date(1702623641000)/",43600,500,1862100,81043000000,-200,false,-0.46
"VIC",140019,"/Date(1702623641000)/",43600,100,1861600,81021000000,-200,false,-0.46
"VIC",140019,"/Date(1702623641000)/",43600,100,1861500,81017000000,-200,false,-0.46
"VIC",140019,"/Date(1702623641000)/",43600,9400,1861400,81012000000,-200,false,-0.46
"VIC",140016,"/Date(1702623635000)/",43450,700,1852000,80602000000,-350,true,-0.8
"VIC",140013,"/Date(1702623635000)/",43600,600,1851300,80572000000,-200,false,-0.46
"VIC",140013,"/Date(1702623635000)/",43600,9400,1850700,80546000000,-200,false,-0.46
"VIC",140009,"/Date(1702623629000)/",43600,10000,1841300,80136000000,-200,false,-0.46
"VIC",140003,"/Date(1702623623000)/",43600,600,1831300,79700000000,-200,false,-0.46
"VIC",140003,"/Date(1702623623000)/",43600,100,1830700,79674000000,-200,false,-0.46
"VIC",140003,"/Date(1702623623000)/",43600,100,1830600,79669000000,-200,false,-0.46
"VIC",140003,"/Date(1702623623000)/",43600,1000,1830500,79665000000,-200,false,-0.46
"VIC",140003,"/Date(1702623623000)/",43600,100,1829500,79622000000,-200,false,-0.46
"VIC",140003,"/Date(1702623623000)/",43600,200,1829400,79617000000,-200,false,-0.46
"VIC",140003,"/Date(1702623623000)/",43600,200,1829200,79608000000,-200,false,-0.46
"VIC",140003,"/Date(1702623623000)/",43600,500,1829000,79600000000,-200,false,-0.46
"VIC",140003,"/Date(1702623623000)/",43600,100,1828500,79578000000,-200,false,-0.46
"VIC",140003,"/Date(1702623623000)/",43600,100,1828400,79574000000,-200,false,-0.46
"VIC",140003,"/Date(1702623623000)/",43600,800,1828300,79569000000,-200,false,-0.46
"VIC",140003,"/Date(1702623623000)/",43600,200,1827500,79534000000,-200,false,-0.46
"VIC",140003,"/Date(1702623623000)/",43600,1800,1827300,79526000000,-200,false,-0.46
"VIC",140003,"/Date(1702623623000)/",43600,100,1825500,79447000000,-200,false,-0.46
"VIC",140003,"/Date(1702623623000)/",43600,100,1825400,79443000000,-200,false,-0.46
"VIC",140003,"/Date(1702623623000)/",43550,4000,1825300,79438000000,-250,false,-0.57
"VIC",140000,"/Date(1702623620000)/",43550,1000,1821300,79264000000,-250,true,-0.57
"VIC",135957,"/Date(1702623616000)/",43550,3800,1820300,79221000000,-250,false,-0.57
"VIC",135957,"/Date(1702623616000)/",43550,5000,1816500,79055000000,-250,false,-0.57
"VIC",135957,"/Date(1702623616000)/",43550,300,1811500,78837000000,-250,false,-0.57
"VIC",135957,"/Date(1702623616000)/",43550,100,1811200,78824000000,-250,false,-0.57
"VIC",135957,"/Date(1702623616000)/",43550,3600,1811100,78820000000,-250,false,-0.57
"VIC",135957,"/Date(1702623616000)/",43550,800,1807500,78663000000,-250,false,-0.57
"VIC",135957,"/Date(1702623616000)/",43500,400,1806700,78628000000,-300,false,-0.68
"VIC",135947,"/Date(1702623608000)/",43500,100,1806300,78611000000,-300,true,-0.68
"VIC",135944,"/Date(1702623606000)/",43550,100,1806200,78607000000,-250,false,-0.57
"VIC",135944,"/Date(1702623606000)/",43550,400,1806100,78602000000,-250,false,-0.57
"VIC",135941,"/Date(1702623603000)/",43500,700,1805700,78585000000,-300,false,-0.68
"VIC",135941,"/Date(1702623602000)/",43500,200,1805000,78554000000,-300,false,-0.68
"VIC",135941,"/Date(1702623600000)/",43450,900,1804800,78546000000,-350,true,-0.8
"VIC",135918,"/Date(1702623580000)/",43450,100,1803900,78507000000,-350,true,-0.8
"VIC",135918,"/Date(1702623580000)/",43450,400,1803800,78502000000,-350,true,-0.8
"VIC",135909,"/Date(1702623570000)/",43450,600,1803400,78485000000,-350,true,-0.8
"VIC",135837,"/Date(1702623537000)/",43450,600,1802800,78459000000,-350,true,-0.8
"VIC",135831,"/Date(1702623531000)/",43450,800,1802200,78433000000,-350,true,-0.8
"VIC",135831,"/Date(1702623531000)/",43450,200,1801400,78398000000,-350,true,-0.8
"VIC",135831,"/Date(1702623531000)/",43500,100,1801200,78389000000,-300,true,-0.68
"VIC",135824,"/Date(1702623524000)/",43500,1000,1801100,78385000000,-300,false,-0.68
"VIC",135824,"/Date(1702623524000)/",43500,200,1800100,78341000000,-300,false,-0.68
"VIC",135824,"/Date(1702623524000)/",43500,1300,1799900,78333000000,-300,false,-0.68
"VIC",135805,"/Date(1702623505000)/",43450,600,1798600,78276000000,-350,true,-0.8
"VIC",135749,"/Date(1702623490000)/",43500,2400,1798000,78250000000,-300,false,-0.68
"VIC",135749,"/Date(1702623490000)/",43500,3300,1795600,78146000000,-300,false,-0.68
"VIC",135746,"/Date(1702623486000)/",43450,2000,1792300,78002000000,-350,true,-0.8
"VIC",135743,"/Date(1702623483000)/",43450,100,1790300,77915000000,-350,true,-0.8
"VIC",135740,"/Date(1702623480000)/",43450,400,1790200,77911000000,-350,true,-0.8
"VIC",135733,"/Date(1702623472000)/",43400,600,1789800,77894000000,-400,true,-0.91
"VIC",135724,"/Date(1702623462000)/",43400,100,1789200,77867000000,-400,true,-0.91
"VIC",135724,"/Date(1702623462000)/",43400,700,1789100,77863000000,-400,true,-0.91
"VIC",135701,"/Date(1702623442000)/",43400,1000,1788400,77833000000,-400,true,-0.91
"VIC",135658,"/Date(1702623439000)/",43400,300,1787400,77789000000,-400,true,-0.91
"VIC",135658,"/Date(1702623439000)/",43400,300,1787100,77776000000,-400,true,-0.91
"VIC",135635,"/Date(1702623416000)/",43400,300,1786800,77763000000,-400,true,-0.91
"VIC",135635,"/Date(1702623416000)/",43400,200,1786500,77750000000,-400,true,-0.91
"VIC",135635,"/Date(1702623416000)/",43400,100,1786300,77742000000,-400,true,-0.91
"VIC",135635,"/Date(1702623416000)/",43400,400,1786200,77737000000,-400,true,-0.91
"VIC",135626,"/Date(1702623407000)/",43400,600,1785800,77720000000,-400,true,-0.91
"VIC",135616,"/Date(1702623396000)/",43400,1500,1785200,77694000000,-400,true,-0.91
"VIC",135613,"/Date(1702623393000)/",43400,900,1783700,77629000000,-400,true,-0.91
"VIC",135610,"/Date(1702623391000)/",43400,500,1782800,77590000000,-400,true,-0.91
"VIC",135604,"/Date(1702623385000)/",43400,300,1782300,77568000000,-400,true,-0.91
"VIC",135554,"/Date(1702623375000)/",43400,600,1782000,77555000000,-400,true,-0.91
"VIC",135551,"/Date(1702623370000)/",43400,100,1781400,77529000000,-400,true,-0.91
"VIC",135548,"/Date(1702623366000)/",43400,100,1781300,77525000000,-400,false,-0.91
"VIC",135522,"/Date(1702623342000)/",43350,600,1781200,77520000000,-450,true,-1.03
"VIC",135519,"/Date(1702623338000)/",43350,100,1780600,77494000000,-450,true,-1.03
"VIC",135503,"/Date(1702623324000)/",43350,800,1780500,77490000000,-450,true,-1.03
"VIC",135450,"/Date(1702623309000)/",43350,600,1779700,77455000000,-450,true,-1.03
"VIC",135415,"/Date(1702623276000)/",43350,600,1779100,77429000000,-450,true,-1.03
"VIC",135415,"/Date(1702623274000)/",43400,300,1778500,77403000000,-400,false,-0.91
"VIC",135402,"/Date(1702623261000)/",43400,700,1778200,77390000000,-400,false,-0.91
"VIC",135402,"/Date(1702623261000)/",43400,300,1777500,77360000000,-400,false,-0.91
"VIC",135356,"/Date(1702623254000)/",43350,900,1777200,77347000000,-450,true,-1.03
"VIC",135343,"/Date(1702623244000)/",43350,600,1776300,77308000000,-450,true,-1.03
"VIC",135340,"/Date(1702623239000)/",43350,2000,1775700,77282000000,-450,true,-1.03
"VIC",135311,"/Date(1702623210000)/",43350,600,1773700,77195000000,-450,true,-1.03
"VIC",135308,"/Date(1702623209000)/",43350,1000,1773100,77169000000,-450,true,-1.03
"VIC",135252,"/Date(1702623193000)/",43350,100,1772100,77126000000,-450,true,-1.03
"VIC",135246,"/Date(1702623185000)/",43350,800,1772000,77121000000,-450,true,-1.03
"VIC",135239,"/Date(1702623181000)/",43400,200,1771200,77087000000,-400,true,-0.91
"VIC",135236,"/Date(1702623177000)/",43400,600,1771000,77078000000,-400,true,-0.91
"VIC",135220,"/Date(1702623159000)/",43400,100,1770400,77052000000,-400,true,-0.91
"VIC",135217,"/Date(1702623156000)/",43400,100,1770300,77048000000,-400,true,-0.91
"VIC",135204,"/Date(1702623145000)/",43350,600,1770200,77043000000,-450,true,-1.03
"VIC",135152,"/Date(1702623132000)/",43350,200,1769600,77017000000,-450,true,-1.03
"VIC",135145,"/Date(1702623124000)/",43350,100,1769400,77009000000,-450,true,-1.03
"VIC",135145,"/Date(1702623124000)/",43400,200,1769300,77004000000,-400,false,-0.91
"VIC",135145,"/Date(1702623124000)/",43400,500,1769100,76996000000,-400,false,-0.91
"VIC",135136,"/Date(1702623116000)/",43400,200,1768600,76974000000,-400,true,-0.91
"VIC",135136,"/Date(1702623116000)/",43400,700,1768400,76965000000,-400,true,-0.91
"VIC",135132,"/Date(1702623112000)/",43500,800,1767700,76935000000,-300,false,-0.68
"VIC",135132,"/Date(1702623111000)/",43400,600,1766900,76900000000,-400,true,-0.91
"VIC",135129,"/Date(1702623110000)/",43400,2000,1766300,76874000000,-400,true,-0.91
"VIC",135117,"/Date(1702623098000)/",43400,100,1764300,76787000000,-400,true,-0.91
"VIC",135110,"/Date(1702623090000)/",43400,800,1764200,76783000000,-400,true,-0.91
"VIC",135104,"/Date(1702623084000)/",43400,100,1763400,76748000000,-400,true,-0.91
"VIC",135101,"/Date(1702623079000)/",43400,600,1763300,76744000000,-400,true,-0.91
"VIC",135057,"/Date(1702623076000)/",43400,100,1762700,76718000000,-400,false,-0.91
"VIC",135045,"/Date(1702623065000)/",43400,100,1762600,76713000000,-400,false,-0.91
"VIC",135029,"/Date(1702623047000)/",43400,200,1762500,76709000000,-400,false,-0.91
"VIC",135029,"/Date(1702623047000)/",43400,100,1762300,76700000000,-400,false,-0.91
"VIC",135029,"/Date(1702623047000)/",43400,200,1762200,76696000000,-400,false,-0.91
"VIC",135029,"/Date(1702623047000)/",43400,100,1762000,76687000000,-400,false,-0.91
"VIC",135029,"/Date(1702623047000)/",43400,100,1761900,76683000000,-400,false,-0.91
"VIC",135029,"/Date(1702623047000)/",43400,100,1761800,76679000000,-400,false,-0.91
"VIC",135026,"/Date(1702623045000)/",43400,200,1761700,76674000000,-400,true,-0.91
"VIC",135026,"/Date(1702623045000)/",43400,100,1761500,76666000000,-400,true,-0.91
"VIC",135026,"/Date(1702623045000)/",43400,100,1761400,76661000000,-400,true,-0.91
"VIC",135026,"/Date(1702623045000)/",43400,100,1761300,76657000000,-400,true,-0.91
"VIC",135026,"/Date(1702623045000)/",43400,2000,1761200,76653000000,-400,true,-0.91
"VIC",135026,"/Date(1702623045000)/",43400,100,1759200,76566000000,-400,true,-0.91
"VIC",135026,"/Date(1702623045000)/",43400,100,1759100,76562000000,-400,true,-0.91
"VIC",135026,"/Date(1702623045000)/",43400,300,1759000,76557000000,-400,true,-0.91
"VIC",135026,"/Date(1702623045000)/",43400,100,1758700,76544000000,-400,true,-0.91
"VIC",135026,"/Date(1702623045000)/",43400,500,1758600,76540000000,-400,true,-0.91
"VIC",135026,"/Date(1702623045000)/",43400,300,1758100,76518000000,-400,true,-0.91
"VIC",135026,"/Date(1702623045000)/",43400,200,1757800,76505000000,-400,true,-0.91
"VIC",135026,"/Date(1702623045000)/",43400,800,1757600,76496000000,-400,true,-0.91
"VIC",135026,"/Date(1702623045000)/",43450,100,1756800,76462000000,-350,false,-0.8
"VIC",135026,"/Date(1702623044000)/",43450,400,1756700,76457000000,-350,false,-0.8
"VIC",135019,"/Date(1702623039000)/",43400,200,1756300,76440000000,-400,true,-0.91
"VIC",135019,"/Date(1702623039000)/",43400,200,1756100,76431000000,-400,true,-0.91
"VIC",135019,"/Date(1702623039000)/",43400,200,1755900,76423000000,-400,true,-0.91
"VIC",135010,"/Date(1702623028000)/",43400,2000,1755700,76414000000,-400,true,-0.91
"VIC",135006,"/Date(1702623025000)/",43400,1200,1753700,76327000000,-400,true,-0.91
"VIC",134947,"/Date(1702623007000)/",43400,600,1752500,76275000000,-400,true,-0.91
"VIC",134925,"/Date(1702622983000)/",43400,1500,1751900,76249000000,-400,true,-0.91
"VIC",134919,"/Date(1702622978000)/",43400,200,1750400,76184000000,-400,true,-0.91
"VIC",134919,"/Date(1702622978000)/",43400,500,1750200,76175000000,-400,true,-0.91
"VIC",134919,"/Date(1702622978000)/",43400,200,1749700,76154000000,-400,true,-0.91
"VIC",134915,"/Date(1702622975000)/",43400,600,1749500,76145000000,-400,true,-0.91
"VIC",134915,"/Date(1702622974000)/",43400,100,1748900,76119000000,-400,true,-0.91
"VIC",134915,"/Date(1702622974000)/",43450,100,1748800,76115000000,-350,false,-0.8
"VIC",134909,"/Date(1702622968000)/",43400,500,1748700,76110000000,-400,true,-0.91
"VIC",134909,"/Date(1702622967000)/",43400,2200,1748200,76088000000,-400,true,-0.91
"VIC",134840,"/Date(1702622940000)/",43400,600,1746000,75993000000,-400,true,-0.91
"VIC",134834,"/Date(1702622935000)/",43400,2700,1745400,75967000000,-400,true,-0.91
"VIC",134808,"/Date(1702622909000)/",43400,200,1742700,75850000000,-400,true,-0.91
"VIC",134808,"/Date(1702622909000)/",43450,300,1742500,75841000000,-350,true,-0.8
"VIC",134808,"/Date(1702622909000)/",43450,200,1742200,75828000000,-350,true,-0.8
"VIC",134808,"/Date(1702622909000)/",43450,100,1742000,75819000000,-350,true,-0.8
"VIC",134808,"/Date(1702622907000)/",43450,100,1741900,75815000000,-350,true,-0.8
"VIC",134808,"/Date(1702622907000)/",43450,500,1741800,75811000000,-350,true,-0.8
"VIC",134802,"/Date(1702622903000)/",43450,100,1741300,75789000000,-350,true,-0.8
"VIC",134802,"/Date(1702622901000)/",43450,100,1741200,75785000000,-350,true,-0.8
"VIC",134734,"/Date(1702622873000)/",43450,500,1741100,75780000000,-350,true,-0.8
"VIC",134734,"/Date(1702622873000)/",43500,100,1740600,75759000000,-300,false,-0.68
"VIC",134730,"/Date(1702622868000)/",43500,100,1740500,75754000000,-300,true,-0.68
"VIC",134730,"/Date(1702622868000)/",43500,100,1740400,75750000000,-300,true,-0.68
"VIC",134730,"/Date(1702622868000)/",43500,600,1740300,75745000000,-300,true,-0.68
"VIC",134727,"/Date(1702622866000)/",43500,100,1739700,75719000000,-300,true,-0.68
"VIC",134701,"/Date(1702622841000)/",43500,300,1739600,75715000000,-300,true,-0.68
"VIC",134701,"/Date(1702622841000)/",43550,300,1739300,75702000000,-250,false,-0.57
"VIC",134701,"/Date(1702622840000)/",43550,900,1739000,75689000000,-250,false,-0.57
"VIC",134652,"/Date(1702622831000)/",43550,100,1738100,75650000000,-250,false,-0.57
"VIC",134652,"/Date(1702622831000)/",43550,100,1738000,75645000000,-250,false,-0.57
"VIC",134652,"/Date(1702622831000)/",43550,100,1737900,75641000000,-250,false,-0.57
"VIC",134652,"/Date(1702622831000)/",43550,500,1737800,75637000000,-250,false,-0.57
"VIC",134652,"/Date(1702622831000)/",43550,300,1737300,75615000000,-250,false,-0.57
"VIC",134652,"/Date(1702622831000)/",43550,100,1737000,75602000000,-250,false,-0.57
"VIC",134652,"/Date(1702622831000)/",43550,200,1736900,75597000000,-250,false,-0.57
"VIC",134652,"/Date(1702622831000)/",43550,7400,1736700,75589000000,-250,false,-0.57
"VIC",134645,"/Date(1702622824000)/",43500,2000,1729300,75266000000,-300,true,-0.68
"VIC",134639,"/Date(1702622817000)/",43450,2000,1727300,75179000000,-350,false,-0.8
"VIC",134639,"/Date(1702622817000)/",43450,400,1725300,75093000000,-350,false,-0.8
"VIC",134639,"/Date(1702622817000)/",43450,6400,1724900,75075000000,-350,false,-0.8
"VIC",134633,"/Date(1702622814000)/",43400,1000,1718500,74797000000,-400,true,-0.91
"VIC",134630,"/Date(1702622808000)/",43400,600,1717500,74754000000,-400,true,-0.91
"VIC",134604,"/Date(1702622782000)/",43400,600,1716900,74728000000,-400,true,-0.91
"VIC",134558,"/Date(1702622776000)/",43400,600,1716300,74702000000,-400,true,-0.91
"VIC",134551,"/Date(1702622771000)/",43400,100,1715700,74676000000,-400,true,-0.91
"VIC",134551,"/Date(1702622771000)/",43400,700,1715600,74671000000,-400,true,-0.91
"VIC",134542,"/Date(1702622760000)/",43400,300,1714900,74641000000,-400,true,-0.91
"VIC",134542,"/Date(1702622760000)/",43400,100,1714600,74628000000,-400,true,-0.91
"VIC",134539,"/Date(1702622758000)/",43400,100,1714500,74624000000,-400,true,-0.91
"VIC",134523,"/Date(1702622743000)/",43400,600,1714400,74619000000,-400,true,-0.91
"VIC",134513,"/Date(1702622731000)/",43400,3000,1713800,74593000000,-400,true,-0.91
"VIC",134507,"/Date(1702622727000)/",43400,700,1710800,74463000000,-400,true,-0.91
"VIC",134507,"/Date(1702622726000)/",43400,200,1710100,74433000000,-400,true,-0.91
"VIC",134451,"/Date(1702622710000)/",43400,600,1709900,74424000000,-400,true,-0.91
"VIC",134444,"/Date(1702622702000)/",43400,500,1709300,74398000000,-400,true,-0.91
"VIC",134444,"/Date(1702622702000)/",43400,400,1708800,74376000000,-400,true,-0.91
"VIC",134419,"/Date(1702622677000)/",43400,500,1708400,74359000000,-400,true,-0.91
"VIC",134419,"/Date(1702622677000)/",43400,100,1707900,74337000000,-400,true,-0.91
"VIC",134350,"/Date(1702622648000)/",43400,100,1707800,74333000000,-400,true,-0.91
"VIC",134350,"/Date(1702622648000)/",43400,200,1707700,74328000000,-400,true,-0.91
"VIC",134350,"/Date(1702622648000)/",43400,100,1707500,74320000000,-400,true,-0.91
"VIC",134350,"/Date(1702622648000)/",43400,100,1707400,74315000000,-400,true,-0.91
"VIC",134334,"/Date(1702622633000)/",43400,500,1707300,74311000000,-400,true,-0.91
"VIC",134334,"/Date(1702622633000)/",43400,300,1706800,74289000000,-400,true,-0.91
"VIC",134328,"/Date(1702622628000)/",43400,600,1706500,74276000000,-400,true,-0.91
"VIC",134328,"/Date(1702622626000)/",43400,100,1705900,74250000000,-400,true,-0.91
"VIC",134325,"/Date(1702622624000)/",43400,500,1705800,74246000000,-400,true,-0.91
"VIC",134315,"/Date(1702622614000)/",43400,100,1705300,74224000000,-400,true,-0.91
"VIC",134312,"/Date(1702622612000)/",43400,1400,1705200,74220000000,-400,true,-0.91
"VIC",134312,"/Date(1702622612000)/",43400,100,1703800,74159000000,-400,true,-0.91
"VIC",134312,"/Date(1702622612000)/",43400,500,1703700,74155000000,-400,true,-0.91
"VIC",134312,"/Date(1702622612000)/",43400,500,1703200,74133000000,-400,true,-0.91
"VIC",134256,"/Date(1702622595000)/",43400,100,1702700,74111000000,-400,true,-0.91
"VIC",134256,"/Date(1702622595000)/",43400,500,1702600,74107000000,-400,true,-0.91
"VIC",134224,"/Date(1702622563000)/",43400,900,1702100,74085000000,-400,true,-0.91
"VIC",134224,"/Date(1702622562000)/",43400,600,1701200,74046000000,-400,true,-0.91
"VIC",134208,"/Date(1702622547000)/",43400,100,1700600,74020000000,-400,true,-0.91
"VIC",134208,"/Date(1702622547000)/",43400,300,1700500,74016000000,-400,true,-0.91
"VIC",134208,"/Date(1702622547000)/",43400,100,1700200,74003000000,-400,true,-0.91
"VIC",134155,"/Date(1702622534000)/",43450,2000,1700100,73999000000,-350,false,-0.8
"VIC",134155,"/Date(1702622534000)/",43450,1500,1698100,73912000000,-350,false,-0.8
"VIC",134155,"/Date(1702622534000)/",43450,100,1696600,73846000000,-350,false,-0.8
"VIC",134152,"/Date(1702622530000)/",43450,600,1696500,73842000000,-350,true,-0.8
"VIC",134117,"/Date(1702622498000)/",43450,600,1695900,73816000000,-350,true,-0.8
"VIC",134114,"/Date(1702622494000)/",43450,800,1695300,73790000000,-350,true,-0.8
"VIC",134055,"/Date(1702622474000)/",43450,200,1694500,73755000000,-350,true,-0.8
"VIC",134048,"/Date(1702622469000)/",43450,200,1694300,73747000000,-350,true,-0.8
"VIC",134045,"/Date(1702622465000)/",43450,600,1694100,73738000000,-350,true,-0.8
"VIC",134045,"/Date(1702622465000)/",43450,100,1693500,73712000000,-350,true,-0.8
"VIC",134036,"/Date(1702622456000)/",43450,1800,1693400,73707000000,-350,false,-0.8
"VIC",134036,"/Date(1702622456000)/",43450,200,1691600,73629000000,-350,false,-0.8
"VIC",134036,"/Date(1702622456000)/",43450,500,1691400,73621000000,-350,false,-0.8
"VIC",134013,"/Date(1702622433000)/",43400,100,1690900,73599000000,-400,true,-0.91
"VIC",134013,"/Date(1702622433000)/",43400,300,1690800,73594000000,-400,true,-0.91
"VIC",134013,"/Date(1702622433000)/",43400,100,1690500,73581000000,-400,true,-0.91
"VIC",134013,"/Date(1702622433000)/",43400,100,1690400,73577000000,-400,true,-0.91
"VIC",134007,"/Date(1702622425000)/",43400,400,1690300,73573000000,-400,true,-0.91
"VIC",134007,"/Date(1702622425000)/",43400,500,1689900,73555000000,-400,true,-0.91
"VIC",133941,"/Date(1702622401000)/",43400,600,1689400,73534000000,-400,true,-0.91
"VIC",133910,"/Date(1702622369000)/",43400,600,1688800,73508000000,-400,true,-0.91
"VIC",133903,"/Date(1702622363000)/",43400,300,1688200,73482000000,-400,true,-0.91
"VIC",133857,"/Date(1702622356000)/",43400,100,1687900,73469000000,-400,true,-0.91
"VIC",133857,"/Date(1702622356000)/",43400,100,1687800,73464000000,-400,true,-0.91
"VIC",133857,"/Date(1702622356000)/",43400,100,1687700,73460000000,-400,true,-0.91
"VIC",133857,"/Date(1702622356000)/",43400,500,1687600,73456000000,-400,true,-0.91
"VIC",133857,"/Date(1702622355000)/",43400,100,1687100,73434000000,-400,true,-0.91
"VIC",133844,"/Date(1702622343000)/",43400,400,1687000,73430000000,-400,true,-0.91
"VIC",133844,"/Date(1702622343000)/",43400,400,1686600,73412000000,-400,true,-0.91
"VIC",133841,"/Date(1702622340000)/",43450,100,1686200,73395000000,-350,false,-0.8
"VIC",133841,"/Date(1702622340000)/",43400,100,1686100,73390000000,-400,true,-0.91
"VIC",133841,"/Date(1702622340000)/",43400,200,1686000,73386000000,-400,true,-0.91
"VIC",133841,"/Date(1702622340000)/",43400,100,1685800,73377000000,-400,true,-0.91
"VIC",133838,"/Date(1702622335000)/",43400,600,1685700,73373000000,-400,true,-0.91
"VIC",133822,"/Date(1702622322000)/",43450,100,1685100,73347000000,-350,false,-0.8
"VIC",133822,"/Date(1702622322000)/",43450,100,1685000,73343000000,-350,false,-0.8
"VIC",133822,"/Date(1702622322000)/",43450,100,1684900,73338000000,-350,false,-0.8
"VIC",133822,"/Date(1702622322000)/",43450,100,1684800,73334000000,-350,false,-0.8
"VIC",133809,"/Date(1702622308000)/",43450,100,1684700,73330000000,-350,true,-0.8
"VIC",133809,"/Date(1702622308000)/",43450,400,1684600,73325000000,-350,true,-0.8
"VIC",133803,"/Date(1702622303000)/",43450,600,1684200,73308000000,-350,true,-0.8
"VIC",133753,"/Date(1702622291000)/",43450,800,1683600,73282000000,-350,true,-0.8
"VIC",133750,"/Date(1702622287000)/",43450,900,1682800,73247000000,-350,true,-0.8
"VIC",133731,"/Date(1702622270000)/",43450,200,1681900,73208000000,-350,true,-0.8
"VIC",133731,"/Date(1702622270000)/",43450,600,1681700,73199000000,-350,true,-0.8
"VIC",133724,"/Date(1702622264000)/",43550,400,1681100,73173000000,-250,false,-0.57
"VIC",133659,"/Date(1702622237000)/",43450,300,1680700,73156000000,-350,true,-0.8
"VIC",133659,"/Date(1702622237000)/",43450,200,1680400,73143000000,-350,true,-0.8
"VIC",133659,"/Date(1702622237000)/",43450,100,1680200,73134000000,-350,true,-0.8
"VIC",133643,"/Date(1702622221000)/",43450,900,1680100,73130000000,-350,true,-0.8
"VIC",133640,"/Date(1702622218000)/",43450,600,1679200,73091000000,-350,true,-0.8
"VIC",133640,"/Date(1702622218000)/",43450,100,1678600,73065000000,-350,true,-0.8
"VIC",133640,"/Date(1702622218000)/",43450,100,1678500,73060000000,-350,true,-0.8
"VIC",133627,"/Date(1702622205000)/",43450,400,1678400,73056000000,-350,true,-0.8
"VIC",133627,"/Date(1702622205000)/",43450,100,1678000,73039000000,-350,true,-0.8
"VIC",133627,"/Date(1702622205000)/",43450,100,1677900,73034000000,-350,true,-0.8
"VIC",133621,"/Date(1702622200000)/",43550,100,1677800,73030000000,-250,false,-0.57
"VIC",133614,"/Date(1702622194000)/",43450,900,1677700,73026000000,-350,true,-0.8
"VIC",133614,"/Date(1702622194000)/",43450,1100,1676800,72986000000,-350,true,-0.8
"VIC",133608,"/Date(1702622188000)/",43450,100,1675700,72939000000,-350,true,-0.8
"VIC",133601,"/Date(1702622179000)/",43450,200,1675600,72934000000,-350,true,-0.8
"VIC",133555,"/Date(1702622173000)/",43450,600,1675400,72926000000,-350,true,-0.8
"VIC",133536,"/Date(1702622154000)/",43450,300,1674800,72900000000,-350,true,-0.8
"VIC",133536,"/Date(1702622154000)/",43500,100,1674500,72886000000,-300,true,-0.68
"VIC",133530,"/Date(1702622149000)/",43450,900,1674400,72882000000,-350,true,-0.8
"VIC",133523,"/Date(1702622140000)/",43450,600,1673500,72843000000,-350,true,-0.8
"VIC",133504,"/Date(1702622122000)/",43450,500,1672900,72817000000,-350,true,-0.8
"VIC",133448,"/Date(1702622107000)/",43450,600,1672400,72795000000,-350,true,-0.8
"VIC",133423,"/Date(1702622080000)/",43450,800,1671800,72769000000,-350,true,-0.8
"VIC",133416,"/Date(1702622074000)/",43400,400,1671000,72734000000,-400,true,-0.91
"VIC",133416,"/Date(1702622074000)/",43450,100,1670600,72717000000,-350,true,-0.8
"VIC",133416,"/Date(1702622074000)/",43450,100,1670500,72713000000,-350,true,-0.8
"VIC",133410,"/Date(1702622069000)/",43550,2100,1670400,72708000000,-250,true,-0.57
"VIC",133400,"/Date(1702622059000)/",43550,200,1668300,72617000000,-250,false,-0.57
"VIC",133400,"/Date(1702622059000)/",43550,100,1668100,72608000000,-250,false,-0.57
"VIC",133400,"/Date(1702622059000)/",43550,2500,1668000,72604000000,-250,false,-0.57
"VIC",133400,"/Date(1702622059000)/",43500,800,1665500,72495000000,-300,false,-0.68
"VIC",133354,"/Date(1702622051000)/",43500,200,1664700,72460000000,-300,false,-0.68
"VIC",133354,"/Date(1702622051000)/",43500,100,1664500,72451000000,-300,false,-0.68
"VIC",133354,"/Date(1702622051000)/",43500,1500,1664400,72447000000,-300,false,-0.68
"VIC",133354,"/Date(1702622051000)/",43500,100,1662900,72382000000,-300,false,-0.68
"VIC",133354,"/Date(1702622051000)/",43500,200,1662800,72377000000,-300,false,-0.68
"VIC",133344,"/Date(1702622042000)/",43450,500,1662600,72369000000,-350,true,-0.8
"VIC",133335,"/Date(1702622034000)/",43450,200,1662100,72347000000,-350,false,-0.8
"VIC",133335,"/Date(1702622033000)/",43450,1000,1661900,72338000000,-350,false,-0.8
"VIC",133312,"/Date(1702622013000)/",43400,100,1660900,72295000000,-400,true,-0.91
"VIC",133312,"/Date(1702622011000)/",43400,900,1660800,72291000000,-400,true,-0.91
"VIC",133309,"/Date(1702622009000)/",43400,500,1659900,72252000000,-400,true,-0.91
"VIC",133306,"/Date(1702622004000)/",43400,100,1659400,72230000000,-400,true,-0.91
"VIC",133237,"/Date(1702621977000)/",43400,300,1659300,72225000000,-400,true,-0.91
"VIC",133237,"/Date(1702621977000)/",43400,100,1659000,72212000000,-400,true,-0.91
"VIC",133237,"/Date(1702621977000)/",43450,100,1658900,72208000000,-350,true,-0.8
"VIC",133237,"/Date(1702621977000)/",43450,100,1658800,72204000000,-350,true,-0.8
"VIC",133218,"/Date(1702621958000)/",43450,100,1658700,72199000000,-350,true,-0.8
"VIC",133218,"/Date(1702621958000)/",43450,500,1658600,72195000000,-350,true,-0.8
"VIC",133218,"/Date(1702621957000)/",43450,200,1658100,72173000000,-350,true,-0.8
"VIC",133205,"/Date(1702621944000)/",43450,500,1657900,72165000000,-350,true,-0.8
"VIC",133205,"/Date(1702621942000)/",43450,500,1657400,72143000000,-350,true,-0.8
"VIC",133205,"/Date(1702621942000)/",43450,100,1656900,72121000000,-350,true,-0.8
"VIC",133205,"/Date(1702621942000)/",43450,200,1656800,72117000000,-350,true,-0.8
"VIC",133136,"/Date(1702621914000)/",43500,200,1656600,72108000000,-300,true,-0.68
"VIC",133133,"/Date(1702621911000)/",43500,500,1656400,72099000000,-300,true,-0.68
"VIC",133123,"/Date(1702621903000)/",43500,100,1655900,72078000000,-300,true,-0.68
"VIC",133117,"/Date(1702621897000)/",43500,200,1655800,72073000000,-300,true,-0.68
"VIC",133107,"/Date(1702621885000)/",43500,200,1655600,72065000000,-300,false,-0.68
"VIC",133101,"/Date(1702621879000)/",43450,100,1655400,72056000000,-350,true,-0.8
"VIC",133101,"/Date(1702621879000)/",43500,200,1655300,72052000000,-300,true,-0.68
"VIC",133101,"/Date(1702621879000)/",43500,200,1655100,72043000000,-300,true,-0.68
"VIC",133101,"/Date(1702621878000)/",43500,1000,1654900,72034000000,-300,true,-0.68
"VIC",133055,"/Date(1702621872000)/",43500,900,1653900,71991000000,-300,true,-0.68
"VIC",133051,"/Date(1702621865000)/",43500,400,1653000,71952000000,-300,true,-0.68
"VIC",133029,"/Date(1702621846000)/",43500,500,1652600,71934000000,-300,false,-0.68
"VIC",133026,"/Date(1702621846000)/",43500,100,1652100,71912000000,-300,false,-0.68
"VIC",133026,"/Date(1702621846000)/",43500,100,1652000,71908000000,-300,false,-0.68
"VIC",133026,"/Date(1702621846000)/",43500,200,1651900,71904000000,-300,false,-0.68
"VIC",133013,"/Date(1702621832000)/",43450,100,1651700,71895000000,-350,true,-0.8
"VIC",133013,"/Date(1702621831000)/",43500,1100,1651600,71891000000,-300,false,-0.68
"VIC",133013,"/Date(1702621831000)/",43500,1000,1650500,71843000000,-300,false,-0.68
"VIC",133013,"/Date(1702621831000)/",43500,500,1649500,71799000000,-300,false,-0.68
"VIC",133013,"/Date(1702621831000)/",43500,2200,1649000,71778000000,-300,false,-0.68
"VIC",133001,"/Date(1702621820000)/",43450,200,1646800,71682000000,-350,false,-0.8
"VIC",132954,"/Date(1702621813000)/",43400,500,1646600,71673000000,-400,true,-0.91
"VIC",132951,"/Date(1702621811000)/",43450,100,1646100,71652000000,-350,true,-0.8
"VIC",132951,"/Date(1702621811000)/",43450,100,1646000,71647000000,-350,true,-0.8
"VIC",132951,"/Date(1702621811000)/",43450,100,1645900,71643000000,-350,true,-0.8
"VIC",132945,"/Date(1702621803000)/",43450,400,1645800,71638000000,-350,true,-0.8
"VIC",132945,"/Date(1702621803000)/",43450,400,1645400,71621000000,-350,true,-0.8
"VIC",132941,"/Date(1702621800000)/",43500,100,1645000,71604000000,-300,false,-0.68
"VIC",132929,"/Date(1702621786000)/",43500,100,1644900,71599000000,-300,false,-0.68
"VIC",132922,"/Date(1702621781000)/",43400,400,1644800,71595000000,-400,true,-0.91
"VIC",132922,"/Date(1702621781000)/",43450,100,1644400,71578000000,-350,true,-0.8
"VIC",132850,"/Date(1702621748000)/",43450,500,1644300,71573000000,-350,true,-0.8
"VIC",132844,"/Date(1702621744000)/",43400,200,1643800,71552000000,-400,true,-0.91
"VIC",132834,"/Date(1702621734000)/",43400,800,1643600,71543000000,-400,true,-0.91
"VIC",132834,"/Date(1702621734000)/",43450,100,1642800,71508000000,-350,false,-0.8
"VIC",132828,"/Date(1702621727000)/",43400,200,1642700,71504000000,-400,true,-0.91
"VIC",132828,"/Date(1702621727000)/",43400,200,1642500,71495000000,-400,true,-0.91
"VIC",132828,"/Date(1702621727000)/",43400,100,1642300,71486000000,-400,true,-0.91
"VIC",132828,"/Date(1702621727000)/",43400,400,1642200,71482000000,-400,true,-0.91
"VIC",132818,"/Date(1702621716000)/",43400,500,1641800,71465000000,-400,true,-0.91
"VIC",132802,"/Date(1702621700000)/",43400,500,1641300,71443000000,-400,true,-0.91
"VIC",132746,"/Date(1702621683000)/",43400,500,1640800,71421000000,-400,true,-0.91
"VIC",132743,"/Date(1702621681000)/",43500,100,1640300,71400000000,-300,false,-0.68
"VIC",132727,"/Date(1702621665000)/",43400,100,1640200,71395000000,-400,true,-0.91
"VIC",132727,"/Date(1702621665000)/",43400,100,1640100,71391000000,-400,true,-0.91
"VIC",132727,"/Date(1702621665000)/",43400,100,1640000,71387000000,-400,true,-0.91
"VIC",132727,"/Date(1702621665000)/",43400,500,1639900,71382000000,-400,true,-0.91
"VIC",132724,"/Date(1702621662000)/",43400,200,1639400,71361000000,-400,true,-0.91
"VIC",132724,"/Date(1702621662000)/",43400,400,1639200,71352000000,-400,true,-0.91
"VIC",132711,"/Date(1702621651000)/",43400,100,1638800,71335000000,-400,true,-0.91
"VIC",132711,"/Date(1702621651000)/",43400,400,1638700,71330000000,-400,true,-0.91
"VIC",132705,"/Date(1702621644000)/",43400,1000,1638300,71313000000,-400,true,-0.91
"VIC",132705,"/Date(1702621644000)/",43400,200,1637300,71269000000,-400,true,-0.91
"VIC",132639,"/Date(1702621618000)/",43400,500,1637100,71261000000,-400,true,-0.91
"VIC",132636,"/Date(1702621615000)/",43500,100,1636600,71239000000,-300,false,-0.68
"VIC",132620,"/Date(1702621600000)/",43500,100,1636500,71235000000,-300,false,-0.68
"VIC",132617,"/Date(1702621596000)/",43500,900,1636400,71230000000,-300,true,-0.68
"VIC",132607,"/Date(1702621585000)/",43400,300,1635500,71191000000,-400,true,-0.91
"VIC",132607,"/Date(1702621585000)/",43400,200,1635200,71178000000,-400,true,-0.91
"VIC",132545,"/Date(1702621563000)/",43600,500,1635000,71170000000,-200,false,-0.46
"VIC",132536,"/Date(1702621553000)/",43400,400,1634500,71148000000,-400,true,-0.91
"VIC",132536,"/Date(1702621553000)/",43400,100,1634100,71130000000,-400,true,-0.91
"VIC",132510,"/Date(1702621527000)/",43400,200,1634000,71126000000,-400,true,-0.91
"VIC",132510,"/Date(1702621527000)/",43400,600,1633800,71117000000,-400,true,-0.91
"VIC",132500,"/Date(1702621520000)/",43400,400,1633200,71091000000,-400,true,-0.91
"VIC",132500,"/Date(1702621520000)/",43500,100,1632800,71074000000,-300,true,-0.68
"VIC",132448,"/Date(1702621504000)/",43600,100,1632700,71070000000,-200,true,-0.46
"VIC",132448,"/Date(1702621504000)/",43600,900,1632600,71065000000,-200,true,-0.46
"VIC",132438,"/Date(1702621496000)/",43600,500,1631700,71026000000,-200,true,-0.46
"VIC",132435,"/Date(1702621493000)/",43600,500,1631200,71004000000,-200,true,-0.46
"VIC",132429,"/Date(1702621487000)/",43600,500,1630700,70982000000,-200,true,-0.46
"VIC",132419,"/Date(1702621476000)/",43600,100,1630200,70961000000,-200,true,-0.46
"VIC",132416,"/Date(1702621475000)/",43600,2000,1630100,70956000000,-200,true,-0.46
"VIC",132413,"/Date(1702621470000)/",43650,1900,1628100,70869000000,-150,false,-0.34
"VIC",132409,"/Date(1702621469000)/",43650,5700,1626200,70786000000,-150,false,-0.34
"VIC",132409,"/Date(1702621469000)/",43600,100,1620500,70537000000,-200,false,-0.46
"VIC",132409,"/Date(1702621467000)/",43600,100,1620400,70533000000,-200,false,-0.46
"VIC",132409,"/Date(1702621467000)/",43600,200,1620300,70529000000,-200,false,-0.46
"VIC",132409,"/Date(1702621467000)/",43600,400,1620100,70520000000,-200,false,-0.46
"VIC",132409,"/Date(1702621467000)/",43600,100,1619700,70502000000,-200,false,-0.46
"VIC",132409,"/Date(1702621467000)/",43600,300,1619600,70498000000,-200,false,-0.46
"VIC",132409,"/Date(1702621467000)/",43600,300,1619300,70485000000,-200,false,-0.46
"VIC",132403,"/Date(1702621460000)/",43600,600,1619000,70472000000,-200,false,-0.46
"VIC",132400,"/Date(1702621458000)/",43350,200,1618400,70446000000,-450,true,-1.03
"VIC",132400,"/Date(1702621458000)/",43400,100,1618200,70437000000,-400,true,-0.91
"VIC",132400,"/Date(1702621458000)/",43400,100,1618100,70433000000,-400,true,-0.91
"VIC",132400,"/Date(1702621458000)/",43400,500,1618000,70428000000,-400,true,-0.91
"VIC",132357,"/Date(1702621455000)/",43600,1100,1617500,70407000000,-200,false,-0.46
"VIC",132357,"/Date(1702621455000)/",43600,800,1616400,70359000000,-200,false,-0.46
"VIC",132357,"/Date(1702621454000)/",43400,500,1615600,70324000000,-400,true,-0.91
"VIC",132338,"/Date(1702621435000)/",43600,5700,1615100,70302000000,-200,false,-0.46
"VIC",132331,"/Date(1702621430000)/",43600,1900,1609400,70054000000,-200,false,-0.46
"VIC",132331,"/Date(1702621430000)/",43600,100,1607500,69971000000,-200,false,-0.46
"VIC",132331,"/Date(1702621430000)/",43600,400,1607400,69966000000,-200,false,-0.46
"VIC",132331,"/Date(1702621430000)/",43600,1400,1607000,69949000000,-200,false,-0.46
"VIC",132328,"/Date(1702621425000)/",43350,100,1605600,69888000000,-450,true,-1.03
"VIC",132325,"/Date(1702621422000)/",43350,500,1605500,69884000000,-450,true,-1.03
"VIC",132318,"/Date(1702621416000)/",43350,100,1605000,69862000000,-450,true,-1.03
"VIC",132318,"/Date(1702621415000)/",43600,400,1604900,69858000000,-200,false,-0.46
"VIC",132306,"/Date(1702621403000)/",43600,700,1604500,69840000000,-200,false,-0.46
"VIC",132306,"/Date(1702621403000)/",43600,100,1603800,69810000000,-200,false,-0.46
"VIC",132306,"/Date(1702621403000)/",43600,100,1603700,69805000000,-200,false,-0.46
"VIC",132306,"/Date(1702621403000)/",43600,100,1603600,69801000000,-200,false,-0.46
"VIC",132306,"/Date(1702621403000)/",43600,1700,1603500,69797000000,-200,false,-0.46
"VIC",132306,"/Date(1702621403000)/",43600,1000,1601800,69722000000,-200,false,-0.46
"VIC",132306,"/Date(1702621403000)/",43600,100,1600800,69679000000,-200,false,-0.46
"VIC",132306,"/Date(1702621403000)/",43600,200,1600700,69675000000,-200,false,-0.46
"VIC",132306,"/Date(1702621403000)/",43600,500,1600500,69666000000,-200,false,-0.46
"VIC",132306,"/Date(1702621403000)/",43600,400,1600000,69644000000,-200,false,-0.46
"VIC",132306,"/Date(1702621403000)/",43600,200,1599600,69627000000,-200,false,-0.46
"VIC",132306,"/Date(1702621403000)/",43600,600,1599400,69618000000,-200,false,-0.46
"VIC",132253,"/Date(1702621391000)/",43600,3600,1598800,69592000000,-200,false,-0.46
"VIC",132253,"/Date(1702621389000)/",43350,500,1595200,69435000000,-450,true,-1.03
"VIC",132253,"/Date(1702621389000)/",43350,800,1594700,69413000000,-450,true,-1.03
"VIC",132243,"/Date(1702621382000)/",43400,200,1593900,69378000000,-400,true,-0.91
"VIC",132243,"/Date(1702621382000)/",43400,200,1593700,69370000000,-400,true,-0.91
"VIC",132243,"/Date(1702621382000)/",43400,200,1593500,69361000000,-400,true,-0.91
"VIC",132243,"/Date(1702621382000)/",43400,500,1593300,69352000000,-400,true,-0.91
"VIC",132243,"/Date(1702621382000)/",43400,500,1592800,69331000000,-400,true,-0.91
"VIC",132243,"/Date(1702621382000)/",43400,100,1592300,69309000000,-400,true,-0.91
"VIC",132243,"/Date(1702621382000)/",43500,200,1592200,69305000000,-300,true,-0.68
"VIC",132243,"/Date(1702621382000)/",43500,100,1592000,69296000000,-300,true,-0.68
"VIC",132243,"/Date(1702621380000)/",43600,800,1591900,69292000000,-200,false,-0.46
"VIC",132243,"/Date(1702621380000)/",43600,2800,1591100,69257000000,-200,false,-0.46
"VIC",132230,"/Date(1702621370000)/",43600,2400,1588300,69135000000,-200,false,-0.46
"VIC",132230,"/Date(1702621369000)/",43550,100,1585900,69030000000,-250,false,-0.57
"VIC",132230,"/Date(1702621369000)/",43550,100,1585800,69026000000,-250,false,-0.57
"VIC",132221,"/Date(1702621360000)/",43550,400,1585700,69021000000,-250,false,-0.57
"VIC",132221,"/Date(1702621358000)/",43400,500,1585300,69004000000,-400,true,-0.91
"VIC",132202,"/Date(1702621340000)/",43600,3100,1584800,68982000000,-200,false,-0.46
"VIC",132202,"/Date(1702621340000)/",43550,200,1581700,68847000000,-250,false,-0.57
"VIC",132202,"/Date(1702621340000)/",43550,100,1581500,68838000000,-250,false,-0.57
"VIC",132202,"/Date(1702621340000)/",43550,100,1581400,68834000000,-250,false,-0.57
"VIC",132202,"/Date(1702621340000)/",43550,300,1581300,68830000000,-250,false,-0.57
"VIC",132146,"/Date(1702621324000)/",43400,500,1581000,68816000000,-400,true,-0.91
"VIC",132143,"/Date(1702621320000)/",43400,900,1580500,68795000000,-400,false,-0.91
"VIC",132133,"/Date(1702621310000)/",43400,200,1579600,68756000000,-400,false,-0.91
"VIC",132114,"/Date(1702621291000)/",43350,500,1579400,68747000000,-450,true,-1.03
"VIC",132058,"/Date(1702621275000)/",43550,100,1578900,68725000000,-250,false,-0.57
"VIC",132055,"/Date(1702621274000)/",43350,500,1578800,68721000000,-450,true,-1.03
"VIC",132049,"/Date(1702621267000)/",43600,3700,1578300,68699000000,-200,false,-0.46
"VIC",132049,"/Date(1702621267000)/",43550,100,1574600,68538000000,-250,false,-0.57
"VIC",132042,"/Date(1702621261000)/",43550,200,1574500,68534000000,-250,false,-0.57
"VIC",132042,"/Date(1702621259000)/",43350,500,1574300,68525000000,-450,true,-1.03
"VIC",132033,"/Date(1702621251000)/",43350,800,1573800,68503000000,-450,true,-1.03
"VIC",132023,"/Date(1702621240000)/",43550,300,1573000,68469000000,-250,false,-0.57
"VIC",132023,"/Date(1702621240000)/",43550,400,1572700,68455000000,-250,false,-0.57
"VIC",132023,"/Date(1702621240000)/",43550,100,1572300,68438000000,-250,false,-0.57
"VIC",132023,"/Date(1702621240000)/",43550,200,1572200,68434000000,-250,false,-0.57
"VIC",132023,"/Date(1702621240000)/",43500,300,1572000,68425000000,-300,false,-0.68
"VIC",132023,"/Date(1702621240000)/",43500,1000,1571700,68412000000,-300,false,-0.68
"VIC",132023,"/Date(1702621240000)/",43500,600,1570700,68368000000,-300,false,-0.68
"VIC",132023,"/Date(1702621240000)/",43500,600,1570100,68342000000,-300,false,-0.68
"VIC",132023,"/Date(1702621240000)/",43400,300,1569500,68316000000,-400,false,-0.91
"VIC",132017,"/Date(1702621235000)/",43400,100,1569200,68303000000,-400,false,-0.91
"VIC",132017,"/Date(1702621234000)/",43400,600,1569100,68299000000,-400,false,-0.91
"VIC",132017,"/Date(1702621234000)/",43400,1400,1568500,68273000000,-400,false,-0.91
"VIC",132014,"/Date(1702621232000)/",43400,100,1567100,68212000000,-400,false,-0.91
"VIC",132007,"/Date(1702621226000)/",43350,300,1567000,68208000000,-450,true,-1.03
"VIC",132007,"/Date(1702621226000)/",43400,200,1566700,68195000000,-400,true,-0.91
"VIC",131954,"/Date(1702621212000)/",43400,3800,1566500,68186000000,-400,true,-0.91
"VIC",131951,"/Date(1702621210000)/",43500,400,1562700,68021000000,-300,false,-0.68
"VIC",131951,"/Date(1702621210000)/",43500,2000,1562300,68004000000,-300,false,-0.68
"VIC",131951,"/Date(1702621210000)/",43450,1400,1560300,67917000000,-350,false,-0.8
"VIC",131935,"/Date(1702621193000)/",43400,1700,1558900,67856000000,-400,true,-0.91
"VIC",131935,"/Date(1702621193000)/",43400,600,1557200,67782000000,-400,true,-0.91
"VIC",131935,"/Date(1702621193000)/",43400,100,1556600,67756000000,-400,true,-0.91
"VIC",131935,"/Date(1702621193000)/",43400,2600,1556500,67752000000,-400,true,-0.91
"VIC",131935,"/Date(1702621193000)/",43400,500,1553900,67639000000,-400,true,-0.91
"VIC",131923,"/Date(1702621181000)/",43400,900,1553400,67617000000,-400,true,-0.91
"VIC",131907,"/Date(1702621165000)/",43400,200,1552500,67578000000,-400,true,-0.91
"VIC",131904,"/Date(1702621161000)/",43400,600,1552300,67569000000,-400,true,-0.91
"VIC",131904,"/Date(1702621160000)/",43400,500,1551700,67543000000,-400,true,-0.91
"VIC",131900,"/Date(1702621159000)/",43450,3800,1551200,67522000000,-350,false,-0.8
"VIC",131841,"/Date(1702621139000)/",43400,100,1547400,67357000000,-400,true,-0.91
"VIC",131838,"/Date(1702621135000)/",43400,100,1547300,67352000000,-400,true,-0.91
"VIC",131829,"/Date(1702621128000)/",43450,100,1547200,67348000000,-350,true,-0.8
"VIC",131829,"/Date(1702621125000)/",43400,200,1547100,67344000000,-400,true,-0.91
"VIC",131829,"/Date(1702621125000)/",43400,200,1546900,67335000000,-400,true,-0.91
"VIC",131829,"/Date(1702621125000)/",43400,100,1546700,67326000000,-400,true,-0.91
"VIC",131829,"/Date(1702621125000)/",43450,100,1546600,67322000000,-350,true,-0.8
"VIC",131829,"/Date(1702621125000)/",43450,200,1546500,67318000000,-350,true,-0.8
"VIC",131829,"/Date(1702621125000)/",43450,4400,1546300,67309000000,-350,true,-0.8
"VIC",131816,"/Date(1702621112000)/",43450,800,1541900,67118000000,-350,true,-0.8
"VIC",131757,"/Date(1702621094000)/",43450,100,1541100,67083000000,-350,true,-0.8
"VIC",131757,"/Date(1702621094000)/",43450,400,1541000,67079000000,-350,true,-0.8
"VIC",131757,"/Date(1702621094000)/",43450,100,1540600,67061000000,-350,true,-0.8
"VIC",131757,"/Date(1702621093000)/",43450,500,1540500,67057000000,-350,true,-0.8
"VIC",131725,"/Date(1702621062000)/",43450,500,1540000,67035000000,-350,true,-0.8
"VIC",131715,"/Date(1702621054000)/",43450,3000,1539500,67013000000,-350,true,-0.8
"VIC",131706,"/Date(1702621043000)/",43450,900,1536500,66883000000,-350,true,-0.8
"VIC",131653,"/Date(1702621031000)/",43450,500,1535600,66844000000,-350,true,-0.8
"VIC",131643,"/Date(1702621020000)/",43450,200,1535100,66822000000,-350,true,-0.8
"VIC",131621,"/Date(1702621000000)/",43400,100,1534900,66814000000,-400,true,-0.91
"VIC",131621,"/Date(1702621000000)/",43400,400,1534800,66809000000,-400,true,-0.91
"VIC",131556,"/Date(1702620974000)/",43400,100,1534400,66792000000,-400,true,-0.91
"VIC",131556,"/Date(1702620974000)/",43400,700,1534300,66788000000,-400,true,-0.91
"VIC",131556,"/Date(1702620972000)/",43400,100,1533600,66757000000,-400,true,-0.91
"VIC",131553,"/Date(1702620969000)/",43400,500,1533500,66753000000,-400,true,-0.91
"VIC",131546,"/Date(1702620964000)/",43400,600,1533000,66731000000,-400,true,-0.91
"VIC",131546,"/Date(1702620964000)/",43400,5700,1532400,66705000000,-400,true,-0.91
"VIC",131546,"/Date(1702620964000)/",43400,1900,1526700,66458000000,-400,true,-0.91
"VIC",131546,"/Date(1702620964000)/",43400,200,1524800,66375000000,-400,true,-0.91
"VIC",131546,"/Date(1702620964000)/",43400,100,1524600,66367000000,-400,true,-0.91
"VIC",131546,"/Date(1702620964000)/",43400,500,1524500,66362000000,-400,true,-0.91
"VIC",131540,"/Date(1702620957000)/",43400,200,1524000,66340000000,-400,true,-0.91
"VIC",131521,"/Date(1702620937000)/",43400,500,1523800,66332000000,-400,true,-0.91
"VIC",131449,"/Date(1702620906000)/",43400,500,1523300,66310000000,-400,true,-0.91
"VIC",131449,"/Date(1702620905000)/",43400,200,1522800,66288000000,-400,true,-0.91
"VIC",131449,"/Date(1702620905000)/",43400,100,1522600,66280000000,-400,true,-0.91
"VIC",131449,"/Date(1702620905000)/",43400,200,1522500,66275000000,-400,true,-0.91
"VIC",131449,"/Date(1702620905000)/",43400,300,1522300,66267000000,-400,true,-0.91
"VIC",131449,"/Date(1702620905000)/",43450,100,1522000,66254000000,-350,false,-0.8
"VIC",131446,"/Date(1702620903000)/",43500,400,1521900,66249000000,-300,false,-0.68
"VIC",131446,"/Date(1702620903000)/",43500,100,1521500,66232000000,-300,false,-0.68
"VIC",131417,"/Date(1702620875000)/",43500,100,1521400,66228000000,-300,true,-0.68
"VIC",131417,"/Date(1702620874000)/",43500,500,1521300,66223000000,-300,true,-0.68
"VIC",131414,"/Date(1702620872000)/",43500,2000,1520800,66201000000,-300,false,-0.68
"VIC",131414,"/Date(1702620872000)/",43500,400,1518800,66114000000,-300,false,-0.68
"VIC",131407,"/Date(1702620862000)/",43400,100,1518400,66097000000,-400,true,-0.91
"VIC",131407,"/Date(1702620862000)/",43400,1000,1518300,66093000000,-400,true,-0.91
"VIC",131407,"/Date(1702620858000)/",43400,2900,1517300,66049000000,-400,true,-0.91
"VIC",131407,"/Date(1702620858000)/",43400,500,1514400,65923000000,-400,true,-0.91
"VIC",131407,"/Date(1702620858000)/",43400,2000,1513900,65902000000,-400,true,-0.91
"VIC",131407,"/Date(1702620858000)/",43400,200,1511900,65815000000,-400,true,-0.91
"VIC",131407,"/Date(1702620858000)/",43400,900,1511700,65806000000,-400,true,-0.91
"VIC",131345,"/Date(1702620843000)/",43400,500,1510800,65767000000,-400,true,-0.91
