"Stockcode","Package","TradingDate","Price","Vol","TotalVol","TotalVal","Change","IsBuy","PerChange"
"VNM",144500,"/Date(1702626301000)/",68100,1839800,3739700,255055000000,-300,false,-0.44
"VNM",142935,"/Date(1702625397000)/",68100,100,1899900,129765000000,-300,true,-0.44
"VNM",142935,"/Date(1702625397000)/",68100,100,1899800,129758000000,-300,true,-0.44
"VNM",142932,"/Date(1702625394000)/",68100,1000,1899700,129751000000,-300,true,-0.44
"VNM",142922,"/Date(1702625383000)/",68100,700,1898700,129683000000,-300,true,-0.44
"VNM",142919,"/Date(1702625381000)/",68200,100,1898000,129635000000,-200,false,-0.29
"VNM",142909,"/Date(1702625370000)/",68100,2000,1897900,129628000000,-300,true,-0.44
"VNM",142903,"/Date(1702625364000)/",68200,200,1895900,129492000000,-200,false,-0.29
"VNM",142847,"/Date(1702625350000)/",68200,500,1895700,129478000000,-200,false,-0.29
"VNM",142847,"/Date(1702625348000)/",68100,300,1895200,129444000000,-300,true,-0.44
"VNM",142847,"/Date(1702625348000)/",68100,100,1894900,129424000000,-300,true,-0.44
"VNM",142847,"/Date(1702625348000)/",68100,100,1894800,129417000000,-300,true,-0.44
"VNM",142847,"/Date(1702625348000)/",68100,200,1894700,129410000000,-300,true,-0.44
"VNM",142847,"/Date(1702625348000)/",68100,1300,1894500,129397000000,-300,true,-0.44
"VNM",142847,"/Date(1702625348000)/",68200,100,1893200,129308000000,-200,false,-0.29
"VNM",142844,"/Date(1702625347000)/",68100,700,1893100,129301000000,-300,true,-0.44
"VNM",142844,"/Date(1702625347000)/",68100,300,1892400,129254000000,-300,true,-0.44
"VNM",142834,"/Date(1702625338000)/",68100,700,1892100,129233000000,-300,true,-0.44
"VNM",142834,"/Date(1702625338000)/",68100,100,1891400,129186000000,-300,true,-0.44
"VNM",142834,"/Date(1702625338000)/",68100,500,1891300,129179000000,-300,true,-0.44
"VNM",142834,"/Date(1702625338000)/",68100,100,1890800,129145000000,-300,true,-0.44
"VNM",142834,"/Date(1702625338000)/",68100,100,1890700,129138000000,-300,true,-0.44
"VNM",142834,"/Date(1702625338000)/",68100,500,1890600,129131000000,-300,true,-0.44
"VNM",142834,"/Date(1702625336000)/",68100,200,1890100,129097000000,-300,true,-0.44
"VNM",142828,"/Date(1702625328000)/",68100,800,1889900,129083000000,-300,true,-0.44
"VNM",142828,"/Date(1702625328000)/",68100,2000,1889100,129029000000,-300,true,-0.44
"VNM",142818,"/Date(1702625321000)/",68100,200,1887100,128893000000,-300,true,-0.44
"VNM",142818,"/Date(1702625321000)/",68100,1000,1886900,128879000000,-300,true,-0.44
"VNM",142818,"/Date(1702625321000)/",68100,100,1885900,128811000000,-300,true,-0.44
"VNM",142818,"/Date(1702625321000)/",68100,400,1885800,128804000000,-300,true,-0.44
"VNM",142818,"/Date(1702625321000)/",68100,300,1885400,128777000000,-300,true,-0.44
"VNM",142818,"/Date(1702625321000)/",68100,500,1885100,128757000000,-300,true,-0.44
"VNM",142818,"/Date(1702625321000)/",68100,300,1884600,128722000000,-300,true,-0.44
"VNM",142818,"/Date(1702625320000)/",68100,200,1884300,128702000000,-300,true,-0.44
"VNM",142818,"/Date(1702625320000)/",68100,300,1884100,128688000000,-300,true,-0.44
"VNM",142818,"/Date(1702625320000)/",68100,200,1883800,128668000000,-300,true,-0.44
"VNM",142818,"/Date(1702625320000)/",68100,100,1883600,128654000000,-300,true,-0.44
"VNM",142818,"/Date(1702625320000)/",68100,200,1883500,128648000000,-300,true,-0.44
"VNM",142818,"/Date(1702625319000)/",68100,200,1883300,128634000000,-300,true,-0.44
"VNM",142815,"/Date(1702625318000)/",68100,600,1883100,128620000000,-300,true,-0.44
"VNM",142815,"/Date(1702625318000)/",68100,100,1882500,128579000000,-300,true,-0.44
"VNM",142812,"/Date(1702625315000)/",68100,100,1882400,128573000000,-300,true,-0.44
"VNM",142812,"/Date(1702625315000)/",68100,500,1882300,128566000000,-300,true,-0.44
"VNM",142812,"/Date(1702625315000)/",68100,100,1881800,128532000000,-300,true,-0.44
"VNM",142812,"/Date(1702625315000)/",68100,100,1881700,128525000000,-300,true,-0.44
"VNM",142812,"/Date(1702625315000)/",68100,100,1881600,128518000000,-300,true,-0.44
"VNM",142812,"/Date(1702625315000)/",68100,100,1881500,128511000000,-300,true,-0.44
"VNM",142812,"/Date(1702625315000)/",68100,200,1881400,128505000000,-300,true,-0.44
"VNM",142812,"/Date(1702625315000)/",68100,300,1881200,128491000000,-300,true,-0.44
"VNM",142812,"/Date(1702625315000)/",68100,100,1880900,128471000000,-300,true,-0.44
"VNM",142812,"/Date(1702625315000)/",68100,200,1880800,128464000000,-300,true,-0.44
"VNM",142812,"/Date(1702625315000)/",68100,100,1880600,128450000000,-300,true,-0.44
"VNM",142812,"/Date(1702625315000)/",68100,900,1880500,128443000000,-300,true,-0.44
"VNM",142809,"/Date(1702625311000)/",68100,600,1879600,128382000000,-300,true,-0.44
"VNM",142809,"/Date(1702625311000)/",68100,100,1879000,128341000000,-300,true,-0.44
"VNM",142809,"/Date(1702625311000)/",68200,500,1878900,128334000000,-200,false,-0.29
"VNM",142806,"/Date(1702625307000)/",68100,100,1878400,128300000000,-300,true,-0.44
"VNM",142806,"/Date(1702625307000)/",68100,100,1878300,128293000000,-300,true,-0.44
"VNM",142806,"/Date(1702625307000)/",68100,100,1878200,128287000000,-300,true,-0.44
"VNM",142806,"/Date(1702625307000)/",68100,100,1878100,128280000000,-300,true,-0.44
"VNM",142806,"/Date(1702625307000)/",68100,200,1878000,128273000000,-300,true,-0.44
"VNM",142806,"/Date(1702625307000)/",68100,100,1877800,128259000000,-300,true,-0.44
"VNM",142806,"/Date(1702625306000)/",68100,200,1877700,128253000000,-300,true,-0.44
"VNM",142806,"/Date(1702625306000)/",68100,100,1877500,128239000000,-300,true,-0.44
"VNM",142806,"/Date(1702625306000)/",68100,2000,1877400,128232000000,-300,true,-0.44
"VNM",142806,"/Date(1702625306000)/",68100,100,1875400,128096000000,-300,true,-0.44
"VNM",142806,"/Date(1702625306000)/",68100,100,1875300,128089000000,-300,true,-0.44
"VNM",142806,"/Date(1702625306000)/",68100,100,1875200,128082000000,-300,true,-0.44
"VNM",142806,"/Date(1702625306000)/",68100,200,1875100,128075000000,-300,true,-0.44
"VNM",142806,"/Date(1702625306000)/",68100,1000,1874900,128062000000,-300,true,-0.44
"VNM",142806,"/Date(1702625306000)/",68100,200,1873900,127994000000,-300,true,-0.44
"VNM",142806,"/Date(1702625306000)/",68100,200,1873700,127980000000,-300,true,-0.44
"VNM",142759,"/Date(1702625301000)/",68100,100,1873500,127967000000,-300,true,-0.44
"VNM",142759,"/Date(1702625301000)/",68100,500,1873400,127960000000,-300,true,-0.44
"VNM",142759,"/Date(1702625301000)/",68100,1000,1872900,127926000000,-300,true,-0.44
"VNM",142759,"/Date(1702625301000)/",68100,500,1871900,127858000000,-300,true,-0.44
"VNM",142759,"/Date(1702625301000)/",68100,100,1871400,127824000000,-300,true,-0.44
"VNM",142759,"/Date(1702625301000)/",68100,100,1871300,127817000000,-300,true,-0.44
"VNM",142759,"/Date(1702625301000)/",68100,100,1871200,127810000000,-300,true,-0.44
"VNM",142759,"/Date(1702625301000)/",68100,300,1871100,127803000000,-300,true,-0.44
"VNM",142759,"/Date(1702625301000)/",68100,500,1870800,127783000000,-300,true,-0.44
"VNM",142753,"/Date(1702625296000)/",68200,100,1870300,127749000000,-200,false,-0.29
"VNM",142753,"/Date(1702625293000)/",68100,500,1870200,127742000000,-300,true,-0.44
"VNM",142753,"/Date(1702625293000)/",68100,200,1869700,127708000000,-300,true,-0.44
"VNM",142753,"/Date(1702625293000)/",68100,1400,1869500,127694000000,-300,true,-0.44
"VNM",142753,"/Date(1702625293000)/",68100,600,1868100,127599000000,-300,true,-0.44
"VNM",142743,"/Date(1702625285000)/",68200,1000,1867500,127558000000,-200,false,-0.29
"VNM",142743,"/Date(1702625283000)/",68100,1100,1866500,127490000000,-300,true,-0.44
"VNM",142733,"/Date(1702625277000)/",68200,100,1865400,127415000000,-200,false,-0.29
"VNM",142718,"/Date(1702625261000)/",68200,200,1865300,127408000000,-200,false,-0.29
"VNM",142711,"/Date(1702625253000)/",68200,100,1865100,127394000000,-200,false,-0.29
"VNM",142711,"/Date(1702625252000)/",68100,200,1865000,127388000000,-300,true,-0.44
"VNM",142711,"/Date(1702625252000)/",68100,100,1864800,127374000000,-300,true,-0.44
"VNM",142711,"/Date(1702625252000)/",68100,100,1864700,127367000000,-300,true,-0.44
"VNM",142711,"/Date(1702625252000)/",68100,100,1864600,127360000000,-300,true,-0.44
"VNM",142711,"/Date(1702625252000)/",68100,100,1864500,127353000000,-300,true,-0.44
"VNM",142711,"/Date(1702625252000)/",68100,100,1864400,127347000000,-300,true,-0.44
"VNM",142711,"/Date(1702625252000)/",68100,100,1864300,127340000000,-300,true,-0.44
"VNM",142711,"/Date(1702625252000)/",68100,200,1864200,127333000000,-300,true,-0.44
"VNM",142711,"/Date(1702625252000)/",68100,300,1864000,127319000000,-300,true,-0.44
"VNM",142711,"/Date(1702625252000)/",68100,600,1863700,127299000000,-300,true,-0.44
"VNM",142711,"/Date(1702625252000)/",68100,500,1863100,127258000000,-300,true,-0.44
"VNM",142711,"/Date(1702625252000)/",68100,100,1862600,127224000000,-300,true,-0.44
"VNM",142711,"/Date(1702625252000)/",68100,100,1862500,127217000000,-300,true,-0.44
"VNM",142702,"/Date(1702625243000)/",68200,100,1862400,127210000000,-200,false,-0.29
"VNM",142702,"/Date(1702625243000)/",68200,100,1862300,127204000000,-200,false,-0.29
"VNM",142702,"/Date(1702625243000)/",68200,100,1862200,127197000000,-200,false,-0.29
"VNM",142702,"/Date(1702625243000)/",68200,1000,1862100,127190000000,-200,false,-0.29
"VNM",142702,"/Date(1702625243000)/",68200,300,1861100,127122000000,-200,false,-0.29
"VNM",142702,"/Date(1702625243000)/",68200,100,1860800,127101000000,-200,false,-0.29
"VNM",142702,"/Date(1702625243000)/",68200,100,1860700,127095000000,-200,false,-0.29
"VNM",142702,"/Date(1702625243000)/",68200,200,1860600,127088000000,-200,false,-0.29
"VNM",142702,"/Date(1702625243000)/",68200,100,1860400,127074000000,-200,false,-0.29
"VNM",142702,"/Date(1702625243000)/",68200,100,1860300,127067000000,-200,false,-0.29
"VNM",142702,"/Date(1702625243000)/",68200,100,1860200,127060000000,-200,false,-0.29
"VNM",142702,"/Date(1702625243000)/",68200,100,1860100,127054000000,-200,false,-0.29
"VNM",142702,"/Date(1702625243000)/",68200,100,1860000,127047000000,-200,false,-0.29
"VNM",142702,"/Date(1702625243000)/",68200,300,1859900,127040000000,-200,false,-0.29
"VNM",142702,"/Date(1702625243000)/",68200,300,1859600,127020000000,-200,false,-0.29
"VNM",142702,"/Date(1702625243000)/",68200,100,1859300,126999000000,-200,false,-0.29
"VNM",142702,"/Date(1702625243000)/",68200,100,1859200,126992000000,-200,false,-0.29
"VNM",142702,"/Date(1702625243000)/",68200,100,1859100,126985000000,-200,false,-0.29
"VNM",142702,"/Date(1702625243000)/",68200,100,1859000,126979000000,-200,false,-0.29
"VNM",142702,"/Date(1702625243000)/",68200,1000,1858900,126972000000,-200,false,-0.29
"VNM",142702,"/Date(1702625243000)/",68200,100,1857900,126904000000,-200,false,-0.29
"VNM",142652,"/Date(1702625235000)/",68200,100,1857800,126897000000,-200,true,-0.29
"VNM",142649,"/Date(1702625230000)/",68200,300,1857700,126890000000,-200,true,-0.29
"VNM",142649,"/Date(1702625229000)/",68200,500,1857400,126869000000,-200,true,-0.29
"VNM",142649,"/Date(1702625229000)/",68200,200,1856900,126835000000,-200,true,-0.29
"VNM",142649,"/Date(1702625229000)/",68200,100,1856700,126822000000,-200,true,-0.29
"VNM",142649,"/Date(1702625229000)/",68200,2000,1856600,126815000000,-200,true,-0.29
"VNM",142646,"/Date(1702625228000)/",68200,100,1854600,126679000000,-200,true,-0.29
"VNM",142639,"/Date(1702625220000)/",68200,100,1854500,126672000000,-200,true,-0.29
"VNM",142636,"/Date(1702625217000)/",68200,900,1854400,126665000000,-200,true,-0.29
"VNM",142611,"/Date(1702625191000)/",68200,500,1853500,126603000000,-200,true,-0.29
"VNM",142607,"/Date(1702625189000)/",68200,100,1853000,126569000000,-200,true,-0.29
"VNM",142545,"/Date(1702625167000)/",68200,400,1852900,126563000000,-200,true,-0.29
"VNM",142545,"/Date(1702625166000)/",68200,3000,1852500,126535000000,-200,true,-0.29
"VNM",142532,"/Date(1702625153000)/",68200,100,1849500,126331000000,-200,true,-0.29
"VNM",142532,"/Date(1702625153000)/",68200,300,1849400,126324000000,-200,true,-0.29
"VNM",142529,"/Date(1702625152000)/",68200,100,1849100,126303000000,-200,true,-0.29
"VNM",142529,"/Date(1702625152000)/",68200,200,1849000,126297000000,-200,true,-0.29
"VNM",142529,"/Date(1702625152000)/",68200,100,1848800,126283000000,-200,true,-0.29
"VNM",142529,"/Date(1702625152000)/",68200,100,1848700,126276000000,-200,true,-0.29
"VNM",142529,"/Date(1702625152000)/",68200,100,1848600,126269000000,-200,true,-0.29
"VNM",142529,"/Date(1702625152000)/",68200,500,1848500,126262000000,-200,true,-0.29
"VNM",142529,"/Date(1702625152000)/",68200,100,1848000,126228000000,-200,true,-0.29
"VNM",142529,"/Date(1702625152000)/",68200,100,1847900,126222000000,-200,true,-0.29
"VNM",142529,"/Date(1702625152000)/",68200,200,1847800,126215000000,-200,true,-0.29
"VNM",142529,"/Date(1702625152000)/",68200,300,1847600,126201000000,-200,true,-0.29
"VNM",142529,"/Date(1702625152000)/",68200,100,1847300,126181000000,-200,true,-0.29
"VNM",142529,"/Date(1702625152000)/",68200,900,1847200,126174000000,-200,true,-0.29
"VNM",142523,"/Date(1702625144000)/",68200,600,1846300,126112000000,-200,true,-0.29
"VNM",142523,"/Date(1702625143000)/",68200,1500,1845700,126072000000,-200,true,-0.29
"VNM",142523,"/Date(1702625143000)/",68200,500,1844200,125969000000,-200,true,-0.29
"VNM",142523,"/Date(1702625143000)/",68200,100,1843700,125935000000,-200,true,-0.29
"VNM",142523,"/Date(1702625143000)/",68200,100,1843600,125928000000,-200,true,-0.29
"VNM",142523,"/Date(1702625143000)/",68200,100,1843500,125921000000,-200,true,-0.29
"VNM",142523,"/Date(1702625143000)/",68200,300,1843400,125915000000,-200,true,-0.29
"VNM",142523,"/Date(1702625143000)/",68200,700,1843100,125894000000,-200,true,-0.29
"VNM",142523,"/Date(1702625143000)/",68200,100,1842400,125846000000,-200,true,-0.29
"VNM",142519,"/Date(1702625143000)/",68200,100,1842300,125840000000,-200,true,-0.29
"VNM",142519,"/Date(1702625143000)/",68200,700,1842200,125833000000,-200,true,-0.29
"VNM",142519,"/Date(1702625141000)/",68200,500,1841500,125785000000,-200,true,-0.29
"VNM",142519,"/Date(1702625140000)/",68200,2800,1841000,125751000000,-200,true,-0.29
"VNM",142519,"/Date(1702625140000)/",68200,700,1838200,125560000000,-200,true,-0.29
"VNM",142513,"/Date(1702625136000)/",68200,100,1837500,125512000000,-200,true,-0.29
"VNM",142513,"/Date(1702625135000)/",68200,200,1837400,125505000000,-200,true,-0.29
"VNM",142513,"/Date(1702625135000)/",68200,500,1837200,125492000000,-200,true,-0.29
"VNM",142513,"/Date(1702625134000)/",68300,400,1836700,125458000000,-100,true,-0.15
"VNM",142504,"/Date(1702625124000)/",68300,400,1836300,125430000000,-100,true,-0.15
"VNM",142500,"/Date(1702625123000)/",68300,1200,1835900,125403000000,-100,true,-0.15
"VNM",142500,"/Date(1702625123000)/",68300,500,1834700,125321000000,-100,true,-0.15
"VNM",142500,"/Date(1702625123000)/",68300,1000,1834200,125287000000,-100,true,-0.15
"VNM",142500,"/Date(1702625123000)/",68300,100,1833200,125219000000,-100,true,-0.15
"VNM",142457,"/Date(1702625120000)/",68300,100,1833100,125212000000,-100,true,-0.15
"VNM",142457,"/Date(1702625120000)/",68300,200,1833000,125205000000,-100,true,-0.15
"VNM",142457,"/Date(1702625120000)/",68300,200,1832800,125191000000,-100,true,-0.15
"VNM",142457,"/Date(1702625119000)/",68300,1800,1832600,125178000000,-100,true,-0.15
"VNM",142457,"/Date(1702625119000)/",68300,1400,1830800,125055000000,-100,true,-0.15
"VNM",142451,"/Date(1702625113000)/",68300,300,1829400,124959000000,-100,true,-0.15
"VNM",142451,"/Date(1702625112000)/",68300,2300,1829100,124939000000,-100,true,-0.15
"VNM",142441,"/Date(1702625103000)/",68300,300,1826800,124782000000,-100,true,-0.15
"VNM",142441,"/Date(1702625102000)/",68300,1900,1826500,124761000000,-100,true,-0.15
"VNM",142432,"/Date(1702625094000)/",68300,200,1824600,124631000000,-100,true,-0.15
"VNM",142428,"/Date(1702625092000)/",68300,400,1824400,124618000000,-100,true,-0.15
"VNM",142428,"/Date(1702625091000)/",68300,2700,1824000,124590000000,-100,true,-0.15
"VNM",142413,"/Date(1702625075000)/",68300,100,1821300,124406000000,-100,true,-0.15
"VNM",142344,"/Date(1702625046000)/",68300,500,1821200,124399000000,-100,true,-0.15
"VNM",142344,"/Date(1702625046000)/",68300,100,1820700,124365000000,-100,true,-0.15
"VNM",142318,"/Date(1702625019000)/",68300,100,1820600,124358000000,-100,true,-0.15
"VNM",142315,"/Date(1702625018000)/",68300,700,1820500,124351000000,-100,true,-0.15
"VNM",142315,"/Date(1702625017000)/",68300,4300,1819800,124303000000,-100,true,-0.15
"VNM",142315,"/Date(1702625017000)/",68300,200,1815500,124010000000,-100,true,-0.15
"VNM",142315,"/Date(1702625017000)/",68300,100,1815300,123996000000,-100,true,-0.15
"VNM",142315,"/Date(1702625016000)/",68300,1300,1815200,123989000000,-100,true,-0.15
"VNM",142312,"/Date(1702625015000)/",68300,100,1813900,123900000000,-100,false,-0.15
"VNM",142312,"/Date(1702625015000)/",68300,1000,1813800,123894000000,-100,false,-0.15
"VNM",142312,"/Date(1702625015000)/",68300,800,1812800,123825000000,-100,false,-0.15
"VNM",142312,"/Date(1702625015000)/",68300,6800,1812000,123771000000,-100,false,-0.15
"VNM",142312,"/Date(1702625013000)/",68300,100,1805200,123306000000,-100,false,-0.15
"VNM",142259,"/Date(1702625001000)/",68300,100,1805100,123299000000,-100,false,-0.15
"VNM",142256,"/Date(1702624997000)/",68300,1000,1805000,123293000000,-100,false,-0.15
"VNM",142253,"/Date(1702624993000)/",68200,400,1804000,123224000000,-200,true,-0.29
"VNM",142246,"/Date(1702624989000)/",68200,100,1803600,123197000000,-200,true,-0.29
"VNM",142246,"/Date(1702624988000)/",68200,900,1803500,123190000000,-200,true,-0.29
"VNM",142246,"/Date(1702624987000)/",68200,100,1802600,123129000000,-200,true,-0.29
"VNM",142246,"/Date(1702624987000)/",68200,100,1802500,123122000000,-200,true,-0.29
"VNM",142246,"/Date(1702624987000)/",68200,200,1802400,123115000000,-200,true,-0.29
"VNM",142246,"/Date(1702624987000)/",68200,1700,1802200,123102000000,-200,true,-0.29
"VNM",142246,"/Date(1702624987000)/",68200,100,1800500,122986000000,-200,true,-0.29
"VNM",142246,"/Date(1702624987000)/",68200,100,1800400,122979000000,-200,true,-0.29
"VNM",142246,"/Date(1702624987000)/",68200,2000,1800300,122972000000,-200,true,-0.29
"VNM",142246,"/Date(1702624987000)/",68300,1800,1798300,122836000000,-100,false,-0.15
"VNM",142227,"/Date(1702624969000)/",68300,100,1796500,122713000000,-100,true,-0.15
"VNM",142227,"/Date(1702624969000)/",68300,600,1796400,122706000000,-100,true,-0.15
"VNM",142227,"/Date(1702624969000)/",68300,100,1795800,122665000000,-100,true,-0.15
"VNM",142227,"/Date(1702624969000)/",68300,4000,1795700,122658000000,-100,true,-0.15
"VNM",142227,"/Date(1702624969000)/",68300,400,1791700,122385000000,-100,true,-0.15
"VNM",142214,"/Date(1702624957000)/",68300,100,1791300,122357000000,-100,true,-0.15
"VNM",142214,"/Date(1702624957000)/",68300,500,1791200,122351000000,-100,true,-0.15
"VNM",142214,"/Date(1702624955000)/",68300,4200,1790700,122316000000,-100,true,-0.15
"VNM",142148,"/Date(1702624930000)/",68300,100,1786500,122030000000,-100,true,-0.15
"VNM",142145,"/Date(1702624927000)/",68300,100,1786400,122023000000,-100,true,-0.15
"VNM",142145,"/Date(1702624926000)/",68300,600,1786300,122016000000,-100,true,-0.15
"VNM",142145,"/Date(1702624925000)/",68400,300,1785700,121975000000,0,false,0
"VNM",142145,"/Date(1702624925000)/",68400,300,1785400,121954000000,0,false,0
"VNM",142142,"/Date(1702624925000)/",68300,4200,1785100,121934000000,-100,true,-0.15
"VNM",142142,"/Date(1702624924000)/",68400,100,1780900,121647000000,0,false,0
"VNM",142113,"/Date(1702624895000)/",68300,600,1780800,121640000000,-100,true,-0.15
"VNM",142113,"/Date(1702624894000)/",68300,4200,1780200,121599000000,-100,true,-0.15
"VNM",142054,"/Date(1702624877000)/",68300,400,1776000,121312000000,-100,true,-0.15
"VNM",142041,"/Date(1702624864000)/",68300,600,1775600,121285000000,-100,true,-0.15
"VNM",142041,"/Date(1702624863000)/",68300,4000,1775000,121244000000,-100,true,-0.15
"VNM",142041,"/Date(1702624863000)/",68300,200,1771000,120971000000,-100,true,-0.15
"VNM",142013,"/Date(1702624834000)/",68200,600,1770800,120957000000,-200,true,-0.29
"VNM",142010,"/Date(1702624832000)/",68200,3900,1770200,120916000000,-200,true,-0.29
"VNM",142010,"/Date(1702624832000)/",68300,100,1766300,120650000000,-100,false,-0.15
"VNM",142010,"/Date(1702624832000)/",68300,200,1766200,120644000000,-100,false,-0.15
"VNM",141941,"/Date(1702624802000)/",68200,600,1766000,120630000000,-200,true,-0.29
"VNM",141941,"/Date(1702624801000)/",68200,4200,1765400,120589000000,-200,true,-0.29
"VNM",141925,"/Date(1702624785000)/",68200,100,1761200,120303000000,-200,true,-0.29
"VNM",141909,"/Date(1702624771000)/",68200,600,1761100,120296000000,-200,true,-0.29
"VNM",141909,"/Date(1702624770000)/",68200,2800,1760500,120255000000,-200,true,-0.29
"VNM",141909,"/Date(1702624770000)/",68300,500,1757700,120064000000,-100,true,-0.15
"VNM",141909,"/Date(1702624770000)/",68300,500,1757200,120030000000,-100,true,-0.15
"VNM",141840,"/Date(1702624741000)/",68400,100,1756700,119996000000,0,false,0
"VNM",141837,"/Date(1702624740000)/",68300,500,1756600,119989000000,-100,true,-0.15
"VNM",141837,"/Date(1702624740000)/",68300,100,1756100,119955000000,-100,true,-0.15
"VNM",141837,"/Date(1702624739000)/",68300,3800,1756000,119948000000,-100,true,-0.15
"VNM",141808,"/Date(1702624709000)/",68300,600,1752200,119688000000,-100,true,-0.15
"VNM",141808,"/Date(1702624708000)/",68300,1200,1751600,119647000000,-100,true,-0.15
"VNM",141808,"/Date(1702624708000)/",68300,1000,1750400,119565000000,-100,true,-0.15
"VNM",141808,"/Date(1702624708000)/",68300,1600,1749400,119497000000,-100,true,-0.15
"VNM",141749,"/Date(1702624683000)/",68400,300,1747800,119388000000,0,false,0
"VNM",141749,"/Date(1702624683000)/",68400,400,1747500,119367000000,0,false,0
"VNM",141749,"/Date(1702624683000)/",68400,200,1747100,119340000000,0,false,0
"VNM",141749,"/Date(1702624683000)/",68400,1000,1746900,119326000000,0,false,0
"VNM",141749,"/Date(1702624683000)/",68400,400,1745900,119258000000,0,false,0
"VNM",141749,"/Date(1702624683000)/",68400,700,1745500,119230000000,0,false,0
"VNM",141749,"/Date(1702624683000)/",68400,300,1744800,119182000000,0,false,0
"VNM",141737,"/Date(1702624679000)/",68300,600,1744500,119162000000,-100,true,-0.15
"VNM",141737,"/Date(1702624677000)/",68300,3800,1743900,119121000000,-100,true,-0.15
"VNM",141730,"/Date(1702624672000)/",68300,300,1740100,118861000000,-100,true,-0.15
"VNM",141708,"/Date(1702624649000)/",68300,600,1739800,118841000000,-100,true,-0.15
"VNM",141708,"/Date(1702624648000)/",68300,3800,1739200,118800000000,-100,true,-0.15
"VNM",141701,"/Date(1702624641000)/",68300,100,1735400,118540000000,-100,true,-0.15
"VNM",141636,"/Date(1702624617000)/",68300,600,1735300,118534000000,-100,true,-0.15
"VNM",141636,"/Date(1702624616000)/",68300,3800,1734700,118493000000,-100,true,-0.15
"VNM",141633,"/Date(1702624613000)/",68300,200,1730900,118233000000,-100,true,-0.15
"VNM",141630,"/Date(1702624611000)/",68300,1700,1730700,118219000000,-100,true,-0.15
"VNM",141630,"/Date(1702624610000)/",68300,100,1729000,118103000000,-100,true,-0.15
"VNM",141620,"/Date(1702624600000)/",68200,200,1728900,118096000000,-200,true,-0.29
"VNM",141617,"/Date(1702624599000)/",68300,200,1728700,118083000000,-100,false,-0.15
"VNM",141604,"/Date(1702624585000)/",68200,600,1728500,118069000000,-200,true,-0.29
"VNM",141604,"/Date(1702624584000)/",68200,3800,1727900,118028000000,-200,true,-0.29
"VNM",141532,"/Date(1702624553000)/",68200,600,1724100,117769000000,-200,true,-0.29
"VNM",141532,"/Date(1702624552000)/",68200,400,1723500,117728000000,-200,true,-0.29
"VNM",141532,"/Date(1702624552000)/",68200,100,1723100,117701000000,-200,true,-0.29
"VNM",141532,"/Date(1702624552000)/",68200,1000,1723000,117694000000,-200,true,-0.29
"VNM",141532,"/Date(1702624552000)/",68200,500,1722000,117626000000,-200,true,-0.29
"VNM",141532,"/Date(1702624552000)/",68200,100,1721500,117592000000,-200,true,-0.29
"VNM",141532,"/Date(1702624552000)/",68200,300,1721400,117585000000,-200,true,-0.29
"VNM",141532,"/Date(1702624552000)/",68200,800,1721100,117564000000,-200,true,-0.29
"VNM",141532,"/Date(1702624552000)/",68300,100,1720300,117510000000,-100,false,-0.15
"VNM",141532,"/Date(1702624552000)/",68300,500,1720200,117503000000,-100,false,-0.15
"VNM",141503,"/Date(1702624523000)/",68200,200,1719700,117469000000,-200,true,-0.29
"VNM",141500,"/Date(1702624522000)/",68200,500,1719500,117455000000,-200,true,-0.29
"VNM",141500,"/Date(1702624522000)/",68200,100,1719000,117421000000,-200,true,-0.29
"VNM",141500,"/Date(1702624520000)/",68200,100,1718900,117414000000,-200,true,-0.29
"VNM",141500,"/Date(1702624520000)/",68200,200,1718800,117408000000,-200,true,-0.29
"VNM",141500,"/Date(1702624520000)/",68200,100,1718600,117394000000,-200,true,-0.29
"VNM",141500,"/Date(1702624520000)/",68200,3400,1718500,117387000000,-200,true,-0.29
"VNM",141435,"/Date(1702624496000)/",68200,100,1715100,117155000000,-200,true,-0.29
"VNM",141428,"/Date(1702624488000)/",68200,600,1715000,117148000000,-200,true,-0.29
"VNM",141425,"/Date(1702624487000)/",68200,900,1714400,117107000000,-200,true,-0.29
"VNM",141425,"/Date(1702624487000)/",68200,200,1713500,117046000000,-200,true,-0.29
"VNM",141425,"/Date(1702624487000)/",68200,200,1713300,117032000000,-200,true,-0.29
"VNM",141425,"/Date(1702624487000)/",68300,2500,1713100,117019000000,-100,true,-0.15
"VNM",141412,"/Date(1702624472000)/",68300,100,1710600,116848000000,-100,true,-0.15
"VNM",141409,"/Date(1702624470000)/",68300,900,1710500,116841000000,-100,true,-0.15
"VNM",141406,"/Date(1702624467000)/",68300,400,1709600,116780000000,-100,true,-0.15
"VNM",141406,"/Date(1702624465000)/",68300,100,1709200,116752000000,-100,true,-0.15
"VNM",141406,"/Date(1702624465000)/",68300,100,1709100,116746000000,-100,true,-0.15
"VNM",141353,"/Date(1702624455000)/",68200,300,1709000,116739000000,-200,true,-0.29
"VNM",141353,"/Date(1702624455000)/",68200,100,1708700,116718000000,-200,true,-0.29
"VNM",141353,"/Date(1702624455000)/",68200,200,1708600,116711000000,-200,true,-0.29
"VNM",141353,"/Date(1702624454000)/",68200,100,1708400,116698000000,-200,true,-0.29
"VNM",141353,"/Date(1702624454000)/",68200,500,1708300,116691000000,-200,true,-0.29
"VNM",141353,"/Date(1702624454000)/",68200,100,1707800,116657000000,-200,true,-0.29
"VNM",141353,"/Date(1702624454000)/",68200,100,1707700,116650000000,-200,true,-0.29
"VNM",141353,"/Date(1702624454000)/",68200,100,1707600,116643000000,-200,true,-0.29
"VNM",141353,"/Date(1702624454000)/",68200,1000,1707500,116636000000,-200,true,-0.29
"VNM",141353,"/Date(1702624454000)/",68200,1800,1706500,116568000000,-200,true,-0.29
"VNM",141353,"/Date(1702624454000)/",68300,100,1704700,116445000000,-100,true,-0.15
"VNM",141337,"/Date(1702624439000)/",68200,100,1704600,116439000000,-200,true,-0.29
"VNM",141337,"/Date(1702624438000)/",68200,100,1704500,116432000000,-200,true,-0.29
"VNM",141337,"/Date(1702624438000)/",68200,100,1704400,116425000000,-200,true,-0.29
"VNM",141337,"/Date(1702624438000)/",68200,100,1704300,116418000000,-200,true,-0.29
"VNM",141337,"/Date(1702624438000)/",68300,600,1704200,116411000000,-100,true,-0.15
"VNM",141321,"/Date(1702624423000)/",68300,600,1703600,116370000000,-100,true,-0.15
"VNM",141321,"/Date(1702624422000)/",68300,3800,1703000,116329000000,-100,true,-0.15
"VNM",141305,"/Date(1702624406000)/",68200,100,1699200,116070000000,-200,true,-0.29
"VNM",141305,"/Date(1702624405000)/",68200,100,1699100,116063000000,-200,true,-0.29
"VNM",141305,"/Date(1702624405000)/",68200,500,1699000,116056000000,-200,true,-0.29
"VNM",141305,"/Date(1702624405000)/",68300,100,1698500,116022000000,-100,true,-0.15
"VNM",141305,"/Date(1702624405000)/",68300,100,1698400,116015000000,-100,true,-0.15
"VNM",141249,"/Date(1702624390000)/",68200,600,1698300,116008000000,-200,true,-0.29
"VNM",141249,"/Date(1702624389000)/",68200,2900,1697700,115968000000,-200,true,-0.29
"VNM",141249,"/Date(1702624389000)/",68300,900,1694800,115770000000,-100,true,-0.15
"VNM",141237,"/Date(1702624378000)/",68400,200,1693900,115708000000,0,false,0
"VNM",141233,"/Date(1702624375000)/",68300,400,1693700,115695000000,-100,true,-0.15
"VNM",141233,"/Date(1702624374000)/",68300,100,1693300,115667000000,-100,true,-0.15
"VNM",141230,"/Date(1702624372000)/",68300,600,1693200,115660000000,-100,true,-0.15
"VNM",141230,"/Date(1702624372000)/",68300,100,1692600,115620000000,-100,true,-0.15
"VNM",141230,"/Date(1702624372000)/",68300,100,1692500,115613000000,-100,true,-0.15
"VNM",141217,"/Date(1702624358000)/",68200,600,1692400,115606000000,-200,true,-0.29
"VNM",141217,"/Date(1702624357000)/",68200,200,1691800,115565000000,-200,true,-0.29
"VNM",141217,"/Date(1702624357000)/",68300,100,1691600,115551000000,-100,true,-0.15
"VNM",141217,"/Date(1702624357000)/",68300,3000,1691500,115544000000,-100,true,-0.15
"VNM",141217,"/Date(1702624357000)/",68300,500,1688500,115340000000,-100,true,-0.15
"VNM",141211,"/Date(1702624351000)/",68300,100,1688000,115305000000,-100,true,-0.15
"VNM",141201,"/Date(1702624342000)/",68300,100,1687900,115299000000,-100,true,-0.15
"VNM",141201,"/Date(1702624341000)/",68300,800,1687800,115292000000,-100,true,-0.15
"VNM",141145,"/Date(1702624326000)/",68300,100,1687000,115237000000,-100,true,-0.15
"VNM",141145,"/Date(1702624325000)/",68300,500,1686900,115230000000,-100,true,-0.15
"VNM",141142,"/Date(1702624324000)/",68300,400,1686400,115196000000,-100,true,-0.15
"VNM",141142,"/Date(1702624324000)/",68300,100,1686000,115169000000,-100,true,-0.15
"VNM",141142,"/Date(1702624324000)/",68300,100,1685900,115162000000,-100,true,-0.15
"VNM",141142,"/Date(1702624324000)/",68300,600,1685800,115155000000,-100,true,-0.15
"VNM",141142,"/Date(1702624324000)/",68300,100,1685200,115114000000,-100,true,-0.15
"VNM",141142,"/Date(1702624324000)/",68300,1400,1685100,115107000000,-100,true,-0.15
"VNM",141142,"/Date(1702624324000)/",68300,500,1683700,115012000000,-100,true,-0.15
"VNM",141142,"/Date(1702624324000)/",68300,600,1683200,114978000000,-100,true,-0.15
"VNM",141133,"/Date(1702624314000)/",68400,100,1682600,114937000000,0,false,0
"VNM",141133,"/Date(1702624314000)/",68400,100,1682500,114930000000,0,false,0
"VNM",141126,"/Date(1702624309000)/",68300,100,1682400,114923000000,-100,true,-0.15
"VNM",141126,"/Date(1702624308000)/",68300,300,1682300,114916000000,-100,true,-0.15
"VNM",141126,"/Date(1702624308000)/",68300,300,1682000,114896000000,-100,true,-0.15
"VNM",141126,"/Date(1702624308000)/",68300,100,1681700,114875000000,-100,true,-0.15
"VNM",141126,"/Date(1702624308000)/",68300,100,1681600,114868000000,-100,true,-0.15
"VNM",141110,"/Date(1702624292000)/",68400,400,1681500,114861000000,0,false,0
"VNM",141110,"/Date(1702624292000)/",68400,100,1681100,114834000000,0,false,0
"VNM",141110,"/Date(1702624292000)/",68300,2900,1681000,114827000000,-100,true,-0.15
"VNM",141110,"/Date(1702624292000)/",68300,900,1678100,114629000000,-100,true,-0.15
"VNM",141101,"/Date(1702624282000)/",68400,100,1677200,114568000000,0,false,0
"VNM",141054,"/Date(1702624276000)/",68300,100,1677100,114561000000,-100,true,-0.15
"VNM",141054,"/Date(1702624275000)/",68300,800,1677000,114554000000,-100,true,-0.15
"VNM",141045,"/Date(1702624267000)/",68300,300,1676200,114499000000,-100,true,-0.15
"VNM",141038,"/Date(1702624261000)/",68300,500,1675900,114479000000,-100,true,-0.15
"VNM",141038,"/Date(1702624259000)/",68300,900,1675400,114445000000,-100,true,-0.15
"VNM",141038,"/Date(1702624259000)/",68300,500,1674500,114383000000,-100,true,-0.15
"VNM",141038,"/Date(1702624259000)/",68300,200,1674000,114349000000,-100,true,-0.15
"VNM",141038,"/Date(1702624259000)/",68300,900,1673800,114335000000,-100,true,-0.15
"VNM",141038,"/Date(1702624259000)/",68300,100,1672900,114274000000,-100,true,-0.15
"VNM",141038,"/Date(1702624259000)/",68300,900,1672800,114267000000,-100,true,-0.15
"VNM",141038,"/Date(1702624259000)/",68300,100,1671900,114206000000,-100,true,-0.15
"VNM",141023,"/Date(1702624244000)/",68300,100,1671800,114199000000,-100,true,-0.15
"VNM",141023,"/Date(1702624243000)/",68300,800,1671700,114192000000,-100,true,-0.15
"VNM",141007,"/Date(1702624229000)/",68300,100,1670900,114137000000,-100,true,-0.15
"VNM",141007,"/Date(1702624229000)/",68300,400,1670800,114131000000,-100,true,-0.15
"VNM",141007,"/Date(1702624228000)/",68300,3400,1670400,114103000000,-100,true,-0.15
"VNM",141007,"/Date(1702624228000)/",68300,200,1667000,113871000000,-100,true,-0.15
"VNM",140951,"/Date(1702624211000)/",68300,100,1666800,113857000000,-100,true,-0.15
"VNM",140951,"/Date(1702624210000)/",68300,800,1666700,113851000000,-100,true,-0.15
"VNM",140935,"/Date(1702624196000)/",68400,200,1665900,113796000000,0,false,0
"VNM",140935,"/Date(1702624196000)/",68300,600,1665700,113782000000,-100,true,-0.15
"VNM",140935,"/Date(1702624195000)/",68300,400,1665100,113741000000,-100,true,-0.15
"VNM",140935,"/Date(1702624195000)/",68300,2100,1664700,113714000000,-100,true,-0.15
"VNM",140935,"/Date(1702624195000)/",68300,1500,1662600,113570000000,-100,true,-0.15
"VNM",140931,"/Date(1702624194000)/",68300,2700,1661100,113468000000,-100,true,-0.15
"VNM",140931,"/Date(1702624194000)/",68300,200,1658400,113284000000,-100,true,-0.15
"VNM",140919,"/Date(1702624179000)/",68300,100,1658200,113270000000,-100,true,-0.15
"VNM",140916,"/Date(1702624178000)/",68300,200,1658100,113263000000,-100,true,-0.15
"VNM",140916,"/Date(1702624178000)/",68300,500,1657900,113249000000,-100,true,-0.15
"VNM",140916,"/Date(1702624178000)/",68300,100,1657400,113215000000,-100,true,-0.15
"VNM",140903,"/Date(1702624164000)/",68300,500,1657300,113208000000,-100,true,-0.15
"VNM",140903,"/Date(1702624162000)/",68300,3600,1656800,113174000000,-100,true,-0.15
"VNM",140847,"/Date(1702624147000)/",68300,100,1653200,112928000000,-100,true,-0.15
"VNM",140844,"/Date(1702624145000)/",68300,800,1653100,112922000000,-100,true,-0.15
"VNM",140831,"/Date(1702624131000)/",68300,500,1652300,112867000000,-100,true,-0.15
"VNM",140831,"/Date(1702624130000)/",68300,1100,1651800,112833000000,-100,true,-0.15
"VNM",140831,"/Date(1702624130000)/",68400,2500,1650700,112758000000,0,true,0
"VNM",140812,"/Date(1702624114000)/",68400,100,1648200,112587000000,0,true,0
"VNM",140812,"/Date(1702624113000)/",68400,800,1648100,112580000000,0,true,0
"VNM",140805,"/Date(1702624105000)/",68400,100,1647300,112525000000,0,false,0
"VNM",140756,"/Date(1702624098000)/",68400,100,1647200,112518000000,0,true,0
"VNM",140756,"/Date(1702624098000)/",68400,300,1647100,112511000000,0,true,0
"VNM",140756,"/Date(1702624097000)/",68400,700,1646800,112491000000,0,true,0
"VNM",140756,"/Date(1702624097000)/",68400,2900,1646100,112443000000,0,true,0
"VNM",140749,"/Date(1702624092000)/",68500,1000,1643200,112245000000,100,false,0.15
"VNM",140749,"/Date(1702624090000)/",68400,100,1642200,112176000000,0,true,0
"VNM",140749,"/Date(1702624088000)/",68400,200,1642100,112169000000,0,true,0
"VNM",140749,"/Date(1702624088000)/",68400,800,1641900,112156000000,0,true,0
"VNM",140740,"/Date(1702624081000)/",68400,100,1641100,112101000000,0,true,0
"VNM",140740,"/Date(1702624080000)/",68400,100,1641000,112094000000,0,true,0
"VNM",140740,"/Date(1702624080000)/",68400,500,1640900,112087000000,0,true,0
"VNM",140740,"/Date(1702624080000)/",68400,100,1640400,112053000000,0,true,0
"VNM",140724,"/Date(1702624066000)/",68400,600,1640300,112046000000,0,true,0
"VNM",140724,"/Date(1702624065000)/",68400,200,1639700,112005000000,0,true,0
"VNM",140724,"/Date(1702624065000)/",68400,500,1639500,111992000000,0,true,0
"VNM",140724,"/Date(1702624065000)/",68400,200,1639000,111957000000,0,true,0
"VNM",140724,"/Date(1702624065000)/",68400,2700,1638800,111944000000,0,true,0
"VNM",140724,"/Date(1702624065000)/",68400,300,1636100,111759000000,0,true,0
"VNM",140721,"/Date(1702624061000)/",68500,100,1635800,111738000000,100,false,0.15
"VNM",140717,"/Date(1702624057000)/",68500,100,1635700,111732000000,100,true,0.15
"VNM",140714,"/Date(1702624056000)/",68500,200,1635600,111725000000,100,true,0.15
"VNM",140714,"/Date(1702624056000)/",68500,600,1635400,111711000000,100,true,0.15
"VNM",140714,"/Date(1702624055000)/",68500,5000,1634800,111670000000,100,true,0.15
"VNM",140708,"/Date(1702624049000)/",68500,100,1629800,111327000000,100,true,0.15
"VNM",140708,"/Date(1702624048000)/",68500,700,1629700,111321000000,100,true,0.15
"VNM",140701,"/Date(1702624041000)/",68500,500,1629000,111273000000,100,true,0.15
"VNM",140658,"/Date(1702624039000)/",68500,100,1628500,111238000000,100,true,0.15
"VNM",140658,"/Date(1702624039000)/",68500,500,1628400,111232000000,100,true,0.15
"VNM",140652,"/Date(1702624032000)/",68500,3600,1627900,111197000000,100,true,0.15
"VNM",140639,"/Date(1702624020000)/",68500,100,1624300,110951000000,100,true,0.15
"VNM",140639,"/Date(1702624019000)/",68500,1000,1624200,110944000000,100,true,0.15
"VNM",140636,"/Date(1702624016000)/",68500,100,1623200,110875000000,100,true,0.15
"VNM",140636,"/Date(1702624015000)/",68500,700,1623100,110869000000,100,true,0.15
"VNM",140632,"/Date(1702624012000)/",68600,100,1622400,110821000000,200,false,0.29
"VNM",140626,"/Date(1702624006000)/",68600,100,1622300,110814000000,200,false,0.29
"VNM",140626,"/Date(1702624006000)/",68600,400,1622200,110807000000,200,false,0.29
"VNM",140623,"/Date(1702624004000)/",68500,200,1621800,110779000000,100,true,0.15
"VNM",140623,"/Date(1702624003000)/",68500,1600,1621600,110766000000,100,true,0.15
"VNM",140623,"/Date(1702624002000)/",68500,10000,1620000,110656000000,100,true,0.15
"VNM",140620,"/Date(1702624002000)/",68500,500,1610000,109971000000,100,true,0.15
"VNM",140620,"/Date(1702624000000)/",68500,3600,1609500,109937000000,100,true,0.15
"VNM",140604,"/Date(1702623984000)/",68500,100,1605900,109690000000,100,true,0.15
"VNM",140604,"/Date(1702623983000)/",68500,700,1605800,109683000000,100,true,0.15
"VNM",140601,"/Date(1702623983000)/",68500,100,1605100,109635000000,100,true,0.15
"VNM",140601,"/Date(1702623982000)/",68500,700,1605000,109629000000,100,true,0.15
"VNM",140601,"/Date(1702623981000)/",68500,4700,1604300,109581000000,100,true,0.15
"VNM",140601,"/Date(1702623980000)/",68500,200,1599600,109259000000,100,true,0.15
"VNM",140601,"/Date(1702623980000)/",68500,200,1599400,109245000000,100,true,0.15
"VNM",140601,"/Date(1702623980000)/",68500,500,1599200,109231000000,100,true,0.15
"VNM",140601,"/Date(1702623980000)/",68500,100,1598700,109197000000,100,true,0.15
"VNM",140601,"/Date(1702623980000)/",68500,3300,1598600,109190000000,100,true,0.15
"VNM",140601,"/Date(1702623980000)/",68500,1000,1595300,108964000000,100,true,0.15
"VNM",140601,"/Date(1702623980000)/",68500,1000,1594300,108896000000,100,true,0.15
"VNM",140601,"/Date(1702623980000)/",68500,100,1593300,108827000000,100,true,0.15
"VNM",140601,"/Date(1702623980000)/",68500,100,1593200,108820000000,100,true,0.15
"VNM",140601,"/Date(1702623980000)/",68500,2400,1593100,108813000000,100,true,0.15
"VNM",140601,"/Date(1702623980000)/",68500,100,1590700,108649000000,100,true,0.15
"VNM",140601,"/Date(1702623980000)/",68500,200,1590600,108642000000,100,true,0.15
"VNM",140601,"/Date(1702623980000)/",68500,200,1590400,108628000000,100,true,0.15
"VNM",140601,"/Date(1702623980000)/",68500,500,1590200,108615000000,100,true,0.15
"VNM",140601,"/Date(1702623980000)/",68500,1000,1589700,108581000000,100,true,0.15
"VNM",140601,"/Date(1702623980000)/",68500,3000,1588700,108512000000,100,true,0.15
"VNM",140601,"/Date(1702623980000)/",68500,100,1585700,108307000000,100,true,0.15
"VNM",140601,"/Date(1702623980000)/",68500,1500,1585600,108300000000,100,true,0.15
"VNM",140601,"/Date(1702623980000)/",68400,200,1584100,108197000000,0,false,0
"VNM",140601,"/Date(1702623980000)/",68400,10000,1583900,108183000000,0,false,0
"VNM",140601,"/Date(1702623980000)/",68400,500,1573900,107499000000,0,false,0
"VNM",140601,"/Date(1702623980000)/",68400,2600,1573400,107465000000,0,false,0
"VNM",140557,"/Date(1702623979000)/",68400,200,1570800,107287000000,0,false,0
"VNM",140557,"/Date(1702623979000)/",68400,500,1570600,107274000000,0,false,0
"VNM",140554,"/Date(1702623974000)/",68400,200,1570100,107239000000,0,false,0
"VNM",140548,"/Date(1702623967000)/",68300,300,1569900,107226000000,-100,true,-0.15
"VNM",140545,"/Date(1702623967000)/",68300,3600,1569600,107205000000,-100,true,-0.15
"VNM",140545,"/Date(1702623965000)/",68400,2000,1566000,106959000000,0,false,0
"VNM",140545,"/Date(1702623964000)/",68400,100,1564000,106822000000,0,false,0
"VNM",140529,"/Date(1702623950000)/",68300,700,1563900,106816000000,-100,true,-0.15
"VNM",140522,"/Date(1702623943000)/",68400,100,1563200,106768000000,0,false,0
"VNM",140522,"/Date(1702623943000)/",68400,100,1563100,106761000000,0,false,0
"VNM",140522,"/Date(1702623943000)/",68400,300,1563000,106754000000,0,false,0
"VNM",140516,"/Date(1702623936000)/",68400,100,1562700,106734000000,0,false,0
"VNM",140516,"/Date(1702623935000)/",68300,300,1562600,106727000000,-100,true,-0.15
"VNM",140513,"/Date(1702623935000)/",68300,3600,1562300,106706000000,-100,true,-0.15
"VNM",140513,"/Date(1702623934000)/",68300,400,1558700,106460000000,-100,true,-0.15
"VNM",140513,"/Date(1702623933000)/",68400,300,1558300,106433000000,0,false,0
"VNM",140506,"/Date(1702623928000)/",68400,200,1558000,106413000000,0,false,0
"VNM",140506,"/Date(1702623928000)/",68400,400,1557800,106399000000,0,false,0
"VNM",140500,"/Date(1702623922000)/",68400,200,1557400,106372000000,0,false,0
"VNM",140457,"/Date(1702623918000)/",68300,700,1557200,106358000000,-100,true,-0.15
"VNM",140457,"/Date(1702623917000)/",68400,400,1556500,106310000000,0,false,0
"VNM",140450,"/Date(1702623911000)/",68400,200,1556100,106283000000,0,false,0
"VNM",140441,"/Date(1702623902000)/",68300,300,1555900,106269000000,-100,true,-0.15
"VNM",140441,"/Date(1702623902000)/",68400,600,1555600,106249000000,0,false,0
"VNM",140441,"/Date(1702623901000)/",68300,3500,1555000,106207000000,-100,true,-0.15
"VNM",140441,"/Date(1702623900000)/",68400,600,1551500,105968000000,0,false,0
"VNM",140425,"/Date(1702623885000)/",68300,700,1550900,105927000000,-100,true,-0.15
"VNM",140419,"/Date(1702623879000)/",68400,1000,1550200,105880000000,0,false,0
"VNM",140409,"/Date(1702623869000)/",68300,300,1549200,105811000000,-100,true,-0.15
"VNM",140409,"/Date(1702623869000)/",68300,100,1548900,105791000000,-100,true,-0.15
"VNM",140409,"/Date(1702623868000)/",68300,3000,1548800,105784000000,-100,true,-0.15
"VNM",140409,"/Date(1702623868000)/",68300,500,1545800,105579000000,-100,true,-0.15
"VNM",140406,"/Date(1702623866000)/",68400,1100,1545300,105545000000,0,false,0
"VNM",140406,"/Date(1702623866000)/",68400,300,1544200,105470000000,0,false,0
"VNM",140406,"/Date(1702623866000)/",68400,500,1543900,105449000000,0,false,0
"VNM",140406,"/Date(1702623866000)/",68400,100,1543400,105415000000,0,false,0
"VNM",140406,"/Date(1702623866000)/",68400,400,1543300,105408000000,0,false,0
"VNM",140406,"/Date(1702623866000)/",68400,200,1542900,105381000000,0,false,0
"VNM",140406,"/Date(1702623866000)/",68400,800,1542700,105367000000,0,false,0
"VNM",140406,"/Date(1702623866000)/",68400,400,1541900,105312000000,0,false,0
"VNM",140406,"/Date(1702623866000)/",68400,200,1541500,105285000000,0,false,0
"VNM",140403,"/Date(1702623864000)/",68300,300,1541300,105271000000,-100,true,-0.15
"VNM",140403,"/Date(1702623864000)/",68300,300,1541000,105251000000,-100,true,-0.15
"VNM",140403,"/Date(1702623863000)/",68300,2100,1540700,105230000000,-100,true,-0.15
"VNM",140403,"/Date(1702623863000)/",68300,1000,1538600,105087000000,-100,true,-0.15
"VNM",140403,"/Date(1702623863000)/",68300,100,1537600,105019000000,-100,true,-0.15
"VNM",140403,"/Date(1702623863000)/",68300,300,1537500,105012000000,-100,true,-0.15
"VNM",140359,"/Date(1702623859000)/",68400,100,1537200,104991000000,0,false,0
"VNM",140359,"/Date(1702623859000)/",68400,200,1537100,104984000000,0,false,0
"VNM",140353,"/Date(1702623853000)/",68300,200,1536900,104971000000,-100,true,-0.15
"VNM",140353,"/Date(1702623853000)/",68300,500,1536700,104957000000,-100,true,-0.15
"VNM",140350,"/Date(1702623850000)/",68400,500,1536200,104923000000,0,false,0
"VNM",140350,"/Date(1702623850000)/",68400,1000,1535700,104889000000,0,false,0
"VNM",140350,"/Date(1702623850000)/",68400,400,1534700,104820000000,0,false,0
"VNM",140350,"/Date(1702623850000)/",68400,1100,1534300,104793000000,0,false,0
"VNM",140347,"/Date(1702623847000)/",68400,200,1533200,104718000000,0,false,0
"VNM",140337,"/Date(1702623837000)/",68300,300,1533000,104704000000,-100,true,-0.15
"VNM",140337,"/Date(1702623836000)/",68300,3400,1532700,104683000000,-100,true,-0.15
"VNM",140337,"/Date(1702623836000)/",68300,100,1529300,104451000000,-100,true,-0.15
"VNM",140321,"/Date(1702623820000)/",68300,700,1529200,104444000000,-100,true,-0.15
"VNM",140308,"/Date(1702623807000)/",68400,3200,1528500,104397000000,0,false,0
"VNM",140308,"/Date(1702623807000)/",68400,200,1525300,104178000000,0,false,0
"VNM",140308,"/Date(1702623807000)/",68400,500,1525100,104164000000,0,false,0
"VNM",140308,"/Date(1702623807000)/",68400,100,1524600,104130000000,0,false,0
"VNM",140308,"/Date(1702623807000)/",68400,800,1524500,104123000000,0,false,0
"VNM",140308,"/Date(1702623807000)/",68400,200,1523700,104068000000,0,false,0
"VNM",140305,"/Date(1702623804000)/",68300,300,1523500,104055000000,-100,true,-0.15
"VNM",140302,"/Date(1702623804000)/",68300,3500,1523200,104034000000,-100,true,-0.15
"VNM",140246,"/Date(1702623788000)/",68300,400,1519700,103795000000,-100,true,-0.15
"VNM",140246,"/Date(1702623788000)/",68300,300,1519300,103768000000,-100,true,-0.15
"VNM",140240,"/Date(1702623779000)/",68400,300,1519000,103747000000,0,false,0
"VNM",140240,"/Date(1702623779000)/",68400,100,1518700,103727000000,0,false,0
"VNM",140240,"/Date(1702623779000)/",68400,500,1518600,103720000000,0,false,0
"VNM",140240,"/Date(1702623779000)/",68400,400,1518100,103686000000,0,false,0
"VNM",140240,"/Date(1702623779000)/",68400,100,1517700,103658000000,0,false,0
"VNM",140233,"/Date(1702623772000)/",68300,300,1517600,103652000000,-100,true,-0.15
"VNM",140230,"/Date(1702623771000)/",68300,100,1517300,103631000000,-100,true,-0.15
"VNM",140230,"/Date(1702623771000)/",68300,3500,1517200,103624000000,-100,true,-0.15
"VNM",140214,"/Date(1702623755000)/",68200,200,1513700,103385000000,-200,true,-0.29
"VNM",140214,"/Date(1702623755000)/",68200,100,1513500,103372000000,-200,true,-0.29
"VNM",140214,"/Date(1702623755000)/",68200,100,1513400,103365000000,-200,true,-0.29
"VNM",140214,"/Date(1702623755000)/",68200,300,1513300,103358000000,-200,true,-0.29
"VNM",140208,"/Date(1702623749000)/",68400,300,1513000,103337000000,0,false,0
"VNM",140208,"/Date(1702623749000)/",68400,1000,1512700,103317000000,0,false,0
"VNM",140208,"/Date(1702623749000)/",68400,1500,1511700,103248000000,0,false,0
"VNM",140208,"/Date(1702623749000)/",68400,900,1510200,103146000000,0,false,0
"VNM",140208,"/Date(1702623749000)/",68300,500,1509300,103084000000,-100,false,-0.15
"VNM",140204,"/Date(1702623746000)/",68400,1100,1508800,103050000000,0,false,0
"VNM",140204,"/Date(1702623746000)/",68400,400,1507700,102975000000,0,false,0
"VNM",140204,"/Date(1702623746000)/",68400,500,1507300,102948000000,0,false,0
"VNM",140204,"/Date(1702623746000)/",68400,100,1506800,102913000000,0,false,0
"VNM",140204,"/Date(1702623746000)/",68400,500,1506700,102907000000,0,false,0
"VNM",140204,"/Date(1702623743000)/",68200,100,1506200,102872000000,-200,true,-0.29
"VNM",140201,"/Date(1702623742000)/",68200,600,1506100,102866000000,-200,true,-0.29
"VNM",140201,"/Date(1702623742000)/",68200,100,1505500,102825000000,-200,true,-0.29
"VNM",140201,"/Date(1702623742000)/",68200,200,1505400,102818000000,-200,true,-0.29
"VNM",140201,"/Date(1702623742000)/",68200,100,1505200,102804000000,-200,true,-0.29
"VNM",140201,"/Date(1702623742000)/",68200,100,1505100,102797000000,-200,true,-0.29
"VNM",140201,"/Date(1702623742000)/",68200,4100,1505000,102791000000,-200,true,-0.29
"VNM",140201,"/Date(1702623742000)/",68200,100,1500900,102511000000,-200,true,-0.29
"VNM",140201,"/Date(1702623742000)/",68200,200,1500800,102504000000,-200,true,-0.29
"VNM",140201,"/Date(1702623742000)/",68200,4000,1500600,102490000000,-200,true,-0.29
"VNM",140201,"/Date(1702623742000)/",68200,200,1496600,102218000000,-200,true,-0.29
"VNM",140201,"/Date(1702623742000)/",68200,100,1496400,102204000000,-200,true,-0.29
"VNM",140201,"/Date(1702623742000)/",68200,900,1496300,102197000000,-200,true,-0.29
"VNM",140201,"/Date(1702623742000)/",68300,400,1495400,102136000000,-100,true,-0.15
"VNM",140158,"/Date(1702623739000)/",68300,300,1495000,102108000000,-100,true,-0.15
"VNM",140158,"/Date(1702623739000)/",68300,3500,1494700,102088000000,-100,true,-0.15
"VNM",140155,"/Date(1702623735000)/",68400,3200,1491200,101849000000,0,false,0
"VNM",140155,"/Date(1702623734000)/",68400,4200,1488000,101630000000,0,false,0
"VNM",140152,"/Date(1702623731000)/",68400,4200,1483800,101343000000,0,false,0
"VNM",140145,"/Date(1702623724000)/",68400,2900,1479600,101055000000,0,false,0
"VNM",140145,"/Date(1702623724000)/",68400,200,1476700,100857000000,0,false,0
"VNM",140142,"/Date(1702623723000)/",68200,700,1476500,100843000000,-200,true,-0.29
"VNM",140136,"/Date(1702623717000)/",68200,600,1475800,100796000000,-200,true,-0.29
"VNM",140136,"/Date(1702623715000)/",68400,600,1475200,100755000000,0,false,0
"VNM",140136,"/Date(1702623715000)/",68400,300,1474600,100714000000,0,false,0
"VNM",140136,"/Date(1702623715000)/",68400,600,1474300,100693000000,0,false,0
"VNM",140136,"/Date(1702623715000)/",68400,400,1473700,100652000000,0,false,0
"VNM",140136,"/Date(1702623715000)/",68400,200,1473300,100625000000,0,false,0
"VNM",140136,"/Date(1702623715000)/",68400,200,1473100,100611000000,0,false,0
"VNM",140136,"/Date(1702623715000)/",68400,900,1472900,100597000000,0,false,0
"VNM",140132,"/Date(1702623712000)/",68400,300,1472000,100536000000,0,false,0
"VNM",140126,"/Date(1702623706000)/",68200,300,1471700,100515000000,-200,true,-0.29
"VNM",140126,"/Date(1702623706000)/",68200,1600,1471400,100495000000,-200,true,-0.29
"VNM",140126,"/Date(1702623706000)/",68200,100,1469800,100386000000,-200,true,-0.29
"VNM",140126,"/Date(1702623706000)/",68200,1700,1469700,100379000000,-200,true,-0.29
"VNM",140126,"/Date(1702623706000)/",68300,100,1468000,100263000000,-100,true,-0.15
"VNM",140110,"/Date(1702623690000)/",68200,700,1467900,100256000000,-200,true,-0.29
"VNM",140054,"/Date(1702623674000)/",68200,300,1467200,100208000000,-200,true,-0.29
"VNM",140054,"/Date(1702623673000)/",68200,2300,1466900,100188000000,-200,true,-0.29
"VNM",140054,"/Date(1702623673000)/",68200,1000,1464600,100031000000,-200,true,-0.29
"VNM",140054,"/Date(1702623673000)/",68200,200,1463600,99963000000,-200,true,-0.29
"VNM",140048,"/Date(1702623667000)/",68300,100,1463400,99949000000,-100,false,-0.15
"VNM",140038,"/Date(1702623658000)/",68200,700,1463300,99942000000,-200,true,-0.29
"VNM",140032,"/Date(1702623652000)/",68200,100,1462600,99895000000,-200,true,-0.29
"VNM",140032,"/Date(1702623652000)/",68200,300,1462500,99888000000,-200,true,-0.29
"VNM",140025,"/Date(1702623644000)/",68300,100,1462200,99867000000,-100,false,-0.15
"VNM",140022,"/Date(1702623641000)/",68200,300,1462100,99861000000,-200,true,-0.29
"VNM",140019,"/Date(1702623640000)/",68200,200,1461800,99840000000,-200,true,-0.29
"VNM",140019,"/Date(1702623640000)/",68200,100,1461600,99827000000,-200,true,-0.29
"VNM",140019,"/Date(1702623640000)/",68200,100,1461500,99820000000,-200,true,-0.29
"VNM",140019,"/Date(1702623640000)/",68200,500,1461400,99813000000,-200,true,-0.29
"VNM",140019,"/Date(1702623640000)/",68200,500,1460900,99779000000,-200,true,-0.29
"VNM",140019,"/Date(1702623640000)/",68200,2100,1460400,99745000000,-200,true,-0.29
"VNM",140009,"/Date(1702623629000)/",68200,400,1458300,99601000000,-200,true,-0.29
"VNM",140006,"/Date(1702623627000)/",68200,100,1457900,99574000000,-200,true,-0.29
"VNM",140006,"/Date(1702623625000)/",68200,700,1457800,99567000000,-200,true,-0.29
"VNM",135957,"/Date(1702623617000)/",68300,200,1457100,99520000000,-100,false,-0.15
"VNM",135957,"/Date(1702623616000)/",68300,500,1456900,99506000000,-100,false,-0.15
"VNM",135957,"/Date(1702623616000)/",68300,500,1456400,99472000000,-100,false,-0.15
"VNM",135957,"/Date(1702623616000)/",68300,300,1455900,99438000000,-100,false,-0.15
"VNM",135957,"/Date(1702623616000)/",68300,200,1455600,99417000000,-100,false,-0.15
"VNM",135957,"/Date(1702623616000)/",68300,400,1455400,99404000000,-100,false,-0.15
"VNM",135957,"/Date(1702623616000)/",68300,1900,1455000,99376000000,-100,false,-0.15
"VNM",135950,"/Date(1702623609000)/",68200,300,1453100,99246000000,-200,true,-0.29
"VNM",135947,"/Date(1702623608000)/",68200,3500,1452800,99226000000,-200,true,-0.29
"VNM",135938,"/Date(1702623598000)/",68300,5000,1449300,98987000000,-100,false,-0.15
"VNM",135931,"/Date(1702623593000)/",68200,700,1444300,98646000000,-200,true,-0.29
"VNM",135925,"/Date(1702623585000)/",68300,200,1443600,98598000000,-100,false,-0.15
"VNM",135925,"/Date(1702623584000)/",68300,500,1443400,98584000000,-100,false,-0.15
"VNM",135915,"/Date(1702623575000)/",68300,100,1442900,98550000000,-100,false,-0.15
"VNM",135915,"/Date(1702623575000)/",68200,3500,1442800,98543000000,-200,true,-0.29
"VNM",135906,"/Date(1702623567000)/",68300,500,1439300,98305000000,-100,false,-0.15
"VNM",135859,"/Date(1702623560000)/",68200,700,1438800,98271000000,-200,true,-0.29
"VNM",135843,"/Date(1702623542000)/",68200,300,1438100,98223000000,-200,true,-0.29
"VNM",135840,"/Date(1702623542000)/",68200,3400,1437800,98202000000,-200,true,-0.29
"VNM",135827,"/Date(1702623528000)/",68200,700,1434400,97970000000,-200,true,-0.29
"VNM",135827,"/Date(1702623528000)/",68300,2000,1433700,97923000000,-100,false,-0.15
"VNM",135811,"/Date(1702623510000)/",68200,300,1431700,97786000000,-200,true,-0.29
"VNM",135808,"/Date(1702623509000)/",68200,3300,1431400,97766000000,-200,true,-0.29
"VNM",135808,"/Date(1702623509000)/",68200,100,1428100,97541000000,-200,true,-0.29
"VNM",135805,"/Date(1702623504000)/",68300,3800,1428000,97534000000,-100,true,-0.15
"VNM",135802,"/Date(1702623501000)/",68300,100,1424200,97274000000,-100,false,-0.15
"VNM",135802,"/Date(1702623501000)/",68300,400,1424100,97267000000,-100,false,-0.15
"VNM",135802,"/Date(1702623501000)/",68300,700,1423700,97240000000,-100,false,-0.15
"VNM",135756,"/Date(1702623496000)/",68200,300,1423000,97192000000,-200,true,-0.29
"VNM",135756,"/Date(1702623496000)/",68200,300,1422700,97172000000,-200,true,-0.29
"VNM",135749,"/Date(1702623490000)/",68300,2100,1422400,97151000000,-100,false,-0.15
"VNM",135749,"/Date(1702623490000)/",68300,500,1420300,97008000000,-100,false,-0.15
"VNM",135749,"/Date(1702623490000)/",68300,100,1419800,96974000000,-100,false,-0.15
"VNM",135749,"/Date(1702623490000)/",68300,500,1419700,96967000000,-100,false,-0.15
"VNM",135749,"/Date(1702623490000)/",68300,1000,1419200,96933000000,-100,false,-0.15
"VNM",135743,"/Date(1702623482000)/",68200,100,1418200,96865000000,-200,true,-0.29
"VNM",135740,"/Date(1702623478000)/",68200,500,1418100,96858000000,-200,true,-0.29
"VNM",135736,"/Date(1702623477000)/",68200,100,1417600,96824000000,-200,true,-0.29
"VNM",135736,"/Date(1702623477000)/",68200,200,1417500,96817000000,-200,true,-0.29
"VNM",135736,"/Date(1702623477000)/",68300,4200,1417300,96803000000,-100,false,-0.15
"VNM",135736,"/Date(1702623477000)/",68200,300,1413100,96516000000,-200,true,-0.29
"VNM",135736,"/Date(1702623477000)/",68200,100,1412800,96496000000,-200,true,-0.29
"VNM",135736,"/Date(1702623477000)/",68200,3000,1412700,96489000000,-200,true,-0.29
"VNM",135724,"/Date(1702623463000)/",68200,600,1409700,96284000000,-200,true,-0.29
"VNM",135724,"/Date(1702623462000)/",68300,400,1409100,96243000000,-100,false,-0.15
"VNM",135707,"/Date(1702623448000)/",68200,100,1408700,96216000000,-200,true,-0.29
"VNM",135707,"/Date(1702623448000)/",68200,200,1408600,96209000000,-200,true,-0.29
"VNM",135704,"/Date(1702623444000)/",68200,1100,1408400,96196000000,-200,true,-0.29
"VNM",135704,"/Date(1702623444000)/",68200,100,1407300,96121000000,-200,true,-0.29
"VNM",135704,"/Date(1702623444000)/",68200,100,1407200,96114000000,-200,true,-0.29
"VNM",135704,"/Date(1702623444000)/",68200,200,1407100,96107000000,-200,true,-0.29
"VNM",135704,"/Date(1702623444000)/",68200,200,1406900,96093000000,-200,true,-0.29
"VNM",135704,"/Date(1702623444000)/",68200,100,1406700,96080000000,-200,true,-0.29
"VNM",135704,"/Date(1702623444000)/",68200,300,1406600,96073000000,-200,true,-0.29
"VNM",135704,"/Date(1702623444000)/",68200,1300,1406300,96052000000,-200,true,-0.29
"VNM",135658,"/Date(1702623438000)/",68200,300,1405000,95964000000,-200,true,-0.29
"VNM",135651,"/Date(1702623430000)/",68200,600,1404700,95943000000,-200,true,-0.29
"VNM",135642,"/Date(1702623421000)/",68200,200,1404100,95902000000,-200,true,-0.29
"VNM",135632,"/Date(1702623412000)/",68200,300,1403900,95889000000,-200,true,-0.29
"VNM",135632,"/Date(1702623411000)/",68200,200,1403600,95868000000,-200,true,-0.29
"VNM",135632,"/Date(1702623411000)/",68200,100,1403400,95855000000,-200,true,-0.29
"VNM",135632,"/Date(1702623411000)/",68200,400,1403300,95848000000,-200,true,-0.29
"VNM",135632,"/Date(1702623411000)/",68200,100,1402900,95821000000,-200,true,-0.29
"VNM",135632,"/Date(1702623411000)/",68200,200,1402800,95814000000,-200,true,-0.29
"VNM",135632,"/Date(1702623411000)/",68200,1000,1402600,95800000000,-200,true,-0.29
"VNM",135632,"/Date(1702623411000)/",68200,1000,1401600,95732000000,-200,true,-0.29
"VNM",135632,"/Date(1702623411000)/",68200,400,1400600,95664000000,-200,true,-0.29
"VNM",135616,"/Date(1702623398000)/",68200,600,1400200,95636000000,-200,true,-0.29
"VNM",135616,"/Date(1702623396000)/",68300,500,1399600,95596000000,-100,false,-0.15
"VNM",135600,"/Date(1702623379000)/",68200,300,1399100,95561000000,-200,true,-0.29
"VNM",135557,"/Date(1702623378000)/",68200,1100,1398800,95541000000,-200,true,-0.29
"VNM",135557,"/Date(1702623378000)/",68200,2300,1397700,95466000000,-200,true,-0.29
"VNM",135557,"/Date(1702623378000)/",68300,1200,1395400,95309000000,-100,false,-0.15
"VNM",135544,"/Date(1702623365000)/",68200,600,1394200,95227000000,-200,true,-0.29
"VNM",135535,"/Date(1702623355000)/",68200,100,1393600,95186000000,-200,true,-0.29
"VNM",135535,"/Date(1702623354000)/",68200,1000,1393500,95179000000,-200,true,-0.29
"VNM",135528,"/Date(1702623350000)/",68300,3700,1392500,95111000000,-100,false,-0.15
"VNM",135528,"/Date(1702623350000)/",68300,500,1388800,94858000000,-100,false,-0.15
"VNM",135528,"/Date(1702623350000)/",68300,300,1388300,94824000000,-100,false,-0.15
"VNM",135528,"/Date(1702623350000)/",68300,200,1388000,94804000000,-100,false,-0.15
"VNM",135528,"/Date(1702623350000)/",68300,300,1387800,94790000000,-100,false,-0.15
"VNM",135525,"/Date(1702623346000)/",68200,300,1387500,94770000000,-200,true,-0.29
"VNM",135525,"/Date(1702623346000)/",68200,3400,1387200,94749000000,-200,true,-0.29
"VNM",135522,"/Date(1702623341000)/",68200,100,1383800,94517000000,-200,true,-0.29
"VNM",135522,"/Date(1702623341000)/",68200,200,1383700,94510000000,-200,true,-0.29
"VNM",135522,"/Date(1702623341000)/",68200,100,1383500,94497000000,-200,true,-0.29
"VNM",135522,"/Date(1702623341000)/",68200,300,1383400,94490000000,-200,true,-0.29
"VNM",135522,"/Date(1702623341000)/",68200,100,1383100,94470000000,-200,true,-0.29
"VNM",135522,"/Date(1702623341000)/",68200,800,1383000,94463000000,-200,true,-0.29
"VNM",135519,"/Date(1702623337000)/",68200,100,1382200,94408000000,-200,true,-0.29
"VNM",135512,"/Date(1702623332000)/",68200,600,1382100,94401000000,-200,true,-0.29
"VNM",135453,"/Date(1702623313000)/",68200,300,1381500,94360000000,-200,true,-0.29
"VNM",135453,"/Date(1702623312000)/",68200,3200,1381200,94340000000,-200,true,-0.29
"VNM",135453,"/Date(1702623312000)/",68200,100,1378000,94122000000,-200,true,-0.29
"VNM",135453,"/Date(1702623312000)/",68200,100,1377900,94115000000,-200,true,-0.29
"VNM",135441,"/Date(1702623300000)/",68200,400,1377800,94108000000,-200,true,-0.29
"VNM",135441,"/Date(1702623300000)/",68200,100,1377400,94081000000,-200,true,-0.29
"VNM",135441,"/Date(1702623300000)/",68200,100,1377300,94074000000,-200,true,-0.29
"VNM",135425,"/Date(1702623281000)/",68200,300,1377200,94067000000,-200,true,-0.29
"VNM",135422,"/Date(1702623280000)/",68200,600,1376900,94047000000,-200,true,-0.29
"VNM",135422,"/Date(1702623280000)/",68200,100,1376300,94006000000,-200,true,-0.29
"VNM",135422,"/Date(1702623280000)/",68200,100,1376200,93999000000,-200,true,-0.29
"VNM",135422,"/Date(1702623280000)/",68200,2600,1376100,93992000000,-200,true,-0.29
"VNM",135409,"/Date(1702623267000)/",68200,600,1373500,93815000000,-200,true,-0.29
"VNM",135356,"/Date(1702623254000)/",68300,500,1372900,93774000000,-100,false,-0.15
"VNM",135346,"/Date(1702623247000)/",68200,100,1372400,93740000000,-200,true,-0.29
"VNM",135346,"/Date(1702623247000)/",68200,200,1372300,93733000000,-200,true,-0.29
"VNM",135346,"/Date(1702623247000)/",68200,100,1372100,93719000000,-200,true,-0.29
"VNM",135346,"/Date(1702623247000)/",68200,400,1372000,93712000000,-200,true,-0.29
"VNM",135346,"/Date(1702623247000)/",68200,200,1371600,93685000000,-200,true,-0.29
"VNM",135346,"/Date(1702623247000)/",68200,100,1371400,93672000000,-200,true,-0.29
"VNM",135346,"/Date(1702623247000)/",68200,2600,1371300,93665000000,-200,true,-0.29
"VNM",135334,"/Date(1702623234000)/",68200,600,1368700,93487000000,-200,true,-0.29
"VNM",135330,"/Date(1702623231000)/",68300,100,1368100,93447000000,-100,true,-0.15
"VNM",135330,"/Date(1702623231000)/",68300,1900,1368000,93440000000,-100,true,-0.15
"VNM",135330,"/Date(1702623230000)/",68300,100,1366100,93310000000,-100,true,-0.15
"VNM",135330,"/Date(1702623230000)/",68300,100,1366000,93303000000,-100,true,-0.15
"VNM",135330,"/Date(1702623230000)/",68300,4000,1365900,93296000000,-100,true,-0.15
"VNM",135330,"/Date(1702623230000)/",68300,500,1361900,93023000000,-100,true,-0.15
"VNM",135330,"/Date(1702623230000)/",68300,3400,1361400,92989000000,-100,true,-0.15
"VNM",135330,"/Date(1702623229000)/",68300,100,1358000,92757000000,-100,true,-0.15
"VNM",135327,"/Date(1702623228000)/",68300,1000,1357900,92750000000,-100,true,-0.15
"VNM",135324,"/Date(1702623224000)/",68300,400,1356900,92682000000,-100,true,-0.15
"VNM",135314,"/Date(1702623214000)/",68300,100,1356500,92654000000,-100,true,-0.15
"VNM",135314,"/Date(1702623214000)/",68300,100,1356400,92647000000,-100,true,-0.15
"VNM",135314,"/Date(1702623214000)/",68300,100,1356300,92641000000,-100,true,-0.15
"VNM",135314,"/Date(1702623213000)/",68300,3400,1356200,92634000000,-100,true,-0.15
"VNM",135302,"/Date(1702623202000)/",68300,600,1352800,92402000000,-100,true,-0.15
"VNM",135252,"/Date(1702623192000)/",68300,100,1352200,92361000000,-100,true,-0.15
"VNM",135243,"/Date(1702623181000)/",68300,300,1352100,92354000000,-100,true,-0.15
"VNM",135239,"/Date(1702623181000)/",68300,3400,1351800,92333000000,-100,true,-0.15
"VNM",135230,"/Date(1702623170000)/",68300,600,1348400,92101000000,-100,true,-0.15
"VNM",135204,"/Date(1702623144000)/",68300,300,1347800,92060000000,-100,true,-0.15
"VNM",135204,"/Date(1702623143000)/",68300,3400,1347500,92040000000,-100,true,-0.15
"VNM",135158,"/Date(1702623137000)/",68300,600,1344100,91807000000,-100,true,-0.15
"VNM",135132,"/Date(1702623111000)/",68300,400,1343500,91766000000,-100,true,-0.15
"VNM",135129,"/Date(1702623111000)/",68300,500,1343100,91739000000,-100,true,-0.15
"VNM",135129,"/Date(1702623110000)/",68300,3400,1342600,91705000000,-100,true,-0.15
"VNM",135129,"/Date(1702623108000)/",68300,500,1339200,91473000000,-100,true,-0.15
"VNM",135129,"/Date(1702623108000)/",68300,5000,1338700,91438000000,-100,true,-0.15
"VNM",135126,"/Date(1702623105000)/",68300,600,1333700,91097000000,-100,true,-0.15
"VNM",135120,"/Date(1702623100000)/",68300,200,1333100,91056000000,-100,true,-0.15
"VNM",135120,"/Date(1702623099000)/",68300,2000,1332900,91042000000,-100,true,-0.15
"VNM",135110,"/Date(1702623091000)/",68300,900,1330900,90906000000,-100,true,-0.15
"VNM",135101,"/Date(1702623079000)/",68300,300,1330000,90844000000,-100,true,-0.15
"VNM",135057,"/Date(1702623078000)/",68300,3400,1329700,90824000000,-100,true,-0.15
"VNM",135051,"/Date(1702623072000)/",68300,600,1326300,90592000000,-100,true,-0.15
"VNM",135029,"/Date(1702623047000)/",68300,100,1325700,90551000000,-100,true,-0.15
"VNM",135026,"/Date(1702623045000)/",68300,300,1325600,90544000000,-100,true,-0.15
"VNM",135026,"/Date(1702623044000)/",68300,3400,1325300,90523000000,-100,true,-0.15
"VNM",135013,"/Date(1702623033000)/",68300,600,1321900,90291000000,-100,true,-0.15
"VNM",134957,"/Date(1702623017000)/",68200,300,1321300,90250000000,-200,true,-0.29
"VNM",134954,"/Date(1702623012000)/",68200,300,1321000,90230000000,-200,true,-0.29
"VNM",134950,"/Date(1702623011000)/",68200,2200,1320700,90209000000,-200,true,-0.29
"VNM",134950,"/Date(1702623011000)/",68300,400,1318500,90059000000,-100,true,-0.15
"VNM",134950,"/Date(1702623011000)/",68300,800,1318100,90032000000,-100,true,-0.15
"VNM",134941,"/Date(1702623001000)/",68300,600,1317300,89977000000,-100,true,-0.15
"VNM",134922,"/Date(1702622983000)/",68300,100,1316700,89936000000,-100,false,-0.15
"VNM",134919,"/Date(1702622979000)/",68200,300,1316600,89929000000,-200,true,-0.29
"VNM",134919,"/Date(1702622978000)/",68200,2700,1316300,89909000000,-200,true,-0.29
"VNM",134919,"/Date(1702622978000)/",68200,200,1313600,89725000000,-200,true,-0.29
"VNM",134919,"/Date(1702622978000)/",68200,500,1313400,89711000000,-200,true,-0.29
"VNM",134915,"/Date(1702622974000)/",68200,100,1312900,89677000000,-200,true,-0.29
"VNM",134915,"/Date(1702622974000)/",68200,100,1312800,89670000000,-200,true,-0.29
"VNM",134915,"/Date(1702622973000)/",68200,400,1312700,89663000000,-200,true,-0.29
"VNM",134915,"/Date(1702622973000)/",68200,200,1312300,89636000000,-200,true,-0.29
"VNM",134915,"/Date(1702622973000)/",68200,500,1312100,89622000000,-200,true,-0.29
"VNM",134915,"/Date(1702622973000)/",68200,500,1311600,89588000000,-200,true,-0.29
"VNM",134915,"/Date(1702622973000)/",68200,300,1311100,89554000000,-200,true,-0.29
"VNM",134915,"/Date(1702622973000)/",68200,100,1310800,89534000000,-200,true,-0.29
"VNM",134909,"/Date(1702622967000)/",68200,600,1310700,89527000000,-200,true,-0.29
"VNM",134847,"/Date(1702622945000)/",68200,300,1310100,89486000000,-200,true,-0.29
"VNM",134843,"/Date(1702622945000)/",68200,3400,1309800,89466000000,-200,true,-0.29
"VNM",134834,"/Date(1702622934000)/",68200,600,1306400,89234000000,-200,true,-0.29
"VNM",134828,"/Date(1702622926000)/",68400,2000,1305800,89193000000,0,false,0
"VNM",134815,"/Date(1702622913000)/",68200,300,1303800,89056000000,-200,true,-0.29
"VNM",134812,"/Date(1702622912000)/",68200,2800,1303500,89036000000,-200,true,-0.29
"VNM",134812,"/Date(1702622912000)/",68200,500,1300700,88845000000,-200,true,-0.29
"VNM",134802,"/Date(1702622902000)/",68300,100,1300200,88810000000,-100,true,-0.15
"VNM",134802,"/Date(1702622901000)/",68200,500,1300100,88804000000,-200,true,-0.29
"VNM",134802,"/Date(1702622901000)/",68300,100,1299600,88770000000,-100,true,-0.15
"VNM",134740,"/Date(1702622878000)/",68200,300,1299500,88763000000,-200,true,-0.29
"VNM",134740,"/Date(1702622878000)/",68200,1800,1299200,88742000000,-200,true,-0.29
"VNM",134740,"/Date(1702622878000)/",68300,1000,1297400,88619000000,-100,true,-0.15
"VNM",134740,"/Date(1702622878000)/",68300,500,1296400,88551000000,-100,true,-0.15
"VNM",134730,"/Date(1702622869000)/",68300,600,1295900,88517000000,-100,true,-0.15
"VNM",134727,"/Date(1702622866000)/",68300,100,1295300,88476000000,-100,true,-0.15
"VNM",134711,"/Date(1702622852000)/",68300,200,1295200,88469000000,-100,false,-0.15
"VNM",134708,"/Date(1702622846000)/",68200,300,1295000,88456000000,-200,true,-0.29
"VNM",134705,"/Date(1702622845000)/",68200,2100,1294700,88435000000,-200,true,-0.29
"VNM",134705,"/Date(1702622845000)/",68200,100,1292600,88292000000,-200,true,-0.29
"VNM",134705,"/Date(1702622845000)/",68200,200,1292500,88285000000,-200,true,-0.29
"VNM",134705,"/Date(1702622845000)/",68200,700,1292300,88271000000,-200,true,-0.29
"VNM",134705,"/Date(1702622845000)/",68200,200,1291600,88224000000,-200,true,-0.29
"VNM",134655,"/Date(1702622836000)/",68200,600,1291400,88210000000,-200,true,-0.29
"VNM",134636,"/Date(1702622815000)/",68300,100,1290800,88169000000,-100,false,-0.15
"VNM",134633,"/Date(1702622812000)/",68200,300,1290700,88162000000,-200,true,-0.29
"VNM",134633,"/Date(1702622812000)/",68200,3300,1290400,88142000000,-200,true,-0.29
"VNM",134623,"/Date(1702622804000)/",68300,100,1287100,87917000000,-100,false,-0.15
"VNM",134623,"/Date(1702622803000)/",68300,100,1287000,87910000000,-100,false,-0.15
"VNM",134623,"/Date(1702622803000)/",68300,100,1286900,87903000000,-100,false,-0.15
"VNM",134623,"/Date(1702622803000)/",68300,400,1286800,87896000000,-100,false,-0.15
"VNM",134607,"/Date(1702622787000)/",68300,300,1286400,87869000000,-100,true,-0.15
"VNM",134604,"/Date(1702622784000)/",68300,100,1286100,87848000000,-100,true,-0.15
"VNM",134601,"/Date(1702622779000)/",68300,300,1286000,87842000000,-100,true,-0.15
"VNM",134601,"/Date(1702622779000)/",68300,3300,1285700,87821000000,-100,true,-0.15
"VNM",134551,"/Date(1702622771000)/",68300,600,1282400,87596000000,-100,true,-0.15
"VNM",134551,"/Date(1702622771000)/",68300,200,1281800,87555000000,-100,true,-0.15
"VNM",134548,"/Date(1702622768000)/",68300,100,1281600,87541000000,-100,true,-0.15
"VNM",134539,"/Date(1702622757000)/",68300,100,1281500,87534000000,-100,true,-0.15
"VNM",134529,"/Date(1702622748000)/",68300,100,1281400,87527000000,-100,true,-0.15
"VNM",134529,"/Date(1702622748000)/",68300,200,1281300,87521000000,-100,true,-0.15
"VNM",134529,"/Date(1702622748000)/",68300,300,1281100,87507000000,-100,true,-0.15
"VNM",134529,"/Date(1702622748000)/",68300,200,1280800,87486000000,-100,true,-0.15
"VNM",134529,"/Date(1702622748000)/",68300,5000,1280600,87473000000,-100,true,-0.15
"VNM",134529,"/Date(1702622748000)/",68300,800,1275600,87131000000,-100,true,-0.15
"VNM",134529,"/Date(1702622747000)/",68300,200,1274800,87077000000,-100,true,-0.15
"VNM",134529,"/Date(1702622747000)/",68300,100,1274600,87063000000,-100,true,-0.15
"VNM",134526,"/Date(1702622746000)/",68300,1200,1274500,87056000000,-100,true,-0.15
"VNM",134526,"/Date(1702622746000)/",68300,2100,1273300,86974000000,-100,true,-0.15
"VNM",134523,"/Date(1702622743000)/",68300,200,1271200,86831000000,-100,true,-0.15
"VNM",134523,"/Date(1702622742000)/",68300,1900,1271000,86817000000,-100,true,-0.15
"VNM",134523,"/Date(1702622742000)/",68300,100,1269100,86687000000,-100,true,-0.15
"VNM",134519,"/Date(1702622738000)/",68300,600,1269000,86681000000,-100,true,-0.15
"VNM",134513,"/Date(1702622733000)/",68300,100,1268400,86640000000,-100,true,-0.15
"VNM",134513,"/Date(1702622732000)/",68300,300,1268300,86633000000,-100,true,-0.15
"VNM",134457,"/Date(1702622715000)/",68300,100,1268000,86612000000,-100,true,-0.15
"VNM",134454,"/Date(1702622714000)/",68300,1000,1267900,86605000000,-100,true,-0.15
"VNM",134454,"/Date(1702622713000)/",68300,300,1266900,86537000000,-100,true,-0.15
"VNM",134454,"/Date(1702622713000)/",68300,1500,1266600,86517000000,-100,true,-0.15
"VNM",134454,"/Date(1702622713000)/",68300,1800,1265100,86414000000,-100,true,-0.15
"VNM",134448,"/Date(1702622706000)/",68300,200,1263300,86291000000,-100,true,-0.15
"VNM",134448,"/Date(1702622706000)/",68300,400,1263100,86278000000,-100,true,-0.15
"VNM",134422,"/Date(1702622680000)/",68300,300,1262700,86250000000,-100,true,-0.15
"VNM",134419,"/Date(1702622679000)/",68300,2800,1262400,86230000000,-100,true,-0.15
"VNM",134419,"/Date(1702622679000)/",68300,100,1259600,86039000000,-100,true,-0.15
"VNM",134419,"/Date(1702622679000)/",68300,500,1259500,86032000000,-100,true,-0.15
"VNM",134337,"/Date(1702622638000)/",68300,600,1259000,85998000000,-100,true,-0.15
"VNM",134337,"/Date(1702622636000)/",68300,100,1258400,85957000000,-100,true,-0.15
"VNM",134328,"/Date(1702622626000)/",68300,100,1258300,85950000000,-100,true,-0.15
"VNM",134325,"/Date(1702622624000)/",68300,300,1258200,85943000000,-100,true,-0.15
"VNM",134325,"/Date(1702622623000)/",68300,3200,1257900,85922000000,-100,true,-0.15
"VNM",134315,"/Date(1702622613000)/",68300,100,1254700,85704000000,-100,true,-0.15
"VNM",134306,"/Date(1702622605000)/",68300,100,1254600,85697000000,-100,true,-0.15
"VNM",134306,"/Date(1702622605000)/",68300,500,1254500,85690000000,-100,true,-0.15
"VNM",134256,"/Date(1702622594000)/",68300,400,1254000,85656000000,-100,true,-0.15
"VNM",134253,"/Date(1702622591000)/",68300,100,1253600,85629000000,-100,true,-0.15
"VNM",134253,"/Date(1702622591000)/",68300,200,1253500,85622000000,-100,true,-0.15
"VNM",134253,"/Date(1702622591000)/",68300,300,1253300,85608000000,-100,true,-0.15
"VNM",134253,"/Date(1702622591000)/",68300,1400,1253000,85588000000,-100,true,-0.15
"VNM",134253,"/Date(1702622591000)/",68300,1500,1251600,85492000000,-100,true,-0.15
"VNM",134234,"/Date(1702622573000)/",68300,600,1250100,85390000000,-100,true,-0.15
"VNM",134227,"/Date(1702622568000)/",68300,100,1249500,85349000000,-100,true,-0.15
"VNM",134221,"/Date(1702622559000)/",68300,300,1249400,85342000000,-100,true,-0.15
"VNM",134218,"/Date(1702622558000)/",68300,2500,1249100,85321000000,-100,true,-0.15
"VNM",134218,"/Date(1702622558000)/",68300,200,1246600,85151000000,-100,true,-0.15
"VNM",134218,"/Date(1702622558000)/",68300,500,1246400,85137000000,-100,true,-0.15
"VNM",134208,"/Date(1702622546000)/",68400,100,1245900,85103000000,0,false,0
"VNM",134202,"/Date(1702622540000)/",68300,600,1245800,85096000000,-100,true,-0.15
"VNM",134146,"/Date(1702622526000)/",68300,300,1245200,85055000000,-100,true,-0.15
"VNM",134146,"/Date(1702622526000)/",68300,1600,1244900,85034000000,-100,true,-0.15
"VNM",134146,"/Date(1702622526000)/",68300,1600,1243300,84925000000,-100,true,-0.15
"VNM",134127,"/Date(1702622507000)/",68300,600,1241700,84816000000,-100,true,-0.15
"VNM",134127,"/Date(1702622505000)/",68300,200,1241100,84775000000,-100,true,-0.15
"VNM",134114,"/Date(1702622494000)/",68300,300,1240900,84761000000,-100,true,-0.15
"VNM",134114,"/Date(1702622493000)/",68300,2300,1240600,84741000000,-100,true,-0.15
"VNM",134114,"/Date(1702622493000)/",68300,900,1238300,84584000000,-100,true,-0.15
"VNM",134055,"/Date(1702622475000)/",68300,600,1237400,84522000000,-100,true,-0.15
"VNM",134055,"/Date(1702622474000)/",68400,100,1236800,84481000000,0,false,0
"VNM",134045,"/Date(1702622462000)/",68400,5000,1236700,84474000000,0,false,0
"VNM",134042,"/Date(1702622461000)/",68300,300,1231700,84132000000,-100,true,-0.15
"VNM",134042,"/Date(1702622460000)/",68300,2400,1231400,84112000000,-100,true,-0.15
"VNM",134042,"/Date(1702622460000)/",68300,500,1229000,83948000000,-100,true,-0.15
"VNM",134042,"/Date(1702622460000)/",68300,300,1228500,83914000000,-100,true,-0.15
"VNM",134036,"/Date(1702622456000)/",68400,4200,1228200,83893000000,0,false,0
"VNM",134023,"/Date(1702622442000)/",68300,600,1224000,83606000000,-100,true,-0.15
"VNM",134010,"/Date(1702622429000)/",68300,300,1223400,83565000000,-100,true,-0.15
"VNM",134010,"/Date(1702622428000)/",68300,3200,1223100,83545000000,-100,true,-0.15
"VNM",133951,"/Date(1702622409000)/",68300,600,1219900,83326000000,-100,true,-0.15
"VNM",133938,"/Date(1702622396000)/",68200,300,1219300,83285000000,-200,true,-0.29
"VNM",133938,"/Date(1702622396000)/",68200,300,1219000,83265000000,-200,true,-0.29
"VNM",133938,"/Date(1702622396000)/",68200,100,1218700,83244000000,-200,true,-0.29
"VNM",133938,"/Date(1702622396000)/",68200,1000,1218600,83237000000,-200,true,-0.29
"VNM",133938,"/Date(1702622396000)/",68200,100,1217600,83169000000,-200,true,-0.29
"VNM",133938,"/Date(1702622396000)/",68200,1500,1217500,83162000000,-200,true,-0.29
"VNM",133938,"/Date(1702622396000)/",68300,200,1216000,83060000000,-100,true,-0.15
"VNM",133932,"/Date(1702622390000)/",68300,300,1215800,83046000000,-100,true,-0.15
"VNM",133919,"/Date(1702622377000)/",68300,600,1215500,83026000000,-100,true,-0.15
"VNM",133916,"/Date(1702622376000)/",68300,200,1214900,82985000000,-100,true,-0.15
"VNM",133903,"/Date(1702622363000)/",68400,800,1214700,82971000000,0,false,0
"VNM",133903,"/Date(1702622363000)/",68300,3200,1213900,82917000000,-100,true,-0.15
"VNM",133844,"/Date(1702622344000)/",68300,500,1210700,82698000000,-100,true,-0.15
"VNM",133844,"/Date(1702622344000)/",68300,100,1210200,82664000000,-100,true,-0.15
"VNM",133834,"/Date(1702622335000)/",68300,100,1210100,82657000000,-100,false,-0.15
"VNM",133831,"/Date(1702622331000)/",68300,300,1210000,82650000000,-100,false,-0.15
"VNM",133831,"/Date(1702622331000)/",68300,700,1209700,82630000000,-100,false,-0.15
"VNM",133831,"/Date(1702622330000)/",68200,1500,1209000,82582000000,-200,true,-0.29
"VNM",133831,"/Date(1702622330000)/",68200,1700,1207500,82480000000,-200,true,-0.29
"VNM",133825,"/Date(1702622323000)/",68200,100,1205800,82364000000,-200,true,-0.29
"VNM",133812,"/Date(1702622311000)/",68200,200,1205700,82357000000,-200,true,-0.29
"VNM",133812,"/Date(1702622311000)/",68200,300,1205500,82343000000,-200,true,-0.29
"VNM",133812,"/Date(1702622311000)/",68200,100,1205200,82323000000,-200,true,-0.29
"VNM",133809,"/Date(1702622309000)/",68300,200,1205100,82316000000,-100,false,-0.15
"VNM",133759,"/Date(1702622298000)/",68200,100,1204900,82302000000,-200,true,-0.29
"VNM",133759,"/Date(1702622298000)/",68200,100,1204800,82295000000,-200,true,-0.29
"VNM",133759,"/Date(1702622298000)/",68200,100,1204700,82289000000,-200,true,-0.29
"VNM",133759,"/Date(1702622298000)/",68200,1500,1204600,82282000000,-200,true,-0.29
"VNM",133759,"/Date(1702622298000)/",68200,100,1203100,82179000000,-200,true,-0.29
"VNM",133759,"/Date(1702622298000)/",68200,200,1203000,82173000000,-200,true,-0.29
"VNM",133759,"/Date(1702622298000)/",68200,100,1202800,82159000000,-200,true,-0.29
"VNM",133759,"/Date(1702622298000)/",68200,1300,1202700,82152000000,-200,true,-0.29
"VNM",133740,"/Date(1702622278000)/",68200,600,1201400,82064000000,-200,true,-0.29
"VNM",133728,"/Date(1702622265000)/",68200,100,1200800,82023000000,-200,true,-0.29
"VNM",133728,"/Date(1702622265000)/",68200,100,1200700,82016000000,-200,true,-0.29
"VNM",133728,"/Date(1702622265000)/",68200,100,1200600,82009000000,-200,true,-0.29
"VNM",133724,"/Date(1702622265000)/",68200,100,1200500,82002000000,-200,true,-0.29
"VNM",133724,"/Date(1702622265000)/",68200,3100,1200400,81995000000,-200,true,-0.29
"VNM",133705,"/Date(1702622246000)/",68200,600,1197300,81784000000,-200,true,-0.29
"VNM",133656,"/Date(1702622233000)/",68200,300,1196700,81743000000,-200,true,-0.29
"VNM",133653,"/Date(1702622233000)/",68200,2100,1196400,81723000000,-200,true,-0.29
"VNM",133653,"/Date(1702622233000)/",68300,1100,1194300,81579000000,-100,false,-0.15
"VNM",133633,"/Date(1702622213000)/",68200,600,1193200,81504000000,-200,true,-0.29
"VNM",133624,"/Date(1702622201000)/",68200,100,1192600,81463000000,-200,true,-0.29
"VNM",133624,"/Date(1702622201000)/",68200,200,1192500,81456000000,-200,true,-0.29
"VNM",133621,"/Date(1702622200000)/",68200,800,1192300,81443000000,-200,true,-0.29
"VNM",133621,"/Date(1702622200000)/",68200,1600,1191500,81388000000,-200,true,-0.29
"VNM",133621,"/Date(1702622200000)/",68300,800,1189900,81279000000,-100,true,-0.15
"VNM",133605,"/Date(1702622185000)/",68300,100,1189100,81224000000,-100,false,-0.15
"VNM",133605,"/Date(1702622185000)/",68300,100,1189000,81218000000,-100,false,-0.15
"VNM",133601,"/Date(1702622180000)/",68200,600,1188900,81211000000,-200,true,-0.29
"VNM",133555,"/Date(1702622173000)/",68300,300,1188300,81170000000,-100,false,-0.15
"VNM",133549,"/Date(1702622168000)/",68300,300,1188000,81149000000,-100,false,-0.15
"VNM",133549,"/Date(1702622168000)/",68300,3200,1187700,81129000000,-100,false,-0.15
"VNM",133549,"/Date(1702622167000)/",68300,100,1184500,80910000000,-100,false,-0.15
"VNM",133549,"/Date(1702622167000)/",68300,400,1184400,80904000000,-100,false,-0.15
"VNM",133549,"/Date(1702622167000)/",68300,100,1184000,80876000000,-100,false,-0.15
"VNM",133549,"/Date(1702622167000)/",68300,600,1183900,80869000000,-100,false,-0.15
"VNM",133536,"/Date(1702622155000)/",68300,200,1183300,80828000000,-100,false,-0.15
"VNM",133536,"/Date(1702622155000)/",68300,100,1183100,80815000000,-100,false,-0.15
"VNM",133530,"/Date(1702622147000)/",68200,600,1183000,80808000000,-200,true,-0.29
"VNM",133517,"/Date(1702622136000)/",68200,100,1182400,80767000000,-200,true,-0.29
"VNM",133517,"/Date(1702622136000)/",68200,200,1182300,80760000000,-200,true,-0.29
"VNM",133517,"/Date(1702622135000)/",68200,500,1182100,80747000000,-200,true,-0.29
"VNM",133517,"/Date(1702622135000)/",68300,1000,1181600,80712000000,-100,true,-0.15
"VNM",133517,"/Date(1702622135000)/",68300,500,1180600,80644000000,-100,true,-0.15
"VNM",133517,"/Date(1702622135000)/",68300,200,1180100,80610000000,-100,true,-0.15
"VNM",133517,"/Date(1702622135000)/",68300,1000,1179900,80596000000,-100,true,-0.15
"VNM",133454,"/Date(1702622115000)/",68300,600,1178900,80528000000,-100,true,-0.15
"VNM",133445,"/Date(1702622104000)/",68300,300,1178300,80487000000,-100,true,-0.15
"VNM",133445,"/Date(1702622103000)/",68300,100,1178000,80467000000,-100,true,-0.15
"VNM",133445,"/Date(1702622103000)/",68300,3100,1177900,80460000000,-100,true,-0.15
"VNM",133435,"/Date(1702622093000)/",68400,100,1174800,80248000000,0,false,0
"VNM",133435,"/Date(1702622093000)/",68300,500,1174700,80241000000,-100,true,-0.15
"VNM",133423,"/Date(1702622082000)/",68300,600,1174200,80207000000,-100,true,-0.15
"VNM",133413,"/Date(1702622071000)/",68200,300,1173600,80166000000,-200,true,-0.29
"VNM",133410,"/Date(1702622070000)/",68200,1000,1173300,80146000000,-200,true,-0.29
"VNM",133410,"/Date(1702622070000)/",68200,1500,1172300,80077000000,-200,true,-0.29
"VNM",133410,"/Date(1702622070000)/",68300,300,1170800,79975000000,-100,false,-0.15
"VNM",133410,"/Date(1702622070000)/",68300,300,1170500,79955000000,-100,false,-0.15
"VNM",133407,"/Date(1702622064000)/",68400,600,1170200,79934000000,0,false,0
"VNM",133400,"/Date(1702622058000)/",68400,4200,1169600,79893000000,0,false,0
"VNM",133357,"/Date(1702622056000)/",68400,4100,1165400,79606000000,0,false,0
"VNM",133357,"/Date(1702622056000)/",68300,800,1161300,79325000000,-100,false,-0.15
"VNM",133357,"/Date(1702622056000)/",68300,100,1160500,79271000000,-100,false,-0.15
"VNM",133351,"/Date(1702622049000)/",68200,600,1160400,79264000000,-200,true,-0.29
"VNM",133348,"/Date(1702622046000)/",68300,100,1159800,79223000000,-100,false,-0.15
"VNM",133338,"/Date(1702622038000)/",68200,300,1159700,79216000000,-200,true,-0.29
"VNM",133338,"/Date(1702622038000)/",68200,3100,1159400,79196000000,-200,true,-0.29
"VNM",133338,"/Date(1702622036000)/",68300,200,1156300,78984000000,-100,false,-0.15
"VNM",133338,"/Date(1702622036000)/",68300,100,1156100,78971000000,-100,false,-0.15
"VNM",133338,"/Date(1702622036000)/",68300,100,1156000,78964000000,-100,false,-0.15
"VNM",133338,"/Date(1702622036000)/",68300,800,1155900,78957000000,-100,false,-0.15
"VNM",133335,"/Date(1702622032000)/",68300,2800,1155100,78902000000,-100,false,-0.15
"VNM",133319,"/Date(1702622018000)/",68300,100,1152300,78711000000,-100,false,-0.15
"VNM",133319,"/Date(1702622017000)/",68200,600,1152200,78704000000,-200,true,-0.29
"VNM",133309,"/Date(1702622006000)/",68200,300,1151600,78663000000,-200,true,-0.29
"VNM",133306,"/Date(1702622005000)/",68200,3100,1151300,78643000000,-200,true,-0.29
"VNM",133306,"/Date(1702622003000)/",68300,300,1148200,78431000000,-100,false,-0.15
"VNM",133306,"/Date(1702622003000)/",68300,300,1147900,78411000000,-100,false,-0.15
"VNM",133306,"/Date(1702622003000)/",68300,700,1147600,78390000000,-100,false,-0.15
"VNM",133303,"/Date(1702622001000)/",68300,200,1146900,78343000000,-100,true,-0.15
"VNM",133303,"/Date(1702622001000)/",68300,2000,1146700,78329000000,-100,true,-0.15
"VNM",133303,"/Date(1702622001000)/",68300,500,1144700,78192000000,-100,true,-0.15
"VNM",133303,"/Date(1702622000000)/",68300,100,1144200,78158000000,-100,true,-0.15
"VNM",133247,"/Date(1702621985000)/",68300,200,1144100,78151000000,-100,true,-0.15
"VNM",133247,"/Date(1702621984000)/",68300,100,1143900,78138000000,-100,true,-0.15
"VNM",133247,"/Date(1702621984000)/",68300,500,1143800,78131000000,-100,true,-0.15
"VNM",133234,"/Date(1702621973000)/",68300,300,1143300,78097000000,-100,true,-0.15
"VNM",133234,"/Date(1702621972000)/",68300,2200,1143000,78076000000,-100,true,-0.15
"VNM",133234,"/Date(1702621972000)/",68300,200,1140800,77926000000,-100,true,-0.15
"VNM",133234,"/Date(1702621972000)/",68300,700,1140600,77912000000,-100,true,-0.15
"VNM",133231,"/Date(1702621970000)/",68300,300,1139900,77864000000,-100,true,-0.15
"VNM",133212,"/Date(1702621951000)/",68300,500,1139600,77844000000,-100,true,-0.15
"VNM",133202,"/Date(1702621940000)/",68300,300,1139100,77810000000,-100,true,-0.15
"VNM",133202,"/Date(1702621939000)/",68300,3100,1138800,77789000000,-100,true,-0.15
"VNM",133152,"/Date(1702621931000)/",68300,100,1135700,77578000000,-100,false,-0.15
"VNM",133149,"/Date(1702621929000)/",68300,900,1135600,77571000000,-100,true,-0.15
"VNM",133142,"/Date(1702621921000)/",68300,200,1134700,77509000000,-100,true,-0.15
"VNM",133142,"/Date(1702621921000)/",68300,200,1134500,77496000000,-100,true,-0.15
"VNM",133142,"/Date(1702621921000)/",68300,2300,1134300,77482000000,-100,true,-0.15
"VNM",133142,"/Date(1702621921000)/",68300,100,1132000,77325000000,-100,true,-0.15
"VNM",133139,"/Date(1702621918000)/",68200,500,1131900,77318000000,-200,true,-0.29
"VNM",133133,"/Date(1702621913000)/",68300,500,1131400,77284000000,-100,false,-0.15
"VNM",133130,"/Date(1702621907000)/",68200,100,1130900,77250000000,-200,true,-0.29
"VNM",133130,"/Date(1702621907000)/",68200,200,1130800,77243000000,-200,true,-0.29
"VNM",133127,"/Date(1702621907000)/",68200,1300,1130600,77229000000,-200,true,-0.29
"VNM",133127,"/Date(1702621907000)/",68200,100,1129300,77141000000,-200,true,-0.29
"VNM",133127,"/Date(1702621907000)/",68200,1000,1129200,77134000000,-200,true,-0.29
"VNM",133127,"/Date(1702621907000)/",68200,700,1128200,77066000000,-200,true,-0.29
"VNM",133123,"/Date(1702621900000)/",68300,2000,1127500,77018000000,-100,false,-0.15
"VNM",133120,"/Date(1702621898000)/",68300,100,1125500,76881000000,-100,false,-0.15
"VNM",133117,"/Date(1702621896000)/",68200,200,1125400,76875000000,-200,true,-0.29
"VNM",133114,"/Date(1702621891000)/",68300,500,1125200,76861000000,-100,false,-0.15
"VNM",133107,"/Date(1702621886000)/",68200,500,1124700,76827000000,-200,true,-0.29
"VNM",133101,"/Date(1702621879000)/",68300,500,1124200,76793000000,-100,false,-0.15
"VNM",133058,"/Date(1702621875000)/",68200,300,1123700,76758000000,-200,true,-0.29
"VNM",133055,"/Date(1702621874000)/",68200,3100,1123400,76738000000,-200,true,-0.29
"VNM",133036,"/Date(1702621853000)/",68200,200,1120300,76527000000,-200,true,-0.29
"VNM",133036,"/Date(1702621853000)/",68200,100,1120100,76513000000,-200,true,-0.29
"VNM",133036,"/Date(1702621853000)/",68200,200,1120000,76506000000,-200,true,-0.29
"VNM",133023,"/Date(1702621842000)/",68200,100,1119800,76492000000,-200,true,-0.29
"VNM",133023,"/Date(1702621842000)/",68200,200,1119700,76486000000,-200,true,-0.29
"VNM",133023,"/Date(1702621842000)/",68200,300,1119500,76472000000,-200,true,-0.29
"VNM",133023,"/Date(1702621842000)/",68200,500,1119200,76452000000,-200,true,-0.29
"VNM",133023,"/Date(1702621842000)/",68200,100,1118700,76417000000,-200,true,-0.29
"VNM",133023,"/Date(1702621842000)/",68200,200,1118600,76411000000,-200,true,-0.29
"VNM",133023,"/Date(1702621842000)/",68200,100,1118400,76397000000,-200,true,-0.29
"VNM",133023,"/Date(1702621842000)/",68200,100,1118300,76390000000,-200,true,-0.29
"VNM",133023,"/Date(1702621842000)/",68200,200,1118200,76383000000,-200,true,-0.29
"VNM",133023,"/Date(1702621842000)/",68200,100,1118000,76370000000,-200,true,-0.29
"VNM",133023,"/Date(1702621842000)/",68200,100,1117900,76363000000,-200,true,-0.29
"VNM",133023,"/Date(1702621842000)/",68200,100,1117800,76356000000,-200,true,-0.29
"VNM",133023,"/Date(1702621842000)/",68200,1300,1117700,76349000000,-200,true,-0.29
"VNM",133004,"/Date(1702621821000)/",68200,500,1116400,76261000000,-200,true,-0.29
"VNM",132954,"/Date(1702621811000)/",68200,400,1115900,76227000000,-200,true,-0.29
"VNM",132951,"/Date(1702621811000)/",68200,3400,1115500,76199000000,-200,true,-0.29
"VNM",132951,"/Date(1702621810000)/",68200,300,1112100,75967000000,-200,true,-0.29
"VNM",132951,"/Date(1702621809000)/",68200,1100,1111800,75947000000,-200,true,-0.29
"VNM",132951,"/Date(1702621809000)/",68200,100,1110700,75872000000,-200,true,-0.29
"VNM",132951,"/Date(1702621809000)/",68200,1900,1110600,75865000000,-200,true,-0.29
"VNM",132929,"/Date(1702621788000)/",68200,500,1108700,75735000000,-200,true,-0.29
"VNM",132919,"/Date(1702621777000)/",68200,300,1108200,75701000000,-200,true,-0.29
"VNM",132919,"/Date(1702621776000)/",68200,1300,1107900,75681000000,-200,true,-0.29
"VNM",132919,"/Date(1702621776000)/",68200,200,1106600,75592000000,-200,true,-0.29
"VNM",132919,"/Date(1702621776000)/",68200,100,1106400,75579000000,-200,true,-0.29
"VNM",132919,"/Date(1702621776000)/",68200,100,1106300,75572000000,-200,true,-0.29
"VNM",132919,"/Date(1702621776000)/",68200,1400,1106200,75565000000,-200,true,-0.29
"VNM",132916,"/Date(1702621774000)/",68200,100,1104800,75469000000,-200,true,-0.29
"VNM",132916,"/Date(1702621774000)/",68200,100,1104700,75463000000,-200,true,-0.29
"VNM",132900,"/Date(1702621757000)/",68200,300,1104600,75456000000,-200,true,-0.29
"VNM",132857,"/Date(1702621755000)/",68200,500,1104300,75435000000,-200,true,-0.29
"VNM",132847,"/Date(1702621745000)/",68200,300,1103800,75401000000,-200,true,-0.29
"VNM",132847,"/Date(1702621744000)/",68200,3100,1103500,75381000000,-200,true,-0.29
"VNM",132844,"/Date(1702621744000)/",68200,200,1100400,75169000000,-200,true,-0.29
"VNM",132844,"/Date(1702621743000)/",68200,200,1100200,75156000000,-200,true,-0.29
"VNM",132825,"/Date(1702621722000)/",68200,500,1100000,75142000000,-200,true,-0.29
"VNM",132815,"/Date(1702621714000)/",68200,100,1099500,75108000000,-200,true,-0.29
"VNM",132815,"/Date(1702621712000)/",68200,300,1099400,75101000000,-200,true,-0.29
"VNM",132812,"/Date(1702621711000)/",68200,3000,1099100,75081000000,-200,true,-0.29
"VNM",132812,"/Date(1702621711000)/",68300,100,1096100,74876000000,-100,true,-0.15
"VNM",132749,"/Date(1702621689000)/",68200,300,1096000,74869000000,-200,true,-0.29
"VNM",132749,"/Date(1702621689000)/",68300,200,1095700,74849000000,-100,true,-0.15
"VNM",132749,"/Date(1702621689000)/",68300,300,1095500,74835000000,-100,true,-0.15
"VNM",132746,"/Date(1702621684000)/",68300,100,1095200,74815000000,-100,true,-0.15
"VNM",132740,"/Date(1702621679000)/",68200,300,1095100,74808000000,-200,true,-0.29
"VNM",132740,"/Date(1702621679000)/",68200,900,1094800,74787000000,-200,true,-0.29
"VNM",132740,"/Date(1702621679000)/",68200,2200,1093900,74726000000,-200,true,-0.29
"VNM",132740,"/Date(1702621678000)/",68300,500,1091700,74576000000,-100,false,-0.15
"VNM",132733,"/Date(1702621671000)/",68300,100,1091200,74542000000,-100,false,-0.15
"VNM",132727,"/Date(1702621667000)/",68300,5500,1091100,74535000000,-100,true,-0.15
"VNM",132721,"/Date(1702621658000)/",68300,500,1085600,74159000000,-100,true,-0.15
"VNM",132718,"/Date(1702621656000)/",68300,500,1085100,74125000000,-100,true,-0.15
"VNM",132714,"/Date(1702621653000)/",68300,100,1084600,74091000000,-100,true,-0.15
"VNM",132708,"/Date(1702621647000)/",68300,300,1084500,74084000000,-100,true,-0.15
"VNM",132708,"/Date(1702621646000)/",68300,3100,1084200,74064000000,-100,true,-0.15
"VNM",132646,"/Date(1702621624000)/",68200,500,1081100,73852000000,-200,true,-0.29
"VNM",132646,"/Date(1702621623000)/",68200,100,1080600,73818000000,-200,true,-0.29
"VNM",132636,"/Date(1702621614000)/",68200,300,1080500,73811000000,-200,true,-0.29
"VNM",132636,"/Date(1702621614000)/",68200,3100,1080200,73791000000,-200,true,-0.29
"VNM",132620,"/Date(1702621599000)/",68200,200,1077100,73579000000,-200,true,-0.29
"VNM",132614,"/Date(1702621593000)/",68200,100,1076900,73566000000,-200,true,-0.29
"VNM",132614,"/Date(1702621591000)/",68200,400,1076800,73559000000,-200,true,-0.29
"VNM",132614,"/Date(1702621591000)/",68300,100,1076400,73531000000,-100,false,-0.15
"VNM",132604,"/Date(1702621581000)/",68200,300,1076300,73525000000,-200,true,-0.29
"VNM",132601,"/Date(1702621581000)/",68200,2800,1076000,73504000000,-200,true,-0.29
"VNM",132601,"/Date(1702621581000)/",68200,300,1073200,73313000000,-200,true,-0.29
"VNM",132601,"/Date(1702621579000)/",68200,100,1072900,73293000000,-200,true,-0.29
"VNM",132601,"/Date(1702621579000)/",68300,400,1072800,73286000000,-100,false,-0.15
"VNM",132548,"/Date(1702621566000)/",68300,500,1072400,73259000000,-100,false,-0.15
"VNM",132548,"/Date(1702621566000)/",68300,100,1071900,73224000000,-100,false,-0.15
"VNM",132545,"/Date(1702621563000)/",68200,100,1071800,73218000000,-200,true,-0.29
"VNM",132539,"/Date(1702621558000)/",68200,500,1071700,73211000000,-200,true,-0.29
"VNM",132536,"/Date(1702621555000)/",68300,4400,1071200,73177000000,-100,true,-0.15
"VNM",132536,"/Date(1702621555000)/",68300,500,1066800,72876000000,-100,true,-0.15
"VNM",132532,"/Date(1702621550000)/",68300,300,1066300,72842000000,-100,true,-0.15
"VNM",132529,"/Date(1702621548000)/",68300,100,1066000,72822000000,-100,true,-0.15
"VNM",132529,"/Date(1702621548000)/",68300,200,1065900,72815000000,-100,true,-0.15
"VNM",132529,"/Date(1702621548000)/",68300,2800,1065700,72801000000,-100,true,-0.15
"VNM",132520,"/Date(1702621539000)/",68300,400,1062900,72610000000,-100,true,-0.15
"VNM",132516,"/Date(1702621533000)/",68300,100,1062500,72583000000,-100,true,-0.15
"VNM",132507,"/Date(1702621526000)/",68300,500,1062400,72576000000,-100,true,-0.15
"VNM",132457,"/Date(1702621516000)/",68300,300,1061900,72542000000,-100,true,-0.15
"VNM",132457,"/Date(1702621516000)/",68300,1600,1061600,72521000000,-100,true,-0.15
"VNM",132457,"/Date(1702621516000)/",68300,1500,1060000,72412000000,-100,true,-0.15
"VNM",132448,"/Date(1702621507000)/",68400,1200,1058500,72309000000,0,false,0
"VNM",132448,"/Date(1702621507000)/",68400,800,1057300,72227000000,0,false,0
"VNM",132448,"/Date(1702621507000)/",68400,300,1056500,72173000000,0,false,0
"VNM",132448,"/Date(1702621507000)/",68400,100,1056200,72152000000,0,false,0
"VNM",132448,"/Date(1702621507000)/",68400,5200,1056100,72145000000,0,false,0
"VNM",132444,"/Date(1702621503000)/",68300,100,1050900,71789000000,-100,true,-0.15
"VNM",132435,"/Date(1702621493000)/",68300,400,1050800,71783000000,-100,true,-0.15
"VNM",132435,"/Date(1702621493000)/",68300,100,1050400,71755000000,-100,true,-0.15
"VNM",132425,"/Date(1702621483000)/",68400,100,1050300,71749000000,0,false,0
"VNM",132425,"/Date(1702621483000)/",68300,100,1050200,71742000000,-100,true,-0.15
"VNM",132425,"/Date(1702621483000)/",68300,1400,1050100,71735000000,-100,true,-0.15
"VNM",132425,"/Date(1702621483000)/",68300,100,1048700,71639000000,-100,true,-0.15
"VNM",132425,"/Date(1702621483000)/",68300,100,1048600,71632000000,-100,true,-0.15
"VNM",132425,"/Date(1702621483000)/",68300,1400,1048500,71626000000,-100,true,-0.15
"VNM",132416,"/Date(1702621473000)/",68300,100,1047100,71530000000,-100,true,-0.15
"VNM",132413,"/Date(1702621469000)/",68400,1400,1047000,71523000000,0,false,0
"VNM",132413,"/Date(1702621469000)/",68400,3300,1045600,71427000000,0,false,0
"VNM",132413,"/Date(1702621469000)/",68400,200,1042300,71202000000,0,false,0
"VNM",132413,"/Date(1702621469000)/",68400,300,1042100,71188000000,0,false,0
"VNM",132413,"/Date(1702621469000)/",68400,400,1041800,71167000000,0,false,0
"VNM",132403,"/Date(1702621461000)/",68300,500,1041400,71140000000,-100,true,-0.15
"VNM",132357,"/Date(1702621454000)/",68300,200,1040900,71106000000,-100,true,-0.15
"VNM",132353,"/Date(1702621451000)/",68300,300,1040700,71092000000,-100,true,-0.15
"VNM",132353,"/Date(1702621451000)/",68300,2500,1040400,71072000000,-100,true,-0.15
"VNM",132353,"/Date(1702621451000)/",68300,200,1037900,70901000000,-100,true,-0.15
"VNM",132353,"/Date(1702621451000)/",68300,300,1037700,70887000000,-100,true,-0.15
"VNM",132353,"/Date(1702621451000)/",68300,100,1037400,70867000000,-100,true,-0.15
"VNM",132344,"/Date(1702621443000)/",68300,100,1037300,70860000000,-100,true,-0.15
"VNM",132338,"/Date(1702621434000)/",68400,4200,1037200,70853000000,0,false,0
"VNM",132334,"/Date(1702621431000)/",68300,400,1033000,70566000000,-100,true,-0.15
"VNM",132331,"/Date(1702621430000)/",68300,3600,1032600,70539000000,-100,true,-0.15
"VNM",132331,"/Date(1702621430000)/",68300,100,1029000,70293000000,-100,true,-0.15
"VNM",132331,"/Date(1702621429000)/",68400,2700,1028900,70286000000,0,false,0
"VNM",132331,"/Date(1702621428000)/",68300,500,1026200,70101000000,-100,true,-0.15
"VNM",132322,"/Date(1702621420000)/",68300,100,1025700,70067000000,-100,true,-0.15
"VNM",132322,"/Date(1702621419000)/",68300,300,1025600,70060000000,-100,true,-0.15
"VNM",132318,"/Date(1702621418000)/",68300,3100,1025300,70040000000,-100,true,-0.15
"VNM",132315,"/Date(1702621413000)/",68300,100,1022200,69828000000,-100,true,-0.15
"VNM",132306,"/Date(1702621405000)/",68400,100,1022100,69821000000,0,false,0
"VNM",132306,"/Date(1702621405000)/",68400,100,1022000,69814000000,0,false,0
"VNM",132259,"/Date(1702621397000)/",68200,500,1021900,69808000000,-200,true,-0.29
"VNM",132253,"/Date(1702621391000)/",68400,900,1021400,69773000000,0,false,0
"VNM",132253,"/Date(1702621391000)/",68400,100,1020500,69712000000,0,false,0
"VNM",132253,"/Date(1702621391000)/",68400,100,1020400,69705000000,0,false,0
"VNM",132253,"/Date(1702621391000)/",68400,300,1020300,69698000000,0,false,0
"VNM",132253,"/Date(1702621391000)/",68400,200,1020000,69678000000,0,false,0
"VNM",132253,"/Date(1702621391000)/",68400,100,1019800,69664000000,0,false,0
"VNM",132253,"/Date(1702621391000)/",68400,700,1019700,69657000000,0,false,0
"VNM",132253,"/Date(1702621391000)/",68300,200,1019000,69609000000,-100,false,-0.15
"VNM",132253,"/Date(1702621391000)/",68300,100,1018800,69596000000,-100,false,-0.15
"VNM",132250,"/Date(1702621386000)/",68200,100,1018700,69589000000,-200,true,-0.29
"VNM",132250,"/Date(1702621386000)/",68200,100,1018600,69582000000,-200,true,-0.29
"VNM",132250,"/Date(1702621386000)/",68200,100,1018500,69575000000,-200,true,-0.29
"VNM",132246,"/Date(1702621386000)/",68200,3100,1018400,69568000000,-200,true,-0.29
"VNM",132246,"/Date(1702621384000)/",68300,100,1015300,69357000000,-100,false,-0.15
"VNM",132246,"/Date(1702621384000)/",68300,100,1015200,69350000000,-100,false,-0.15
"VNM",132246,"/Date(1702621384000)/",68200,100,1015100,69343000000,-200,true,-0.29
"VNM",132243,"/Date(1702621383000)/",68300,100,1015000,69336000000,-100,false,-0.15
"VNM",132243,"/Date(1702621383000)/",68200,100,1014900,69330000000,-200,true,-0.29
"VNM",132243,"/Date(1702621381000)/",68300,1700,1014800,69323000000,-100,false,-0.15
"VNM",132243,"/Date(1702621381000)/",68300,900,1013100,69207000000,-100,false,-0.15
"VNM",132234,"/Date(1702621372000)/",68300,1700,1012200,69145000000,-100,false,-0.15
"VNM",132224,"/Date(1702621363000)/",68200,500,1010500,69029000000,-200,true,-0.29
"VNM",132224,"/Date(1702621363000)/",68300,400,1010000,68995000000,-100,false,-0.15
"VNM",132218,"/Date(1702621354000)/",68200,300,1009600,68968000000,-200,true,-0.29
"VNM",132215,"/Date(1702621353000)/",68200,800,1009300,68947000000,-200,true,-0.29
"VNM",132215,"/Date(1702621353000)/",68200,100,1008500,68893000000,-200,true,-0.29
"VNM",132215,"/Date(1702621353000)/",68200,2000,1008400,68886000000,-200,true,-0.29
"VNM",132215,"/Date(1702621353000)/",68200,100,1006400,68749000000,-200,true,-0.29
"VNM",132215,"/Date(1702621353000)/",68200,100,1006300,68743000000,-200,true,-0.29
"VNM",132215,"/Date(1702621352000)/",68200,100,1006200,68736000000,-200,true,-0.29
"VNM",132202,"/Date(1702621341000)/",68400,2800,1006100,68729000000,0,false,0
"VNM",132159,"/Date(1702621336000)/",68300,500,1003300,68537000000,-100,true,-0.15
"VNM",132155,"/Date(1702621335000)/",68300,5000,1002800,68503000000,-100,true,-0.15
"VNM",132152,"/Date(1702621331000)/",68300,300,997800,68162000000,-100,true,-0.15
"VNM",132152,"/Date(1702621330000)/",68300,500,997500,68141000000,-100,true,-0.15
"VNM",132143,"/Date(1702621322000)/",68300,300,997000,68107000000,-100,true,-0.15
