"price","change","match_qtty","side","time","total_vol"
44900,100,1000,"sd","09:00:15",1000
44900,100,13000,"bu","09:00:20",14000
44900,100,20000,"bu","09:00:38",34000
44900,100,6000,"bu","09:00:43",40000
44800,0,20000,"bu","09:00:51",60000
44500,-300,1000,"bu","09:02:03",61000
44300,-500,2000,"bu","09:02:15",63000
44300,-500,8000,"sd","09:02:29",71000
44400,-400,4000,"bu","09:04:27",75000
44400,-400,5000,"bu","09:05:05",80000
44400,-400,1000,"sd","09:05:20",81000
44400,-400,4000,"sd","09:05:25",85000
44400,-400,1000,"bu","09:08:33",86000
44500,-300,2000,"sd","09:19:38",88000
44500,-300,10000,"bu","09:30:25",98000
44600,-200,8000,"sd","09:41:26",106000
44600,-200,5000,"sd","09:46:45",111000
44600,-200,8000,"sd","09:47:53",119000
44600,-200,1000,"bu","09:48:11",120000
44600,-200,5000,"sd","09:51:03",125000
44700,-100,4000,"sd","09:51:39",129000
44700,-100,3000,"bu","09:51:55",132000
44700,-100,1000,"bu","09:54:31",133000
44700,-100,3000,"sd","09:57:50",136000
44700,-100,10000,"bu","09:58:40",146000
44800,0,1000,"sd","09:59:01",147000
44800,0,1000,"sd","09:59:55",148000
44800,0,1000,"sd","10:00:17",149000
44800,0,6000,"bu","10:00:20",155000
44800,0,2000,"bu","10:01:23",157000
44800,0,5000,"bu","10:01:43",162000
44800,0,1000,"bu","10:03:24",163000
44800,0,1000,"sd","10:04:11",164000
44700,-100,6000,"bu","10:09:22",170000
44700,-100,2000,"bu","10:09:59",172000
44600,-200,20000,"bu","10:12:16",192000
44600,-200,10000,"sd","10:15:53",202000
44600,-200,3000,"sd","10:16:01",205000
44600,-200,2000,"bu","10:17:25",207000
44700,-100,3000,"sd","10:20:11",210000
44600,-200,1000,"sd","10:20:29",211000
44600,-200,1000,"sd","10:20:44",212000
44600,-200,5000,"bu","10:22:03",217000
44700,-100,10000,"sd","10:28:47",227000
44700,-100,1000,"sd","10:33:40",228000
44700,-100,1000,"bu","10:39:05",229000
44700,-100,1000,"bu","10:41:53",230000
44700,-100,1000,"bu","10:42:39",231000
44700,-100,1000,"sd","10:44:57",232000
44700,-100,5000,"sd","10:45:07",237000
44700,-100,1000,"bu","10:46:55",238000
44700,-100,1000,"sd","10:49:10",239000
44600,-200,1000,"bu","10:51:08",240000
44700,-100,1000,"sd","10:55:31",241000
44600,-200,12000,"bu","10:56:29",253000
44700,-100,1000,"bu","10:57:32",254000
44700,-100,1000,"sd","11:04:13",255000
44700,-100,9000,"bu","11:05:04",264000
44600,-200,2000,"sd","11:07:14",266000
44700,-100,1000,"bu","11:08:50",267000
44700,-100,2000,"bu","11:10:20",269000
44700,-100,1000,"sd","11:16:30",270000
44700,-100,1000,"sd","11:23:31",271000
44600,-200,5000,"bu","11:23:40",276000
44600,-200,8000,"sd","11:27:13",284000
44600,-200,5000,"bu","11:27:57",289000
44600,-200,10000,"bu","11:28:01",299000
44600,-200,10000,"sd","13:00:02",309000
44600,-200,20000,"sd","13:00:04",329000
44600,-200,6000,"sd","13:01:11",335000
44600,-200,1000,"sd","13:04:16",336000
44600,-200,1000,"bu","13:05:50",337000
44700,-100,6000,"bu","13:06:21",343000
44700,-100,1000,"sd","13:06:56",344000
44700,-100,1000,"sd","13:07:43",345000
44600,-200,15000,"sd","13:08:07",360000
44600,-200,13000,"bu","13:08:14",373000
44600,-200,12000,"bu","13:09:14",385000
44600,-200,5000,"bu","13:10:32",390000
44600,-200,6000,"bu","13:13:10",396000
44700,-100,1000,"sd","13:13:22",397000
44700,-100,1000,"bu","13:18:50",398000
44700,-100,3000,"sd","13:18:51",401000
44700,-100,3000,"bu","13:20:26",404000
44700,-100,3000,"sd","13:21:25",407000
44700,-100,5000,"bu","13:22:25",412000
44700,-100,1000,"bu","13:22:26",413000
44700,-100,1000,"bu","13:22:44",414000
44700,-100,1000,"bu","13:22:49",415000
44700,-100,3000,"bu","13:23:53",418000
44700,-100,9000,"bu","13:24:45",427000
44700,-100,10000,"sd","13:25:09",437000
44700,-100,20000,"sd","13:25:28",457000
44700,-100,15000,"sd","13:25:42",472000
44700,-100,4000,"sd","13:25:48",476000
44700,-100,6000,"sd","13:25:52",482000
44700,-100,1000,"bu","13:27:11",483000
44800,0,1000,"sd","13:27:54",484000
44800,0,3000,"bu","13:28:12",487000
44800,0,1000,"sd","13:28:33",488000
44800,0,10000,"bu","13:28:44",498000
44800,0,3000,"sd","13:28:53",501000
44800,0,17000,"sd","13:30:53",518000
44800,0,1000,"bu","13:31:35",519000
44800,0,1000,"bu","13:32:01",520000
44800,0,1000,"sd","13:32:27",521000
44800,0,10000,"bu","13:34:49",531000
44700,-100,1000,"bu","13:39:27",532000
44800,0,5000,"sd","13:39:45",537000
44800,0,2000,"sd","13:40:45",539000
44800,0,5000,"sd","13:41:30",544000
44800,0,10000,"sd","13:42:22",554000
44800,0,1000,"bu","13:42:37",555000
44800,0,3000,"sd","13:43:24",558000
44800,0,1000,"sd","13:43:35",559000
44700,-100,4000,"sd","13:43:44",563000
44800,0,30000,"bu","13:45:58",593000
44800,0,1000,"bu","13:46:20",594000
44800,0,11000,"bu","13:46:31",605000
44700,-100,3000,"bu","13:46:54",608000
44800,0,14000,"sd","13:49:27",622000
44800,0,2000,"bu","13:50:03",624000
44700,-100,2000,"bu","13:50:17",626000
44700,-100,15000,"bu","13:53:09",641000
44700,-100,8000,"bu","13:53:10",649000
44700,-100,2000,"bu","13:53:17",651000
44800,0,1000,"bu","13:53:36",652000
44700,-100,1000,"sd","13:54:05",653000
44800,0,20000,"sd","13:59:31",673000
44800,0,5000,"sd","14:00:04",678000
44800,0,8000,"sd","14:00:10",686000
45000,200,60000,"sd","14:00:46",746000
45000,200,22000,"bu","14:01:13",768000
45000,200,1000,"bu","14:03:41",769000
45000,200,2000,"sd","14:04:21",771000
44800,0,5000,"sd","14:04:44",776000
44800,0,10000,"bu","14:05:27",786000
44800,0,3000,"sd","14:05:39",789000
44800,0,3000,"sd","14:05:57",792000
44800,0,2000,"bu","14:06:33",794000
44800,0,2000,"sd","14:07:00",796000
44700,-100,50000,"bu","14:07:33",846000
44700,-100,3000,"bu","14:07:42",849000
44800,0,1000,"sd","14:08:18",850000
44700,-100,5000,"bu","14:10:09",855000
44700,-100,6000,"sd","14:10:58",861000
44700,-100,3000,"bu","14:11:14",864000
44700,-100,1000,"sd","14:11:54",865000
44700,-100,2000,"bu","14:12:42",867000
44700,-100,1000,"sd","14:12:53",868000
44700,-100,3000,"sd","14:13:22",871000
44700,-100,1000,"sd","14:13:58",872000
44700,-100,6000,"bu","14:14:36",878000
44700,-100,3000,"bu","14:15:22",881000
44800,0,5000,"sd","14:16:20",886000
44800,0,5000,"sd","14:16:28",891000
44700,-100,8000,"sd","14:17:45",899000
44800,0,3000,"bu","14:18:37",902000
44800,0,4000,"bu","14:20:58",906000
44800,0,12000,"bu","14:22:00",918000
44700,-100,1000,"bu","14:22:27",919000
44700,-100,2000,"sd","14:22:57",921000
44700,-100,1000,"sd","14:23:35",922000
44700,-100,15000,"sd","14:24:40",937000
44700,-100,1000,"bu","14:25:24",938000
44500,-300,100000,"sd","14:26:17",1038000
44500,-300,12000,"sd","14:27:24",1050000
44600,-200,20000,"bu","14:27:41",1070000
44700,-100,2000,"sd","14:28:14",1072000
44700,-100,2000,"sd","14:28:27",1074000
44600,-200,16000,"bu","14:28:55",1090000
45000,200,64000,"bu","14:45:02",1154000
