"price","change","match_qtty","side","time","total_vol"
26200,-200,93400,"bu","09:15:06",93400
26150,-250,500,"sd","09:15:12",93900
26150,-250,2000,"bu","09:15:15",95900
26150,-250,1000,"sd","09:15:51",96900
26200,-200,3900,"sd","09:16:01",100800
26200,-200,1100,"bu","09:16:12",101900
26200,-200,300,"bu","09:16:18",102200
26200,-200,200,"bu","09:16:28",102400
26200,-200,2600,"bu","09:16:30",105000
26150,-250,1200,"sd","09:16:35",110000
26200,-200,100,"bu","09:16:39",110100
26200,-200,10100,"bu","09:16:49",120200
26150,-250,500,"bu","09:17:05",120800
26150,-250,7100,"sd","09:17:12",127900
26200,-200,300,"bu","09:17:13",128200
26150,-250,1000,"bu","09:17:14",129200
26150,-250,6600,"bu","09:17:22",135800
26150,-250,500,"bu","09:17:27",136300
26200,-200,100,"bu","09:17:28",136400
26150,-250,5300,"sd","09:17:30",141700
26100,-300,4400,"sd","09:17:41",146100
26150,-250,100,"bu","09:17:50",146200
26100,-300,3900,"bu","09:17:51",150100
26100,-300,5000,"sd","09:18:01",155100
26100,-300,500,"sd","09:18:04",155600
26150,-250,100,"sd","09:18:13",155700
26150,-250,5100,"sd","09:18:31",160800
26150,-250,200,"bu","09:18:32",161000
26150,-250,9700,"bu","09:18:34",170700
26100,-300,100,"bu","09:18:41",170800
26100,-300,5000,"bu","09:18:44",175800
26150,-250,500,"bu","09:18:45",176300
26150,-250,400,"bu","09:18:51",176700
26100,-300,300,"bu","09:19:10",177000
26150,-250,2000,"bu","09:19:13",179000
26150,-250,700,"bu","09:19:27",179700
26150,-250,100,"sd","09:19:30",179800
26150,-250,500,"bu","09:19:34",180300
26150,-250,700,"sd","09:19:42",181000
26150,-250,1000,"bu","09:19:45",182000
26150,-250,400,"bu","09:19:51",182500
26150,-250,800,"sd","09:19:53",183300
26100,-300,3100,"sd","09:19:58",186400
26150,-250,6000,"bu","09:20:03",192400
26150,-250,100,"bu","09:20:08",192500
26100,-300,3000,"sd","09:20:11",195500
26100,-300,2500,"sd","09:20:15",198000
26150,-250,15000,"sd","09:20:20",213000
26150,-250,100,"bu","09:20:22",213100
26100,-300,3300,"bu","09:20:27",216400
26100,-300,4100,"sd","09:20:33",220500
26100,-300,4900,"sd","09:20:39",225400
26100,-300,2000,"bu","09:20:47",227400
26100,-300,2000,"bu","09:20:48",229400
26100,-300,100,"bu","09:20:52",229500
26150,-250,500,"sd","09:21:00",230000
26100,-300,21600,"bu","09:21:18",251600
26100,-300,5000,"sd","09:21:24",256600
26100,-300,2000,"sd","09:21:24",258600
26100,-300,500,"bu","09:21:29",259100
26100,-300,1000,"sd","09:21:30",260100
26100,-300,300,"sd","09:21:35",260400
26100,-300,2500,"bu","09:21:36",262900
26100,-300,1000,"bu","09:21:45",263900
26050,-350,3600,"bu","09:21:46",267500
26050,-350,400,"sd","09:22:15",269500
26050,-350,10000,"sd","09:22:16",279500
26050,-350,7000,"sd","09:22:21",286500
26050,-350,5000,"bu","09:22:27",291500
26100,-300,300,"bu","09:22:32",291800
26050,-350,3000,"bu","09:22:39",294800
26050,-350,1200,"sd","09:22:48",296000
26050,-350,5800,"sd","09:22:49",301800
26050,-350,18000,"bu","09:22:56",319800
26050,-350,3800,"bu","09:22:57",324800
26050,-350,1200,"bu","09:23:03",326000
26050,-350,10000,"sd","09:23:10",336000
26100,-300,500,"bu","09:23:13",336500
26050,-350,3000,"sd","09:23:16",339500
26100,-300,2000,"sd","09:23:17",341500
26100,-300,200,"bu","09:23:20",341700
26100,-300,5000,"bu","09:23:23",346700
26100,-300,1500,"bu","09:23:24",348200
26100,-300,5000,"sd","09:23:25",353200
26100,-300,10000,"sd","09:23:27",363200
26100,-300,3300,"sd","09:23:28",366500
26100,-300,200,"sd","09:23:28",366700
26100,-300,100,"bu","09:23:29",366800
26100,-300,2000,"bu","09:23:29",368800
26100,-300,500,"bu","09:23:30",369300
26100,-300,10400,"sd","09:23:34",379700
26100,-300,6600,"bu","09:23:42",386300
26100,-300,6100,"bu","09:23:42",392400
26050,-350,14300,"sd","09:23:47",406700
26150,-250,500,"sd","09:23:50",407200
26100,-300,800,"sd","09:23:52",408000
26100,-300,700,"sd","09:23:53",408700
26100,-300,100,"bu","09:23:55",408800
26100,-300,200,"sd","09:23:58",409000
26100,-300,1200,"sd","09:24:02",410200
26100,-300,100,"sd","09:24:02",410300
26100,-300,8400,"sd","09:24:14",418700
26100,-300,2400,"sd","09:24:18",422700
26100,-300,2000,"sd","09:24:26",424700
26100,-300,100,"sd","09:24:27",424800
26100,-300,1800,"bu","09:24:29",426600
26100,-300,800,"sd","09:24:32",427400
26100,-300,3100,"bu","09:24:32",430500
26100,-300,200,"bu","09:24:33",430700
26100,-300,300,"bu","09:24:34",431000
26100,-300,2200,"bu","09:24:39",433200
26100,-300,600,"sd","09:24:40",434200
26100,-300,3000,"sd","09:24:43",437200
26100,-300,100,"bu","09:24:44",437300
26100,-300,7000,"sd","09:24:47",444300
26100,-300,2000,"sd","09:24:48",446300
26100,-300,100,"bu","09:24:48",446400
26100,-300,600,"sd","09:24:51",447000
26050,-350,1000,"sd","09:24:52",448000
26100,-300,100,"bu","09:24:55",448100
26100,-300,2100,"bu","09:25:07",450200
26100,-300,1000,"bu","09:25:09",451200
26100,-300,500,"sd","09:25:10",451700
26100,-300,3000,"sd","09:25:12",454700
26050,-350,5000,"bu","09:25:13",459700
26100,-300,500,"bu","09:25:14",460200
26100,-300,100,"sd","09:25:15",460300
26100,-300,200,"sd","09:25:15",460500
26100,-300,1000,"sd","09:25:18",461500
26100,-300,500,"bu","09:25:19",462000
26050,-350,7500,"bu","09:25:23",469500
26100,-300,500,"bu","09:25:23",470000
26100,-300,1100,"sd","09:25:28",471100
26100,-300,5000,"bu","09:25:30",477700
26100,-300,100,"sd","09:25:32",477800
26100,-300,2000,"sd","09:25:33",479800
26100,-300,2000,"bu","09:25:33",481800
26100,-300,2300,"bu","09:25:35",484100
26100,-300,500,"bu","09:25:36",484600
26100,-300,1000,"bu","09:25:37",485600
26100,-300,500,"sd","09:25:38",486100
26100,-300,1000,"bu","09:25:39",487100
26100,-300,3500,"sd","09:25:40",490600
26100,-300,6300,"sd","09:25:45",500700
26100,-300,500,"bu","09:25:46",501200
26100,-300,1000,"sd","09:25:49",502200
26100,-300,100,"bu","09:25:50",502300
26100,-300,9100,"sd","09:25:59",511400
26150,-250,400,"sd","09:26:08",511800
26150,-250,100,"sd","09:26:12",511900
26150,-250,5000,"bu","09:26:20",516900
26100,-300,10000,"sd","09:26:22",526900
26150,-250,100,"sd","09:26:34",527000
26100,-300,7000,"bu","09:26:38",534000
26150,-250,100,"sd","09:26:39",534100
26100,-300,9000,"bu","09:26:49",543100
26100,-300,7000,"bu","09:26:55",550100
26100,-300,5000,"bu","09:26:57",555100
26150,-250,700,"bu","09:26:58",555800
26150,-250,1000,"bu","09:27:00",556800
26150,-250,1000,"bu","09:27:01",557800
26100,-300,200,"bu","09:27:02",558000
26100,-300,5000,"sd","09:27:05",563000
26150,-250,10200,"bu","09:27:17",573200
26150,-250,100,"bu","09:27:18",573300
26100,-300,3000,"bu","09:27:24",576300
26150,-250,200,"sd","09:27:25",576500
26150,-250,100,"sd","09:27:28",576600
26100,-300,1000,"bu","09:27:31",577600
26150,-250,1800,"sd","09:27:46",579400
26150,-250,200,"sd","09:27:50",579600
26150,-250,100,"bu","09:27:54",579700
26150,-250,3000,"sd","09:27:59",582700
26150,-250,600,"sd","09:28:00",584700
26150,-250,1000,"sd","09:28:07",585700
26150,-250,200,"bu","09:28:28",585900
26150,-250,1300,"sd","09:28:29",587200
26150,-250,100,"sd","09:28:45",587300
26150,-250,7000,"sd","09:28:47",594300
26150,-250,100,"sd","09:28:51",594400
26150,-250,900,"sd","09:29:03",595300
26150,-250,19100,"sd","09:29:03",614400
26150,-250,1000,"bu","09:29:07",615400
26150,-250,700,"sd","09:29:08",616100
26150,-250,11200,"sd","09:29:14",627300
26150,-250,1000,"bu","09:29:18",628300
26150,-250,100,"sd","09:29:31",628400
26150,-250,1000,"bu","09:29:51",629400
26200,-200,2000,"sd","09:30:06",631400
26150,-250,1000,"sd","09:30:10",632400
26150,-250,1500,"sd","09:30:34",633900
26200,-200,1000,"bu","09:30:45",634900
26150,-250,1300,"bu","09:30:59",636200
26150,-250,500,"sd","09:31:21",636700
26150,-250,200,"bu","09:31:28",636900
26150,-250,100,"sd","09:31:54",637000
26200,-200,10100,"sd","09:32:13",647100
26200,-200,100,"sd","09:32:19",647200
26200,-200,13500,"bu","09:32:20",660700
26250,-150,200,"sd","09:32:36",660900
26250,-150,1100,"bu","09:32:55",662000
26250,-150,1000,"sd","09:33:24",663000
26250,-150,1000,"sd","09:33:41",664000
26250,-150,600,"sd","09:33:46",664600
26250,-150,15400,"sd","09:34:02",680000
26300,-100,1000,"bu","09:34:26",681000
26300,-100,4000,"bu","09:34:29",685000
26300,-100,1000,"bu","09:34:43",686000
26250,-150,600,"sd","09:34:49",686600
26250,-150,5000,"bu","09:34:57",691600
26250,-150,5000,"sd","09:35:01",696600
26250,-150,4100,"bu","09:35:02",700700
26250,-150,12800,"bu","09:35:11",713500
26250,-150,100,"bu","09:35:12",713600
26250,-150,500,"sd","09:35:32",714100
26250,-150,100,"bu","09:35:37",714200
26200,-200,5000,"sd","09:35:51",719200
26200,-200,14800,"bu","09:36:16",734000
26200,-200,1300,"sd","09:36:18",735300
26200,-200,500,"sd","09:36:22",735800
26200,-200,4000,"sd","09:36:25",739800
26200,-200,500,"sd","09:36:27",740300
26200,-200,1000,"sd","09:36:43",741300
26200,-200,1600,"bu","09:36:44",742900
26200,-200,2000,"sd","09:36:52",744900
26200,-200,100,"bu","09:36:53",745700
26200,-200,400,"bu","09:36:55",746100
26200,-200,600,"sd","09:37:07",746700
26200,-200,2000,"bu","09:37:40",748700
26200,-200,2900,"sd","09:37:49",751600
26200,-200,500,"sd","09:38:06",752100
26200,-200,100,"sd","09:38:07",752200
26150,-250,5000,"sd","09:38:45",757200
26150,-250,2400,"sd","09:38:56",759600
26150,-250,4000,"sd","09:39:19",763600
26200,-200,100,"sd","09:39:25",763700
26200,-200,3000,"bu","09:39:40",766700
26200,-200,800,"bu","09:40:04",767500
26200,-200,4800,"sd","09:40:08",772300
26200,-200,100,"bu","09:40:13",772400
26150,-250,5200,"sd","09:40:41",777600
26200,-200,300,"sd","09:40:42",777900
26200,-200,100,"bu","09:40:48",778000
26150,-250,5000,"bu","09:40:59",783000
26200,-200,200,"sd","09:41:13",783200
26200,-200,1000,"bu","09:41:35",784200
26200,-200,2100,"sd","09:41:44",786300
26200,-200,100,"bu","09:42:28",786400
26200,-200,2000,"bu","09:42:54",788400
26200,-200,100,"bu","09:42:59",788500
26200,-200,2100,"bu","09:43:33",790600
26200,-200,300,"sd","09:43:45",790900
26150,-250,1200,"sd","09:43:56",792100
26150,-250,3800,"bu","09:43:56",795900
26150,-250,300,"sd","09:44:00",796200
26200,-200,100,"sd","09:44:02",796300
26200,-200,500,"sd","09:44:42",796800
26200,-200,200,"bu","09:44:55",797000
26150,-250,400,"sd","09:45:22",797400
26150,-250,100,"sd","09:46:05",797500
26150,-250,200,"bu","09:46:26",797700
26150,-250,5000,"bu","09:46:50",802700
26150,-250,1500,"bu","09:46:51",804200
26150,-250,10000,"sd","09:47:01",814200
26150,-250,200,"bu","09:47:02",814400
26150,-250,5100,"bu","09:47:11",819500
26150,-250,4200,"sd","09:47:13",823700
26200,-200,2400,"bu","09:47:36",826100
26200,-200,100,"sd","09:47:44",826200
26200,-200,300,"sd","09:48:21",826500
26200,-200,100,"sd","09:48:33",826600
26150,-250,1000,"sd","09:48:42",827600
26150,-250,500,"bu","09:49:07",828100
26200,-200,100,"sd","09:49:18",828200
26200,-200,200,"sd","09:49:35",828400
26200,-200,500,"sd","09:49:36",828900
26150,-250,1000,"sd","09:50:04",829900
26200,-200,1100,"sd","09:50:06",831000
26200,-200,800,"bu","09:50:07",831800
26150,-250,3500,"bu","09:50:10",835300
26200,-200,1300,"sd","09:50:46",836600
26200,-200,1200,"sd","09:50:57",837800
26200,-200,6100,"sd","09:51:31",843900
26200,-200,500,"sd","09:51:35",844400
26200,-200,200,"bu","09:52:09",844600
26200,-200,100,"bu","09:52:27",844700
26200,-200,500,"bu","09:52:29",845200
26200,-200,200,"bu","09:52:35",845400
26200,-200,300,"sd","09:54:22",845700
26200,-200,2600,"bu","09:54:49",848300
26200,-200,3000,"sd","09:54:50",851300
26200,-200,200,"bu","09:55:08",851500
26200,-200,3200,"sd","09:55:59",854700
26200,-200,100,"bu","09:56:03",854800
26200,-200,500,"sd","09:56:19",855300
26200,-200,200,"bu","09:56:24",855500
26200,-200,500,"sd","09:56:39",856000
26200,-200,100,"sd","09:56:47",856100
26200,-200,2000,"sd","09:56:50",858100
26200,-200,300,"bu","09:56:55",858400
26200,-200,1000,"bu","09:56:56",859400
26150,-250,800,"sd","09:57:00",860200
26150,-250,400,"sd","09:57:04",860600
26200,-200,500,"bu","09:57:09",861100
26200,-200,500,"bu","09:58:07",861600
26150,-250,50000,"sd","09:58:09",911600
26150,-250,500,"sd","09:58:29",912100
26150,-250,3000,"sd","09:58:37",915100
26150,-250,1100,"bu","09:58:43",916200
26150,-250,400,"bu","09:58:51",916600
26150,-250,500,"bu","09:58:59",917100
26150,-250,200,"bu","09:59:09",917300
26150,-250,300,"bu","09:59:11",917600
26150,-250,100,"sd","09:59:16",917700
26150,-250,600,"bu","09:59:17",918300
26150,-250,100,"sd","09:59:25",918400
26150,-250,200,"sd","09:59:36",918600
26150,-250,3000,"sd","09:59:38",921600
26150,-250,300,"bu","09:59:42",921900
26150,-250,700,"sd","09:59:48",922600
26150,-250,200,"bu","09:59:52",922800
26150,-250,100,"sd","10:00:00",922900
26150,-250,400,"bu","10:00:40",923300
26150,-250,700,"sd","10:00:43",924000
26150,-250,2000,"bu","10:00:51",926000
26150,-250,200,"bu","10:01:00",926200
26150,-250,1800,"sd","10:01:09",928000
26150,-250,200,"sd","10:01:10",928200
26150,-250,1000,"bu","10:01:27",929200
26150,-250,200,"sd","10:01:28",929400
26150,-250,500,"sd","10:01:41",929900
26150,-250,200,"bu","10:01:46",930100
26150,-250,300,"sd","10:01:59",930400
26150,-250,10000,"sd","10:01:59",940400
26150,-250,9700,"bu","10:02:04",950100
26150,-250,1400,"bu","10:02:18",951500
26150,-250,600,"bu","10:02:48",952100
26150,-250,200,"sd","10:02:54",952300
26150,-250,1000,"sd","10:02:55",953300
26150,-250,300,"bu","10:02:59",953600
26150,-250,100,"bu","10:03:02",953700
26150,-250,300,"sd","10:03:07",954000
26100,-300,300,"bu","10:03:11",954300
26150,-250,1000,"bu","10:03:23",955300
26150,-250,200,"bu","10:03:23",955500
26150,-250,200,"bu","10:03:27",955700
26150,-250,300,"sd","10:03:31",956000
26150,-250,200,"bu","10:04:15",956200
26150,-250,2000,"sd","10:05:09",958200
26150,-250,500,"sd","10:05:19",958700
26150,-250,2000,"sd","10:05:24",960700
26150,-250,1000,"bu","10:05:48",961700
26150,-250,500,"sd","10:05:56",962200
26150,-250,2000,"bu","10:05:58",964200
26150,-250,1000,"sd","10:06:27",965200
26200,-200,200,"bu","10:06:36",965400
26200,-200,100,"sd","10:06:46",965500
26200,-200,800,"bu","10:06:48",966300
26200,-200,100,"sd","10:07:14",966400
26200,-200,15000,"bu","10:07:36",981400
26150,-250,300,"sd","10:07:48",981700
26200,-200,15000,"sd","10:07:53",996700
26200,-200,14300,"sd","10:07:58",1011000
26200,-200,1400,"bu","10:08:34",1012400
26200,-200,200,"sd","10:08:39",1012600
26250,-150,3000,"bu","10:08:43",1015600
26250,-150,2000,"sd","10:08:52",1017600
26250,-150,300,"bu","10:09:13",1017900
26200,-200,2100,"sd","10:10:27",1020000
26250,-150,700,"bu","10:10:45",1020700
26250,-150,1400,"sd","10:10:47",1022100
26250,-150,100,"bu","10:11:08",1022200
26250,-150,3200,"sd","10:11:36",1025400
26200,-200,600,"bu","10:12:21",1026000
26250,-150,100,"sd","10:12:28",1026100
26250,-150,10000,"sd","10:12:30",1036100
26250,-150,300,"bu","10:12:48",1036400
26250,-150,2000,"bu","10:12:56",1038400
26200,-200,5000,"sd","10:13:12",1043400
26200,-200,600,"sd","10:13:16",1044000
26200,-200,2000,"bu","10:13:17",1046000
26200,-200,10000,"sd","10:13:20",1056000
26200,-200,3000,"sd","10:13:25",1059000
26200,-200,1000,"sd","10:13:38",1060000
26200,-200,2000,"sd","10:14:07",1062000
26250,-150,100,"sd","10:14:11",1062100
26200,-200,1500,"bu","10:14:27",1063600
26200,-200,1600,"bu","10:15:10",1065200
26200,-200,200,"bu","10:15:14",1065400
26200,-200,800,"bu","10:15:21",1066200
26200,-200,2000,"sd","10:15:36",1068200
26200,-200,500,"sd","10:15:40",1068700
26200,-200,1400,"sd","10:15:50",1070100
26200,-200,10000,"sd","10:15:59",1080100
26200,-200,7500,"sd","10:16:03",1087600
26200,-200,3400,"bu","10:16:23",1091000
26200,-200,12000,"sd","10:16:24",1103000
26200,-200,700,"sd","10:16:28",1103700
26200,-200,100,"bu","10:17:20",1103800
26200,-200,800,"sd","10:17:42",1104600
26200,-200,200,"bu","10:17:54",1104800
26150,-250,4000,"sd","10:18:21",1108800
26150,-250,1000,"bu","10:19:31",1109800
26200,-200,3000,"sd","10:19:41",1112800
26200,-200,2500,"bu","10:20:36",1115300
26150,-250,100,"bu","10:20:37",1115400
26150,-250,1200,"sd","10:21:50",1116600
26200,-200,500,"sd","10:22:04",1117100
26200,-200,3900,"sd","10:22:23",1121000
26200,-200,500,"bu","10:22:26",1121500
26200,-200,100,"sd","10:22:51",1121600
26200,-200,500,"bu","10:23:09",1122100
26200,-200,200,"bu","10:23:22",1122300
26200,-200,500,"bu","10:23:28",1122800
26150,-250,1000,"sd","10:23:46",1123800
26150,-250,100,"bu","10:24:44",1123900
26150,-250,15000,"sd","10:25:12",1138900
26150,-250,6000,"bu","10:25:41",1144900
26150,-250,1600,"sd","10:26:30",1146500
26150,-250,700,"bu","10:26:38",1147200
26200,-200,2000,"bu","10:27:42",1149200
26200,-200,16000,"sd","10:27:52",1165200
26200,-200,5100,"sd","10:28:07",1170300
26200,-200,1100,"sd","10:28:50",1171400
26200,-200,300,"sd","10:29:02",1171700
26200,-200,100,"bu","10:29:05",1171800
26200,-200,5000,"sd","10:29:19",1176800
26200,-200,500,"sd","10:29:21",1177300
26200,-200,1100,"bu","10:29:24",1178400
26150,-250,200,"sd","10:29:28",1178600
26200,-200,1000,"bu","10:29:29",1179600
26200,-200,3500,"bu","10:29:32",1183100
26200,-200,100,"sd","10:29:57",1183200
26200,-200,400,"bu","10:31:05",1183600
26200,-200,500,"bu","10:31:18",1184100
26200,-200,100,"bu","10:31:32",1184200
26200,-200,3700,"bu","10:32:18",1187900
26150,-250,500,"sd","10:35:10",1188800
26150,-250,1000,"sd","10:35:19",1189800
26150,-250,21000,"bu","10:35:32",1210800
26200,-200,400,"bu","10:35:50",1211200
26200,-200,100,"bu","10:36:14",1211300
26200,-200,500,"bu","10:36:28",1211800
26150,-250,300,"bu","10:37:02",1212100
26150,-250,3000,"sd","10:37:07",1215100
26150,-250,1000,"bu","10:37:13",1216100
26150,-250,2500,"bu","10:37:44",1218600
26200,-200,200,"sd","10:38:36",1218800
26150,-250,3000,"sd","10:38:47",1221800
26150,-250,8000,"bu","10:39:43",1229800
26150,-250,100,"sd","10:39:55",1229900
26200,-200,3000,"sd","10:40:12",1232900
26200,-200,500,"bu","10:40:33",1233400
26150,-250,100,"sd","10:40:38",1233500
26200,-200,1200,"bu","10:41:33",1234700
26150,-250,1100,"bu","10:42:36",1235800
26200,-200,5600,"sd","10:43:11",1241400
26150,-250,500,"bu","10:43:18",1241900
26200,-200,500,"sd","10:43:24",1242400
26200,-200,3600,"sd","10:43:37",1246000
26200,-200,1000,"sd","10:44:12",1247000
26200,-200,6700,"sd","10:44:13",1253700
26200,-200,300,"sd","10:44:18",1254000
26200,-200,8900,"sd","10:45:04",1262900
26200,-200,1000,"bu","10:45:15",1263900
26250,-150,100,"bu","10:45:43",1264000
26200,-200,300,"bu","10:45:53",1264300
26200,-200,300,"sd","10:46:04",1264600
26200,-200,1600,"bu","10:46:12",1266200
26150,-250,1400,"sd","10:46:14",1267600
26200,-200,500,"bu","10:46:17",1268100
26200,-200,3000,"sd","10:46:19",1271100
26200,-200,6100,"sd","10:46:21",1277200
26250,-150,400,"bu","10:46:54",1277600
26250,-150,700,"bu","10:46:55",1278300
26250,-150,300,"sd","10:47:01",1278600
26200,-200,1000,"bu","10:47:08",1279600
26250,-150,200,"bu","10:47:23",1279800
26200,-200,1000,"bu","10:47:24",1280800
26200,-200,400,"bu","10:47:45",1281200
26250,-150,1000,"bu","10:48:02",1282200
26250,-150,5000,"sd","10:48:12",1287200
26250,-150,10000,"sd","10:48:18",1297200
26250,-150,200,"sd","10:48:28",1297400
26250,-150,300,"bu","10:48:35",1297700
26250,-150,100,"sd","10:48:41",1297800
26250,-150,1500,"bu","10:48:45",1299300
26300,-100,1000,"bu","10:49:17",1300300
26300,-100,500,"bu","10:49:31",1300800
26300,-100,100,"bu","10:49:33",1300900
26300,-100,500,"bu","10:49:38",1301400
26300,-100,12600,"bu","10:49:39",1314000
26300,-100,900,"sd","10:49:45",1314900
26300,-100,200,"sd","10:50:02",1315100
26300,-100,1000,"sd","10:50:05",1316100
26300,-100,1000,"sd","10:50:07",1317100
26300,-100,7000,"bu","10:50:25",1324100
26300,-100,2200,"bu","10:50:26",1326300
26300,-100,100,"sd","10:50:27",1326400
26300,-100,900,"sd","10:50:42",1327300
26300,-100,100,"bu","10:50:43",1327400
26300,-100,1000,"sd","10:51:33",1328400
26300,-100,500,"sd","10:51:40",1328900
26300,-100,100,"sd","10:51:48",1329000
26300,-100,5000,"sd","10:52:05",1334000
26300,-100,7000,"bu","10:52:18",1341000
26300,-100,5000,"sd","10:52:23",1346000
26300,-100,500,"bu","10:52:37",1346500
26300,-100,200,"bu","10:52:43",1346700
26350,-50,700,"sd","10:53:00",1347400
26300,-100,100,"sd","10:53:05",1347500
26300,-100,2000,"bu","10:53:08",1349500
26350,-50,4400,"sd","10:53:13",1353900
26300,-100,1000,"sd","10:53:23",1354900
26300,-100,3000,"sd","10:53:48",1357900
26300,-100,3000,"bu","10:54:00",1360900
26300,-100,5000,"bu","10:54:10",1365900
26300,-100,12400,"bu","10:54:12",1378300
26300,-100,2000,"bu","10:54:22",1380300
26300,-100,500,"bu","10:54:30",1380800
26300,-100,1200,"sd","10:55:07",1382000
26250,-150,500,"bu","10:55:39",1382500
26250,-150,2000,"bu","10:55:44",1384500
26300,-100,5500,"sd","10:56:08",1390000
26300,-100,100,"bu","10:56:20",1390100
26250,-150,1000,"bu","10:57:02",1391100
26250,-150,100,"bu","10:57:05",1391200
26300,-100,600,"sd","10:57:27",1391800
26250,-150,100,"bu","10:57:35",1391900
26250,-150,2000,"sd","10:57:44",1393900
26250,-150,14000,"sd","10:58:34",1407900
26250,-150,1000,"bu","10:58:59",1408900
26250,-150,200,"bu","10:59:01",1409100
26250,-150,400,"bu","10:59:06",1409500
26250,-150,1000,"bu","10:59:09",1410500
26250,-150,1100,"bu","10:59:13",1411600
26250,-150,100,"bu","10:59:36",1411700
26250,-150,5400,"bu","10:59:41",1417100
26250,-150,2000,"sd","11:00:01",1419100
26300,-100,1000,"bu","11:00:18",1420100
26250,-150,5000,"bu","11:01:25",1425100
26250,-150,700,"bu","11:01:41",1425800
26250,-150,1000,"sd","11:02:00",1426800
26250,-150,1000,"sd","11:02:07",1427800
26250,-150,700,"bu","11:03:07",1428500
26250,-150,2000,"bu","11:03:42",1430500
26250,-150,4400,"bu","11:04:20",1434900
26250,-150,2500,"bu","11:04:46",1437400
26250,-150,200,"bu","11:05:22",1437600
26250,-150,500,"sd","11:05:43",1438100
26250,-150,4000,"sd","11:06:39",1442100
26200,-200,2000,"sd","11:08:10",1444100
26250,-150,100,"bu","11:08:13",1444200
26250,-150,300,"sd","11:08:46",1444500
26250,-150,3900,"sd","11:08:56",1448400
26200,-200,500,"sd","11:09:19",1448900
26200,-200,1200,"sd","11:09:30",1450100
26250,-150,400,"bu","11:09:45",1450500
26250,-150,1000,"bu","11:09:54",1451500
26250,-150,3000,"sd","11:10:48",1454500
26200,-200,100,"sd","11:11:33",1454600
26250,-150,4100,"bu","11:11:55",1458700
26250,-150,100,"bu","11:12:02",1458800
26200,-200,2400,"sd","11:12:50",1461200
26250,-150,100,"sd","11:13:00",1461300
26250,-150,800,"bu","11:14:04",1462100
26250,-150,100,"bu","11:14:26",1462200
26250,-150,2100,"bu","11:15:00",1464300
26200,-200,1500,"sd","11:15:01",1465800
26250,-150,1100,"sd","11:15:48",1466900
26250,-150,1000,"bu","11:17:01",1467900
26250,-150,400,"sd","11:17:50",1468300
26200,-200,4900,"sd","11:17:52",1473200
26200,-200,100,"sd","11:18:34",1473300
26200,-200,500,"bu","11:20:04",1473800
26200,-200,2000,"sd","11:20:57",1475800
26200,-200,30000,"bu","11:21:12",1505800
26200,-200,20000,"sd","11:21:17",1525800
26200,-200,200,"sd","11:21:19",1526000
26200,-200,3000,"bu","11:21:23",1529000
26200,-200,100,"sd","11:21:27",1529100
26200,-200,5000,"sd","11:22:03",1534100
26200,-200,500,"sd","11:22:20",1534600
26200,-200,100,"bu","11:22:24",1534700
26200,-200,2200,"sd","11:24:03",1536900
26200,-200,8000,"bu","11:24:31",1544900
26200,-200,600,"sd","11:25:08",1546000
26200,-200,200,"sd","11:25:15",1546200
26200,-200,300,"bu","11:25:18",1546500
26200,-200,100,"bu","11:25:25",1546600
26200,-200,1000,"bu","11:25:28",1547600
26250,-150,100,"sd","11:26:00",1547700
26200,-200,1100,"bu","11:26:04",1548800
26200,-200,100,"sd","11:26:18",1548900
26200,-200,1000,"sd","11:26:23",1549900
26200,-200,200,"sd","11:26:27",1550100
26200,-200,1700,"sd","11:27:42",1551800
26200,-200,1000,"sd","11:28:04",1552800
26200,-200,600,"sd","11:28:13",1553400
26200,-200,1800,"bu","11:28:35",1555200
26200,-200,200,"sd","11:28:41",1555400
26200,-200,500,"bu","11:29:13",1555900
26200,-200,400,"bu","11:29:18",1556300
26200,-200,1000,"sd","11:29:35",1557300
26150,-250,60000,"sd","11:29:36",1617300
26150,-250,2000,"bu","11:29:43",1619300
26150,-250,2600,"sd","11:30:02",1621900
26150,-250,600,"bu","13:00:18",1622500
26150,-250,500,"bu","13:00:20",1623000
26150,-250,14000,"bu","13:00:23",1637000
26150,-250,100,"bu","13:00:28",1637100
26200,-200,14700,"sd","13:00:31",1651800
26200,-200,800,"bu","13:00:32",1652600
26200,-200,100,"sd","13:00:33",1652700
26200,-200,400,"sd","13:00:34",1653100
26200,-200,3500,"bu","13:00:36",1656600
26200,-200,900,"bu","13:00:38",1657500
26200,-200,500,"sd","13:00:42",1658000
26200,-200,200,"bu","13:00:43",1658200
26200,-200,8600,"bu","13:00:48",1666800
26200,-200,2000,"sd","13:00:49",1668800
26150,-250,500,"bu","13:01:04",1669300
26150,-250,17000,"sd","13:01:18",1686300
26150,-250,4000,"sd","13:01:28",1690300
26150,-250,15000,"bu","13:01:35",1705300
26150,-250,2100,"bu","13:01:36",1707400
26150,-250,5700,"bu","13:01:39",1713100
26150,-250,200,"sd","13:01:40",1713300
26150,-250,11000,"sd","13:01:50",1724300
26150,-250,1000,"sd","13:02:02",1725300
26150,-250,2200,"sd","13:02:03",1727500
26150,-250,15000,"sd","13:02:06",1742500
26150,-250,5000,"bu","13:02:11",1747500
26150,-250,19000,"bu","13:02:18",1766500
26150,-250,400,"sd","13:02:20",1766900
26150,-250,2400,"sd","13:02:30",1769300
26150,-250,1300,"sd","13:02:37",1770600
26150,-250,10200,"bu","13:02:45",1780800
26150,-250,100,"sd","13:02:59",1780900
26200,-200,1000,"sd","13:03:08",1781900
26200,-200,2200,"bu","13:03:15",1784100
26200,-200,100,"sd","13:03:48",1784200
26150,-250,1000,"sd","13:03:58",1785200
26200,-200,300,"bu","13:04:11",1785500
26200,-200,100,"bu","13:04:23",1785600
26200,-200,200,"bu","13:04:24",1785800
26150,-250,1000,"sd","13:04:34",1786800
26150,-250,9100,"sd","13:04:54",1795900
26200,-200,100,"bu","13:05:04",1796000
26200,-200,200,"bu","13:05:12",1796200
26150,-250,2000,"bu","13:05:15",1798200
26150,-250,16400,"sd","13:05:45",1814600
26150,-250,500,"sd","13:05:48",1815100
26150,-250,11000,"bu","13:05:54",1826100
26150,-250,100,"sd","13:05:56",1826200
26150,-250,4200,"bu","13:06:00",1830400
26150,-250,25800,"bu","13:06:01",1856200
26150,-250,3000,"bu","13:06:03",1859200
26150,-250,500,"sd","13:06:06",1859700
26150,-250,400,"sd","13:06:08",1860100
26150,-250,1800,"bu","13:06:11",1861900
26150,-250,100,"bu","13:06:15",1862000
26150,-250,5900,"bu","13:06:46",1867900
26150,-250,8800,"bu","13:06:51",1876700
26150,-250,700,"sd","13:06:54",1877400
26150,-250,200,"sd","13:07:06",1877600
26150,-250,600,"bu","13:07:07",1878200
26150,-250,100,"sd","13:07:27",1878300
26150,-250,1500,"bu","13:07:36",1879800
26150,-250,900,"bu","13:07:40",1880700
26150,-250,5000,"sd","13:07:45",1885700
26150,-250,100,"bu","13:07:48",1885800
26150,-250,200,"sd","13:08:00",1886000
26150,-250,100,"bu","13:08:09",1886100
26150,-250,1000,"sd","13:08:19",1887100
26100,-300,1000,"bu","13:08:21",1888100
26150,-250,1000,"sd","13:08:25",1889100
26100,-300,200,"bu","13:08:31",1889300
26150,-250,100,"bu","13:08:36",1889400
26150,-250,2000,"bu","13:08:45",1891400
26150,-250,200,"sd","13:08:46",1891600
26150,-250,5000,"bu","13:08:50",1896600
26150,-250,200,"bu","13:08:56",1896800
26100,-300,300,"bu","13:09:07",1897100
26150,-250,3100,"bu","13:09:59",1900200
26150,-250,200,"bu","13:10:01",1900400
26150,-250,3400,"sd","13:10:52",1903800
26150,-250,200,"bu","13:11:00",1904000
26150,-250,5000,"bu","13:11:10",1909000
26150,-250,100,"bu","13:11:23",1909100
26150,-250,300,"bu","13:11:29",1909400
26150,-250,100,"bu","13:11:57",1909500
26150,-250,6100,"sd","13:12:08",1915600
26100,-300,500,"bu","13:12:14",1916100
26100,-300,1200,"sd","13:12:34",1917300
26150,-250,300,"bu","13:12:38",1917600
26150,-250,500,"bu","13:13:03",1918100
26100,-300,1300,"bu","13:13:17",1919400
26150,-250,300,"bu","13:13:23",1919700
26150,-250,1000,"sd","13:13:24",1920700
26150,-250,100,"bu","13:13:54",1920800
26150,-250,600,"bu","13:14:30",1921400
26150,-250,1000,"bu","13:14:34",1922400
26150,-250,4100,"bu","13:14:43",1926500
26100,-300,1000,"sd","13:15:04",1927500
26150,-250,100,"bu","13:15:11",1927600
26150,-250,2300,"sd","13:15:23",1929900
26100,-300,3500,"sd","13:15:25",1933400
26150,-250,500,"bu","13:15:39",1933900
26150,-250,1400,"sd","13:15:59",1935300
26150,-250,600,"bu","13:16:24",1935900
26150,-250,1000,"bu","13:16:27",1936900
26100,-300,7000,"sd","13:16:28",1943900
26100,-300,1000,"bu","13:16:45",1944900
26100,-300,1200,"sd","13:17:23",1946100
26100,-300,100,"bu","13:17:27",1946200
26150,-250,300,"bu","13:17:31",1946500
26150,-250,1000,"bu","13:17:42",1947500
26100,-300,18000,"sd","13:17:48",1965500
26150,-250,200,"bu","13:17:49",1965700
26150,-250,100,"sd","13:17:54",1965800
26150,-250,1000,"bu","13:17:57",1966800
26150,-250,500,"sd","13:18:00",1967300
26150,-250,100,"bu","13:18:04",1967400
26100,-300,13000,"bu","13:18:05",1980400
26100,-300,17000,"sd","13:18:15",1997400
26150,-250,2000,"sd","13:18:18",1999400
26100,-300,12000,"bu","13:18:31",2011400
26150,-250,3800,"sd","13:18:32",2015200
26100,-300,10000,"bu","13:18:41",2025200
26150,-250,1000,"bu","13:18:43",2026200
26150,-250,2500,"sd","13:18:44",2028700
26150,-250,1000,"bu","13:18:47",2029700
26150,-250,1800,"bu","13:18:49",2031500
26150,-250,500,"bu","13:18:50",2032000
26150,-250,10000,"sd","13:18:52",2042000
26100,-300,14000,"bu","13:18:55",2056000
26150,-250,2800,"bu","13:18:56",2058800
26150,-250,1100,"bu","13:18:58",2059900
26150,-250,3000,"sd","13:18:59",2062900
26150,-250,100,"sd","13:19:00",2063000
26100,-300,4200,"sd","13:19:01",2067200
26100,-300,800,"bu","13:19:02",2068000
26100,-300,3000,"bu","13:19:07",2071000
26150,-250,4000,"bu","13:19:09",2075000
26150,-250,1000,"sd","13:19:11",2076000
26100,-300,10100,"sd","13:19:12",2086100
26100,-300,23000,"bu","13:19:18",2109100
26100,-300,5100,"sd","13:19:22",2114200
26150,-250,18600,"bu","13:19:26",2132800
26100,-300,3000,"bu","13:19:27",2135800
26150,-250,6000,"sd","13:19:37",2141800
26100,-300,600,"sd","13:19:43",2142400
26150,-250,1000,"bu","13:19:45",2143400
26150,-250,500,"bu","13:19:47",2143900
26150,-250,800,"bu","13:19:49",2144700
26100,-300,5000,"sd","13:19:54",2149700
26100,-300,5000,"bu","13:19:58",2154700
26150,-250,1000,"sd","13:20:05",2155700
26150,-250,6000,"bu","13:20:11",2161700
26150,-250,100,"bu","13:20:14",2161800
26150,-250,2000,"bu","13:20:23",2163800
26150,-250,5000,"bu","13:20:28",2168800
26100,-300,5000,"sd","13:20:30",2173800
26100,-300,3000,"sd","13:20:35",2176800
26150,-250,2000,"bu","13:20:36",2178800
26150,-250,500,"sd","13:20:47",2179300
26150,-250,5000,"bu","13:20:51",2184300
26150,-250,200,"sd","13:20:53",2184500
26150,-250,10100,"bu","13:20:55",2194600
26150,-250,3000,"sd","13:20:56",2197600
26100,-300,1000,"bu","13:21:00",2198600
26100,-300,6000,"bu","13:21:01",2204600
26150,-250,900,"sd","13:21:05",2205500
26100,-300,5000,"bu","13:21:06",2210500
26100,-300,600,"sd","13:21:09",2211100
26150,-250,7400,"bu","13:21:10",2218500
26100,-300,3800,"bu","13:21:12",2222300
26150,-250,10000,"bu","13:21:13",2232300
26150,-250,700,"sd","13:21:17",2233000
26150,-250,2400,"sd","13:21:18",2235400
26150,-250,2000,"sd","13:21:19",2237400
26150,-250,400,"sd","13:21:20",2237800
26150,-250,3000,"bu","13:21:24",2240800
26150,-250,1000,"sd","13:21:27",2241800
26150,-250,5000,"sd","13:21:32",2246800
26150,-250,500,"bu","13:21:33",2247300
26150,-250,9000,"sd","13:21:42",2256300
26150,-250,2500,"sd","13:21:43",2258800
26150,-250,11000,"bu","13:21:45",2269800
26150,-250,500,"sd","13:21:49",2270300
26150,-250,1000,"sd","13:21:50",2271300
26150,-250,2500,"sd","13:21:51",2273800
26150,-250,2000,"sd","13:21:53",2275800
26150,-250,200,"sd","13:21:54",2276000
26150,-250,22300,"sd","13:22:00",2298300
26150,-250,300,"sd","13:22:05",2298600
26150,-250,25000,"bu","13:22:06",2323600
26150,-250,5000,"bu","13:22:07",2328600
26150,-250,2000,"bu","13:22:09",2330600
26150,-250,800,"bu","13:22:16",2331400
26150,-250,100,"sd","13:22:17",2331500
26150,-250,1000,"bu","13:22:19",2332500
26150,-250,2200,"sd","13:22:21",2334700
26200,-200,600,"sd","13:22:22",2335300
26200,-200,2000,"bu","13:22:26",2337300
26200,-200,1000,"sd","13:22:36",2338300
26200,-200,200,"sd","13:22:46",2338500
26200,-200,1000,"bu","13:22:49",2339500
26200,-200,100,"sd","13:22:53",2339600
26150,-250,5800,"sd","13:23:07",2345400
26200,-200,100,"bu","13:23:09",2345500
26200,-200,6500,"sd","13:23:13",2352000
26200,-200,100,"sd","13:23:16",2352100
26200,-200,2000,"sd","13:23:18",2354100
26200,-200,4000,"bu","13:23:22",2358100
26200,-200,1500,"bu","13:23:24",2359600
26200,-200,2000,"bu","13:23:27",2361600
26200,-200,6500,"sd","13:23:33",2368100
26200,-200,2000,"sd","13:23:37",2370100
26200,-200,100,"sd","13:23:40",2370200
26200,-200,1100,"sd","13:23:44",2371300
26200,-200,6100,"sd","13:23:57",2377400
26200,-200,500,"bu","13:23:59",2377900
26200,-200,5000,"bu","13:24:02",2382900
26200,-200,1400,"sd","13:24:06",2384300
26200,-200,2100,"bu","13:24:07",2386400
26200,-200,200,"bu","13:24:08",2386600
26200,-200,600,"sd","13:24:09",2387200
26200,-200,100,"sd","13:24:11",2387300
26200,-200,200,"sd","13:24:12",2387500
26200,-200,3100,"sd","13:24:14",2390600
26200,-200,100,"bu","13:24:15",2390700
26200,-200,19200,"bu","13:24:18",2409900
26200,-200,15000,"sd","13:24:43",2424900
26200,-200,10800,"sd","13:24:49",2435700
26200,-200,500,"sd","13:24:53",2436200
26200,-200,900,"bu","13:24:54",2437100
26200,-200,18100,"sd","13:25:13",2455200
26200,-200,1500,"sd","13:25:17",2456700
26200,-200,1200,"bu","13:25:18",2457900
26200,-200,2600,"sd","13:25:20",2460500
26200,-200,5200,"sd","13:25:23",2465700
26200,-200,1000,"sd","13:25:24",2466700
26200,-200,500,"bu","13:25:28",2467200
26200,-200,100,"sd","13:25:29",2467300
26200,-200,2000,"bu","13:25:31",2469300
26200,-200,5100,"sd","13:25:33",2474400
26200,-200,2000,"sd","13:25:34",2476400
26200,-200,1000,"bu","13:25:35",2477400
26200,-200,200,"sd","13:25:36",2477600
26200,-200,900,"sd","13:25:38",2478500
26200,-200,2000,"sd","13:25:40",2480500
26200,-200,10100,"bu","13:25:42",2490600
26200,-200,5100,"sd","13:25:45",2495700
26200,-200,3000,"bu","13:25:47",2498700
26200,-200,1200,"bu","13:25:48",2499900
26200,-200,700,"sd","13:25:49",2500600
26200,-200,500,"sd","13:25:50",2501100
26200,-200,300,"sd","13:25:54",2501400
26200,-200,2400,"sd","13:25:55",2503800
26200,-200,2000,"bu","13:26:00",2505800
26250,-150,2000,"bu","13:26:01",2507800
26250,-150,100,"bu","13:26:02",2507900
26200,-200,3000,"sd","13:26:06",2510900
26250,-150,5000,"bu","13:26:16",2515900
26250,-150,100,"sd","13:26:26",2516000
26250,-150,2100,"sd","13:26:36",2518100
26250,-150,5000,"sd","13:26:45",2523100
26250,-150,400,"bu","13:26:51",2523500
26250,-150,100,"sd","13:26:56",2523600
26250,-150,5000,"bu","13:26:57",2528600
26250,-150,2800,"sd","13:27:01",2531400
26250,-150,2700,"bu","13:27:05",2534100
26250,-150,1400,"sd","13:27:06",2535500
26250,-150,5500,"sd","13:27:10",2541000
26250,-150,100,"sd","13:27:14",2541100
26250,-150,500,"bu","13:27:16",2541600
26250,-150,200,"sd","13:27:17",2541800
26250,-150,100,"bu","13:27:42",2541900
26250,-150,5600,"bu","13:27:43",2547500
26250,-150,500,"sd","13:27:50",2548000
26250,-150,400,"bu","13:27:57",2548400
26250,-150,200,"sd","13:28:02",2548600
26250,-150,100,"bu","13:28:17",2548700
26250,-150,10000,"sd","13:28:22",2558700
26250,-150,1500,"bu","13:28:23",2560200
26250,-150,200,"bu","13:28:24",2560400
26250,-150,1000,"bu","13:28:26",2561400
26200,-200,500,"sd","13:28:28",2561900
26250,-150,100,"bu","13:28:29",2562000
26250,-150,1000,"sd","13:28:36",2563000
26250,-150,2000,"bu","13:28:39",2565000
26250,-150,1100,"bu","13:28:40",2566100
26250,-150,500,"bu","13:28:42",2566600
26250,-150,100,"bu","13:28:46",2566700
26200,-200,500,"sd","13:28:48",2567200
26250,-150,100,"bu","13:28:49",2567300
26250,-150,14100,"sd","13:28:53",2581400
26250,-150,3900,"bu","13:28:54",2585300
26250,-150,2900,"sd","13:28:57",2588200
26250,-150,8100,"sd","13:28:59",2596300
26250,-150,5900,"bu","13:29:07",2602200
26250,-150,4100,"sd","13:29:12",2606300
26250,-150,100,"sd","13:29:18",2606400
26250,-150,900,"bu","13:29:20",2607300
26250,-150,5000,"bu","13:29:24",2612300
26250,-150,10000,"sd","13:29:26",2622300
26250,-150,100,"bu","13:29:29",2622400
26250,-150,10000,"sd","13:29:33",2632400
26200,-200,2000,"bu","13:29:37",2634400
26250,-150,100,"bu","13:29:38",2634500
26250,-150,5000,"sd","13:29:41",2639500
26250,-150,8000,"bu","13:29:42",2647500
26250,-150,1000,"bu","13:29:44",2648500
26250,-150,1500,"sd","13:29:45",2650000
26250,-150,1000,"bu","13:29:46",2651000
26250,-150,500,"bu","13:29:47",2651500
26250,-150,1000,"sd","13:29:50",2652500
26250,-150,1100,"bu","13:29:55",2653600
26250,-150,5100,"bu","13:30:05",2658700
26200,-200,600,"sd","13:30:19",2659300
26250,-150,10000,"bu","13:30:22",2669300
26250,-150,10000,"sd","13:30:24",2679300
26250,-150,1000,"bu","13:30:26",2680300
26250,-150,2600,"bu","13:30:29",2682900
26200,-200,9500,"bu","13:30:33",2692400
26250,-150,100,"bu","13:30:40",2692500
26200,-200,900,"sd","13:30:43",2693400
26250,-150,1100,"bu","13:30:53",2694500
26250,-150,100,"sd","13:31:02",2694600
26250,-150,20000,"bu","13:31:04",2714600
26200,-200,3000,"sd","13:31:13",2717600
26250,-150,500,"bu","13:31:16",2718100
26250,-150,6000,"bu","13:31:42",2724100
26250,-150,3000,"bu","13:31:45",2727100
26250,-150,200,"sd","13:31:46",2727300
26200,-200,5400,"bu","13:32:02",2732700
26250,-150,1000,"sd","13:32:07",2733700
26250,-150,20000,"bu","13:32:15",2753700
26250,-150,2000,"bu","13:32:25",2755700
26250,-150,500,"bu","13:32:26",2756200
26250,-150,1500,"bu","13:32:27",2757700
26200,-200,2000,"sd","13:32:53",2759700
26250,-150,500,"sd","13:33:13",2760200
26200,-200,200,"bu","13:33:15",2760400
26200,-200,1000,"bu","13:33:17",2761400
26200,-200,3500,"sd","13:33:24",2764900
26200,-200,10000,"sd","13:33:30",2774900
26200,-200,500,"bu","13:33:46",2775400
26200,-200,13500,"sd","13:33:51",2788900
26200,-200,9500,"bu","13:34:05",2798400
26200,-200,9000,"bu","13:34:07",2807400
26200,-200,3000,"sd","13:34:16",2810400
26200,-200,2200,"bu","13:34:23",2812600
26200,-200,9800,"bu","13:34:24",2822400
26200,-200,2000,"bu","13:34:26",2824400
26200,-200,10000,"bu","13:34:42",2834400
26200,-200,4200,"bu","13:34:47",2838600
26200,-200,2400,"bu","13:35:02",2841000
26200,-200,1000,"sd","13:35:19",2842000
26200,-200,500,"bu","13:35:31",2842500
26200,-200,14000,"sd","13:35:42",2856500
26200,-200,10000,"bu","13:36:08",2866500
26250,-150,200,"bu","13:36:12",2866700
26250,-150,500,"sd","13:36:34",2867200
26200,-200,15800,"bu","13:37:09",2883000
26200,-200,100,"sd","13:37:37",2883100
26200,-200,300,"bu","13:38:04",2883400
26250,-150,500,"sd","13:38:08",2883900
26250,-150,5000,"bu","13:38:15",2888900
26250,-150,100,"sd","13:38:23",2889000
26250,-150,5200,"sd","13:38:30",2894200
26250,-150,6000,"bu","13:38:33",2900200
26250,-150,3000,"bu","13:38:36",2903200
26250,-150,6000,"sd","13:38:39",2909200
26250,-150,14600,"sd","13:38:41",2923800
26250,-150,100,"bu","13:38:44",2923900
26250,-150,2000,"bu","13:38:45",2925900
26250,-150,100,"bu","13:38:47",2926000
26250,-150,2900,"sd","13:38:49",2928900
26300,-100,10000,"sd","13:38:58",2938900
26300,-100,1000,"bu","13:39:01",2939900
26300,-100,2000,"sd","13:39:03",2941900
26300,-100,10000,"bu","13:39:09",2951900
26300,-100,1000,"sd","13:39:14",2952900
26300,-100,10000,"sd","13:39:15",2962900
26300,-100,3000,"sd","13:39:16",2965900
26300,-100,200,"sd","13:39:20",2966100
26300,-100,3200,"bu","13:39:21",2969300
26300,-100,11800,"bu","13:39:25",2981100
26300,-100,5000,"sd","13:39:27",2986100
26300,-100,1000,"sd","13:39:29",2987100
26300,-100,100,"bu","13:39:30",2987200
26300,-100,6700,"sd","13:39:38",2993900
26300,-100,800,"sd","13:39:39",2994700
26300,-100,1000,"sd","13:39:42",2995700
26300,-100,4000,"sd","13:39:45",2999700
26300,-100,3000,"bu","13:39:56",3002700
26350,-50,300,"sd","13:40:03",3003000
26300,-100,100,"bu","13:40:13",3003100
26350,-50,1000,"sd","13:40:29",3004100
26350,-50,1100,"bu","13:40:37",3005200
26300,-100,1200,"bu","13:40:38",3006400
26350,-50,1000,"bu","13:40:39",3007400
26350,-50,3000,"bu","13:40:44",3010400
26350,-50,100,"bu","13:40:47",3010500
26350,-50,1200,"sd","13:40:58",3011700
26350,-50,2800,"bu","13:41:00",3014500
26350,-50,500,"bu","13:41:10",3015000
26400,0,300,"sd","13:41:28",3015300
26350,-50,3100,"bu","13:41:29",3018400
26350,-50,10000,"sd","13:41:56",3028400
26350,-50,2500,"sd","13:42:08",3030900
26350,-50,2500,"bu","13:42:18",3033400
26350,-50,100,"bu","13:42:20",3033500
26350,-50,1000,"sd","13:42:29",3034500
26350,-50,3500,"bu","13:42:30",3038000
26400,0,20000,"sd","13:42:33",3058000
26400,0,1000,"bu","13:42:38",3059000
26400,0,200,"bu","13:42:46",3059200
26350,-50,100,"sd","13:43:00",3059300
26400,0,5100,"sd","13:43:10",3064400
26400,0,500,"bu","13:43:16",3064900
26400,0,5000,"bu","13:43:32",3069900
26400,0,4000,"bu","13:44:14",3073900
26350,-50,400,"bu","13:44:25",3074300
26400,0,700,"sd","13:44:26",3075000
26350,-50,100,"sd","13:44:29",3075100
26350,-50,300,"bu","13:44:43",3075400
26400,0,11300,"sd","13:44:48",3086700
26400,0,200,"sd","13:44:52",3086900
26350,-50,300,"sd","13:45:01",3087200
26350,-50,10100,"sd","13:45:15",3097300
26400,0,1000,"sd","13:45:17",3098300
26350,-50,4000,"sd","13:45:20",3102300
26350,-50,500,"bu","13:45:25",3102800
26350,-50,1000,"sd","13:45:30",3103800
26350,-50,200,"sd","13:45:31",3104000
26350,-50,800,"sd","13:45:35",3104800
26350,-50,700,"sd","13:45:37",3105500
26350,-50,300,"bu","13:45:39",3105800
26350,-50,2000,"bu","13:45:42",3107800
26400,0,100,"bu","13:45:49",3107900
26350,-50,4000,"bu","13:46:03",3111900
26350,-50,400,"sd","13:46:05",3112300
26400,0,15000,"bu","13:46:07",3127300
26350,-50,4900,"sd","13:46:16",3132200
26350,-50,100,"sd","13:46:21",3132300
26350,-50,5000,"bu","13:46:26",3137300
26350,-50,200,"bu","13:46:27",3137500
26350,-50,100,"sd","13:46:28",3137600
26350,-50,200,"sd","13:46:32",3137800
26400,0,1000,"bu","13:46:36",3138800
26400,0,5000,"bu","13:46:54",3143800
26350,-50,500,"sd","13:47:02",3144300
26400,0,200,"bu","13:47:05",3144500
26400,0,18000,"sd","13:47:07",3162500
26400,0,1100,"bu","13:47:20",3163600
26350,-50,700,"sd","13:47:30",3164300
26400,0,100,"sd","13:47:35",3164400
26350,-50,1000,"sd","13:47:51",3165400
26350,-50,5000,"sd","13:48:08",3170400
26350,-50,4600,"bu","13:48:12",3175000
26350,-50,400,"sd","13:48:15",3175400
26350,-50,200,"bu","13:48:19",3175600
26350,-50,4700,"bu","13:48:25",3180300
26350,-50,800,"bu","13:48:27",3181100
26350,-50,200,"bu","13:48:29",3181300
26350,-50,100,"sd","13:48:38",3181400
26350,-50,300,"bu","13:49:14",3181700
26350,-50,500,"sd","13:49:19",3182200
26350,-50,100,"bu","13:49:23",3182300
26350,-50,4300,"sd","13:49:28",3186600
26350,-50,100,"sd","13:49:34",3186700
26350,-50,700,"sd","13:49:35",3187400
26350,-50,20000,"sd","13:49:43",3207400
26350,-50,100,"sd","13:49:51",3207500
26350,-50,1000,"bu","13:50:09",3208500
26350,-50,3000,"sd","13:50:19",3211500
26350,-50,500,"bu","13:50:32",3212000
26350,-50,300,"sd","13:50:33",3212300
26350,-50,1000,"sd","13:50:55",3213300
26350,-50,3000,"bu","13:50:56",3216300
26400,0,100,"sd","13:50:58",3216400
26350,-50,900,"sd","13:51:03",3217300
26350,-50,1000,"sd","13:51:09",3218300
26350,-50,19600,"sd","13:51:11",3237900
26350,-50,1000,"sd","13:51:16",3238900
26350,-50,100,"bu","13:51:17",3239000
26350,-50,300,"bu","13:51:21",3239300
26350,-50,2300,"sd","13:51:36",3241600
26350,-50,300,"bu","13:51:45",3241900
26350,-50,500,"bu","13:51:53",3242400
26350,-50,100,"sd","13:51:57",3242500
26350,-50,5000,"sd","13:51:59",3247500
26350,-50,5300,"bu","13:52:24",3252800
26350,-50,10500,"sd","13:52:26",3263300
26350,-50,6300,"sd","13:52:44",3269600
26350,-50,14300,"bu","13:52:45",3283900
26350,-50,30000,"sd","13:53:09",3313900
26350,-50,1000,"sd","13:53:11",3314900
26350,-50,5000,"bu","13:53:16",3319900
26350,-50,5000,"bu","13:53:19",3324900
26350,-50,500,"sd","13:53:22",3325400
26350,-50,3900,"bu","13:53:26",3329300
26350,-50,1900,"bu","13:53:30",3331200
26350,-50,4000,"sd","13:54:02",3335200
26350,-50,1000,"bu","13:54:07",3336200
26350,-50,15000,"bu","13:54:11",3351200
26350,-50,500,"bu","13:54:19",3351700
26400,0,300,"sd","13:54:26",3352000
26350,-50,900,"bu","13:54:30",3352900
26350,-50,5100,"sd","13:54:39",3358000
26350,-50,1000,"bu","13:54:58",3359000
26350,-50,2000,"bu","13:55:04",3361000
26350,-50,900,"sd","13:55:05",3361900
26350,-50,1000,"bu","13:55:23",3362900
26350,-50,5100,"bu","13:55:33",3368000
26350,-50,100,"bu","13:55:37",3368100
26350,-50,5000,"bu","13:55:48",3373100
26350,-50,500,"sd","13:55:51",3373600
26350,-50,2500,"sd","13:55:55",3376100
26350,-50,300,"sd","13:55:58",3376400
26350,-50,1700,"bu","13:56:02",3378100
26350,-50,2600,"sd","13:56:12",3380700
26350,-50,100,"sd","13:56:16",3380800
26350,-50,3000,"sd","13:56:24",3383800
26350,-50,100,"bu","13:56:36",3383900
26350,-50,5500,"sd","13:56:37",3389400
26350,-50,300,"bu","13:56:39",3389700
26350,-50,4200,"bu","13:56:40",3393900
26350,-50,100,"sd","13:56:47",3394000
26350,-50,500,"sd","13:56:50",3394500
26400,0,1000,"sd","13:57:38",3395500
26350,-50,1900,"sd","13:57:47",3397400
26350,-50,9000,"bu","13:58:02",3406400
26350,-50,100,"bu","13:58:04",3406500
26400,0,200,"sd","13:58:07",3406700
26400,0,17000,"bu","13:58:34",3423700
26400,0,200,"sd","13:58:39",3423900
26400,0,6200,"sd","13:58:41",3430100
26400,0,16200,"bu","13:58:45",3446300
26400,0,200,"bu","13:58:47",3446500
26400,0,500,"bu","13:58:51",3447000
26450,50,31700,"bu","13:59:13",3478700
26450,50,500,"bu","13:59:17",3479200
26450,50,58600,"bu","13:59:37",3537800
26450,50,1400,"bu","13:59:38",3539200
26450,50,1500,"sd","13:59:39",3540700
26450,50,5000,"bu","13:59:41",3545700
26450,50,400,"bu","13:59:42",3546100
26450,50,1200,"sd","13:59:45",3547300
26450,50,100,"bu","13:59:47",3547400
26450,50,1000,"bu","13:59:48",3548400
26450,50,1500,"sd","13:59:52",3549900
26450,50,4000,"bu","13:59:54",3553900
26450,50,6000,"sd","13:59:55",3559900
26400,0,3600,"sd","13:59:56",3563500
26450,50,5400,"sd","13:59:57",3568900
26450,50,500,"sd","14:00:00",3569400
26450,50,3200,"bu","14:00:05",3572600
26450,50,1000,"sd","14:00:13",3573600
26450,50,1100,"bu","14:00:19",3574700
26450,50,3300,"bu","14:00:26",3578000
26450,50,600,"bu","14:00:27",3578600
26500,100,500,"bu","14:00:31",3579100
26450,50,1000,"bu","14:00:37",3580100
26450,50,15300,"bu","14:00:39",3595400
26450,50,5400,"sd","14:00:43",3600800
26450,50,100,"bu","14:00:47",3600900
26450,50,300,"bu","14:00:52",3601200
26450,50,4500,"bu","14:00:57",3605700
26450,50,500,"bu","14:01:01",3606200
26400,0,20000,"bu","14:01:27",3626200
26450,50,2000,"sd","14:01:31",3628200
26400,0,3500,"bu","14:01:35",3631700
26400,0,800,"bu","14:01:39",3632500
26400,0,700,"bu","14:01:42",3633200
26400,0,5300,"bu","14:01:43",3638500
26400,0,500,"sd","14:01:45",3639000
26400,0,18400,"bu","14:01:46",3657400
26400,0,700,"bu","14:01:49",3658100
26350,-50,2000,"sd","14:01:51",3660100
26400,0,100,"sd","14:01:58",3660200
26400,0,2000,"sd","14:02:09",3662200
26400,0,500,"bu","14:02:18",3662700
26400,0,200,"sd","14:02:21",3662900
26400,0,300,"sd","14:02:44",3663200
26350,-50,2000,"bu","14:02:48",3665200
26350,-50,500,"sd","14:03:01",3665700
26400,0,600,"bu","14:03:16",3666300
26400,0,2000,"sd","14:03:20",3668300
26350,-50,11100,"bu","14:03:36",3679400
26350,-50,10000,"sd","14:03:47",3689400
26350,-50,200,"sd","14:03:52",3689600
26350,-50,1600,"sd","14:04:10",3691200
26350,-50,2500,"bu","14:04:15",3693700
26350,-50,1000,"bu","14:04:22",3694700
26350,-50,1500,"sd","14:04:24",3696200
26350,-50,800,"bu","14:04:27",3697000
26350,-50,2000,"sd","14:04:30",3699000
26350,-50,2000,"bu","14:04:31",3701000
26350,-50,2000,"sd","14:04:33",3703000
26350,-50,3000,"sd","14:04:39",3706000
26350,-50,13000,"bu","14:04:45",3719000
26350,-50,1300,"sd","14:05:36",3720300
26300,-100,5000,"sd","14:05:39",3725300
26300,-100,500,"sd","14:05:42",3725800
26350,-50,700,"bu","14:05:51",3726500
26350,-50,3000,"sd","14:06:03",3729500
26350,-50,200,"sd","14:06:05",3729700
26350,-50,500,"sd","14:06:06",3730200
26350,-50,3400,"bu","14:06:13",3733600
26350,-50,200,"sd","14:06:22",3733800
26300,-100,10500,"sd","14:06:28",3744300
26300,-100,2000,"bu","14:06:31",3746300
26300,-100,1600,"sd","14:06:52",3747900
26300,-100,5000,"bu","14:06:57",3752900
26300,-100,30000,"bu","14:07:00",3782900
26300,-100,4000,"sd","14:07:03",3786900
26300,-100,2000,"bu","14:07:06",3788900
26300,-100,5600,"bu","14:07:07",3794500
26300,-100,7600,"sd","14:07:17",3802100
26300,-100,100,"sd","14:07:20",3802200
26300,-100,1000,"bu","14:07:23",3803200
26300,-100,1200,"bu","14:07:45",3804400
26300,-100,100,"sd","14:07:49",3804500
26300,-100,500,"sd","14:08:08",3805000
26300,-100,3000,"sd","14:08:10",3808000
26300,-100,500,"sd","14:08:35",3808500
26300,-100,100,"sd","14:08:41",3808600
26300,-100,5100,"bu","14:08:53",3813700
26300,-100,100,"sd","14:09:01",3813800
26350,-50,1000,"sd","14:09:05",3814800
26300,-100,12000,"bu","14:09:20",3826800
26300,-100,5000,"bu","14:09:25",3831800
26350,-50,10000,"sd","14:09:32",3841800
26300,-100,500,"bu","14:09:33",3842300
26300,-100,300,"bu","14:09:37",3842600
26350,-50,300,"sd","14:09:51",3842900
26300,-100,400,"sd","14:10:14",3843300
26300,-100,100,"bu","14:10:16",3843400
26300,-100,6300,"bu","14:10:27",3849700
26300,-100,500,"bu","14:10:33",3850200
26300,-100,100,"sd","14:10:52",3850300
26350,-50,400,"bu","14:11:02",3850700
26350,-50,9700,"bu","14:11:03",3860400
26350,-50,2000,"bu","14:11:08",3862400
26300,-100,100,"sd","14:11:13",3862500
26300,-100,20000,"bu","14:11:17",3882500
26350,-50,1000,"bu","14:11:19",3883500
26350,-50,10600,"bu","14:11:20",3894100
26300,-100,50000,"bu","14:11:23",3944100
26350,-50,3000,"bu","14:11:29",3947100
26300,-100,2000,"sd","14:11:37",3949100
26350,-50,700,"bu","14:11:43",3949800
26350,-50,7600,"bu","14:11:44",3957400
26350,-50,3200,"sd","14:12:31",3960600
26300,-100,800,"bu","14:12:38",3961400
26300,-100,1500,"sd","14:12:45",3962900
26350,-50,200,"bu","14:12:48",3963100
26300,-100,11000,"sd","14:13:15",3974100
26350,-50,4100,"bu","14:13:18",3978200
26350,-50,1000,"sd","14:13:25",3979200
26350,-50,2200,"bu","14:13:28",3981400
26350,-50,500,"sd","14:13:30",3981900
26350,-50,1700,"bu","14:13:31",3983600
26350,-50,2200,"bu","14:14:17",3985800
26350,-50,2000,"sd","14:14:30",3987800
26350,-50,12000,"sd","14:14:43",3999800
26350,-50,100,"sd","14:14:49",3999900
26350,-50,1000,"bu","14:14:59",4000900
26350,-50,1400,"sd","14:15:06",4002300
26350,-50,1600,"sd","14:15:37",4003900
26350,-50,5000,"sd","14:15:39",4008900
26400,0,9700,"sd","14:15:44",4018600
26400,0,1000,"bu","14:16:09",4019600
26350,-50,100,"sd","14:16:30",4019700
26350,-50,200,"sd","14:16:38",4019900
26400,0,9200,"bu","14:16:53",4029100
26400,0,2000,"sd","14:17:18",4031100
26400,0,6000,"bu","14:17:32",4037100
26400,0,24300,"sd","14:18:01",4061400
26400,0,2700,"sd","14:18:02",4064100
26400,0,200,"sd","14:18:04",4064300
26400,0,500,"sd","14:18:07",4064800
26450,50,400,"sd","14:18:11",4065200
26400,0,600,"bu","14:18:16",4065800
26400,0,3000,"bu","14:18:18",4068800
26400,0,1400,"bu","14:18:30",4070200
26400,0,200,"sd","14:18:33",4070400
26400,0,2000,"bu","14:18:49",4072400
26400,0,10000,"sd","14:18:55",4082400
26400,0,30700,"bu","14:19:09",4113100
26400,0,500,"bu","14:19:24",4113600
26400,0,3000,"bu","14:19:26",4116600
26400,0,3100,"bu","14:19:38",4119700
26400,0,3000,"bu","14:19:39",4122700
26400,0,1000,"sd","14:19:45",4123700
26350,-50,3100,"bu","14:19:56",4126800
26400,0,300,"bu","14:20:08",4127100
26400,0,20000,"sd","14:20:13",4147100
26400,0,1600,"sd","14:20:14",4148700
26400,0,7000,"bu","14:20:20",4155700
26450,50,100,"sd","14:20:25",4155800
26400,0,1000,"bu","14:20:27",4156800
26450,50,100,"sd","14:20:32",4156900
26400,0,3000,"bu","14:20:35",4159900
26450,50,7600,"bu","14:20:59",4167500
26400,0,5000,"bu","14:21:04",4172500
26450,50,600,"bu","14:21:06",4173100
26400,0,500,"bu","14:21:12",4173600
26400,0,4200,"sd","14:21:18",4177800
26400,0,3000,"sd","14:21:25",4180800
26450,50,14500,"bu","14:21:34",4195300
26400,0,4000,"bu","14:21:38",4199300
26400,0,1000,"bu","14:21:54",4200300
26400,0,100,"sd","14:21:57",4200400
26400,0,2200,"bu","14:22:01",4202600
26450,50,14400,"sd","14:22:03",4217000
26400,0,1200,"sd","14:22:04",4218200
26400,0,300,"bu","14:22:06",4218500
26400,0,10000,"sd","14:22:19",4228500
26400,0,1800,"sd","14:22:20",4230300
26400,0,3000,"sd","14:22:22",4233300
26400,0,3200,"sd","14:22:27",4236500
26400,0,1400,"bu","14:22:31",4237900
26450,50,15700,"sd","14:22:33",4253600
26450,50,14600,"sd","14:23:00",4268200
26450,50,200,"bu","14:23:03",4268400
26400,0,100,"sd","14:23:20",4268500
26450,50,14300,"sd","14:23:28",4282800
26450,50,500,"sd","14:23:36",4283300
26450,50,2000,"bu","14:23:38",4285300
26450,50,1000,"sd","14:23:41",4286300
26450,50,34300,"bu","14:23:50",4320600
26450,50,100,"sd","14:23:51",4320700
26500,100,15100,"bu","14:23:56",4335800
26450,50,300,"bu","14:24:00",4336100
26450,50,1000,"sd","14:24:02",4337100
26450,50,1100,"bu","14:24:03",4338200
26450,50,800,"sd","14:24:06",4339000
26450,50,100,"sd","14:24:17",4339100
26500,100,14500,"sd","14:24:25",4353600
26500,100,100,"bu","14:24:26",4353700
26500,100,10000,"sd","14:24:41",4363700
26500,100,100,"sd","14:24:48",4363800
26500,100,14500,"sd","14:24:51",4378300
26500,100,200,"bu","14:24:53",4378500
26500,100,100,"sd","14:24:56",4378600
26500,100,1000,"bu","14:25:02",4379600
26450,50,5000,"bu","14:25:04",4384600
26450,50,1000,"sd","14:25:09",4385600
26450,50,400,"bu","14:25:10",4386000
26450,50,2000,"sd","14:25:18",4388000
26500,100,14600,"bu","14:25:20",4402600
26450,50,6000,"bu","14:25:22",4408600
26450,50,1800,"bu","14:25:23",4410400
26450,50,100,"sd","14:25:25",4410500
26450,50,500,"bu","14:25:28",4411000
26450,50,100,"sd","14:25:30",4411100
26450,50,1500,"bu","14:25:44",4412600
26400,0,2300,"bu","14:25:46",4414900
26450,50,14200,"sd","14:25:48",4429100
26450,50,1000,"sd","14:25:51",4430100
26450,50,2000,"sd","14:25:54",4432100
26450,50,700,"sd","14:25:57",4432800
26450,50,16700,"sd","14:26:14",4449500
26450,50,200,"sd","14:26:17",4449700
26450,50,400,"bu","14:26:19",4450100
26450,50,500,"bu","14:26:21",4450600
26450,50,2000,"bu","14:26:23",4452600
26400,0,500,"bu","14:26:28",4453100
26450,50,1500,"sd","14:26:37",4454600
26400,0,28100,"sd","14:26:40",4482700
26400,0,15700,"sd","14:26:45",4498400
26400,0,4100,"sd","14:26:49",4502500
26400,0,600,"bu","14:26:55",4503100
26350,-50,500,"bu","14:26:56",4503600
26400,0,50600,"sd","14:27:01",4554200
26400,0,600,"sd","14:27:04",4554800
26400,0,1000,"sd","14:27:11",4555800
26450,50,14600,"bu","14:27:15",4570400
26400,0,2400,"sd","14:27:16",4572800
26450,50,5000,"bu","14:27:21",4577800
26400,0,1500,"sd","14:27:24",4579300
26400,0,600,"bu","14:27:37",4579900
26450,50,23000,"sd","14:27:47",4602900
26450,50,15000,"bu","14:27:57",4617900
26450,50,2100,"bu","14:28:11",4620000
26450,50,16300,"sd","14:28:14",4636300
26450,50,2000,"bu","14:28:23",4638300
26450,50,11500,"sd","14:28:27",4649800
26450,50,18200,"bu","14:28:29",4668000
26450,50,2000,"bu","14:28:31",4670000
26450,50,5500,"sd","14:28:33",4675500
26450,50,100,"sd","14:28:36",4675600
26400,0,5000,"bu","14:28:39",4680600
26400,0,14600,"bu","14:28:42",4695200
26450,50,100,"sd","14:28:44",4695300
26450,50,1100,"sd","14:28:45",4696400
26450,50,500,"sd","14:28:56",4696900
26450,50,5100,"bu","14:29:00",4702000
26450,50,600,"sd","14:29:04",4702600
26500,100,12600,"bu","14:29:05",4715200
26400,0,2000,"bu","14:29:07",4717200
26450,50,100,"sd","14:29:09",4717300
26450,50,500,"bu","14:29:11",4717800
26450,50,1700,"bu","14:29:13",4719500
26450,50,100,"bu","14:29:15",4719600
26450,50,800,"sd","14:29:25",4720400
26450,50,100,"bu","14:29:26",4720500
26450,50,6200,"bu","14:29:28",4726700
26450,50,300,"sd","14:29:30",4727000
26450,50,100,"sd","14:29:32",4727100
26400,0,20100,"sd","14:29:37",4747200
26400,0,1000,"bu","14:29:38",4748200
26450,50,500,"bu","14:29:42",4748700
26400,0,100,"bu","14:29:43",4748800
26450,50,900,"bu","14:29:47",4749700
26450,50,100,"bu","14:29:49",4749800
26400,0,500,"sd","14:29:50",4750300
26400,0,1000,"sd","14:29:53",4751300
26400,0,200,"bu","14:29:56",4751500
26400,0,100,"bu","14:30:01",4751600
26400,0,500,"bu","14:30:04",4752100
26400,0,402700,"sd","14:45:11",5154800
