"price","change","match_qtty","side","time","total_vol"
22900,-100,24300,"bu","09:15:09",24300
22950,-50,800,"bu","09:15:49",25100
22950,-50,200,"bu","09:16:11",25300
22900,-100,100,"bu","09:17:18",25400
22900,-100,1000,"sd","09:17:23",26400
22900,-100,4000,"bu","09:17:25",30400
22900,-100,500,"sd","09:17:43",30900
22900,-100,1000,"bu","09:17:44",31900
22900,-100,1800,"sd","09:18:29",33700
22900,-100,4600,"bu","09:18:40",38300
22900,-100,500,"bu","09:18:41",38800
22900,-100,100,"bu","09:18:42",38900
22900,-100,1600,"sd","09:18:47",40500
22900,-100,200,"bu","09:18:50",40700
22900,-100,1600,"sd","09:18:54",42300
22900,-100,800,"sd","09:18:56",43100
22900,-100,100,"bu","09:19:24",43200
22900,-100,7000,"sd","09:20:28",50200
22900,-100,1100,"bu","09:20:28",51300
22900,-100,7000,"sd","09:21:40",58300
22900,-100,700,"bu","09:22:14",59000
22900,-100,2100,"bu","09:23:04",61100
22900,-100,200,"bu","09:23:26",61300
22900,-100,700,"bu","09:23:47",62000
22900,-100,3700,"bu","09:24:07",65700
22900,-100,4500,"sd","09:24:30",70200
22900,-100,6100,"bu","09:25:03",76300
22950,-50,1200,"bu","09:25:39",77500
22900,-100,1000,"sd","09:25:47",78500
22900,-100,200,"bu","09:26:07",78700
22900,-100,4500,"sd","09:26:12",83200
22900,-100,1000,"sd","09:26:28",84200
22900,-100,4500,"bu","09:27:19",88700
22900,-100,300,"bu","09:27:28",89000
22900,-100,1000,"bu","09:27:46",90000
22950,-50,4000,"sd","09:29:47",94000
22950,-50,100,"bu","09:30:17",94100
22950,-50,500,"bu","09:31:30",94600
22900,-100,100,"sd","09:32:01",94700
22900,-100,300,"sd","09:32:23",95000
22900,-100,5000,"bu","09:32:57",100000
22900,-100,4500,"sd","09:33:12",104500
22900,-100,300,"sd","09:33:53",104800
22950,-50,2800,"sd","09:34:28",107600
22900,-100,4500,"bu","09:34:31",112100
22900,-100,4500,"sd","09:34:43",116600
22900,-100,4700,"sd","09:35:19",121300
22900,-100,4400,"sd","09:35:29",125700
22900,-100,100,"sd","09:35:29",125800
22900,-100,1800,"sd","09:36:30",127600
22850,-150,6000,"bu","09:39:33",133600
22850,-150,3500,"bu","09:40:04",137100
22850,-150,6200,"bu","09:43:14",143300
22800,-200,84000,"bu","09:43:15",227300
22800,-200,4000,"bu","09:43:18",231300
22750,-250,44100,"bu","09:43:30",275400
22750,-250,200,"bu","09:43:38",275600
22750,-250,800,"sd","09:43:59",276400
22800,-200,30000,"sd","09:44:27",306400
22850,-150,1000,"sd","09:44:28",307400
22850,-150,200,"sd","09:45:18",307600
22850,-150,1000,"sd","09:45:40",308600
22850,-150,100,"sd","09:45:44",308700
22850,-150,1000,"bu","09:46:15",309700
22850,-150,400,"bu","09:47:11",310100
22850,-150,1100,"sd","09:47:18",311200
22850,-150,400,"bu","09:48:57",311600
22850,-150,500,"sd","09:50:48",312100
22800,-200,3000,"sd","09:51:55",315100
22800,-200,500,"bu","09:53:01",315600
22800,-200,4500,"sd","09:54:22",320100
22800,-200,9800,"bu","09:54:40",329900
22800,-200,700,"bu","09:54:40",322900
22800,-200,8400,"bu","09:54:41",331300
22800,-200,1000,"bu","09:54:52",332300
22750,-250,4500,"sd","09:55:08",336800
22750,-250,4500,"sd","09:55:43",341300
22750,-250,100,"bu","09:56:03",341400
22800,-200,7500,"sd","09:57:40",348900
22800,-200,700,"bu","09:57:55",349600
22800,-200,200,"sd","09:58:40",349800
22800,-200,2000,"bu","09:58:49",351800
22800,-200,100,"bu","09:58:59",351900
22800,-200,300,"bu","09:59:07",352200
22800,-200,1000,"bu","10:00:08",353200
22800,-200,4500,"sd","10:00:09",357700
22800,-200,9100,"bu","10:00:57",366800
22750,-250,4500,"sd","10:01:32",371300
22800,-200,100,"bu","10:03:32",371400
22800,-200,800,"sd","10:03:50",372200
22800,-200,100,"bu","10:04:42",372300
22800,-200,2000,"sd","10:04:46",374300
22750,-250,16200,"bu","10:05:28",390500
22750,-250,15800,"bu","10:05:29",406300
22750,-250,4500,"bu","10:07:16",410800
22750,-250,200,"bu","10:08:02",411000
22750,-250,1000,"bu","10:08:15",412000
22750,-250,4500,"sd","10:09:30",416500
22750,-250,4500,"bu","10:10:34",421000
22750,-250,4500,"bu","10:10:48",425500
22750,-250,700,"sd","10:11:22",426200
22750,-250,500,"bu","10:11:39",426700
22750,-250,400,"sd","10:11:49",427100
22750,-250,100,"sd","10:12:16",427200
22750,-250,200,"sd","10:13:03",427400
22750,-250,6500,"sd","10:13:20",433900
22750,-250,100,"sd","10:13:25",434000
22750,-250,500,"bu","10:13:30",434500
22750,-250,7000,"sd","10:13:53",441500
22750,-250,900,"bu","10:14:01",442400
22700,-300,4500,"sd","10:14:04",446900
22700,-300,4500,"bu","10:15:01",451400
22700,-300,4500,"bu","10:15:45",455900
22700,-300,7000,"sd","10:16:09",462900
22750,-250,500,"bu","10:17:50",463400
22750,-250,1700,"sd","10:17:56",465100
22750,-250,500,"bu","10:18:34",465600
22750,-250,200,"sd","10:18:38",465800
22750,-250,100,"bu","10:18:49",465900
22750,-250,1100,"bu","10:19:33",467000
22750,-250,200,"bu","10:21:27",467200
22700,-300,15000,"bu","10:22:03",482200
22750,-250,200,"sd","10:22:21",482400
22750,-250,3600,"sd","10:22:39",486000
22750,-250,100,"sd","10:22:52",486100
22750,-250,1000,"sd","10:23:05",487100
22750,-250,200,"sd","10:23:18",487300
22800,-200,12200,"sd","10:25:36",499500
22800,-200,100,"bu","10:26:19",499600
22800,-200,4500,"bu","10:26:30",504100
22800,-200,100,"sd","10:27:16",504200
22800,-200,5400,"sd","10:27:17",509600
22800,-200,100,"sd","10:27:42",509700
22800,-200,500,"bu","10:27:58",510200
22750,-250,4500,"sd","10:28:01",514700
22800,-200,300,"bu","10:28:05",515000
22800,-200,3000,"bu","10:28:43",518000
22800,-200,2800,"sd","10:28:57",520800
22800,-200,500,"bu","10:29:36",521300
22800,-200,500,"bu","10:29:38",521800
22800,-200,800,"sd","10:31:28",522600
22800,-200,2000,"sd","10:35:27",524600
22900,-100,54100,"sd","10:36:47",578700
22800,-200,300,"bu","10:40:57",579000
22800,-200,1000,"bu","10:41:35",580000
22800,-200,4500,"bu","10:43:56",584500
22900,-100,3000,"sd","10:44:00",587500
22900,-100,17600,"sd","10:46:33",605100
22950,-50,100,"bu","10:47:02",605200
22900,-100,22400,"bu","10:47:03",627600
22900,-100,4000,"bu","10:49:34",631600
22900,-100,2000,"bu","10:50:05",633600
22900,-100,2200,"sd","10:51:00",635800
22900,-100,2000,"bu","10:52:41",637800
22850,-150,5000,"bu","10:54:47",642800
22850,-150,4500,"sd","10:55:40",647300
22850,-150,2500,"sd","10:56:16",649800
22850,-150,4500,"sd","10:58:23",654300
22850,-150,200,"bu","10:59:46",654500
22850,-150,4500,"sd","10:59:53",659000
22850,-150,100,"bu","11:00:01",659100
22850,-150,4600,"sd","11:00:11",663700
22850,-150,3000,"sd","11:00:45",666700
22850,-150,3100,"sd","11:01:01",669800
22850,-150,800,"bu","11:01:06",670600
22850,-150,13100,"bu","11:01:11",683700
22800,-200,1000,"sd","11:01:36",684700
22800,-200,500,"bu","11:02:21",685200
22800,-200,10000,"sd","11:02:41",695200
22950,-50,50000,"bu","11:05:24",745200
22900,-100,500,"bu","11:07:53",745700
22900,-100,5600,"bu","11:09:02",751300
22950,-50,10000,"sd","11:09:11",761300
22900,-100,2600,"bu","11:09:38",763900
22900,-100,100,"bu","11:10:02",764000
22900,-100,2500,"sd","11:11:20",766500
22850,-150,20000,"sd","11:13:33",786500
22900,-100,100,"sd","11:15:01",786600
22900,-100,5000,"bu","11:17:14",791600
22850,-150,1100,"sd","11:18:02",792700
22850,-150,1200,"bu","11:18:13",793900
22850,-150,100,"sd","11:19:05",794000
22900,-100,700,"sd","11:19:39",794700
22850,-150,500,"sd","11:22:43",795200
22850,-150,900,"sd","11:23:46",796100
22850,-150,100,"sd","11:25:02",796200
22850,-150,600,"sd","11:25:51",796800
22850,-150,10200,"bu","11:26:29",807000
22850,-150,6200,"sd","13:00:19",813200
22850,-150,5000,"bu","13:00:22",818200
22900,-100,400,"sd","13:00:26",818600
22900,-100,100,"sd","13:00:28",818700
22850,-150,200,"sd","13:00:34",818900
22900,-100,5000,"sd","13:00:35",823900
22850,-150,300,"sd","13:00:37",824200
22900,-100,100,"bu","13:00:41",824300
22850,-150,700,"bu","13:00:49",825000
22850,-150,7800,"bu","13:01:23",832800
22850,-150,700,"sd","13:01:27",833500
22800,-200,600,"sd","13:01:56",834100
22850,-150,700,"bu","13:02:05",834800
22850,-150,1600,"sd","13:04:06",836400
22850,-150,900,"sd","13:05:38",837300
22850,-150,700,"sd","13:06:01",838000
22850,-150,1400,"bu","13:06:22",839400
22850,-150,3800,"sd","13:06:30",843200
22850,-150,700,"sd","13:06:32",843900
22850,-150,300,"sd","13:06:41",844200
22900,-100,700,"bu","13:06:43",844900
22900,-100,4900,"sd","13:08:00",849800
22900,-100,700,"bu","13:09:18",850500
22900,-100,30000,"sd","13:10:21",880500
22900,-100,100,"sd","13:10:29",880600
22900,-100,500,"sd","13:11:02",881100
22900,-100,200,"sd","13:11:21",881300
22900,-100,300,"sd","13:11:51",881600
22950,-50,700,"bu","13:12:01",882300
22950,-50,4000,"bu","13:13:06",886300
22950,-50,1400,"sd","13:13:30",887700
22950,-50,200,"sd","13:13:51",887900
22950,-50,3700,"bu","13:14:09",891600
22900,-100,100,"sd","13:14:21",891700
22900,-100,4500,"sd","13:15:36",896200
22900,-100,100,"sd","13:15:46",896300
22900,-100,3000,"sd","13:15:50",899300
22900,-100,400,"sd","13:15:54",899700
22900,-100,700,"sd","13:16:27",900400
22950,-50,7800,"sd","13:17:17",908200
22900,-100,4500,"sd","13:17:31",912700
22950,-50,700,"bu","13:17:32",913400
22900,-100,10100,"bu","13:19:33",923500
22950,-50,5700,"bu","13:19:42",929200
22950,-50,2100,"sd","13:20:10",931300
22950,-50,700,"sd","13:20:23",932000
22950,-50,700,"sd","13:20:31",932700
22950,-50,700,"bu","13:20:39",933400
22950,-50,700,"sd","13:20:49",934100
22950,-50,700,"bu","13:21:00",934800
22950,-50,2100,"sd","13:21:30",936900
22950,-50,700,"bu","13:21:40",937600
22950,-50,1400,"bu","13:22:00",939000
22950,-50,700,"sd","13:22:11",939700
22950,-50,20000,"bu","13:22:29",959700
22950,-50,1000,"bu","13:22:37",960700
22950,-50,700,"bu","13:22:53",961400
22950,-50,500,"bu","13:23:18",961900
22950,-50,200,"sd","13:23:30",962100
22950,-50,100,"sd","13:23:38",962200
22950,-50,2000,"sd","13:23:41",964200
22950,-50,200,"sd","13:24:00",964400
22950,-50,100,"bu","13:24:33",964500
22950,-50,1100,"bu","13:25:03",965600
22900,-100,100,"sd","13:26:22",965700
22950,-50,9000,"sd","13:27:00",974700
22950,-50,400,"sd","13:27:01",975100
22950,-50,5000,"sd","13:27:48",980100
22950,-50,400,"sd","13:27:55",980500
22950,-50,3000,"sd","13:28:01",983500
22950,-50,200,"sd","13:28:05",983700
22950,-50,2000,"sd","13:28:07",985700
22900,-100,100,"bu","13:28:15",985800
23000,0,20000,"bu","13:28:18",1005800
22950,-50,6000,"bu","13:28:45",1011800
22900,-100,400,"sd","13:28:54",1012200
22900,-100,500,"bu","13:29:30",1012700
22900,-100,600,"sd","13:30:19",1013300
22950,-50,2800,"sd","13:30:34",1016100
22900,-100,200,"sd","13:30:45",1016300
22900,-100,1400,"sd","13:32:05",1017700
22900,-100,100,"bu","13:32:15",1017800
22950,-50,1500,"bu","13:32:42",1019300
22900,-100,100,"bu","13:32:45",1019400
22950,-50,1500,"sd","13:33:00",1020900
22900,-100,100,"bu","13:33:04",1021000
22950,-50,1500,"bu","13:33:13",1022500
22900,-100,100,"bu","13:33:15",1022600
22950,-50,1500,"bu","13:33:28",1024100
22950,-50,5500,"sd","13:33:34",1029600
22950,-50,400,"sd","13:33:44",1030000
23000,0,700,"sd","13:33:57",1030700
23000,0,2100,"bu","13:34:29",1032800
23000,0,700,"sd","13:34:38",1033500
23000,0,2000,"sd","13:34:48",1035500
23000,0,700,"sd","13:34:50",1036200
22950,-50,200,"bu","13:34:55",1036400
23000,0,700,"sd","13:34:59",1037100
22950,-50,1000,"sd","13:35:07",1038100
22950,-50,500,"bu","13:35:33",1038600
22950,-50,1000,"bu","13:35:57",1039600
22950,-50,500,"bu","13:36:09",1040100
22950,-50,4400,"sd","13:36:22",1044500
22900,-100,300,"bu","13:36:24",1044800
22950,-50,700,"sd","13:37:03",1045500
22900,-100,24900,"sd","13:38:48",1070400
22900,-100,1600,"bu","13:38:58",1072000
22900,-100,100,"sd","13:39:04",1072100
22900,-100,1300,"sd","13:40:54",1073400
22900,-100,3000,"bu","13:41:29",1076400
22900,-100,200,"sd","13:41:34",1076600
22900,-100,2200,"sd","13:41:53",1078800
22900,-100,100,"bu","13:41:55",1078900
22950,-50,5000,"sd","13:42:26",1083900
22900,-100,400,"sd","13:42:34",1084300
22950,-50,1500,"bu","13:44:00",1085800
22950,-50,1500,"bu","13:44:02",1087300
22950,-50,3000,"sd","13:44:04",1090300
22900,-100,400,"bu","13:44:05",1090700
22950,-50,500,"sd","13:45:58",1091200
22950,-50,10000,"bu","13:46:27",1101200
22900,-100,800,"bu","13:46:34",1102000
22950,-50,6800,"bu","13:46:49",1108800
22950,-50,500,"bu","13:46:54",1109300
22950,-50,1000,"bu","13:47:15",1110300
22950,-50,5800,"bu","13:47:47",1116100
22950,-50,100,"sd","13:47:53",1116200
22900,-100,400,"bu","13:47:55",1116600
22900,-100,800,"sd","13:48:27",1117400
22950,-50,3000,"bu","13:48:47",1120400
22900,-100,200,"bu","13:48:54",1120600
22950,-50,3000,"sd","13:49:17",1123600
22900,-100,200,"sd","13:49:25",1123800
22900,-100,3000,"bu","13:49:32",1126800
22900,-100,200,"sd","13:49:34",1127000
22950,-50,3000,"bu","13:49:51",1130000
22900,-100,200,"bu","13:49:54",1130200
22950,-50,3000,"bu","13:50:11",1133200
22900,-100,200,"bu","13:50:15",1133400
22950,-50,100,"bu","13:50:51",1133500
22900,-100,900,"sd","13:51:35",1134400
22950,-50,1000,"bu","13:53:12",1135400
22900,-100,4500,"sd","13:53:16",1139900
22900,-100,300,"sd","13:53:25",1140200
22950,-50,10000,"bu","13:55:04",1150200
22900,-100,800,"sd","13:55:05",1151000
22950,-50,200,"sd","13:55:06",1151200
22950,-50,100,"sd","13:55:43",1151300
22950,-50,2000,"sd","13:58:14",1153300
22950,-50,100,"bu","13:58:25",1153400
23000,0,1600,"sd","13:59:02",1155000
22950,-50,100,"sd","13:59:05",1155100
23000,0,1000,"sd","13:59:19",1156100
23000,0,100,"sd","13:59:43",1156200
23000,0,2000,"sd","14:00:43",1158200
22950,-50,100,"bu","14:00:45",1158300
22950,-50,3600,"sd","14:00:49",1161900
22950,-50,200,"sd","14:00:55",1162100
22950,-50,100,"bu","14:01:04",1162200
22950,-50,800,"sd","14:01:09",1163000
22950,-50,4100,"bu","14:01:10",1167100
22900,-100,300,"sd","14:01:16",1167400
22900,-100,1500,"bu","14:01:18",1168900
22900,-100,100,"bu","14:01:27",1169000
22950,-50,3800,"sd","14:02:25",1172800
22900,-100,200,"sd","14:02:35",1173000
22950,-50,2500,"sd","14:02:53",1175500
22900,-100,200,"sd","14:02:55",1175700
22900,-100,39200,"bu","14:03:02",1214900
22850,-150,3100,"bu","14:03:05",1218000
22850,-150,200,"sd","14:03:15",1218200
22850,-150,100,"sd","14:03:37",1218300
22850,-150,500,"sd","14:03:54",1218800
22900,-100,700,"sd","14:04:35",1219500
22900,-100,700,"bu","14:04:58",1220200
22900,-100,100,"sd","14:05:10",1220300
22900,-100,1000,"sd","14:05:18",1221300
22850,-150,9900,"sd","14:06:11",1231200
22850,-150,800,"bu","14:06:13",1232000
22800,-200,800,"sd","14:06:15",1232800
22850,-150,500,"sd","14:06:57",1233300
22850,-150,700,"sd","14:07:08",1234000
22800,-200,1000,"bu","14:07:12",1235000
22800,-200,100,"sd","14:07:14",1235100
22850,-150,700,"bu","14:07:35",1235800
22850,-150,200,"bu","14:07:46",1236000
22850,-150,100,"sd","14:07:51",1236100
22850,-150,500,"sd","14:08:00",1236600
22850,-150,600,"sd","14:08:25",1237200
22850,-150,700,"sd","14:08:29",1237900
22850,-150,100,"sd","14:09:14",1238000
22850,-150,2500,"bu","14:09:37",1240500
22850,-150,200,"bu","14:09:46",1240700
22850,-150,100,"bu","14:10:33",1240800
22900,-100,800,"sd","14:12:01",1241600
22900,-100,800,"bu","14:12:19",1242400
22900,-100,700,"sd","14:12:22",1243100
22900,-100,700,"bu","14:12:34",1243800
22900,-100,1100,"bu","14:12:52",1244900
22900,-100,500,"bu","14:12:53",1245400
22850,-150,100,"bu","14:12:55",1245500
22950,-50,1500,"sd","14:13:05",1247000
22950,-50,3000,"bu","14:13:12",1250000
22900,-100,100,"sd","14:13:16",1250100
22950,-50,3200,"sd","14:13:25",1253300
22950,-50,3000,"bu","14:13:33",1256300
22900,-100,400,"bu","14:13:35",1256700
22950,-50,3000,"bu","14:15:24",1259700
22900,-100,300,"bu","14:15:25",1260000
22950,-50,3000,"bu","14:15:53",1263000
22900,-100,200,"sd","14:15:54",1263200
22900,-100,6700,"sd","14:16:01",1269900
22900,-100,500,"bu","14:16:04",1270400
22950,-50,100,"sd","14:16:30",1270500
22950,-50,5400,"bu","14:16:59",1275900
23000,0,3000,"bu","14:17:02",1278900
22950,-50,600,"sd","14:17:05",1279500
22950,-50,3200,"bu","14:17:15",1282700
23000,0,500,"sd","14:17:39",1283200
22950,-50,5400,"sd","14:17:40",1288600
23000,0,3000,"bu","14:17:42",1291600
22950,-50,700,"bu","14:17:45",1292300
23000,0,3000,"bu","14:18:11",1295300
22950,-50,400,"bu","14:18:13",1295700
22950,-50,2000,"sd","14:18:16",1297700
22950,-50,100,"bu","14:18:26",1297800
23000,0,900,"sd","14:19:14",1298700
22950,-50,10100,"sd","14:19:17",1308800
22900,-100,6200,"bu","14:19:26",1315000
22900,-100,400,"bu","14:19:35",1315400
22900,-100,8400,"bu","14:20:20",1323800
22900,-100,600,"sd","14:20:25",1324400
22950,-50,3000,"bu","14:21:10",1327400
22900,-100,200,"sd","14:21:15",1327600
22900,-100,100,"sd","14:21:25",1327700
22900,-100,5400,"bu","14:21:32",1333100
22900,-100,400,"sd","14:21:36",1333500
22950,-50,8000,"bu","14:22:17",1341500
22900,-100,200,"bu","14:22:24",1341700
22900,-100,1800,"sd","14:22:34",1343500
22900,-100,100,"bu","14:22:36",1343600
22950,-50,1900,"sd","14:22:46",1345500
22950,-50,100,"bu","14:22:51",1345600
22900,-100,5500,"sd","14:23:13",1351100
22900,-100,400,"bu","14:23:16",1351500
22950,-50,1100,"sd","14:23:20",1352600
22900,-100,100,"bu","14:23:25",1352700
22900,-100,2000,"bu","14:23:40",1354700
22950,-50,700,"bu","14:23:43",1355400
22900,-100,200,"sd","14:23:44",1355600
22950,-50,700,"sd","14:23:51",1356300
22950,-50,3000,"bu","14:23:57",1359300
22900,-100,200,"sd","14:24:05",1359500
22900,-100,5400,"sd","14:24:17",1364900
22900,-100,400,"sd","14:24:25",1365300
22900,-100,5400,"sd","14:24:37",1370700
22950,-50,3000,"bu","14:24:39",1373700
22900,-100,600,"bu","14:24:46",1374300
22950,-50,20000,"bu","14:24:59",1394300
22900,-100,15700,"bu","14:25:01",1410000
22850,-150,2800,"sd","14:25:04",1412800
22850,-150,2000,"bu","14:25:18",1414800
22850,-150,100,"bu","14:25:25",1414900
22850,-150,5400,"sd","14:25:46",1420300
22900,-100,300,"sd","14:25:54",1420600
22900,-100,400,"sd","14:25:56",1421000
22900,-100,5000,"sd","14:26:30",1426000
22850,-150,6200,"bu","14:26:35",1432200
22950,-50,1600,"sd","14:26:40",1433800
22850,-150,1700,"sd","14:26:56",1435500
22900,-100,3200,"bu","14:27:15",1438700
22850,-150,100,"sd","14:27:16",1438800
22900,-100,1600,"sd","14:27:20",1440400
22850,-150,100,"bu","14:27:24",1440500
22900,-100,1600,"bu","14:27:30",1442100
22950,-50,3200,"bu","14:27:35",1445300
22950,-50,3200,"sd","14:27:41",1448500
22900,-100,500,"bu","14:27:43",1449000
22900,-100,200,"sd","14:27:45",1449200
22950,-50,5000,"bu","14:27:47",1454200
22900,-100,3600,"sd","14:27:55",1457800
22900,-100,200,"sd","14:28:06",1458000
22950,-50,2900,"sd","14:28:16",1460900
22900,-100,5400,"bu","14:28:23",1466300
22950,-50,700,"bu","14:28:27",1467000
22950,-50,1200,"bu","14:28:29",1468200
22950,-50,700,"sd","14:28:33",1468900
22900,-100,100,"bu","14:28:36",1469000
22950,-50,3200,"sd","14:28:41",1472200
22950,-50,700,"sd","14:28:44",1472900
22900,-100,300,"bu","14:28:45",1473200
22950,-50,4800,"sd","14:28:49",1478000
22950,-50,700,"sd","14:28:52",1478700
22900,-100,5800,"sd","14:28:56",1484500
22950,-50,100,"sd","14:28:58",1484600
22950,-50,1200,"bu","14:29:00",1485800
22950,-50,900,"sd","14:29:02",1486700
23000,0,700,"sd","14:29:04",1487400
22950,-50,600,"bu","14:29:05",1488000
22950,-50,2100,"sd","14:29:09",1490100
22950,-50,900,"bu","14:29:15",1491000
22900,-100,7200,"bu","14:29:25",1498200
22950,-50,100,"bu","14:29:30",1498300
23000,0,3000,"sd","14:29:32",1501300
23000,0,700,"sd","14:29:35",1502000
23000,0,4800,"sd","14:29:37",1506800
23000,0,5900,"bu","14:29:45",1512700
23000,0,4800,"sd","14:29:52",1517500
23000,0,4800,"bu","14:30:01",1522300
22950,-50,1500,"bu","14:30:04",1523800
22950,-50,63700,"bu","14:45:15",1587500
