"symbol","time","price","change","vol","total","side"
"PVT","14:45:05",26.85,-0.45,148300,3487700,
"PVT","14:29:58",26.9,-0.4,500,3339400,"S"
"PVT","14:29:54",26.9,-0.4,300,3338900,"B"
"PVT","14:29:50",26.9,-0.4,1000,3338600,"B"
"PVT","14:29:39",26.9,-0.4,200,3337600,"S"
"PVT","14:29:21",26.9,-0.4,10500,3337400,"B"
"PVT","14:29:17",26.95,-0.35,200,3326900,"S"
"PVT","14:29:16",26.9,-0.4,2200,3326700,"B"
"PVT","14:29:01",26.9,-0.4,3000,3324500,"B"
"PVT","14:28:53",26.95,-0.35,300,3321500,"S"
"PVT","14:28:50",26.9,-0.4,900,3321200,"B"
"PVT","14:28:44",26.9,-0.4,500,3320300,"S"
"PVT","14:28:36",26.9,-0.4,1500,3319800,"B"
"PVT","14:28:30",26.9,-0.4,600,3318300,"B"
"PVT","14:28:28",26.9,-0.4,5000,3317700,"B"
"PVT","14:28:13",26.9,-0.4,20000,3312700,"B"
"PVT","14:27:57",26.9,-0.4,11100,3292700,"B"
"PVT","14:27:23",26.95,-0.35,100,3281600,"S"
"PVT","14:27:14",26.95,-0.35,100,3281500,"S"
"PVT","14:26:59",26.95,-0.35,100,3281400,"S"
"PVT","14:26:35",26.9,-0.4,1000,3281300,"B"
"PVT","14:26:29",26.9,-0.4,2500,3280300,"B"
"PVT","14:25:49",26.9,-0.4,10000,3277800,"B"
"PVT","14:25:42",26.95,-0.35,2000,3267800,"S"
"PVT","14:25:34",26.9,-0.4,500,3265800,"B"
"PVT","14:25:24",26.95,-0.35,100,3265300,"S"
"PVT","14:25:22",26.9,-0.4,500,3265200,"B"
"PVT","14:25:15",26.9,-0.4,3000,3264700,"B"
"PVT","14:24:37",26.95,-0.35,700,3261700,"S"
"PVT","14:24:21",26.9,-0.4,1000,3261000,"B"
"PVT","14:24:10",26.95,-0.35,1000,3260000,"S"
"PVT","14:23:39",26.9,-0.4,500,3259000,"B"
"PVT","14:23:31",26.9,-0.4,300,3258500,"B"
"PVT","14:23:01",26.9,-0.4,500,3258200,"B"
"PVT","14:22:39",26.95,-0.35,800,3257700,"S"
"PVT","14:22:16",26.9,-0.4,100,3256900,"B"
"PVT","14:22:09",26.95,-0.35,1000,3256800,"S"
"PVT","14:22:04",26.9,-0.4,2900,3255800,"S"
"PVT","14:22:03",26.9,-0.4,100,3252900,"S"
"PVT","14:22:02",26.9,-0.4,100,3252800,"S"
"PVT","14:22:01",26.9,-0.4,100,3252700,"S"
"PVT","14:22:00",26.9,-0.4,500,3252600,"S"
"PVT","14:21:58",26.9,-0.4,500,3252100,"S"
"PVT","14:21:57",26.9,-0.4,100,3251600,"S"
"PVT","14:21:56",26.9,-0.4,1400,3251500,"S"
"PVT","14:21:54",26.9,-0.4,1000,3250100,"S"
"PVT","14:21:47",26.9,-0.4,1000,3249100,"S"
"PVT","14:21:46",26.9,-0.4,100,3248100,"S"
"PVT","14:21:45",26.9,-0.4,1000,3248000,"S"
"PVT","14:21:43",26.9,-0.4,3500,3247000,"S"
"PVT","14:21:37",26.9,-0.4,3000,3243500,"S"
"PVT","14:21:37",26.9,-0.4,500,3240500,"S"
"PVT","14:21:28",26.9,-0.4,4400,3240000,"S"
"PVT","14:21:11",26.9,-0.4,100,3235600,"S"
"PVT","14:21:06",26.9,-0.4,100,3235500,"S"
"PVT","14:21:01",26.9,-0.4,1000,3235400,"S"
"PVT","14:20:51",26.9,-0.4,100,3234400,"S"
"PVT","14:20:45",26.9,-0.4,5000,3234300,"S"
"PVT","14:20:40",26.9,-0.4,200,3229300,"S"
"PVT","14:20:29",26.9,-0.4,200,3229100,"S"
"PVT","14:20:27",26.9,-0.4,100,3228800,"S"
"PVT","14:20:18",26.9,-0.4,200,3228700,"S"
"PVT","14:20:08",26.9,-0.4,1000,3228500,"S"
"PVT","14:20:02",26.9,-0.4,100,3227500,"S"
"PVT","14:19:57",26.9,-0.4,2400,3227400,"B"
"PVT","14:19:45",26.9,-0.4,20000,3225000,"B"
"PVT","14:19:25",26.9,-0.4,300,3205000,"B"
"PVT","14:19:13",26.9,-0.4,3000,3204700,"B"
"PVT","14:19:01",26.9,-0.4,4000,3201700,"B"
"PVT","14:18:58",26.9,-0.4,4000,3197700,"B"
"PVT","14:18:52",26.9,-0.4,2500,3193700,"B"
"PVT","14:18:34",26.9,-0.4,5000,3191200,"B"
"PVT","14:18:21",26.9,-0.4,100,3186200,"B"
"PVT","14:18:20",26.9,-0.4,1700,3186100,"B"
"PVT","14:18:14",26.9,-0.4,3000,3184400,"B"
"PVT","14:18:10",26.9,-0.4,1000,3181400,"B"
"PVT","14:18:05",26.9,-0.4,1000,3180400,"B"
"PVT","14:17:48",26.95,-0.35,100,3179400,"S"
"PVT","14:17:39",26.9,-0.4,100,3179300,"B"
"PVT","14:17:11",26.9,-0.4,3000,3179200,"B"
"PVT","14:16:23",26.95,-0.35,200,3176200,"S"
"PVT","14:16:18",26.95,-0.35,100,3176000,"S"
"PVT","14:15:56",26.95,-0.35,200,3175900,"S"
"PVT","14:15:36",26.95,-0.35,500,3175700,"S"
"PVT","14:15:29",26.95,-0.35,1000,3175200,"S"
"PVT","14:15:17",26.9,-0.4,3000,3174200,"B"
"PVT","14:14:28",26.9,-0.4,500,3171200,"B"
"PVT","14:14:25",26.9,-0.4,25500,3170700,"S"
"PVT","14:14:01",26.9,-0.4,800,3145200,"S"
"PVT","14:13:53",26.9,-0.4,100,3144400,"S"
"PVT","14:13:48",26.9,-0.4,100,3144300,"S"
"PVT","14:13:35",26.9,-0.4,2000,3144200,"S"
"PVT","14:13:31",26.85,-0.45,2300,3142200,"S"
"PVT","14:13:28",26.85,-0.45,1000,3139900,"S"
"PVT","14:13:25",26.8,-0.5,600,3138900,"B"
"PVT","14:13:25",26.85,-0.45,100,3138300,"S"
"PVT","14:13:22",26.85,-0.45,3000,3138200,"S"
"PVT","14:13:14",26.85,-0.45,200,3135200,"S"
"PVT","14:13:02",26.85,-0.45,5600,3135000,"B"
"PVT","14:13:01",26.85,-0.45,4000,3129400,"B"
"PVT","14:12:58",26.9,-0.4,300,3125400,"S"
"PVT","14:12:57",26.9,-0.4,1000,3125100,"S"
"PVT","14:12:57",26.85,-0.45,3000,3124100,"B"
"PVT","14:12:48",26.85,-0.45,4000,3121100,"B"
"PVT","14:12:47",26.85,-0.45,4000,3117100,"B"
"PVT","14:12:47",26.9,-0.4,7000,3113100,"S"
"PVT","14:12:44",26.85,-0.45,100,3106100,"B"
"PVT","14:12:34",26.85,-0.45,4000,3106000,"B"
"PVT","14:11:50",26.85,-0.45,400,3102000,"S"
"PVT","14:11:49",26.85,-0.45,1600,3101600,"B"
"PVT","14:11:38",26.85,-0.45,200,3100000,"S"
"PVT","14:11:34",26.85,-0.45,100,3099800,"S"
"PVT","14:11:27",26.85,-0.45,700,3099700,"B"
"PVT","14:11:22",26.85,-0.45,1500,3099000,"B"
"PVT","14:11:15",26.85,-0.45,1000,3097500,"B"
"PVT","14:11:14",26.85,-0.45,1000,3096500,"B"
"PVT","14:11:13",26.85,-0.45,100,3095500,"B"
"PVT","14:11:08",26.85,-0.45,1000,3095400,"B"
"PVT","14:10:49",26.85,-0.45,3000,3094400,"S"
"PVT","14:10:34",26.85,-0.45,100,3091400,"S"
"PVT","14:10:28",26.85,-0.45,5000,3091300,"S"
"PVT","14:10:26",26.85,-0.45,500,3086300,"S"
"PVT","14:10:22",26.8,-0.5,1500,3085800,"B"
"PVT","14:10:19",26.85,-0.45,10000,3084300,"S"
"PVT","14:10:17",26.85,-0.45,2800,3074300,"S"
"PVT","14:10:16",26.85,-0.45,100,3071500,"S"
"PVT","14:10:10",26.85,-0.45,400,3071400,"S"
"PVT","14:10:10",26.85,-0.45,2700,3071000,"S"
"PVT","14:10:02",26.85,-0.45,100,3068300,"S"
"PVT","14:10:00",26.85,-0.45,4000,3068200,"S"
"PVT","14:09:57",26.85,-0.45,200,3064200,"S"
"PVT","14:09:56",26.8,-0.5,5000,3064000,"B"
"PVT","14:09:53",26.85,-0.45,1000,3059000,"S"
"PVT","14:09:47",26.85,-0.45,1000,3058000,"S"
"PVT","14:09:33",26.85,-0.45,12000,3057000,"S"
"PVT","14:09:28",26.85,-0.45,4000,3045000,"S"
"PVT","14:09:27",26.85,-0.45,500,3041000,"S"
"PVT","14:09:05",26.85,-0.45,300,3040500,"S"
"PVT","14:08:56",26.85,-0.45,500,3040200,"S"
"PVT","14:08:55",26.8,-0.5,700,3039700,"B"
"PVT","14:08:22",26.8,-0.5,1000,3039000,"B"
"PVT","14:08:16",26.8,-0.5,1000,3038000,"B"
"PVT","14:08:10",26.8,-0.5,5000,3037000,"B"
"PVT","14:07:56",26.85,-0.45,100,3032000,"S"
"PVT","14:07:44",26.8,-0.5,100,3031900,"B"
"PVT","14:07:34",26.8,-0.5,2000,3031800,"B"
"PVT","14:07:22",26.85,-0.45,6700,3029800,"B"
"PVT","14:07:20",26.85,-0.45,1000,3023100,"B"
"PVT","14:07:17",26.85,-0.45,1000,3022100,"B"
"PVT","14:07:11",26.85,-0.45,20000,3021100,"B"
"PVT","14:07:08",26.9,-0.4,2000,3001100,"S"
"PVT","14:07:07",26.85,-0.45,1000,2999100,"B"
"PVT","14:06:52",26.9,-0.4,300,2998100,"S"
"PVT","14:06:50",26.9,-0.4,500,2997800,"S"
"PVT","14:06:28",26.9,-0.4,5000,2997300,"S"
"PVT","14:06:14",26.85,-0.45,1000,2992300,"B"
"PVT","14:06:09",26.85,-0.45,100,2991300,"B"
"PVT","14:06:07",26.85,-0.45,2200,2991200,"B"
"PVT","14:06:07",26.85,-0.45,7800,2989000,"B"
"PVT","14:05:40",26.85,-0.45,2000,2981200,"B"
"PVT","14:05:28",26.85,-0.45,1000,2979200,"B"
"PVT","14:05:18",26.85,-0.45,200,2978200,"B"
"PVT","14:05:08",26.85,-0.45,1000,2978000,"B"
"PVT","14:04:55",26.85,-0.45,100,2977000,"B"
"PVT","14:04:53",26.85,-0.45,100,2976900,"B"
"PVT","14:04:52",26.85,-0.45,9000,2976800,"S"
"PVT","14:04:41",26.85,-0.45,100,2967800,"S"
"PVT","14:04:39",26.8,-0.5,6600,2967700,"S"
"PVT","14:04:38",26.8,-0.5,500,2961100,"S"
"PVT","14:04:35",26.8,-0.5,100,2960600,"S"
"PVT","14:04:34",26.8,-0.5,2000,2960500,"S"
"PVT","14:04:33",26.8,-0.5,200,2958500,"S"
"PVT","14:04:32",26.8,-0.5,15600,2958300,"B"
"PVT","14:04:29",26.85,-0.45,900,2942700,"B"
"PVT","14:04:14",26.85,-0.45,800,2941800,"S"
"PVT","14:04:11",26.85,-0.45,1000,2941000,"S"
"PVT","14:04:10",26.85,-0.45,100,2940000,"S"
"PVT","14:04:04",26.8,-0.5,3100,2939900,"B"
"PVT","14:04:04",26.8,-0.5,70000,2936800,"B"
"PVT","14:03:59",26.85,-0.45,100,2866800,"S"
"PVT","14:03:56",26.85,-0.45,600,2866700,"S"
"PVT","14:03:52",26.85,-0.45,1700,2866100,"B"
"PVT","14:03:49",26.85,-0.45,10000,2864400,"B"
"PVT","14:03:33",26.85,-0.45,500,2854400,"B"
"PVT","14:03:27",26.85,-0.45,10000,2853900,"B"
"PVT","14:03:07",26.85,-0.45,100,2843900,"S"
"PVT","14:03:05",26.85,-0.45,800,2843800,"S"
"PVT","14:03:04",26.85,-0.45,100,2843000,"S"
"PVT","14:03:00",26.85,-0.45,500,2842900,"S"
"PVT","14:02:58",26.85,-0.45,13500,2842400,"B"
"PVT","14:02:52",26.85,-0.45,1700,2828900,"B"
"PVT","14:02:47",26.85,-0.45,17000,2827200,"S"
"PVT","14:02:45",26.85,-0.45,10000,2810200,"S"
"PVT","14:02:42",26.85,-0.45,1000,2800200,"S"
"PVT","14:02:38",26.85,-0.45,2000,2799200,"S"
"PVT","14:02:37",26.85,-0.45,600,2797200,"S"
"PVT","14:02:33",26.85,-0.45,100,2796600,"S"
"PVT","14:02:31",26.85,-0.45,1000,2796500,"S"
"PVT","14:02:24",26.85,-0.45,100,2795500,"S"
"PVT","14:02:24",26.85,-0.45,300,2795400,"S"
"PVT","14:02:13",26.85,-0.45,68000,2795100,"B"
"PVT","14:02:08",26.85,-0.45,13000,2727100,"B"
"PVT","14:02:00",26.85,-0.45,10000,2714100,"B"
"PVT","14:01:48",26.9,-0.4,500,2704100,"S"
"PVT","14:01:44",26.9,-0.4,900,2703600,"S"
"PVT","14:01:38",26.9,-0.4,200,2702700,"S"
"PVT","14:01:32",26.9,-0.4,500,2702500,"S"
"PVT","14:01:30",26.9,-0.4,5800,2702000,"B"
"PVT","14:01:28",26.9,-0.4,3000,2696200,"B"
"PVT","14:01:27",26.95,-0.35,1000,2693200,"S"
"PVT","14:01:16",26.9,-0.4,5000,2692200,"B"
"PVT","14:01:06",26.9,-0.4,600,2687200,"B"
"PVT","14:00:55",26.9,-0.4,2800,2686600,"B"
"PVT","14:00:54",26.9,-0.4,1900,2683800,"B"
"PVT","14:00:53",26.9,-0.4,2500,2681900,"B"
"PVT","14:00:52",26.9,-0.4,11600,2679400,"B"
"PVT","14:00:50",26.9,-0.4,3000,2667800,"B"
"PVT","14:00:49",26.9,-0.4,11000,2664800,"B"
"PVT","14:00:44",26.9,-0.4,20000,2653800,"B"
"PVT","14:00:40",26.9,-0.4,4500,2633800,"B"
"PVT","14:00:21",26.9,-0.4,3000,2629300,"B"
"PVT","14:00:19",26.9,-0.4,10000,2626300,"B"
"PVT","14:00:03",26.9,-0.4,10000,2616300,"B"
"PVT","14:00:03",26.9,-0.4,200,2606300,"B"
"PVT","13:59:42",26.9,-0.4,800,2606100,"B"
"PVT","13:59:42",26.9,-0.4,200,2605300,"B"
"PVT","13:59:39",26.95,-0.35,200,2605100,"S"
"PVT","13:59:26",26.95,-0.35,1000,2604900,"S"
"PVT","13:59:05",26.95,-0.35,600,2603900,"S"
"PVT","13:59:04",26.9,-0.4,2100,2603300,"B"
"PVT","13:58:51",26.95,-0.35,1000,2601200,"S"
"PVT","13:58:22",26.95,-0.35,7900,2600200,"S"
"PVT","13:58:15",26.95,-0.35,3000,2592300,"S"
"PVT","13:58:10",26.95,-0.35,15000,2589300,"S"
"PVT","13:57:57",26.95,-0.35,100,2574300,"S"
"PVT","13:57:56",26.95,-0.35,100,2574200,"S"
"PVT","13:57:53",26.95,-0.35,1000,2574100,"S"
"PVT","13:57:50",26.95,-0.35,1000,2573100,"S"
"PVT","13:57:48",26.95,-0.35,100,2572100,"S"
"PVT","13:57:47",26.95,-0.35,8200,2572000,"S"
"PVT","13:57:42",26.95,-0.35,700,2563800,"S"
"PVT","13:57:38",26.9,-0.4,2000,2563100,"B"
"PVT","13:57:38",26.95,-0.35,500,2561100,"S"
"PVT","13:57:32",26.95,-0.35,5000,2560600,"S"
"PVT","13:57:31",26.95,-0.35,1000,2555600,"S"
"PVT","13:57:21",26.95,-0.35,100,2554600,"S"
"PVT","13:57:12",26.95,-0.35,1000,2554500,"S"
"PVT","13:57:06",26.95,-0.35,500,2553500,"S"
"PVT","13:57:05",26.95,-0.35,500,2553000,"S"
"PVT","13:56:39",26.95,-0.35,1000,2552500,"S"
"PVT","13:56:34",26.9,-0.4,700,2551500,"B"
"PVT","13:56:34",26.95,-0.35,700,2550800,"S"
"PVT","13:56:27",26.9,-0.4,100,2550100,"B"
"PVT","13:56:17",26.9,-0.4,500,2550000,"B"
"PVT","13:56:13",26.95,-0.35,200,2549500,"S"
"PVT","13:56:00",26.95,-0.35,500,2549300,"S"
"PVT","13:55:56",26.95,-0.35,3000,2548800,"S"
"PVT","13:55:55",26.95,-0.35,500,2545800,"S"
"PVT","13:55:51",26.95,-0.35,600,2545300,"S"
"PVT","13:55:47",26.95,-0.35,2000,2544700,"S"
"PVT","13:55:43",26.95,-0.35,1000,2542700,"S"
"PVT","13:55:12",26.95,-0.35,2000,2541700,"S"
"PVT","13:54:56",26.95,-0.35,300,2539700,"S"
"PVT","13:54:55",26.95,-0.35,200,2539400,"S"
"PVT","13:54:55",26.95,-0.35,200,2539200,"S"
"PVT","13:54:42",26.95,-0.35,1200,2539000,"S"
"PVT","13:54:26",26.95,-0.35,100,2537800,"S"
"PVT","13:54:14",26.95,-0.35,2000,2537700,"S"
"PVT","13:54:13",26.95,-0.35,200,2535700,"S"
"PVT","13:54:00",26.95,-0.35,200,2535500,"S"
"PVT","13:53:50",26.95,-0.35,4100,2535300,"S"
"PVT","13:53:37",26.95,-0.35,500,2531200,"S"
"PVT","13:53:33",26.95,-0.35,1200,2530700,"S"
"PVT","13:53:30",26.95,-0.35,10000,2529500,"S"
"PVT","13:53:22",26.95,-0.35,400,2519500,"S"
"PVT","13:53:20",26.95,-0.35,2000,2519100,"S"
"PVT","13:53:19",26.95,-0.35,2000,2517100,"S"
"PVT","13:53:05",26.95,-0.35,1000,2515100,"S"
"PVT","13:52:43",26.95,-0.35,100,2514100,"S"
"PVT","13:52:37",26.95,-0.35,300,2514000,"S"
"PVT","13:52:26",26.95,-0.35,500,2513700,"S"
"PVT","13:52:01",26.95,-0.35,100,2513200,"S"
"PVT","13:51:46",26.95,-0.35,100,2513100,"S"
"PVT","13:51:28",26.95,-0.35,5000,2513000,"S"
"PVT","13:51:15",26.95,-0.35,200,2508000,"S"
"PVT","13:51:09",26.95,-0.35,100,2507800,"S"
"PVT","13:51:05",26.95,-0.35,1000,2507700,"S"
"PVT","13:51:01",26.95,-0.35,700,2506700,"S"
"PVT","13:49:59",26.95,-0.35,700,2506000,"S"
"PVT","13:49:29",26.95,-0.35,5000,2505300,"S"
"PVT","13:49:16",26.95,-0.35,300,2500300,"S"
"PVT","13:49:06",26.95,-0.35,5000,2500000,"S"
"PVT","13:48:41",26.95,-0.35,2000,2495000,"S"
"PVT","13:48:34",26.95,-0.35,100,2493000,"S"
"PVT","13:48:19",26.95,-0.35,300,2492900,"S"
"PVT","13:48:14",26.9,-0.4,500,2492600,"B"
"PVT","13:48:04",26.9,-0.4,3000,2492100,"B"
"PVT","13:47:48",26.9,-0.4,100,2489100,"B"
"PVT","13:47:45",26.9,-0.4,5000,2489000,"B"
"PVT","13:47:39",26.9,-0.4,200,2484000,"B"
"PVT","13:47:37",26.95,-0.35,3300,2483800,"S"
"PVT","13:47:14",26.9,-0.4,600,2480500,"B"
"PVT","13:46:31",26.9,-0.4,500,2479900,"B"
"PVT","13:46:30",26.9,-0.4,1000,2479400,"B"
"PVT","13:46:08",26.9,-0.4,1000,2478400,"B"
"PVT","13:46:05",26.9,-0.4,100,2477400,"B"
"PVT","13:45:52",26.95,-0.35,1000,2477300,"S"
"PVT","13:45:47",26.95,-0.35,200,2476300,"S"
"PVT","13:45:17",26.95,-0.35,100,2476100,"S"
"PVT","13:45:08",26.95,-0.35,9600,2476000,"B"
"PVT","13:44:49",26.95,-0.35,100,2466400,"B"
"PVT","13:44:40",26.95,-0.35,1300,2466300,"S"
"PVT","13:44:33",26.95,-0.35,500,2465000,"S"
"PVT","13:44:29",26.95,-0.35,5000,2464500,"S"
"PVT","13:44:29",26.95,-0.35,9800,2459500,"S"
"PVT","13:44:19",26.95,-0.35,1000,2449700,"S"
"PVT","13:44:11",26.95,-0.35,1000,2448700,"S"
"PVT","13:44:09",26.95,-0.35,2000,2447700,"S"
"PVT","13:43:56",26.95,-0.35,16000,2445700,"S"
"PVT","13:43:11",26.95,-0.35,500,2429700,"B"
"PVT","13:43:06",26.95,-0.35,100,2429200,"B"
"PVT","13:42:55",26.95,-0.35,2400,2429100,"S"
"PVT","13:42:52",26.95,-0.35,200,2426700,"S"
"PVT","13:42:42",26.95,-0.35,500,2426500,"S"
"PVT","13:42:41",26.9,-0.4,300,2426000,"B"
"PVT","13:42:35",26.9,-0.4,15000,2425700,"B"
"PVT","13:42:26",26.95,-0.35,1000,2410700,"S"
"PVT","13:42:15",26.9,-0.4,1500,2409700,"B"
"PVT","13:41:56",26.95,-0.35,200,2408200,"S"
"PVT","13:41:53",26.95,-0.35,1000,2408000,"S"
"PVT","13:41:51",26.95,-0.35,1000,2407000,"S"
"PVT","13:41:49",26.95,-0.35,1000,2406000,"S"
"PVT","13:41:38",26.95,-0.35,500,2405000,"S"
"PVT","13:41:36",26.95,-0.35,100,2404500,"S"
"PVT","13:41:34",26.95,-0.35,1000,2404400,"S"
"PVT","13:41:26",26.95,-0.35,300,2403400,"B"
"PVT","13:41:17",26.95,-0.35,3000,2403100,"B"
"PVT","13:41:09",26.95,-0.35,100,2400100,"B"
"PVT","13:40:53",26.95,-0.35,300,2400000,"B"
"PVT","13:40:52",26.95,-0.35,100,2399700,"B"
"PVT","13:40:42",26.95,-0.35,3000,2399600,"B"
"PVT","13:40:37",26.95,-0.35,4500,2396600,"B"
"PVT","13:40:16",26.95,-0.35,2000,2392100,"B"
"PVT","13:40:09",26.95,-0.35,1700,2390100,"B"
"PVT","13:39:47",26.95,-0.35,100,2388400,"B"
"PVT","13:39:37",26.95,-0.35,100,2388300,"B"
"PVT","13:39:36",26.95,-0.35,100,2388200,"B"
"PVT","13:39:01",26.95,-0.35,100,2388100,"B"
"PVT","13:38:53",26.95,-0.35,100,2388000,"B"
"PVT","13:38:52",26.95,-0.35,6000,2387900,"B"
"PVT","13:38:37",26.95,-0.35,600,2381900,"B"
"PVT","13:38:37",26.95,-0.35,200,2381300,"B"
"PVT","13:38:30",26.95,-0.35,3000,2381100,"B"
"PVT","13:38:21",26.95,-0.35,200,2378100,"B"
"PVT","13:37:31",27,-0.3,100,2377900,"S"
"PVT","13:37:21",26.95,-0.35,800,2377800,"B"
"PVT","13:37:12",26.95,-0.35,1000,2377000,"B"
"PVT","13:36:59",26.95,-0.35,100,2376000,"B"
"PVT","13:36:40",26.95,-0.35,1000,2375900,"B"
"PVT","13:36:27",26.95,-0.35,5000,2374900,"B"
"PVT","13:36:16",26.95,-0.35,1800,2369900,"S"
"PVT","13:36:14",26.95,-0.35,100,2368100,"S"
"PVT","13:36:12",26.95,-0.35,200,2368000,"S"
"PVT","13:36:09",26.95,-0.35,200,2367800,"S"
"PVT","13:36:07",26.95,-0.35,2000,2367600,"S"
"PVT","13:36:06",26.95,-0.35,200,2365600,"S"
"PVT","13:36:05",26.95,-0.35,1000,2365400,"S"
"PVT","13:36:01",26.95,-0.35,500,2364400,"S"
"PVT","13:36:01",26.95,-0.35,200,2363900,"S"
"PVT","13:35:59",26.95,-0.35,300,2363700,"S"
"PVT","13:35:58",26.95,-0.35,500,2363400,"S"
"PVT","13:35:54",26.95,-0.35,1200,2362900,"S"
"PVT","13:35:52",26.95,-0.35,1000,2361700,"B"
"PVT","13:35:46",26.95,-0.35,500,2360700,"S"
"PVT","13:35:42",26.95,-0.35,1800,2360200,"S"
"PVT","13:35:41",26.95,-0.35,100,2358400,"S"
"PVT","13:35:39",26.95,-0.35,500,2358300,"S"
"PVT","13:35:38",26.95,-0.35,100,2357800,"S"
"PVT","13:35:37",26.95,-0.35,1000,2357700,"S"
"PVT","13:35:32",26.95,-0.35,100,2356700,"S"
"PVT","13:35:30",26.95,-0.35,500,2356600,"S"
"PVT","13:35:29",26.95,-0.35,600,2356100,"S"
"PVT","13:35:28",26.95,-0.35,600,2355500,"S"
"PVT","13:35:23",26.95,-0.35,500,2354900,"S"
"PVT","13:35:17",26.95,-0.35,500,2354400,"S"
"PVT","13:35:04",26.95,-0.35,6200,2353900,"B"
"PVT","13:35:00",26.95,-0.35,1000,2347700,"B"
"PVT","13:34:55",26.95,-0.35,2000,2346700,"B"
"PVT","13:34:48",26.95,-0.35,3600,2344700,"B"
"PVT","13:34:33",26.95,-0.35,3000,2341100,"B"
"PVT","13:34:28",26.95,-0.35,1500,2338100,"B"
"PVT","13:34:27",26.95,-0.35,600,2336600,"B"
"PVT","13:34:26",27,-0.3,1000,2336000,"S"
"PVT","13:34:23",26.95,-0.35,2900,2335000,"B"
"PVT","13:34:13",26.95,-0.35,500,2332100,"B"
"PVT","13:34:10",26.95,-0.35,5900,2331600,"B"
"PVT","13:34:01",27,-0.3,3000,2325700,"S"
"PVT","13:33:57",26.95,-0.35,2000,2322700,"B"
"PVT","13:33:52",26.95,-0.35,1400,2320700,"B"
"PVT","13:33:51",26.95,-0.35,5000,2319300,"B"
"PVT","13:33:46",26.95,-0.35,100,2314300,"B"
"PVT","13:33:38",27,-0.3,1000,2314200,"S"
"PVT","13:33:37",27,-0.3,100,2313200,"S"
"PVT","13:33:37",26.95,-0.35,200,2313100,"B"
"PVT","13:33:30",26.95,-0.35,10000,2312900,"B"
"PVT","13:33:20",27,-0.3,100,2302900,"S"
"PVT","13:32:10",27,-0.3,2000,2302800,"S"
"PVT","13:31:41",27,-0.3,1000,2300800,"S"
"PVT","13:31:37",26.95,-0.35,1000,2299800,"B"
"PVT","13:31:36",26.95,-0.35,1700,2298800,"B"
"PVT","13:31:35",26.95,-0.35,3800,2297100,"B"
"PVT","13:31:31",27,-0.3,1000,2293300,"S"
"PVT","13:31:25",27,-0.3,500,2292300,"S"
"PVT","13:31:17",27,-0.3,6600,2291800,"B"
"PVT","13:31:15",27.05,-0.25,100,2285200,"S"
"PVT","13:31:14",27,-0.3,500,2285100,"B"
"PVT","13:31:11",27,-0.3,3800,2284600,"S"
"PVT","13:31:08",27,-0.3,6200,2280800,"B"
"PVT","13:31:06",27.05,-0.25,200,2274600,"S"
"PVT","13:31:05",27,-0.3,20000,2274400,"B"
"PVT","13:31:03",27,-0.3,1500,2254400,"B"
"PVT","13:31:00",27,-0.3,2100,2252900,"B"
"PVT","13:30:57",27,-0.3,2000,2250800,"B"
"PVT","13:30:49",27,-0.3,10000,2248800,"B"
"PVT","13:30:41",27,-0.3,23900,2238800,"B"
"PVT","13:30:18",27.05,-0.25,1100,2214900,"S"
"PVT","13:30:05",27,-0.3,200,2213800,"B"
"PVT","13:29:04",27.05,-0.25,100,2213600,"S"
"PVT","13:28:52",27,-0.3,7000,2213500,"B"
"PVT","13:28:33",27,-0.3,11900,2206500,"B"
"PVT","13:28:32",27,-0.3,57800,2194600,"B"
"PVT","13:28:25",27.05,-0.25,800,2136800,"S"
"PVT","13:28:01",27.05,-0.25,100,2136000,"S"
"PVT","13:27:38",27.05,-0.25,18000,2135900,"B"
"PVT","13:26:42",27.05,-0.25,13000,2117900,"B"
"PVT","13:26:40",27.05,-0.25,3000,2104900,"B"
"PVT","13:26:35",27.05,-0.25,300,2101900,"B"
"PVT","13:26:21",27.05,-0.25,2500,2101600,"B"
"PVT","13:26:17",27.05,-0.25,100,2099100,"B"
"PVT","13:25:56",27.05,-0.25,1000,2099000,"B"
"PVT","13:25:53",27.05,-0.25,10000,2098000,"B"
"PVT","13:25:23",27.05,-0.25,500,2088000,"B"
"PVT","13:24:44",27.05,-0.25,800,2087500,"B"
"PVT","13:24:35",27.1,-0.2,1000,2086700,"S"
"PVT","13:24:16",27.1,-0.2,1000,2085700,"S"
"PVT","13:24:06",27.05,-0.25,100,2084700,"B"
"PVT","13:23:49",27.05,-0.25,2100,2084600,"S"
"PVT","13:23:48",27.05,-0.25,500,2082500,"S"
"PVT","13:23:18",27.05,-0.25,3500,2082000,"B"
"PVT","13:23:11",27.05,-0.25,700,2078500,"B"
"PVT","13:23:02",27.05,-0.25,4400,2077800,"B"
"PVT","13:22:56",27.05,-0.25,3000,2073400,"B"
"PVT","13:22:47",27.05,-0.25,500,2070400,"B"
"PVT","13:22:45",27.05,-0.25,2000,2069900,"B"
"PVT","13:22:35",27.05,-0.25,600,2067900,"B"
"PVT","13:20:53",27.05,-0.25,6000,2067300,"B"
"PVT","13:20:20",27.05,-0.25,100,2061300,"B"
"PVT","13:20:17",27.05,-0.25,500,2061200,"B"
"PVT","13:20:13",27.05,-0.25,300,2060700,"B"
"PVT","13:20:05",27.05,-0.25,20800,2060400,"S"
"PVT","13:19:55",27.05,-0.25,5600,2039600,"B"
"PVT","13:19:40",27.05,-0.25,4000,2034000,"B"
"PVT","13:19:30",27.05,-0.25,100,2030000,"B"
"PVT","13:19:27",27.05,-0.25,5000,2029900,"B"
"PVT","13:19:14",27.05,-0.25,1000,2024900,"B"
"PVT","13:19:01",27.05,-0.25,3600,2023900,"S"
"PVT","13:18:54",27.05,-0.25,10000,2020300,"S"
"PVT","13:18:51",27.05,-0.25,2000,2010300,"S"
"PVT","13:18:33",27,-0.3,200,2008300,"B"
"PVT","13:18:32",27.05,-0.25,100,2008100,"S"
"PVT","13:18:25",27.05,-0.25,1700,2008000,"S"
"PVT","13:18:18",27.05,-0.25,100,2006300,"S"
"PVT","13:18:15",27,-0.3,1400,2006200,"B"
"PVT","13:18:00",27,-0.3,800,2004800,"B"
"PVT","13:17:56",27.1,-0.2,200,2003000,"S"
"PVT","13:17:51",27.05,-0.25,16000,2002800,"B"
"PVT","13:17:33",27.1,-0.2,100,1986800,"S"
"PVT","13:17:31",27.1,-0.2,1600,1986700,"S"
"PVT","13:17:01",27.1,-0.2,300,1985100,"S"
"PVT","13:16:55",27.05,-0.25,4800,1984800,"B"
"PVT","13:14:33",27.05,-0.25,500,1980000,"B"
"PVT","13:14:23",27.05,-0.25,2500,1979500,"S"
"PVT","13:14:14",27.05,-0.25,400,1977000,"S"
"PVT","13:14:00",27.05,-0.25,200,1976600,"S"
"PVT","13:13:49",27.05,-0.25,2100,1976400,"B"
"PVT","13:12:56",27.05,-0.25,400,1974300,"S"
"PVT","13:12:53",27,-0.3,1000,1973900,"B"
"PVT","13:12:42",27,-0.3,5900,1972900,"B"
"PVT","13:12:39",27.05,-0.25,100,1967000,"S"
"PVT","13:12:34",27.05,-0.25,300,1966900,"S"
"PVT","13:12:15",27.05,-0.25,1000,1966600,"S"
"PVT","13:12:12",27.05,-0.25,3000,1965600,"S"
"PVT","13:12:08",27.05,-0.25,100,1962600,"S"
"PVT","13:12:06",27.05,-0.25,1200,1962500,"S"
"PVT","13:12:03",27.05,-0.25,1000,1961300,"S"
"PVT","13:11:54",27.05,-0.25,3600,1960300,"S"
"PVT","13:11:45",27.05,-0.25,100,1956700,"S"
"PVT","13:11:37",27.05,-0.25,5000,1956600,"S"
"PVT","13:11:27",27,-0.3,500,1951600,"B"
"PVT","13:11:16",27,-0.3,5000,1951100,"B"
"PVT","13:11:01",27,-0.3,5000,1946100,"B"
"PVT","13:10:52",27,-0.3,500,1941100,"B"
"PVT","13:10:24",27,-0.3,1000,1940600,"B"
"PVT","13:10:23",27.05,-0.25,100,1939600,"S"
"PVT","13:10:18",27.05,-0.25,3000,1939500,"S"
"PVT","13:10:01",27.05,-0.25,5000,1936500,"S"
"PVT","13:09:42",27.05,-0.25,700,1931500,"S"
"PVT","13:09:41",27,-0.3,40000,1930800,"B"
"PVT","13:09:12",27.05,-0.25,9300,1890800,"B"
"PVT","13:09:11",27.05,-0.25,1000,1881500,"B"
"PVT","13:08:58",27.05,-0.25,1200,1880500,"B"
"PVT","13:08:40",27.05,-0.25,100,1879300,"B"
"PVT","13:08:33",27.05,-0.25,500,1879200,"B"
"PVT","13:08:13",27.05,-0.25,1600,1878700,"S"
"PVT","13:07:56",27.05,-0.25,1000,1877100,"S"
"PVT","13:07:54",27.05,-0.25,300,1876100,"S"
"PVT","13:07:16",27.05,-0.25,6000,1875800,"B"
"PVT","13:07:09",27.05,-0.25,2000,1869800,"B"
"PVT","13:06:43",27.05,-0.25,3600,1867800,"B"
"PVT","13:06:35",27.05,-0.25,3500,1864200,"B"
"PVT","13:06:17",27.05,-0.25,1300,1860700,"B"
"PVT","13:05:07",27.05,-0.25,2000,1859400,"B"
"PVT","13:05:00",27.05,-0.25,400,1857400,"S"
"PVT","13:04:59",27.05,-0.25,500,1857000,"S"
"PVT","13:04:57",27.05,-0.25,200,1856500,"S"
"PVT","13:04:53",27.05,-0.25,2800,1856300,"S"
"PVT","13:04:51",27.05,-0.25,600,1853500,"S"
"PVT","13:04:45",27.05,-0.25,10000,1852900,"S"
"PVT","13:04:39",27.05,-0.25,1000,1842900,"S"
"PVT","13:04:33",27.05,-0.25,600,1841900,"S"
"PVT","13:04:32",27.05,-0.25,1000,1841300,"S"
"PVT","13:04:17",27.05,-0.25,10000,1840300,"S"
"PVT","13:04:00",27,-0.3,100,1830300,"B"
"PVT","13:03:52",27,-0.3,200,1830200,"B"
"PVT","13:03:42",27,-0.3,400,1830000,"B"
"PVT","13:03:30",27,-0.3,200,1829600,"B"
"PVT","13:02:52",27.05,-0.25,500,1829400,"S"
"PVT","13:02:42",27.05,-0.25,4100,1828900,"S"
"PVT","13:02:31",27,-0.3,100,1824800,"B"
"PVT","13:02:26",27,-0.3,100,1824700,"B"
"PVT","13:02:19",27.05,-0.25,300,1824600,"S"
"PVT","13:02:08",27.05,-0.25,1000,1824300,"S"
"PVT","13:01:50",27,-0.3,500,1823300,"B"
"PVT","13:01:46",27.05,-0.25,1000,1822800,"S"
"PVT","13:01:44",27.05,-0.25,200,1821800,"S"
"PVT","13:01:31",27.05,-0.25,1000,1821600,"S"
"PVT","13:01:19",27.05,-0.25,1500,1820600,"S"
"PVT","13:00:56",27.05,-0.25,1000,1819100,"S"
"PVT","13:00:19",27.05,-0.25,500,1818100,"S"
"PVT","13:00:16",27.05,-0.25,500,1817600,"B"
"PVT","13:00:14",27.05,-0.25,1100,1817100,"B"
"PVT","13:00:14",27.05,-0.25,500,1816000,"B"
"PVT","13:00:12",27.05,-0.25,5000,1815500,"S"
"PVT","13:00:11",27.05,-0.25,200,1810500,"S"
"PVT","13:00:05",27.05,-0.25,21500,1810300,"B"
"PVT","13:00:03",27.1,-0.2,500,1788800,"S"
"PVT","13:00:03",27.05,-0.25,39300,1788300,"B"
"PVT","13:00:00",27.05,-0.25,1200,1749000,"B"
"PVT","11:29:53",27.05,-0.25,1000,1747800,"B"
"PVT","11:29:45",27.1,-0.2,2000,1746800,"S"
"PVT","11:29:28",27.1,-0.2,200,1744800,"S"
"PVT","11:28:49",27.05,-0.25,1000,1744600,"B"
"PVT","11:27:45",27.1,-0.2,1000,1743600,"S"
"PVT","11:26:07",27.1,-0.2,400,1742600,"S"
"PVT","11:24:39",27.05,-0.25,1000,1742200,"B"
"PVT","11:23:59",27.05,-0.25,10000,1741200,"B"
"PVT","11:23:14",27.1,-0.2,100,1731200,"S"
"PVT","11:22:10",27.05,-0.25,1000,1731100,"B"
"PVT","11:22:04",27.05,-0.25,20000,1730100,"B"
"PVT","11:21:02",27.05,-0.25,700,1710100,"B"
"PVT","11:16:24",27.1,-0.2,1300,1709400,"B"
"PVT","11:16:22",27.1,-0.2,3000,1708100,"B"
"PVT","11:16:20",27.1,-0.2,10000,1705100,"B"
"PVT","11:15:57",27.1,-0.2,1500,1695100,"B"
"PVT","11:15:50",27.1,-0.2,1000,1693600,"B"
"PVT","11:14:35",27.1,-0.2,2000,1692600,"B"
"PVT","11:14:18",27.15,-0.15,1000,1690600,"S"
"PVT","11:13:38",27.1,-0.2,1000,1689600,"S"
"PVT","11:13:35",27.1,-0.2,2100,1688600,"S"
"PVT","11:13:31",27.1,-0.2,5000,1686500,"S"
"PVT","11:13:22",27.1,-0.2,100,1681500,"S"
"PVT","11:13:21",27.1,-0.2,10000,1681400,"S"
"PVT","11:13:19",27.1,-0.2,500,1671400,"S"
"PVT","11:12:59",27.1,-0.2,1000,1670900,"S"
"PVT","11:12:52",27.1,-0.2,10000,1669900,"S"
"PVT","11:12:10",27.1,-0.2,500,1659900,"S"
"PVT","11:12:00",27.05,-0.25,4900,1659400,"B"
"PVT","11:11:53",27.05,-0.25,5000,1654500,"B"
"PVT","11:08:26",27.05,-0.25,700,1649500,"B"
"PVT","11:08:02",27.1,-0.2,1000,1648800,"S"
"PVT","11:07:11",27.1,-0.2,500,1647800,"S"
"PVT","11:07:00",27.1,-0.2,2800,1647300,"B"
"PVT","11:06:48",27.1,-0.2,1000,1644500,"B"
"PVT","11:06:17",27.1,-0.2,1800,1643500,"S"
"PVT","11:06:04",27.1,-0.2,100,1641700,"S"
"PVT","11:05:57",27.1,-0.2,200,1641600,"S"
"PVT","11:05:56",27.1,-0.2,1000,1641400,"S"
"PVT","11:05:50",27.1,-0.2,1000,1640400,"S"
"PVT","11:05:46",27.1,-0.2,200,1639400,"S"
"PVT","11:05:20",27.1,-0.2,200,1639200,"S"
"PVT","11:05:15",27.1,-0.2,1000,1639000,"S"
"PVT","11:05:06",27.1,-0.2,2000,1638000,"S"
"PVT","11:04:50",27.1,-0.2,1000,1636000,"S"
"PVT","11:04:25",27.1,-0.2,2000,1635000,"S"
"PVT","11:04:10",27.1,-0.2,100,1633000,"S"
"PVT","11:04:05",27.1,-0.2,100,1632900,"S"
"PVT","11:03:59",27.1,-0.2,200,1632800,"S"
"PVT","11:03:58",27.1,-0.2,1000,1632600,"S"
"PVT","11:03:47",27.1,-0.2,100,1631600,"S"
"PVT","11:03:35",27.1,-0.2,88300,1631500,"B"
"PVT","11:03:00",27.15,-0.15,500,1543200,"S"
"PVT","11:02:49",27.15,-0.15,1100,1542700,"S"
"PVT","11:02:42",27.15,-0.15,1100,1541600,"S"
"PVT","11:02:29",27.15,-0.15,1000,1540500,"S"
"PVT","11:02:27",27.1,-0.2,1000,1539500,"B"
"PVT","11:02:09",27.15,-0.15,200,1538500,"S"
"PVT","11:01:55",27.15,-0.15,10000,1538300,"S"
"PVT","11:01:36",27.15,-0.15,29000,1528300,"S"
"PVT","11:01:31",27.15,-0.15,10000,1499300,"S"
"PVT","11:01:06",27.15,-0.15,10000,1489300,"S"
"PVT","11:00:48",27.15,-0.15,2000,1479300,"S"
"PVT","11:00:45",27.15,-0.15,200,1477300,"S"
"PVT","11:00:36",27.15,-0.15,10000,1477100,"S"
"PVT","11:00:27",27.15,-0.15,1400,1467100,"S"
"PVT","11:00:04",27.15,-0.15,1000,1465700,"S"
"PVT","10:59:17",27.15,-0.15,1000,1464700,"S"
"PVT","10:59:01",27.15,-0.15,1400,1463700,"S"
"PVT","10:58:35",27.15,-0.15,2000,1462300,"S"
"PVT","10:58:27",27.15,-0.15,2000,1460300,"S"
"PVT","10:58:19",27.15,-0.15,100,1458300,"S"
"PVT","10:58:14",27.15,-0.15,3900,1458200,"S"
"PVT","10:58:01",27.15,-0.15,5000,1454300,"S"
"PVT","10:57:51",27.15,-0.15,2000,1449300,"S"
"PVT","10:57:40",27.15,-0.15,1000,1447300,"S"
"PVT","10:56:20",27.1,-0.2,100,1446300,"B"
"PVT","10:55:49",27.1,-0.2,100,1446200,"S"
"PVT","10:55:33",27.1,-0.2,900,1446100,"B"
"PVT","10:55:24",27.1,-0.2,300,1445200,"B"
"PVT","10:54:15",27.1,-0.2,200,1444900,"S"
"PVT","10:54:05",27.1,-0.2,10000,1444700,"S"
"PVT","10:53:58",27.1,-0.2,300,1434700,"S"
"PVT","10:53:57",27.1,-0.2,100,1434400,"S"
"PVT","10:53:28",27.05,-0.25,500,1434300,"B"
"PVT","10:53:18",27.05,-0.25,100,1433800,"B"
"PVT","10:53:05",27.05,-0.25,10000,1433700,"B"
"PVT","10:52:40",27.05,-0.25,1100,1423700,"B"
"PVT","10:51:51",27.1,-0.2,300,1422600,"S"
"PVT","10:51:37",27.1,-0.2,100,1422300,"S"
"PVT","10:51:19",27.1,-0.2,100,1422200,"S"
"PVT","10:50:38",27.05,-0.25,100,1422100,"B"
"PVT","10:50:37",27.1,-0.2,1500,1422000,"B"
"PVT","10:50:33",27.1,-0.2,1000,1420500,"B"
"PVT","10:50:28",27.1,-0.2,1000,1419500,"B"
"PVT","10:49:47",27.1,-0.2,3000,1418500,"B"
"PVT","10:49:44",27.1,-0.2,900,1415500,"B"
"PVT","10:49:44",27.1,-0.2,1600,1414600,"B"
"PVT","10:49:03",27.1,-0.2,3300,1413000,"B"
"PVT","10:48:26",27.1,-0.2,1700,1409700,"B"
"PVT","10:47:33",27.1,-0.2,500,1408000,"B"
"PVT","10:47:29",27.1,-0.2,500,1407500,"B"
"PVT","10:47:07",27.1,-0.2,2000,1407000,"B"
"PVT","10:46:13",27.1,-0.2,58300,1405000,"S"
"PVT","10:45:56",27.1,-0.2,2700,1346700,"S"
"PVT","10:45:38",27.1,-0.2,300,1344000,"S"
"PVT","10:45:17",27.05,-0.25,1000,1343700,"B"
"PVT","10:45:15",27.05,-0.25,1000,1342700,"B"
"PVT","10:44:40",27.05,-0.25,10500,1341700,"S"
"PVT","10:44:35",27.05,-0.25,5000,1331200,"S"
"PVT","10:44:24",27.05,-0.25,3900,1326200,"B"
"PVT","10:44:23",27.05,-0.25,1200,1322300,"B"
"PVT","10:44:11",27.05,-0.25,2000,1321100,"B"
"PVT","10:44:04",27.05,-0.25,1000,1319100,"B"
"PVT","10:43:39",27.05,-0.25,500,1318100,"B"
"PVT","10:43:25",27.05,-0.25,400,1317600,"S"
"PVT","10:43:17",27.05,-0.25,100,1317200,"S"
"PVT","10:43:06",27.05,-0.25,3600,1317100,"S"
"PVT","10:42:51",27,-0.3,1000,1313500,"S"
"PVT","10:42:49",27,-0.3,100,1312500,"S"
"PVT","10:42:48",27,-0.3,1000,1312400,"S"
"PVT","10:42:45",27,-0.3,200,1311400,"S"
"PVT","10:42:34",27,-0.3,100,1311200,"S"
"PVT","10:42:25",27,-0.3,5000,1311100,"S"
"PVT","10:42:23",27,-0.3,100,1306100,"S"
"PVT","10:42:23",27,-0.3,23500,1306000,"B"
"PVT","10:42:08",27.05,-0.25,900,1282500,"B"
"PVT","10:42:05",27.1,-0.2,100,1281600,"S"
"PVT","10:42:04",27,-0.3,24100,1281500,"B"
"PVT","10:42:03",27,-0.3,36200,1257400,"B"
"PVT","10:42:03",27.05,-0.25,39700,1221200,"B"
"PVT","10:41:40",27.05,-0.25,10000,1181500,"B"
"PVT","10:41:19",27.1,-0.2,200,1171500,"S"
"PVT","10:41:10",27.1,-0.2,300,1171300,"S"
"PVT","10:41:01",27.1,-0.2,300,1171000,"S"
"PVT","10:40:47",27.1,-0.2,300,1170700,"S"
"PVT","10:40:35",27.1,-0.2,200,1170400,"S"
"PVT","10:40:32",27.1,-0.2,1000,1170200,"S"
"PVT","10:40:20",27.1,-0.2,100,1169200,"S"
"PVT","10:40:19",27.1,-0.2,1100,1169100,"B"
"PVT","10:40:08",27.15,-0.15,500,1168000,"S"
"PVT","10:39:58",27.15,-0.15,300,1167500,"S"
"PVT","10:39:54",27.1,-0.2,1800,1167200,"S"
"PVT","10:39:53",27.1,-0.2,3200,1165400,"B"
"PVT","10:39:48",27.15,-0.15,200,1162200,"S"
"PVT","10:39:46",27.1,-0.2,2000,1162000,"B"
"PVT","10:39:36",27.1,-0.2,3600,1160000,"B"
"PVT","10:39:06",27.1,-0.2,1700,1156400,"S"
"PVT","10:38:53",27.1,-0.2,1000,1154700,"S"
"PVT","10:38:47",27.1,-0.2,1400,1153700,"S"
"PVT","10:38:44",27.1,-0.2,1000,1152300,"S"
"PVT","10:38:33",27.1,-0.2,1000,1151300,"S"
"PVT","10:38:29",27.1,-0.2,200,1150300,"S"
"PVT","10:38:18",27.1,-0.2,300,1150100,"S"
"PVT","10:38:10",27.1,-0.2,300,1149800,"S"
"PVT","10:38:08",27.1,-0.2,500,1149500,"S"
"PVT","10:37:57",27.1,-0.2,300,1149000,"S"
"PVT","10:37:55",27.1,-0.2,1000,1148700,"S"
"PVT","10:37:36",27.1,-0.2,500,1147700,"S"
"PVT","10:37:27",27.1,-0.2,400,1147200,"S"
"PVT","10:37:12",27.1,-0.2,200,1146800,"S"
"PVT","10:37:10",27.1,-0.2,200,1146600,"B"
"PVT","10:37:06",27.1,-0.2,20000,1146400,"B"
"PVT","10:36:52",27.15,-0.15,400,1126400,"S"
"PVT","10:36:50",27.1,-0.2,5000,1126000,"B"
"PVT","10:36:35",27.1,-0.2,3000,1121000,"B"
"PVT","10:36:33",27.1,-0.2,10000,1118000,"B"
"PVT","10:36:19",27.1,-0.2,100,1108000,"B"
"PVT","10:36:15",27.1,-0.2,8000,1107900,"B"
"PVT","10:36:13",27.1,-0.2,3000,1099900,"B"
"PVT","10:36:05",27.1,-0.2,7400,1096900,"B"
"PVT","10:35:41",27.1,-0.2,2200,1089500,"S"
"PVT","10:35:14",27.1,-0.2,9900,1087300,"B"
"PVT","10:35:09",27.1,-0.2,100,1077400,"B"
"PVT","10:34:54",27.1,-0.2,5000,1077300,"S"
"PVT","10:34:14",27.1,-0.2,2400,1072300,"B"
"PVT","10:34:08",27.1,-0.2,400,1069900,"S"
"PVT","10:33:49",27.1,-0.2,1100,1069500,"B"
"PVT","10:33:39",27.1,-0.2,2000,1068400,"B"
"PVT","10:33:15",27.1,-0.2,100,1066400,"B"
"PVT","10:33:06",27.15,-0.15,2000,1066300,"B"
"PVT","10:32:56",27.15,-0.15,100,1064300,"B"
"PVT","10:32:51",27.15,-0.15,400,1064200,"B"
"PVT","10:32:48",27.15,-0.15,500,1063800,"B"
"PVT","10:32:40",27.15,-0.15,10000,1063300,"B"
"PVT","10:32:10",27.15,-0.15,34300,1053300,"S"
"PVT","10:31:50",27.1,-0.2,9500,1018500,"B"
"PVT","10:31:49",27.1,-0.2,700,1009000,"B"
"PVT","10:31:17",27.1,-0.2,5000,1008300,"B"
"PVT","10:31:15",27.1,-0.2,1000,1003300,"B"
"PVT","10:31:13",27.1,-0.2,2200,1002300,"S"
"PVT","10:31:09",27.05,-0.25,8000,1000100,"B"
"PVT","10:30:39",27.05,-0.25,1500,992100,"B"
"PVT","10:29:55",27.1,-0.2,100,990600,"S"
"PVT","10:29:37",27.1,-0.2,500,990500,"S"
"PVT","10:28:31",27.1,-0.2,200,990000,"S"
"PVT","10:28:09",27.1,-0.2,100,989800,"S"
"PVT","10:27:50",27.1,-0.2,2200,989700,"B"
"PVT","10:27:48",27.1,-0.2,3000,987500,"B"
"PVT","10:27:16",27.05,-0.25,7700,984500,"B"
"PVT","10:27:16",27.1,-0.2,1300,976800,"B"
"PVT","10:27:07",27.1,-0.2,1600,975500,"B"
"PVT","10:27:03",27.1,-0.2,5000,973900,"B"
"PVT","10:25:57",27.1,-0.2,500,968900,"B"
"PVT","10:25:28",27.1,-0.2,3800,968400,"S"
"PVT","10:25:06",27.1,-0.2,1200,964600,"B"
"PVT","10:24:43",27.1,-0.2,38800,963400,"S"
"PVT","10:24:30",27.1,-0.2,100,924600,"S"
"PVT","10:24:23",27.1,-0.2,100,924500,"S"
"PVT","10:23:52",27.1,-0.2,100,924400,"S"
"PVT","10:23:49",27.1,-0.2,2000,924300,"S"
"PVT","10:23:48",27.1,-0.2,500,922300,"S"
"PVT","10:23:47",27.1,-0.2,1000,921800,"S"
"PVT","10:23:45",27.1,-0.2,500,920800,"S"
"PVT","10:23:38",27.1,-0.2,200,920300,"S"
"PVT","10:23:30",27.1,-0.2,500,920100,"S"
"PVT","10:23:11",27.1,-0.2,300,919600,"S"
"PVT","10:22:56",27.1,-0.2,5000,919300,"S"
"PVT","10:22:47",27.1,-0.2,200,914300,"S"
"PVT","10:22:42",27.1,-0.2,500,914100,"B"
"PVT","10:22:24",27.1,-0.2,200,913600,"S"
"PVT","10:22:15",27.1,-0.2,300,913400,"B"
"PVT","10:22:08",27.1,-0.2,1000,913100,"B"
"PVT","10:21:56",27.1,-0.2,10000,912100,"B"
"PVT","10:21:17",27.1,-0.2,5000,902100,"B"
"PVT","10:21:04",27.1,-0.2,2000,897100,"B"
"PVT","10:20:24",27.1,-0.2,7300,895100,"B"
"PVT","10:19:57",27.1,-0.2,400,887800,"B"
"PVT","10:19:55",27.1,-0.2,100,887400,"B"
"PVT","10:19:25",27.1,-0.2,500,887300,"B"
"PVT","10:19:13",27.1,-0.2,2900,886800,"B"
"PVT","10:19:11",27.1,-0.2,200,883900,"B"
"PVT","10:19:02",27.1,-0.2,10000,883700,"B"
"PVT","10:18:34",27.1,-0.2,2500,873700,"B"
"PVT","10:18:22",27.15,-0.15,20400,871200,"S"
"PVT","10:18:18",27.15,-0.15,100,850800,"S"
"PVT","10:18:15",27.1,-0.2,200,850700,"B"
"PVT","10:18:14",27.1,-0.2,40000,850500,"B"
"PVT","10:17:24",27.1,-0.2,500,810500,"B"
"PVT","10:17:00",27.15,-0.15,28200,810000,"S"
"PVT","10:15:48",27.15,-0.15,800,781800,"S"
"PVT","10:15:24",27.15,-0.15,100,781000,"S"
"PVT","10:15:14",27.1,-0.2,1900,780900,"S"
"PVT","10:15:07",27.1,-0.2,100,779000,"B"
"PVT","10:14:59",27.1,-0.2,1000,778900,"B"
"PVT","10:14:58",27.1,-0.2,1000,777900,"B"
"PVT","10:14:57",27.1,-0.2,100,776900,"B"
"PVT","10:14:53",27.1,-0.2,10000,776800,"B"
"PVT","10:14:51",27.1,-0.2,1100,766800,"B"
"PVT","10:14:34",27.1,-0.2,2000,765700,"B"
"PVT","10:14:30",27.1,-0.2,2000,763700,"B"
"PVT","10:14:18",27.1,-0.2,18000,761700,"B"
"PVT","10:13:27",27.15,-0.15,100,743700,"S"
"PVT","10:13:05",27.15,-0.15,600,743600,"B"
"PVT","10:13:03",27.15,-0.15,3100,743000,"B"
"PVT","10:13:02",27.15,-0.15,1000,739900,"B"
"PVT","10:13:00",27.15,-0.15,300,738900,"B"
"PVT","10:12:55",27.15,-0.15,500,738600,"B"
"PVT","10:12:48",27.15,-0.15,4000,738100,"B"
"PVT","10:12:45",27.15,-0.15,200,734100,"B"
"PVT","10:12:40",27.15,-0.15,100,733900,"B"
"PVT","10:12:39",27.15,-0.15,300,733800,"B"
"PVT","10:11:40",27.15,-0.15,5500,733500,"S"
"PVT","10:11:26",27.15,-0.15,100,728000,"S"
"PVT","10:10:58",27.15,-0.15,200,727900,"S"
"PVT","10:09:53",27.1,-0.2,117500,727700,"B"
"PVT","10:09:53",27.15,-0.15,62500,610200,"B"
"PVT","10:08:54",27.2,-0.1,1000,547700,"S"
"PVT","10:08:38",27.15,-0.15,1000,546700,"B"
"PVT","10:07:57",27.2,-0.1,10000,545700,"S"
"PVT","10:07:55",27.2,-0.1,200,535700,"S"
"PVT","10:07:18",27.2,-0.1,700,535500,"S"
"PVT","10:06:57",27.2,-0.1,100,534800,"S"
"PVT","10:05:06",27.2,-0.1,6100,534700,"S"
"PVT","10:04:27",27.2,-0.1,100,528600,"S"
"PVT","10:03:44",27.2,-0.1,1000,528500,"S"
"PVT","10:03:42",27.15,-0.15,800,527500,"B"
"PVT","10:03:17",27.15,-0.15,500,526700,"B"
"PVT","10:02:54",27.15,-0.15,400,526200,"B"
"PVT","10:02:48",27.2,-0.1,1000,525800,"S"
"PVT","10:02:42",27.15,-0.15,100,524800,"B"
"PVT","10:02:09",27.15,-0.15,2000,524700,"B"
"PVT","10:02:06",27.15,-0.15,100,522700,"B"
"PVT","10:01:47",27.15,-0.15,1000,522600,"B"
"PVT","10:01:25",27.2,-0.1,200,521600,"S"
"PVT","10:00:43",27.2,-0.1,500,521400,"S"
"PVT","10:00:35",27.2,-0.1,300,520900,"S"
"PVT","10:00:21",27.2,-0.1,500,520600,"S"
"PVT","10:00:08",27.2,-0.1,300,520100,"S"
"PVT","10:00:05",27.2,-0.1,100,519800,"S"
"PVT","09:59:34",27.2,-0.1,500,519700,"S"
"PVT","09:59:06",27.15,-0.15,100,519200,"B"
"PVT","09:58:58",27.15,-0.15,200,519100,"B"
"PVT","09:58:30",27.15,-0.15,1300,518900,"B"
"PVT","09:58:22",27.15,-0.15,2200,517600,"S"
"PVT","09:58:15",27.15,-0.15,500,515400,"S"
"PVT","09:57:52",27.15,-0.15,1900,514900,"B"
"PVT","09:57:16",27.15,-0.15,100,513000,"B"
"PVT","09:56:50",27.15,-0.15,100,512900,"B"
"PVT","09:56:37",27.15,-0.15,100,512800,"S"
"PVT","09:56:34",27.15,-0.15,200,512700,"B"
"PVT","09:56:32",27.15,-0.15,800,512500,"S"
"PVT","09:56:31",27.15,-0.15,200,511700,"B"
"PVT","09:56:25",27.15,-0.15,2600,511500,"B"
"PVT","09:56:11",27.15,-0.15,200,508900,"B"
"PVT","09:55:26",27.2,-0.1,100,508700,"S"
"PVT","09:55:12",27.15,-0.15,500,508600,"B"
"PVT","09:55:01",27.15,-0.15,5000,508100,"B"
"PVT","09:54:55",27.15,-0.15,200,503100,"B"
"PVT","09:54:45",27.15,-0.15,2000,502900,"B"
"PVT","09:54:00",27.15,-0.15,200,500900,"B"
"PVT","09:53:26",27.15,-0.15,1000,500700,"B"
"PVT","09:52:57",27.15,-0.15,400,499700,"B"
"PVT","09:52:38",27.15,-0.15,400,499300,"B"
"PVT","09:52:02",27.15,-0.15,1000,498900,"B"
"PVT","09:51:25",27.15,-0.15,1200,497900,"B"
"PVT","09:51:22",27.15,-0.15,1000,496700,"B"
"PVT","09:50:41",27.15,-0.15,100,495700,"B"
"PVT","09:50:40",27.15,-0.15,200,495600,"B"
"PVT","09:50:38",27.2,-0.1,1000,495400,"S"
"PVT","09:49:38",27.15,-0.15,3600,494400,"S"
"PVT","09:49:35",27.15,-0.15,6400,490800,"B"
"PVT","09:47:54",27.15,-0.15,2000,484400,"B"
"PVT","09:47:53",27.15,-0.15,5000,482400,"B"
"PVT","09:47:34",27.15,-0.15,3000,477400,"B"
"PVT","09:47:20",27.15,-0.15,1400,474400,"B"
"PVT","09:47:13",27.15,-0.15,1000,473000,"B"
"PVT","09:47:09",27.15,-0.15,4000,472000,"B"
"PVT","09:47:01",27.15,-0.15,500,468000,"B"
"PVT","09:47:00",27.15,-0.15,100,467500,"B"
"PVT","09:46:41",27.15,-0.15,100,467400,"B"
"PVT","09:46:22",27.15,-0.15,400,467300,"B"
"PVT","09:45:55",27.15,-0.15,200,466900,"B"
"PVT","09:45:32",27.15,-0.15,2000,466700,"B"
"PVT","09:45:16",27.15,-0.15,2500,464700,"B"
"PVT","09:45:10",27.15,-0.15,3600,462200,"S"
"PVT","09:45:05",27.15,-0.15,300,458600,"S"
"PVT","09:44:58",27.1,-0.2,200,458300,"B"
"PVT","09:44:52",27.15,-0.15,1000,458100,"S"
"PVT","09:44:30",27.15,-0.15,3500,457100,"S"
"PVT","09:44:05",27.15,-0.15,600,453600,"S"
"PVT","09:43:56",27.15,-0.15,300,453000,"S"
"PVT","09:43:52",27.15,-0.15,1000,452700,"S"
"PVT","09:43:41",27.15,-0.15,100,451700,"S"
"PVT","09:43:28",27.15,-0.15,100,451600,"S"
"PVT","09:43:25",27.15,-0.15,500,451500,"S"
"PVT","09:43:19",27.1,-0.2,10000,451000,"B"
"PVT","09:42:50",27.1,-0.2,500,441000,"B"
"PVT","09:42:49",27.15,-0.15,1000,440500,"S"
"PVT","09:42:32",27.15,-0.15,1000,439500,"S"
"PVT","09:42:27",27.15,-0.15,1000,438500,"S"
"PVT","09:42:15",27.15,-0.15,1100,437500,"B"
"PVT","09:42:05",27.15,-0.15,3900,436400,"S"
"PVT","09:41:51",27.15,-0.15,3100,432500,"S"
"PVT","09:41:29",27.15,-0.15,100,429400,"S"
"PVT","09:41:27",27.15,-0.15,2000,429300,"S"
"PVT","09:41:23",27.15,-0.15,1000,427300,"S"
"PVT","09:41:19",27.15,-0.15,300,426300,"S"
"PVT","09:41:10",27.15,-0.15,3400,426000,"S"
"PVT","09:41:05",27.15,-0.15,200,422600,"S"
"PVT","09:40:58",27.15,-0.15,1000,422400,"S"
"PVT","09:40:54",27.15,-0.15,200,421400,"S"
"PVT","09:40:51",27.15,-0.15,4900,421200,"B"
"PVT","09:40:49",27.15,-0.15,100,416300,"S"
"PVT","09:40:48",27.15,-0.15,900,416200,"B"
"PVT","09:40:39",27.15,-0.15,400,415300,"S"
"PVT","09:40:39",27.1,-0.2,500,414900,"B"
"PVT","09:40:37",27.15,-0.15,3400,414400,"S"
"PVT","09:40:35",27.15,-0.15,5000,411000,"S"
"PVT","09:40:32",27.15,-0.15,200,406000,"S"
"PVT","09:40:25",27.15,-0.15,10000,405800,"S"
"PVT","09:40:19",27.15,-0.15,100,395800,"S"
"PVT","09:40:15",27.15,-0.15,100,395700,"S"
"PVT","09:40:13",27.1,-0.2,20000,395600,"B"
"PVT","09:40:08",27.15,-0.15,500,375600,"S"
"PVT","09:39:59",27.15,-0.15,1400,375100,"B"
"PVT","09:39:56",27.15,-0.15,20000,373700,"B"
"PVT","09:39:52",27.15,-0.15,700,353700,"B"
"PVT","09:39:51",27.15,-0.15,400,353000,"B"
"PVT","09:39:51",27.15,-0.15,5000,352600,"B"
"PVT","09:39:44",27.15,-0.15,5000,347600,"B"
"PVT","09:39:44",27.15,-0.15,500,342600,"B"
"PVT","09:39:43",27.15,-0.15,1000,342100,"B"
"PVT","09:39:34",27.15,-0.15,300,341100,"B"
"PVT","09:39:14",27.15,-0.15,1500,340800,"B"
"PVT","09:38:53",27.15,-0.15,5000,339300,"B"
"PVT","09:38:43",27.2,-0.1,1000,334300,"S"
"PVT","09:38:18",27.2,-0.1,300,333300,"S"
"PVT","09:38:07",27.15,-0.15,600,333000,"B"
"PVT","09:38:05",27.2,-0.1,1200,332400,"S"
"PVT","09:37:56",27.2,-0.1,200,331200,"S"
"PVT","09:37:45",27.2,-0.1,300,331000,"S"
"PVT","09:37:18",27.2,-0.1,300,330700,"S"
"PVT","09:37:15",27.2,-0.1,300,330400,"S"
"PVT","09:37:07",27.2,-0.1,200,330100,"S"
"PVT","09:36:57",27.2,-0.1,300,329900,"S"
"PVT","09:36:44",27.2,-0.1,100,329600,"S"
"PVT","09:36:43",27.2,-0.1,200,329500,"B"
"PVT","09:36:42",27.2,-0.1,300,329300,"S"
"PVT","09:36:26",27.2,-0.1,200,329000,"B"
"PVT","09:36:05",27.25,-0.05,1200,328800,"S"
"PVT","09:36:03",27.2,-0.1,1000,327600,"B"
"PVT","09:36:00",27.2,-0.1,2000,326600,"B"
"PVT","09:35:52",27.2,-0.1,10000,324600,"B"
"PVT","09:35:37",27.2,-0.1,1000,314600,"B"
"PVT","09:35:28",27.2,-0.1,100,313600,"B"
"PVT","09:35:21",27.2,-0.1,500,313500,"B"
"PVT","09:35:15",27.2,-0.1,100,313000,"B"
"PVT","09:34:40",27.2,-0.1,2000,312900,"B"
"PVT","09:34:38",27.2,-0.1,2000,310900,"B"
"PVT","09:34:28",27.2,-0.1,200,308900,"B"
"PVT","09:34:04",27.2,-0.1,41300,308700,"S"
"PVT","09:33:46",27.2,-0.1,1000,267400,"S"
"PVT","09:32:57",27.2,-0.1,1300,266400,"S"
"PVT","09:32:56",27.1,-0.2,200,265100,"B"
"PVT","09:32:55",27.15,-0.15,100,264900,"S"
"PVT","09:32:54",27.15,-0.15,5000,264800,"S"
"PVT","09:32:53",27.15,-0.15,800,259800,"S"
"PVT","09:32:51",27.15,-0.15,100,259000,"S"
"PVT","09:32:43",27.15,-0.15,1000,258900,"S"
"PVT","09:32:40",27.15,-0.15,100,257900,"S"
"PVT","09:32:39",27.15,-0.15,200,257800,"S"
"PVT","09:32:38",27.15,-0.15,500,257600,"S"
"PVT","09:32:36",27.15,-0.15,100,257100,"S"
"PVT","09:32:35",27.15,-0.15,3400,257000,"S"
"PVT","09:32:32",27.15,-0.15,1000,253600,"S"
"PVT","09:32:29",27.15,-0.15,5000,252600,"S"
"PVT","09:32:24",27.15,-0.15,1000,247600,"S"
"PVT","09:32:22",27.15,-0.15,300,246600,"S"
"PVT","09:32:19",27.15,-0.15,5100,246300,"S"
"PVT","09:32:17",27.15,-0.15,100,241200,"S"
"PVT","09:32:12",27.15,-0.15,1000,241100,"S"
"PVT","09:32:06",27.15,-0.15,200,240100,"S"
"PVT","09:32:03",27.15,-0.15,1000,239900,"S"
"PVT","09:31:36",27.15,-0.15,100,238900,"S"
"PVT","09:31:32",27.1,-0.2,500,238800,"B"
"PVT","09:31:28",27.15,-0.15,5000,238300,"S"
"PVT","09:31:27",27.1,-0.2,1000,233300,"B"
"PVT","09:31:25",27.15,-0.15,100,232300,"S"
"PVT","09:31:22",27.15,-0.15,200,232200,"S"
"PVT","09:31:18",27.1,-0.2,3400,232000,"B"
"PVT","09:31:13",27.15,-0.15,200,228600,"S"
"PVT","09:30:48",27.15,-0.15,700,228400,"B"
"PVT","09:30:42",27.15,-0.15,15000,227700,"B"
"PVT","09:30:41",27.15,-0.15,300,212700,"B"
"PVT","09:30:30",27.2,-0.1,2000,212400,"S"
"PVT","09:30:11",27.2,-0.1,1000,210400,"S"
"PVT","09:29:50",27.2,-0.1,100,209400,"S"
"PVT","09:29:32",27.2,-0.1,2000,209300,"S"
"PVT","09:29:21",27.2,-0.1,500,207300,"S"
"PVT","09:29:11",27.2,-0.1,1500,206800,"S"
"PVT","09:29:10",27.2,-0.1,1100,205300,"B"
"PVT","09:29:08",27.2,-0.1,400,204200,"S"
"PVT","09:28:56",27.2,-0.1,2000,203800,"S"
"PVT","09:28:52",27.2,-0.1,3000,201800,"B"
"PVT","09:28:47",27.2,-0.1,3500,198800,"B"
"PVT","09:28:41",27.2,-0.1,500,195300,"S"
"PVT","09:28:36",27.2,-0.1,2000,194800,"S"
"PVT","09:28:30",27.15,-0.15,100,192800,"B"
"PVT","09:28:24",27.15,-0.15,300,192700,"B"
"PVT","09:28:23",27.15,-0.15,200,192400,"B"
"PVT","09:28:22",27.2,-0.1,200,192200,"S"
"PVT","09:28:21",27.2,-0.1,1000,192000,"S"
"PVT","09:28:17",27.2,-0.1,800,191000,"S"
"PVT","09:28:09",27.2,-0.1,200,190200,"S"
"PVT","09:28:00",27.2,-0.1,100,190000,"B"
"PVT","09:27:59",27.2,-0.1,1000,189900,"B"
"PVT","09:27:58",27.2,-0.1,200,188900,"B"
"PVT","09:27:54",27.2,-0.1,2000,188700,"B"
"PVT","09:27:37",27.2,-0.1,3000,186700,"B"
"PVT","09:27:28",27.25,-0.05,5000,183700,"S"
"PVT","09:27:27",27.25,-0.05,5000,178700,"S"
"PVT","09:27:14",27.2,-0.1,4000,173700,"B"
"PVT","09:27:07",27.2,-0.1,800,169700,"B"
"PVT","09:27:04",27.25,-0.05,1000,168900,"S"
"PVT","09:27:04",27.2,-0.1,1200,167900,"B"
"PVT","09:26:47",27.25,-0.05,2700,166700,"B"
"PVT","09:26:46",27.25,-0.05,600,164000,"B"
"PVT","09:26:39",27.25,-0.05,1000,163400,"B"
"PVT","09:26:29",27.25,-0.05,400,162400,"B"
"PVT","09:26:23",27.25,-0.05,800,162000,"B"
"PVT","09:25:55",27.25,-0.05,1000,161200,"B"
"PVT","09:25:47",27.3,0,500,160200,"S"
"PVT","09:25:39",27.25,-0.05,100,159700,"B"
"PVT","09:25:29",27.25,-0.05,1000,159600,"B"
"PVT","09:25:26",27.25,-0.05,15000,158600,"B"
"PVT","09:25:15",27.3,0,1000,143600,"S"
"PVT","09:25:12",27.25,-0.05,2000,142600,"B"
"PVT","09:24:53",27.25,-0.05,1000,140600,"B"
"PVT","09:24:31",27.3,0,2000,139600,"B"
"PVT","09:24:21",27.3,0,1100,137600,"B"
"PVT","09:24:19",27.3,0,500,136500,"B"
"PVT","09:24:18",27.3,0,100,136000,"B"
"PVT","09:24:10",27.3,0,1000,135900,"B"
"PVT","09:24:08",27.3,0,1000,134900,"B"
"PVT","09:23:58",27.3,0,14800,133900,"B"
"PVT","09:23:00",27.3,0,2000,119100,"B"
"PVT","09:22:40",27.35,0.05,200,117100,"S"
"PVT","09:22:30",27.35,0.05,6000,116900,"S"
"PVT","09:22:13",27.3,0,5000,110900,"B"
"PVT","09:22:00",27.3,0,100,105900,"B"
"PVT","09:21:57",27.3,0,200,105800,"B"
"PVT","09:21:54",27.3,0,200,105600,"B"
"PVT","09:21:51",27.3,0,1000,105400,"B"
"PVT","09:21:46",27.3,0,2000,104400,"B"
"PVT","09:21:42",27.3,0,200,102400,"B"
"PVT","09:20:58",27.3,0,300,102200,"B"
"PVT","09:20:27",27.3,0,4100,101900,"B"
"PVT","09:20:15",27.35,0.05,20000,97800,"S"
"PVT","09:20:03",27.35,0.05,1000,77800,"S"
"PVT","09:19:58",27.35,0.05,2000,76800,"S"
"PVT","09:19:38",27.35,0.05,100,74800,"S"
"PVT","09:19:02",27.35,0.05,100,74700,"S"
"PVT","09:19:02",27.3,0,3000,74600,"B"
"PVT","09:18:34",27.35,0.05,5000,71600,"S"
"PVT","09:18:13",27.35,0.05,300,66600,"S"
"PVT","09:18:05",27.35,0.05,2500,66300,"B"
"PVT","09:18:02",27.4,0.1,5000,63800,"S"
"PVT","09:17:55",27.35,0.05,5000,58800,"B"
"PVT","09:17:50",27.35,0.05,100,53800,"B"
"PVT","09:17:44",27.35,0.05,500,53700,"B"
"PVT","09:17:36",27.35,0.05,100,53200,"B"
"PVT","09:17:31",27.35,0.05,200,53100,"B"
"PVT","09:17:29",27.35,0.05,4000,52900,"B"
"PVT","09:17:25",27.4,0.1,1000,48900,"S"
"PVT","09:17:18",27.4,0.1,200,47900,"S"
"PVT","09:17:17",27.35,0.05,5000,47700,"B"
"PVT","09:17:06",27.35,0.05,500,42700,"B"
"PVT","09:17:05",27.35,0.05,500,42200,"B"
"PVT","09:16:32",27.35,0.05,400,41700,"B"
"PVT","09:16:28",27.35,0.05,10100,41300,"B"
"PVT","09:16:22",27.35,0.05,200,31200,"B"
"PVT","09:16:08",27.35,0.05,100,31000,"B"
"PVT","09:16:02",27.4,0.1,100,30900,"S"
"PVT","09:15:58",27.35,0.05,200,30800,"B"
"PVT","09:15:53",27.4,0.1,4000,30600,"S"
"PVT","09:15:49",27.4,0.1,800,26600,"S"
"PVT","09:15:01",27.4,0.1,25800,25800,
