"Stockcode","Package","TradingDate","Price","Vol","TotalVol","TotalVal","Change","IsBuy","PerChange"
"CTG",144423,"/Date(1702539900000)/",26750,354400,3873600,103183000000,0,false,0
"CTG",142922,"/Date(1702538997000)/",26550,1200,3519200,93703000000,-200,false,-0.75
"CTG",142906,"/Date(1702538982000)/",26550,700,3518000,93671000000,-200,false,-0.75
"CTG",142906,"/Date(1702538982000)/",26550,300,3517300,93652000000,-200,false,-0.75
"CTG",142859,"/Date(1702538974000)/",26500,2700,3517000,93645000000,-250,true,-0.93
"CTG",142834,"/Date(1702538950000)/",26550,100,3514300,93573000000,-200,false,-0.75
"CTG",142821,"/Date(1702538937000)/",26550,300,3514200,93570000000,-200,false,-0.75
"CTG",142821,"/Date(1702538937000)/",26550,100,3513900,93562000000,-200,false,-0.75
"CTG",142814,"/Date(1702538928000)/",26550,100,3513800,93560000000,-200,false,-0.75
"CTG",142814,"/Date(1702538928000)/",26550,100,3513700,93557000000,-200,false,-0.75
"CTG",142814,"/Date(1702538928000)/",26550,700,3513600,93554000000,-200,false,-0.75
"CTG",142808,"/Date(1702538925000)/",26500,100,3512900,93536000000,-250,true,-0.93
"CTG",142808,"/Date(1702538925000)/",26500,300,3512800,93533000000,-250,true,-0.93
"CTG",142808,"/Date(1702538925000)/",26550,1000,3512500,93525000000,-200,false,-0.75
"CTG",142808,"/Date(1702538925000)/",26550,1000,3511500,93499000000,-200,false,-0.75
"CTG",142733,"/Date(1702538888000)/",26550,1000,3510500,93472000000,-200,false,-0.75
"CTG",142717,"/Date(1702538874000)/",26550,1300,3509500,93446000000,-200,false,-0.75
"CTG",142714,"/Date(1702538869000)/",26500,200,3508200,93411000000,-250,true,-0.93
"CTG",142707,"/Date(1702538864000)/",26550,600,3508000,93406000000,-200,false,-0.75
"CTG",142707,"/Date(1702538862000)/",26550,1300,3507400,93390000000,-200,false,-0.75
"CTG",142704,"/Date(1702538859000)/",26450,500,3506100,93355000000,-300,true,-1.12
"CTG",142701,"/Date(1702538857000)/",26450,600,3505600,93342000000,-300,true,-1.12
"CTG",142701,"/Date(1702538857000)/",26500,2000,3505000,93326000000,-250,false,-0.93
"CTG",142701,"/Date(1702538857000)/",26500,1000,3503000,93273000000,-250,false,-0.93
"CTG",142701,"/Date(1702538857000)/",26500,1500,3502000,93247000000,-250,false,-0.93
"CTG",142658,"/Date(1702538854000)/",26550,300,3500500,93207000000,-200,false,-0.75
"CTG",142658,"/Date(1702538854000)/",26550,600,3500200,93199000000,-200,false,-0.75
"CTG",142658,"/Date(1702538854000)/",26550,4900,3499600,93183000000,-200,false,-0.75
"CTG",142658,"/Date(1702538853000)/",26600,10000,3494700,93053000000,-150,false,-0.56
"CTG",142654,"/Date(1702538851000)/",26600,1000,3484700,92787000000,-150,false,-0.56
"CTG",142654,"/Date(1702538851000)/",26600,300,3483700,92760000000,-150,false,-0.56
"CTG",142648,"/Date(1702538842000)/",26600,1200,3483400,92752000000,-150,false,-0.56
"CTG",142648,"/Date(1702538842000)/",26600,100,3482200,92720000000,-150,false,-0.56
"CTG",142645,"/Date(1702538839000)/",26550,100,3482100,92718000000,-200,true,-0.75
"CTG",142642,"/Date(1702538837000)/",26550,1400,3482000,92715000000,-200,false,-0.75
"CTG",142638,"/Date(1702538835000)/",26550,200,3480600,92678000000,-200,false,-0.75
"CTG",142638,"/Date(1702538835000)/",26550,100,3480400,92673000000,-200,false,-0.75
"CTG",142638,"/Date(1702538835000)/",26550,7300,3480300,92670000000,-200,false,-0.75
"CTG",142638,"/Date(1702538835000)/",26550,100,3473000,92476000000,-200,false,-0.75
"CTG",142638,"/Date(1702538835000)/",26550,5000,3472900,92474000000,-200,false,-0.75
"CTG",142638,"/Date(1702538835000)/",26550,900,3467900,92341000000,-200,false,-0.75
"CTG",142635,"/Date(1702538832000)/",26500,100,3467000,92317000000,-250,true,-0.93
"CTG",142635,"/Date(1702538831000)/",26500,300,3466900,92314000000,-250,true,-0.93
"CTG",142632,"/Date(1702538829000)/",26500,1300,3466600,92306000000,-250,false,-0.93
"CTG",142632,"/Date(1702538829000)/",26500,400,3465300,92272000000,-250,false,-0.93
"CTG",142632,"/Date(1702538829000)/",26500,800,3464900,92261000000,-250,false,-0.93
"CTG",142632,"/Date(1702538829000)/",26500,600,3464100,92240000000,-250,false,-0.93
"CTG",142632,"/Date(1702538828000)/",26500,500,3463500,92224000000,-250,false,-0.93
"CTG",142632,"/Date(1702538828000)/",26500,100,3463000,92211000000,-250,false,-0.93
"CTG",142632,"/Date(1702538828000)/",26500,2000,3462900,92208000000,-250,false,-0.93
"CTG",142632,"/Date(1702538828000)/",26500,100,3460900,92155000000,-250,false,-0.93
"CTG",142632,"/Date(1702538828000)/",26500,100,3460800,92153000000,-250,false,-0.93
"CTG",142632,"/Date(1702538828000)/",26500,100,3460700,92150000000,-250,false,-0.93
"CTG",142632,"/Date(1702538828000)/",26500,100,3460600,92147000000,-250,false,-0.93
"CTG",142632,"/Date(1702538828000)/",26500,2000,3460500,92145000000,-250,false,-0.93
"CTG",142632,"/Date(1702538828000)/",26500,4000,3458500,92092000000,-250,false,-0.93
"CTG",142632,"/Date(1702538827000)/",26500,3000,3454500,91986000000,-250,false,-0.93
"CTG",142629,"/Date(1702538824000)/",26500,1300,3451500,91906000000,-250,false,-0.93
"CTG",142629,"/Date(1702538823000)/",26500,1700,3450200,91872000000,-250,false,-0.93
"CTG",142629,"/Date(1702538823000)/",26500,200,3448500,91827000000,-250,false,-0.93
"CTG",142629,"/Date(1702538823000)/",26500,100,3448300,91821000000,-250,false,-0.93
"CTG",142629,"/Date(1702538823000)/",26500,200,3448200,91819000000,-250,false,-0.93
"CTG",142629,"/Date(1702538823000)/",26500,800,3448000,91813000000,-250,false,-0.93
"CTG",142626,"/Date(1702538822000)/",26500,100,3447200,91792000000,-250,false,-0.93
"CTG",142626,"/Date(1702538821000)/",26500,2000,3447100,91790000000,-250,false,-0.93
"CTG",142626,"/Date(1702538821000)/",26500,6000,3445100,91737000000,-250,false,-0.93
"CTG",142626,"/Date(1702538820000)/",26500,500,3439100,91578000000,-250,false,-0.93
"CTG",142619,"/Date(1702538815000)/",26500,6500,3438600,91564000000,-250,false,-0.93
"CTG",142619,"/Date(1702538815000)/",26500,1000,3432100,91392000000,-250,false,-0.93
"CTG",142619,"/Date(1702538815000)/",26500,700,3431100,91366000000,-250,false,-0.93
"CTG",142619,"/Date(1702538815000)/",26500,300,3430400,91347000000,-250,false,-0.93
"CTG",142619,"/Date(1702538815000)/",26500,1500,3430100,91339000000,-250,false,-0.93
"CTG",142619,"/Date(1702538814000)/",26500,1300,3428600,91299000000,-250,false,-0.93
"CTG",142619,"/Date(1702538813000)/",26500,100,3427300,91265000000,-250,false,-0.93
"CTG",142610,"/Date(1702538804000)/",26500,1300,3427200,91262000000,-250,false,-0.93
"CTG",142603,"/Date(1702538798000)/",26500,1300,3425900,91228000000,-250,false,-0.93
"CTG",142557,"/Date(1702538791000)/",26500,1300,3424600,91193000000,-250,false,-0.93
"CTG",142554,"/Date(1702538788000)/",26500,500,3423300,91159000000,-250,false,-0.93
"CTG",142547,"/Date(1702538781000)/",26500,700,3422800,91146000000,-250,false,-0.93
"CTG",142547,"/Date(1702538781000)/",26500,100,3422100,91127000000,-250,false,-0.93
"CTG",142547,"/Date(1702538781000)/",26500,500,3422000,91124000000,-250,false,-0.93
"CTG",142538,"/Date(1702538772000)/",26500,400,3421500,91111000000,-250,false,-0.93
"CTG",142531,"/Date(1702538766000)/",26500,100,3421100,91101000000,-250,false,-0.93
"CTG",142531,"/Date(1702538766000)/",26500,600,3421000,91098000000,-250,false,-0.93
"CTG",142531,"/Date(1702538766000)/",26500,900,3420400,91082000000,-250,false,-0.93
"CTG",142531,"/Date(1702538766000)/",26500,300,3419500,91058000000,-250,false,-0.93
"CTG",142528,"/Date(1702538763000)/",26500,1300,3419200,91050000000,-250,false,-0.93
"CTG",142525,"/Date(1702538762000)/",26500,500,3417900,91016000000,-250,false,-0.93
"CTG",142522,"/Date(1702538759000)/",26500,900,3417400,91002000000,-250,false,-0.93
"CTG",142522,"/Date(1702538759000)/",26500,500,3416500,90979000000,-250,false,-0.93
"CTG",142522,"/Date(1702538759000)/",26500,500,3416000,90965000000,-250,false,-0.93
"CTG",142506,"/Date(1702538741000)/",26500,500,3415500,90952000000,-250,false,-0.93
"CTG",142506,"/Date(1702538741000)/",26500,200,3415000,90939000000,-250,false,-0.93
"CTG",142450,"/Date(1702538726000)/",26450,900,3414800,90934000000,-300,true,-1.12
"CTG",142450,"/Date(1702538726000)/",26450,600,3413900,90910000000,-300,true,-1.12
"CTG",142450,"/Date(1702538723000)/",26500,800,3413300,90894000000,-250,false,-0.93
"CTG",142450,"/Date(1702538723000)/",26500,100,3412500,90873000000,-250,false,-0.93
"CTG",142450,"/Date(1702538723000)/",26500,900,3412400,90870000000,-250,false,-0.93
"CTG",142450,"/Date(1702538723000)/",26500,300,3411500,90846000000,-250,false,-0.93
"CTG",142450,"/Date(1702538723000)/",26500,500,3411200,90838000000,-250,false,-0.93
"CTG",142450,"/Date(1702538723000)/",26500,100,3410700,90825000000,-250,false,-0.93
"CTG",142450,"/Date(1702538723000)/",26500,1000,3410600,90822000000,-250,false,-0.93
"CTG",142450,"/Date(1702538723000)/",26500,3300,3409600,90796000000,-250,false,-0.93
"CTG",142443,"/Date(1702538720000)/",26500,1700,3406300,90708000000,-250,false,-0.93
"CTG",142443,"/Date(1702538720000)/",26500,1300,3404600,90663000000,-250,false,-0.93
"CTG",142440,"/Date(1702538715000)/",26500,1700,3403300,90629000000,-250,false,-0.93
"CTG",142430,"/Date(1702538704000)/",26500,200,3401600,90584000000,-250,false,-0.93
"CTG",142430,"/Date(1702538704000)/",26500,900,3401400,90579000000,-250,false,-0.93
"CTG",142430,"/Date(1702538704000)/",26500,1000,3400500,90555000000,-250,false,-0.93
"CTG",142430,"/Date(1702538704000)/",26500,100,3399500,90528000000,-250,false,-0.93
"CTG",142430,"/Date(1702538704000)/",26500,900,3399400,90526000000,-250,false,-0.93
"CTG",142430,"/Date(1702538704000)/",26500,100,3398500,90502000000,-250,false,-0.93
"CTG",142430,"/Date(1702538704000)/",26500,900,3398400,90499000000,-250,false,-0.93
"CTG",142430,"/Date(1702538704000)/",26500,1700,3397500,90475000000,-250,false,-0.93
"CTG",142430,"/Date(1702538704000)/",26500,200,3395800,90430000000,-250,false,-0.93
"CTG",142427,"/Date(1702538702000)/",26450,100,3395600,90425000000,-300,true,-1.12
"CTG",142417,"/Date(1702538694000)/",26450,300,3395500,90422000000,-300,true,-1.12
"CTG",142417,"/Date(1702538693000)/",26450,900,3395200,90414000000,-300,true,-1.12
"CTG",142401,"/Date(1702538677000)/",26450,200,3394300,90390000000,-300,true,-1.12
"CTG",142358,"/Date(1702538674000)/",26450,1500,3394100,90385000000,-300,true,-1.12
"CTG",142358,"/Date(1702538674000)/",26500,800,3392600,90346000000,-250,false,-0.93
"CTG",142323,"/Date(1702538640000)/",26500,100,3391800,90324000000,-250,false,-0.93
"CTG",142323,"/Date(1702538639000)/",26450,500,3391700,90322000000,-300,true,-1.12
"CTG",142323,"/Date(1702538639000)/",26450,500,3391200,90308000000,-300,true,-1.12
"CTG",142317,"/Date(1702538631000)/",26450,100,3390700,90295000000,-300,true,-1.12
"CTG",142307,"/Date(1702538621000)/",26500,3000,3390600,90293000000,-250,false,-0.93
"CTG",142254,"/Date(1702538609000)/",26450,100,3387600,90213000000,-300,true,-1.12
"CTG",142251,"/Date(1702538607000)/",26450,600,3387500,90210000000,-300,true,-1.12
"CTG",142251,"/Date(1702538607000)/",26450,300,3386900,90195000000,-300,true,-1.12
"CTG",142251,"/Date(1702538607000)/",26450,100,3386600,90187000000,-300,true,-1.12
"CTG",142251,"/Date(1702538607000)/",26450,300,3386500,90184000000,-300,true,-1.12
"CTG",142251,"/Date(1702538607000)/",26450,300,3386200,90176000000,-300,true,-1.12
"CTG",142245,"/Date(1702538600000)/",26450,500,3385900,90168000000,-300,true,-1.12
"CTG",142245,"/Date(1702538600000)/",26450,900,3385400,90155000000,-300,true,-1.12
"CTG",142238,"/Date(1702538592000)/",26450,900,3384500,90131000000,-300,true,-1.12
"CTG",142235,"/Date(1702538591000)/",26450,100,3383600,90107000000,-300,true,-1.12
"CTG",142235,"/Date(1702538589000)/",26450,1500,3383500,90105000000,-300,true,-1.12
"CTG",142229,"/Date(1702538585000)/",26450,700,3382000,90065000000,-300,true,-1.12
"CTG",142229,"/Date(1702538582000)/",26450,6600,3381300,90046000000,-300,true,-1.12
"CTG",142226,"/Date(1702538581000)/",26450,300,3374700,89872000000,-300,true,-1.12
"CTG",142222,"/Date(1702538579000)/",26450,2800,3374400,89864000000,-300,true,-1.12
"CTG",142222,"/Date(1702538578000)/",26450,25400,3371600,89790000000,-300,true,-1.12
"CTG",142222,"/Date(1702538578000)/",26450,100,3346200,89118000000,-300,true,-1.12
"CTG",142222,"/Date(1702538578000)/",26450,500,3346100,89115000000,-300,true,-1.12
"CTG",142219,"/Date(1702538575000)/",26450,400,3345600,89102000000,-300,true,-1.12
"CTG",142219,"/Date(1702538574000)/",26450,100,3345200,89092000000,-300,true,-1.12
"CTG",142219,"/Date(1702538574000)/",26450,3900,3345100,89089000000,-300,true,-1.12
"CTG",142206,"/Date(1702538563000)/",26450,100,3341200,88986000000,-300,true,-1.12
"CTG",142206,"/Date(1702538563000)/",26450,100,3341100,88983000000,-300,true,-1.12
"CTG",142206,"/Date(1702538561000)/",26450,400,3341000,88981000000,-300,true,-1.12
"CTG",142206,"/Date(1702538561000)/",26450,1600,3340600,88970000000,-300,true,-1.12
"CTG",142203,"/Date(1702538559000)/",26450,400,3339000,88928000000,-300,true,-1.12
"CTG",142203,"/Date(1702538559000)/",26450,200,3338600,88917000000,-300,true,-1.12
"CTG",142203,"/Date(1702538559000)/",26450,300,3338400,88912000000,-300,true,-1.12
"CTG",142200,"/Date(1702538557000)/",26450,400,3338100,88904000000,-300,true,-1.12
"CTG",142200,"/Date(1702538555000)/",26450,3900,3337700,88893000000,-300,true,-1.12
"CTG",142200,"/Date(1702538554000)/",26450,5400,3333800,88790000000,-300,true,-1.12
"CTG",142200,"/Date(1702538554000)/",26450,100,3328400,88647000000,-300,true,-1.12
"CTG",142200,"/Date(1702538554000)/",26450,200,3328300,88645000000,-300,true,-1.12
"CTG",142200,"/Date(1702538554000)/",26450,100,3328100,88639000000,-300,true,-1.12
"CTG",142200,"/Date(1702538554000)/",26450,100,3328000,88637000000,-300,true,-1.12
"CTG",142200,"/Date(1702538554000)/",26450,100,3327900,88634000000,-300,true,-1.12
"CTG",142200,"/Date(1702538554000)/",26450,3500,3327800,88631000000,-300,true,-1.12
"CTG",142200,"/Date(1702538554000)/",26450,1000,3324300,88539000000,-300,true,-1.12
"CTG",142200,"/Date(1702538554000)/",26450,100,3323300,88512000000,-300,true,-1.12
"CTG",142200,"/Date(1702538554000)/",26450,100,3323200,88510000000,-300,true,-1.12
"CTG",142200,"/Date(1702538554000)/",26450,5000,3323100,88507000000,-300,true,-1.12
"CTG",142200,"/Date(1702538554000)/",26450,100,3318100,88375000000,-300,true,-1.12
"CTG",142200,"/Date(1702538554000)/",26450,5000,3318000,88372000000,-300,true,-1.12
"CTG",142200,"/Date(1702538554000)/",26450,15200,3313000,88240000000,-300,true,-1.12
"CTG",142150,"/Date(1702538545000)/",26450,200,3297800,87838000000,-300,true,-1.12
"CTG",142147,"/Date(1702538543000)/",26450,2000,3297600,87833000000,-300,true,-1.12
"CTG",142144,"/Date(1702538539000)/",26450,400,3295600,87780000000,-300,true,-1.12
"CTG",142141,"/Date(1702538537000)/",26450,2200,3295200,87769000000,-300,true,-1.12
"CTG",142141,"/Date(1702538537000)/",26450,200,3293000,87711000000,-300,true,-1.12
"CTG",142141,"/Date(1702538537000)/",26450,100,3292800,87706000000,-300,true,-1.12
"CTG",142141,"/Date(1702538537000)/",26450,100,3292700,87703000000,-300,true,-1.12
"CTG",142141,"/Date(1702538537000)/",26450,1000,3292600,87700000000,-300,true,-1.12
"CTG",142141,"/Date(1702538537000)/",26450,100,3291600,87674000000,-300,true,-1.12
"CTG",142141,"/Date(1702538537000)/",26450,100,3291500,87671000000,-300,true,-1.12
"CTG",142141,"/Date(1702538537000)/",26450,200,3291400,87669000000,-300,true,-1.12
"CTG",142141,"/Date(1702538537000)/",26450,300,3291200,87663000000,-300,true,-1.12
"CTG",142141,"/Date(1702538536000)/",26450,500,3290900,87655000000,-300,true,-1.12
"CTG",142141,"/Date(1702538536000)/",26450,1200,3290400,87642000000,-300,true,-1.12
"CTG",142141,"/Date(1702538536000)/",26450,9000,3289200,87610000000,-300,true,-1.12
"CTG",142141,"/Date(1702538536000)/",26450,200,3280200,87372000000,-300,true,-1.12
"CTG",142141,"/Date(1702538536000)/",26450,100,3280000,87367000000,-300,true,-1.12
"CTG",142141,"/Date(1702538536000)/",26450,100,3279900,87364000000,-300,true,-1.12
"CTG",142141,"/Date(1702538536000)/",26450,200,3279800,87362000000,-300,true,-1.12
"CTG",142141,"/Date(1702538536000)/",26450,400,3279600,87356000000,-300,true,-1.12
"CTG",142141,"/Date(1702538536000)/",26450,100,3279200,87346000000,-300,true,-1.12
"CTG",142141,"/Date(1702538536000)/",26450,500,3279100,87343000000,-300,true,-1.12
"CTG",142141,"/Date(1702538536000)/",26450,200,3278600,87330000000,-300,true,-1.12
"CTG",142141,"/Date(1702538536000)/",26450,100,3278400,87325000000,-300,true,-1.12
"CTG",142141,"/Date(1702538536000)/",26450,100,3278300,87322000000,-300,true,-1.12
"CTG",142141,"/Date(1702538536000)/",26450,1000,3278200,87319000000,-300,true,-1.12
"CTG",142141,"/Date(1702538536000)/",26450,300,3277200,87293000000,-300,true,-1.12
"CTG",142141,"/Date(1702538536000)/",26450,200,3276900,87285000000,-300,true,-1.12
"CTG",142141,"/Date(1702538536000)/",26450,100,3276700,87280000000,-300,true,-1.12
"CTG",142141,"/Date(1702538536000)/",26450,100,3276600,87277000000,-300,true,-1.12
"CTG",142141,"/Date(1702538536000)/",26450,300,3276500,87274000000,-300,true,-1.12
"CTG",142141,"/Date(1702538536000)/",26450,5000,3276200,87267000000,-300,true,-1.12
"CTG",142141,"/Date(1702538536000)/",26450,1000,3271200,87134000000,-300,true,-1.12
"CTG",142141,"/Date(1702538536000)/",26450,200,3270200,87108000000,-300,true,-1.12
"CTG",142141,"/Date(1702538536000)/",26450,15000,3270000,87103000000,-300,true,-1.12
"CTG",142141,"/Date(1702538536000)/",26450,200,3255000,86706000000,-300,true,-1.12
"CTG",142141,"/Date(1702538536000)/",26450,3500,3254800,86701000000,-300,true,-1.12
"CTG",142134,"/Date(1702538529000)/",26450,200,3251300,86608000000,-300,true,-1.12
"CTG",142131,"/Date(1702538527000)/",26450,300,3251100,86603000000,-300,true,-1.12
"CTG",142131,"/Date(1702538527000)/",26450,200,3250800,86595000000,-300,true,-1.12
"CTG",142131,"/Date(1702538527000)/",26450,1500,3250600,86589000000,-300,true,-1.12
"CTG",142122,"/Date(1702538517000)/",26500,500,3249100,86550000000,-250,false,-0.93
"CTG",142115,"/Date(1702538509000)/",26450,300,3248600,86537000000,-300,true,-1.12
"CTG",142112,"/Date(1702538507000)/",26450,100,3248300,86529000000,-300,true,-1.12
"CTG",142112,"/Date(1702538507000)/",26450,1100,3248200,86526000000,-300,true,-1.12
"CTG",142112,"/Date(1702538507000)/",26450,1900,3247100,86497000000,-300,true,-1.12
"CTG",142112,"/Date(1702538506000)/",26450,700,3245200,86447000000,-300,true,-1.12
"CTG",142112,"/Date(1702538506000)/",26450,100,3244500,86428000000,-300,true,-1.12
"CTG",142112,"/Date(1702538506000)/",26450,100,3244400,86425000000,-300,true,-1.12
"CTG",142112,"/Date(1702538506000)/",26450,100,3244300,86423000000,-300,true,-1.12
"CTG",142102,"/Date(1702538499000)/",26450,100,3244200,86420000000,-300,true,-1.12
"CTG",142102,"/Date(1702538497000)/",26450,800,3244100,86417000000,-300,true,-1.12
"CTG",142102,"/Date(1702538497000)/",26450,900,3243300,86396000000,-300,true,-1.12
"CTG",142056,"/Date(1702538491000)/",26500,400,3242400,86373000000,-250,false,-0.93
"CTG",142049,"/Date(1702538485000)/",26450,100,3242000,86362000000,-300,true,-1.12
"CTG",142049,"/Date(1702538484000)/",26500,100,3241900,86359000000,-250,false,-0.93
"CTG",142049,"/Date(1702538484000)/",26450,100,3241800,86357000000,-300,true,-1.12
"CTG",142049,"/Date(1702538484000)/",26450,200,3241700,86354000000,-300,true,-1.12
"CTG",142049,"/Date(1702538484000)/",26450,700,3241500,86349000000,-300,true,-1.12
"CTG",142011,"/Date(1702538446000)/",26500,100,3240800,86330000000,-250,false,-0.93
"CTG",142011,"/Date(1702538446000)/",26500,100,3240700,86328000000,-250,false,-0.93
"CTG",142011,"/Date(1702538446000)/",26500,100,3240600,86325000000,-250,false,-0.93
"CTG",142011,"/Date(1702538446000)/",26500,300,3240500,86322000000,-250,false,-0.93
"CTG",142011,"/Date(1702538446000)/",26500,100,3240200,86314000000,-250,false,-0.93
"CTG",142011,"/Date(1702538446000)/",26500,1000,3240100,86312000000,-250,false,-0.93
"CTG",142011,"/Date(1702538446000)/",26500,100,3239100,86285000000,-250,false,-0.93
"CTG",142011,"/Date(1702538446000)/",26500,100,3239000,86282000000,-250,false,-0.93
"CTG",142011,"/Date(1702538446000)/",26500,100,3238900,86280000000,-250,false,-0.93
"CTG",142011,"/Date(1702538446000)/",26500,1000,3238800,86277000000,-250,false,-0.93
"CTG",142011,"/Date(1702538446000)/",26500,7000,3237800,86251000000,-250,false,-0.93
"CTG",142011,"/Date(1702538446000)/",26500,4900,3230800,86065000000,-250,false,-0.93
"CTG",142011,"/Date(1702538445000)/",26500,1000,3225900,85935000000,-250,false,-0.93
"CTG",142005,"/Date(1702538438000)/",26550,200,3224900,85909000000,-200,false,-0.75
"CTG",142001,"/Date(1702538437000)/",26500,1800,3224700,85904000000,-250,true,-0.93
"CTG",142001,"/Date(1702538436000)/",26500,5000,3222900,85856000000,-250,true,-0.93
"CTG",142001,"/Date(1702538435000)/",26500,1900,3217900,85723000000,-250,true,-0.93
"CTG",142001,"/Date(1702538435000)/",26500,10000,3216000,85673000000,-250,true,-0.93
"CTG",141958,"/Date(1702538434000)/",26500,5400,3206000,85408000000,-250,true,-0.93
"CTG",141958,"/Date(1702538434000)/",26500,100,3200600,85265000000,-250,true,-0.93
"CTG",141958,"/Date(1702538434000)/",26500,200,3200500,85262000000,-250,true,-0.93
"CTG",141958,"/Date(1702538434000)/",26500,1300,3200300,85257000000,-250,true,-0.93
"CTG",141958,"/Date(1702538433000)/",26500,1600,3199000,85222000000,-250,true,-0.93
"CTG",141958,"/Date(1702538433000)/",26500,100,3197400,85180000000,-250,true,-0.93
"CTG",141958,"/Date(1702538433000)/",26500,5000,3197300,85177000000,-250,true,-0.93
"CTG",141958,"/Date(1702538433000)/",26500,3000,3192300,85045000000,-250,true,-0.93
"CTG",141958,"/Date(1702538433000)/",26500,1300,3189300,84965000000,-250,true,-0.93
"CTG",141955,"/Date(1702538431000)/",26500,3700,3188000,84931000000,-250,true,-0.93
"CTG",141955,"/Date(1702538431000)/",26500,100,3184300,84833000000,-250,true,-0.93
"CTG",141955,"/Date(1702538431000)/",26500,2000,3184200,84830000000,-250,true,-0.93
"CTG",141955,"/Date(1702538431000)/",26500,1000,3182200,84777000000,-250,true,-0.93
"CTG",141955,"/Date(1702538431000)/",26500,1000,3181200,84751000000,-250,true,-0.93
"CTG",141955,"/Date(1702538431000)/",26500,500,3180200,84724000000,-250,true,-0.93
"CTG",141955,"/Date(1702538431000)/",26500,300,3179700,84711000000,-250,true,-0.93
"CTG",141955,"/Date(1702538431000)/",26500,100,3179400,84703000000,-250,true,-0.93
"CTG",141955,"/Date(1702538431000)/",26500,13600,3179300,84700000000,-250,true,-0.93
"CTG",141955,"/Date(1702538431000)/",26500,2600,3165700,84340000000,-250,true,-0.93
"CTG",141955,"/Date(1702538431000)/",26500,1000,3163100,84271000000,-250,true,-0.93
"CTG",141955,"/Date(1702538431000)/",26500,400,3162100,84245000000,-250,true,-0.93
"CTG",141955,"/Date(1702538431000)/",26500,20000,3161700,84234000000,-250,true,-0.93
"CTG",141955,"/Date(1702538431000)/",26500,100,3141700,83704000000,-250,true,-0.93
"CTG",141955,"/Date(1702538431000)/",26500,200,3141600,83701000000,-250,true,-0.93
"CTG",141955,"/Date(1702538431000)/",26500,500,3141400,83696000000,-250,true,-0.93
"CTG",141955,"/Date(1702538431000)/",26500,500,3140900,83683000000,-250,true,-0.93
"CTG",141955,"/Date(1702538431000)/",26500,1000,3140400,83670000000,-250,true,-0.93
"CTG",141955,"/Date(1702538431000)/",26500,200,3139400,83643000000,-250,true,-0.93
"CTG",141955,"/Date(1702538431000)/",26500,1000,3139200,83638000000,-250,true,-0.93
"CTG",141955,"/Date(1702538431000)/",26500,100,3138200,83611000000,-250,true,-0.93
"CTG",141955,"/Date(1702538431000)/",26500,300,3138100,83609000000,-250,true,-0.93
"CTG",141955,"/Date(1702538431000)/",26500,9100,3137800,83601000000,-250,true,-0.93
"CTG",141955,"/Date(1702538431000)/",26500,4900,3128700,83360000000,-250,true,-0.93
"CTG",141955,"/Date(1702538431000)/",26500,200,3123800,83230000000,-250,true,-0.93
"CTG",141955,"/Date(1702538431000)/",26500,1000,3123600,83224000000,-250,true,-0.93
"CTG",141955,"/Date(1702538431000)/",26500,100,3122600,83198000000,-250,true,-0.93
"CTG",141955,"/Date(1702538431000)/",26500,100,3122500,83195000000,-250,true,-0.93
"CTG",141955,"/Date(1702538431000)/",26500,100,3122400,83193000000,-250,true,-0.93
"CTG",141955,"/Date(1702538431000)/",26500,6200,3122300,83190000000,-250,true,-0.93
"CTG",141955,"/Date(1702538431000)/",26500,2000,3116100,83026000000,-250,true,-0.93
"CTG",141955,"/Date(1702538431000)/",26500,200,3114100,82973000000,-250,true,-0.93
"CTG",141955,"/Date(1702538431000)/",26500,1300,3113900,82967000000,-250,true,-0.93
"CTG",141955,"/Date(1702538431000)/",26500,3600,3112600,82933000000,-250,true,-0.93
"CTG",141955,"/Date(1702538431000)/",26500,800,3109000,82837000000,-250,true,-0.93
"CTG",141955,"/Date(1702538431000)/",26500,1000,3108200,82816000000,-250,true,-0.93
"CTG",141955,"/Date(1702538431000)/",26500,3600,3107200,82790000000,-250,true,-0.93
"CTG",141955,"/Date(1702538431000)/",26500,5000,3103600,82694000000,-250,true,-0.93
"CTG",141955,"/Date(1702538431000)/",26500,200,3098600,82562000000,-250,true,-0.93
"CTG",141955,"/Date(1702538431000)/",26500,300,3098400,82557000000,-250,true,-0.93
"CTG",141955,"/Date(1702538431000)/",26500,200,3098100,82549000000,-250,true,-0.93
"CTG",141955,"/Date(1702538431000)/",26500,200,3097900,82543000000,-250,true,-0.93
"CTG",141955,"/Date(1702538431000)/",26500,2000,3097700,82538000000,-250,true,-0.93
"CTG",141955,"/Date(1702538431000)/",26500,100,3095700,82485000000,-250,true,-0.93
"CTG",141955,"/Date(1702538431000)/",26500,100,3095600,82482000000,-250,true,-0.93
"CTG",141955,"/Date(1702538431000)/",26500,7500,3095500,82480000000,-250,true,-0.93
"CTG",141955,"/Date(1702538429000)/",26500,600,3088000,82281000000,-250,true,-0.93
"CTG",141952,"/Date(1702538427000)/",26500,1300,3087400,82265000000,-250,true,-0.93
"CTG",141952,"/Date(1702538426000)/",26500,600,3086100,82231000000,-250,true,-0.93
"CTG",141952,"/Date(1702538426000)/",26500,200,3085500,82215000000,-250,true,-0.93
"CTG",141952,"/Date(1702538426000)/",26500,300,3085300,82209000000,-250,true,-0.93
"CTG",141952,"/Date(1702538426000)/",26500,3900,3085000,82201000000,-250,true,-0.93
"CTG",141949,"/Date(1702538425000)/",26500,900,3081100,82098000000,-250,true,-0.93
"CTG",141945,"/Date(1702538421000)/",26500,100,3080200,82074000000,-250,true,-0.93
"CTG",141945,"/Date(1702538420000)/",26500,1300,3080100,82072000000,-250,true,-0.93
"CTG",141939,"/Date(1702538413000)/",26550,100,3078800,82037000000,-200,false,-0.75
"CTG",141933,"/Date(1702538409000)/",26500,100,3078700,82035000000,-250,true,-0.93
"CTG",141933,"/Date(1702538407000)/",26500,1600,3078600,82032000000,-250,true,-0.93
"CTG",141929,"/Date(1702538405000)/",26500,2100,3077000,81989000000,-250,true,-0.93
"CTG",141929,"/Date(1702538405000)/",26500,300,3074900,81934000000,-250,true,-0.93
"CTG",141929,"/Date(1702538405000)/",26500,500,3074600,81926000000,-250,true,-0.93
"CTG",141929,"/Date(1702538405000)/",26500,1000,3074100,81913000000,-250,true,-0.93
"CTG",141929,"/Date(1702538405000)/",26500,5000,3073100,81886000000,-250,true,-0.93
"CTG",141929,"/Date(1702538405000)/",26500,1000,3068100,81754000000,-250,true,-0.93
"CTG",141929,"/Date(1702538405000)/",26500,1000,3067100,81727000000,-250,true,-0.93
"CTG",141929,"/Date(1702538405000)/",26500,100,3066100,81701000000,-250,true,-0.93
"CTG",141929,"/Date(1702538405000)/",26500,200,3066000,81698000000,-250,true,-0.93
"CTG",141929,"/Date(1702538405000)/",26500,100,3065800,81693000000,-250,true,-0.93
"CTG",141929,"/Date(1702538405000)/",26500,100,3065700,81690000000,-250,true,-0.93
"CTG",141929,"/Date(1702538405000)/",26500,100,3065600,81687000000,-250,true,-0.93
"CTG",141929,"/Date(1702538405000)/",26500,100,3065500,81685000000,-250,true,-0.93
"CTG",141929,"/Date(1702538405000)/",26500,100,3065400,81682000000,-250,true,-0.93
"CTG",141929,"/Date(1702538405000)/",26500,400,3065300,81679000000,-250,true,-0.93
"CTG",141929,"/Date(1702538405000)/",26500,100,3064900,81669000000,-250,true,-0.93
"CTG",141929,"/Date(1702538405000)/",26500,1000,3064800,81666000000,-250,true,-0.93
"CTG",141929,"/Date(1702538405000)/",26500,100,3063800,81640000000,-250,true,-0.93
"CTG",141929,"/Date(1702538405000)/",26500,1700,3063700,81637000000,-250,true,-0.93
"CTG",141917,"/Date(1702538392000)/",26550,5000,3062000,81592000000,-200,false,-0.75
"CTG",141917,"/Date(1702538390000)/",26500,300,3057000,81459000000,-250,true,-0.93
"CTG",141917,"/Date(1702538390000)/",26500,500,3056700,81451000000,-250,true,-0.93
"CTG",141917,"/Date(1702538390000)/",26500,100,3056200,81438000000,-250,true,-0.93
"CTG",141907,"/Date(1702538383000)/",26500,100,3056100,81435000000,-250,true,-0.93
"CTG",141907,"/Date(1702538383000)/",26500,200,3056000,81433000000,-250,true,-0.93
"CTG",141907,"/Date(1702538382000)/",26500,800,3055800,81427000000,-250,true,-0.93
"CTG",141907,"/Date(1702538382000)/",26500,2000,3055000,81406000000,-250,true,-0.93
"CTG",141907,"/Date(1702538382000)/",26500,100,3053000,81353000000,-250,true,-0.93
"CTG",141907,"/Date(1702538382000)/",26500,100,3052900,81351000000,-250,true,-0.93
"CTG",141901,"/Date(1702538374000)/",26550,1000,3052800,81348000000,-200,false,-0.75
"CTG",141848,"/Date(1702538362000)/",26550,1000,3051800,81321000000,-200,false,-0.75
"CTG",141832,"/Date(1702538347000)/",26550,100,3050800,81295000000,-200,true,-0.75
"CTG",141832,"/Date(1702538347000)/",26550,3000,3050700,81292000000,-200,true,-0.75
"CTG",141816,"/Date(1702538331000)/",26550,100,3047700,81212000000,-200,true,-0.75
"CTG",141816,"/Date(1702538330000)/",26550,1000,3047600,81210000000,-200,true,-0.75
"CTG",141809,"/Date(1702538324000)/",26550,900,3046600,81183000000,-200,true,-0.75
"CTG",141753,"/Date(1702538309000)/",26500,100,3045700,81159000000,-250,true,-0.93
"CTG",141753,"/Date(1702538308000)/",26500,200,3045600,81157000000,-250,true,-0.93
"CTG",141753,"/Date(1702538308000)/",26500,100,3045400,81151000000,-250,true,-0.93
"CTG",141753,"/Date(1702538308000)/",26550,900,3045300,81149000000,-200,true,-0.75
"CTG",141753,"/Date(1702538307000)/",26550,500,3044400,81125000000,-200,true,-0.75
"CTG",141750,"/Date(1702538306000)/",26550,5000,3043900,81112000000,-200,true,-0.75
"CTG",141747,"/Date(1702538301000)/",26550,300,3038900,80979000000,-200,true,-0.75
"CTG",141744,"/Date(1702538299000)/",26550,200,3038600,80971000000,-200,false,-0.75
"CTG",141744,"/Date(1702538299000)/",26550,900,3038400,80966000000,-200,false,-0.75
"CTG",141744,"/Date(1702538299000)/",26550,2200,3037500,80942000000,-200,false,-0.75
"CTG",141744,"/Date(1702538298000)/",26550,700,3035300,80883000000,-200,false,-0.75
"CTG",141741,"/Date(1702538295000)/",26550,100,3034600,80865000000,-200,false,-0.75
"CTG",141741,"/Date(1702538295000)/",26550,300,3034500,80862000000,-200,false,-0.75
"CTG",141737,"/Date(1702538292000)/",26550,200,3034200,80854000000,-200,false,-0.75
"CTG",141737,"/Date(1702538292000)/",26550,900,3034000,80849000000,-200,false,-0.75
"CTG",141737,"/Date(1702538292000)/",26550,900,3033100,80825000000,-200,false,-0.75
"CTG",141659,"/Date(1702538255000)/",26550,100,3032200,80801000000,-200,true,-0.75
"CTG",141659,"/Date(1702538255000)/",26550,1600,3032100,80798000000,-200,true,-0.75
"CTG",141659,"/Date(1702538255000)/",26550,2000,3030500,80756000000,-200,true,-0.75
"CTG",141659,"/Date(1702538255000)/",26550,1000,3028500,80703000000,-200,true,-0.75
"CTG",141659,"/Date(1702538255000)/",26550,400,3027500,80676000000,-200,true,-0.75
"CTG",141656,"/Date(1702538251000)/",26550,100,3027100,80666000000,-200,true,-0.75
"CTG",141656,"/Date(1702538249000)/",26550,1100,3027000,80663000000,-200,true,-0.75
"CTG",141627,"/Date(1702538222000)/",26550,900,3025900,80634000000,-200,true,-0.75
"CTG",141627,"/Date(1702538221000)/",26550,200,3025000,80610000000,-200,true,-0.75
"CTG",141624,"/Date(1702538220000)/",26650,300,3024800,80605000000,-100,false,-0.37
"CTG",141624,"/Date(1702538220000)/",26650,100,3024500,80597000000,-100,false,-0.37
"CTG",141624,"/Date(1702538219000)/",26600,2600,3024400,80594000000,-150,true,-0.56
"CTG",141621,"/Date(1702538216000)/",26600,200,3021800,80525000000,-150,true,-0.56
"CTG",141614,"/Date(1702538209000)/",26600,200,3021600,80519000000,-150,false,-0.56
"CTG",141614,"/Date(1702538208000)/",26600,200,3021400,80514000000,-150,false,-0.56
"CTG",141614,"/Date(1702538208000)/",26600,1800,3021200,80509000000,-150,false,-0.56
"CTG",141555,"/Date(1702538189000)/",26550,900,3019400,80461000000,-200,true,-0.75
"CTG",141539,"/Date(1702538173000)/",26550,100,3018500,80437000000,-200,true,-0.75
"CTG",141536,"/Date(1702538171000)/",26550,300,3018400,80434000000,-200,false,-0.75
"CTG",141536,"/Date(1702538171000)/",26550,1000,3018100,80426000000,-200,false,-0.75
"CTG",141533,"/Date(1702538167000)/",26500,100,3017100,80400000000,-250,true,-0.93
"CTG",141533,"/Date(1702538166000)/",26500,1300,3017000,80397000000,-250,true,-0.93
"CTG",141523,"/Date(1702538158000)/",26550,2000,3015700,80363000000,-200,false,-0.75
"CTG",141523,"/Date(1702538157000)/",26500,200,3013700,80310000000,-250,true,-0.93
"CTG",141523,"/Date(1702538156000)/",26500,800,3013500,80304000000,-250,true,-0.93
"CTG",141520,"/Date(1702538155000)/",26500,900,3012700,80283000000,-250,true,-0.93
"CTG",141520,"/Date(1702538155000)/",26500,1300,3011800,80259000000,-250,true,-0.93
"CTG",141504,"/Date(1702538138000)/",26650,800,3010500,80225000000,-100,false,-0.37
"CTG",141504,"/Date(1702538138000)/",26650,100,3009700,80203000000,-100,false,-0.37
"CTG",141504,"/Date(1702538138000)/",26600,5000,3009600,80201000000,-150,false,-0.56
"CTG",141504,"/Date(1702538138000)/",26600,3000,3004600,80068000000,-150,false,-0.56
"CTG",141504,"/Date(1702538138000)/",26600,500,3001600,79988000000,-150,false,-0.56
"CTG",141504,"/Date(1702538138000)/",26600,500,3001100,79975000000,-150,false,-0.56
"CTG",141504,"/Date(1702538138000)/",26550,100,3000600,79961000000,-200,false,-0.75
"CTG",141448,"/Date(1702538121000)/",26550,800,3000500,79959000000,-200,false,-0.75
"CTG",141432,"/Date(1702538107000)/",26550,100,2999700,79938000000,-200,true,-0.75
"CTG",141432,"/Date(1702538106000)/",26550,100,2999600,79935000000,-200,true,-0.75
"CTG",141432,"/Date(1702538105000)/",26550,900,2999500,79932000000,-200,true,-0.75
"CTG",141432,"/Date(1702538105000)/",26550,100,2998600,79908000000,-200,true,-0.75
"CTG",141432,"/Date(1702538105000)/",26550,200,2998500,79906000000,-200,true,-0.75
"CTG",141425,"/Date(1702538099000)/",26550,100,2998300,79900000000,-200,false,-0.75
"CTG",141425,"/Date(1702538099000)/",26550,200,2998200,79898000000,-200,false,-0.75
"CTG",141419,"/Date(1702538093000)/",26550,1000,2998000,79892000000,-200,false,-0.75
"CTG",141413,"/Date(1702538086000)/",26550,100,2997000,79866000000,-200,false,-0.75
"CTG",141409,"/Date(1702538084000)/",26550,1500,2996900,79863000000,-200,true,-0.75
"CTG",141344,"/Date(1702538057000)/",26550,200,2995400,79823000000,-200,true,-0.75
"CTG",141341,"/Date(1702538055000)/",26550,900,2995200,79818000000,-200,true,-0.75
"CTG",141341,"/Date(1702538054000)/",26550,1000,2994300,79794000000,-200,true,-0.75
"CTG",141341,"/Date(1702538054000)/",26550,500,2993300,79768000000,-200,true,-0.75
"CTG",141312,"/Date(1702538027000)/",26500,100,2992800,79754000000,-250,true,-0.93
"CTG",141312,"/Date(1702538024000)/",26500,300,2992700,79752000000,-250,true,-0.93
"CTG",141312,"/Date(1702538024000)/",26500,100,2992400,79744000000,-250,true,-0.93
"CTG",141312,"/Date(1702538024000)/",26500,200,2992300,79741000000,-250,true,-0.93
"CTG",141312,"/Date(1702538024000)/",26500,100,2992100,79736000000,-250,true,-0.93
"CTG",141312,"/Date(1702538024000)/",26500,700,2992000,79733000000,-250,true,-0.93
"CTG",141312,"/Date(1702538024000)/",26550,100,2991300,79715000000,-200,false,-0.75
"CTG",141305,"/Date(1702538020000)/",26550,500,2991200,79712000000,-200,true,-0.75
"CTG",141305,"/Date(1702538020000)/",26550,400,2990700,79699000000,-200,true,-0.75
"CTG",141249,"/Date(1702538004000)/",26550,100,2990300,79688000000,-200,true,-0.75
"CTG",141249,"/Date(1702538004000)/",26550,500,2990200,79685000000,-200,true,-0.75
"CTG",141243,"/Date(1702537998000)/",26550,600,2989700,79672000000,-200,false,-0.75
"CTG",141243,"/Date(1702537998000)/",26550,400,2989100,79656000000,-200,false,-0.75
"CTG",141240,"/Date(1702537995000)/",26500,100,2988700,79646000000,-250,true,-0.93
"CTG",141240,"/Date(1702537994000)/",26500,1500,2988600,79643000000,-250,true,-0.93
"CTG",141237,"/Date(1702537992000)/",26550,500,2987100,79603000000,-200,false,-0.75
"CTG",141237,"/Date(1702537992000)/",26550,200,2986600,79590000000,-200,false,-0.75
"CTG",141237,"/Date(1702537992000)/",26550,100,2986400,79585000000,-200,false,-0.75
"CTG",141237,"/Date(1702537992000)/",26550,1100,2986300,79582000000,-200,false,-0.75
"CTG",141237,"/Date(1702537992000)/",26550,100,2985200,79553000000,-200,false,-0.75
"CTG",141237,"/Date(1702537992000)/",26550,900,2985100,79550000000,-200,false,-0.75
"CTG",141237,"/Date(1702537992000)/",26550,900,2984200,79526000000,-200,false,-0.75
"CTG",141237,"/Date(1702537992000)/",26550,100,2983300,79502000000,-200,false,-0.75
"CTG",141237,"/Date(1702537992000)/",26550,300,2983200,79500000000,-200,false,-0.75
"CTG",141237,"/Date(1702537992000)/",26550,100,2982900,79492000000,-200,false,-0.75
"CTG",141237,"/Date(1702537992000)/",26550,100,2982800,79489000000,-200,false,-0.75
"CTG",141237,"/Date(1702537992000)/",26550,200,2982700,79486000000,-200,false,-0.75
"CTG",141237,"/Date(1702537992000)/",26550,200,2982500,79481000000,-200,false,-0.75
"CTG",141237,"/Date(1702537992000)/",26550,1600,2982300,79476000000,-200,false,-0.75
"CTG",141237,"/Date(1702537992000)/",26550,100,2980700,79433000000,-200,false,-0.75
"CTG",141237,"/Date(1702537992000)/",26550,100,2980600,79431000000,-200,false,-0.75
"CTG",141237,"/Date(1702537992000)/",26550,300,2980500,79428000000,-200,false,-0.75
"CTG",141237,"/Date(1702537992000)/",26550,3100,2980200,79420000000,-200,false,-0.75
"CTG",141237,"/Date(1702537991000)/",26550,500,2977100,79338000000,-200,false,-0.75
"CTG",141221,"/Date(1702537976000)/",26550,200,2976600,79324000000,-200,false,-0.75
"CTG",141221,"/Date(1702537976000)/",26550,600,2976400,79319000000,-200,false,-0.75
"CTG",141221,"/Date(1702537976000)/",26550,1600,2975800,79303000000,-200,false,-0.75
"CTG",141214,"/Date(1702537967000)/",26550,1000,2974200,79261000000,-200,false,-0.75
"CTG",141211,"/Date(1702537966000)/",26550,10000,2973200,79234000000,-200,false,-0.75
"CTG",141211,"/Date(1702537965000)/",26500,100,2963200,78969000000,-250,true,-0.93
"CTG",141211,"/Date(1702537964000)/",26500,1500,2963100,78966000000,-250,true,-0.93
"CTG",141158,"/Date(1702537954000)/",26550,1300,2961600,78926000000,-200,false,-0.75
"CTG",141155,"/Date(1702537949000)/",26550,400,2960300,78892000000,-200,false,-0.75
"CTG",141155,"/Date(1702537948000)/",26500,100,2959900,78881000000,-250,true,-0.93
"CTG",141142,"/Date(1702537938000)/",26500,500,2959800,78878000000,-250,true,-0.93
"CTG",141139,"/Date(1702537935000)/",26500,100,2959300,78865000000,-250,true,-0.93
"CTG",141139,"/Date(1702537934000)/",26500,1500,2959200,78863000000,-250,true,-0.93
"CTG",141129,"/Date(1702537924000)/",26500,300,2957700,78823000000,-250,true,-0.93
"CTG",141126,"/Date(1702537920000)/",26500,900,2957400,78815000000,-250,true,-0.93
"CTG",141110,"/Date(1702537905000)/",26500,200,2956500,78791000000,-250,true,-0.93
"CTG",141110,"/Date(1702537905000)/",26550,500,2956300,78786000000,-200,false,-0.75
"CTG",141110,"/Date(1702537904000)/",26500,1500,2955800,78772000000,-250,true,-0.93
"CTG",141107,"/Date(1702537903000)/",26550,600,2954300,78733000000,-200,false,-0.75
"CTG",141107,"/Date(1702537900000)/",26550,500,2953700,78717000000,-200,false,-0.75
"CTG",141058,"/Date(1702537891000)/",26550,200,2953200,78703000000,-200,false,-0.75
"CTG",141045,"/Date(1702537878000)/",26550,1300,2953000,78698000000,-200,false,-0.75
"CTG",141042,"/Date(1702537875000)/",26500,200,2951700,78664000000,-250,true,-0.93
"CTG",141038,"/Date(1702537874000)/",26500,1500,2951500,78658000000,-250,true,-0.93
"CTG",141038,"/Date(1702537873000)/",26550,1000,2950000,78619000000,-200,false,-0.75
"CTG",141038,"/Date(1702537871000)/",26550,3600,2949000,78592000000,-200,false,-0.75
"CTG",141032,"/Date(1702537865000)/",26550,800,2945400,78496000000,-200,false,-0.75
"CTG",141032,"/Date(1702537865000)/",26550,200,2944600,78475000000,-200,false,-0.75
"CTG",141022,"/Date(1702537857000)/",26500,200,2944400,78470000000,-250,true,-0.93
"CTG",141019,"/Date(1702537852000)/",26500,900,2944200,78465000000,-250,true,-0.93
"CTG",141010,"/Date(1702537845000)/",26500,100,2943300,78441000000,-250,true,-0.93
"CTG",141010,"/Date(1702537844000)/",26500,1500,2943200,78438000000,-250,true,-0.93
"CTG",141006,"/Date(1702537841000)/",26550,300,2941700,78398000000,-200,false,-0.75
"CTG",141006,"/Date(1702537841000)/",26550,100,2941400,78390000000,-200,false,-0.75
"CTG",141006,"/Date(1702537841000)/",26550,900,2941300,78388000000,-200,false,-0.75
"CTG",141006,"/Date(1702537841000)/",26550,300,2940400,78364000000,-200,false,-0.75
"CTG",141006,"/Date(1702537841000)/",26550,400,2940100,78356000000,-200,false,-0.75
"CTG",140957,"/Date(1702537830000)/",26550,100,2939700,78345000000,-200,false,-0.75
"CTG",140957,"/Date(1702537830000)/",26550,100,2939600,78343000000,-200,false,-0.75
"CTG",140957,"/Date(1702537830000)/",26550,500,2939500,78340000000,-200,false,-0.75
"CTG",140957,"/Date(1702537830000)/",26550,300,2939000,78327000000,-200,false,-0.75
"CTG",140944,"/Date(1702537819000)/",26500,900,2938700,78319000000,-250,true,-0.93
"CTG",140941,"/Date(1702537815000)/",26500,100,2937800,78295000000,-250,true,-0.93
"CTG",140941,"/Date(1702537814000)/",26500,1500,2937700,78292000000,-250,true,-0.93
"CTG",140934,"/Date(1702537809000)/",26550,200,2936200,78252000000,-200,false,-0.75
"CTG",140934,"/Date(1702537809000)/",26550,100,2936000,78247000000,-200,false,-0.75
"CTG",140934,"/Date(1702537809000)/",26550,200,2935900,78244000000,-200,false,-0.75
"CTG",140934,"/Date(1702537809000)/",26550,200,2935700,78239000000,-200,false,-0.75
"CTG",140934,"/Date(1702537809000)/",26550,900,2935500,78234000000,-200,false,-0.75
"CTG",140934,"/Date(1702537808000)/",26550,500,2934600,78210000000,-200,false,-0.75
"CTG",140934,"/Date(1702537808000)/",26550,300,2934100,78197000000,-200,false,-0.75
"CTG",140934,"/Date(1702537808000)/",26550,100,2933800,78189000000,-200,false,-0.75
"CTG",140934,"/Date(1702537808000)/",26550,200,2933700,78186000000,-200,false,-0.75
"CTG",140934,"/Date(1702537808000)/",26550,900,2933500,78181000000,-200,false,-0.75
"CTG",140934,"/Date(1702537808000)/",26550,200,2932600,78157000000,-200,false,-0.75
"CTG",140934,"/Date(1702537808000)/",26550,200,2932400,78152000000,-200,false,-0.75
"CTG",140934,"/Date(1702537808000)/",26550,600,2932200,78146000000,-200,false,-0.75
"CTG",140925,"/Date(1702537800000)/",26550,2000,2931600,78130000000,-200,false,-0.75
"CTG",140918,"/Date(1702537794000)/",26550,200,2929600,78077000000,-200,false,-0.75
"CTG",140915,"/Date(1702537789000)/",26550,5900,2929400,78072000000,-200,false,-0.75
"CTG",140915,"/Date(1702537788000)/",26550,100,2923500,77915000000,-200,false,-0.75
"CTG",140915,"/Date(1702537788000)/",26550,4800,2923400,77913000000,-200,false,-0.75
"CTG",140912,"/Date(1702537786000)/",26550,1300,2918600,77785000000,-200,false,-0.75
"CTG",140909,"/Date(1702537784000)/",26550,500,2917300,77751000000,-200,false,-0.75
"CTG",140909,"/Date(1702537784000)/",26500,1500,2916800,77737000000,-250,true,-0.93
"CTG",140909,"/Date(1702537783000)/",26550,1000,2915300,77698000000,-200,false,-0.75
"CTG",140906,"/Date(1702537780000)/",26550,5000,2914300,77671000000,-200,false,-0.75
"CTG",140906,"/Date(1702537779000)/",26550,1300,2909300,77538000000,-200,false,-0.75
"CTG",140859,"/Date(1702537774000)/",26550,5000,2908000,77504000000,-200,false,-0.75
"CTG",140856,"/Date(1702537769000)/",26550,5000,2903000,77371000000,-200,false,-0.75
"CTG",140853,"/Date(1702537768000)/",26550,1300,2898000,77238000000,-200,false,-0.75
"CTG",140846,"/Date(1702537759000)/",26550,1300,2896700,77204000000,-200,false,-0.75
"CTG",140846,"/Date(1702537759000)/",26550,500,2895400,77169000000,-200,false,-0.75
"CTG",140843,"/Date(1702537759000)/",26550,200,2894900,77156000000,-200,false,-0.75
"CTG",140840,"/Date(1702537755000)/",26500,400,2894700,77151000000,-250,true,-0.93
"CTG",140840,"/Date(1702537753000)/",26500,1500,2894300,77140000000,-250,true,-0.93
"CTG",140840,"/Date(1702537753000)/",26550,2600,2892800,77100000000,-200,false,-0.75
"CTG",140837,"/Date(1702537751000)/",26550,1300,2890200,77031000000,-200,false,-0.75
"CTG",140837,"/Date(1702537751000)/",26550,1000,2888900,76997000000,-200,false,-0.75
"CTG",140837,"/Date(1702537750000)/",26500,200,2887900,76970000000,-250,true,-0.93
"CTG",140834,"/Date(1702537748000)/",26550,5000,2887700,76965000000,-200,false,-0.75
"CTG",140831,"/Date(1702537744000)/",26550,3100,2882700,76832000000,-200,false,-0.75
"CTG",140827,"/Date(1702537740000)/",26550,1000,2879600,76750000000,-200,false,-0.75
"CTG",140827,"/Date(1702537740000)/",26550,200,2878600,76723000000,-200,false,-0.75
"CTG",140827,"/Date(1702537740000)/",26550,100,2878400,76718000000,-200,false,-0.75
"CTG",140815,"/Date(1702537727000)/",26550,100,2878300,76715000000,-200,false,-0.75
"CTG",140815,"/Date(1702537727000)/",26550,200,2878200,76713000000,-200,false,-0.75
"CTG",140815,"/Date(1702537727000)/",26550,1100,2878000,76707000000,-200,false,-0.75
"CTG",140815,"/Date(1702537727000)/",26550,100,2876900,76678000000,-200,false,-0.75
"CTG",140815,"/Date(1702537727000)/",26550,500,2876800,76676000000,-200,false,-0.75
"CTG",140811,"/Date(1702537725000)/",26500,100,2876300,76662000000,-250,true,-0.93
"CTG",140811,"/Date(1702537724000)/",26500,400,2876200,76660000000,-250,true,-0.93
"CTG",140811,"/Date(1702537724000)/",26500,1100,2875800,76649000000,-250,true,-0.93
"CTG",140759,"/Date(1702537714000)/",26550,400,2874700,76620000000,-200,false,-0.75
"CTG",140759,"/Date(1702537714000)/",26550,500,2874300,76609000000,-200,false,-0.75
"CTG",140759,"/Date(1702537714000)/",26550,100,2873800,76596000000,-200,false,-0.75
"CTG",140759,"/Date(1702537714000)/",26550,300,2873700,76593000000,-200,false,-0.75
"CTG",140759,"/Date(1702537714000)/",26550,500,2873400,76585000000,-200,false,-0.75
"CTG",140759,"/Date(1702537714000)/",26550,200,2872900,76572000000,-200,false,-0.75
"CTG",140759,"/Date(1702537711000)/",26550,100,2872700,76567000000,-200,false,-0.75
"CTG",140755,"/Date(1702537708000)/",26550,500,2872600,76564000000,-200,false,-0.75
"CTG",140752,"/Date(1702537707000)/",26550,100,2872100,76551000000,-200,false,-0.75
"CTG",140752,"/Date(1702537707000)/",26550,1500,2872000,76548000000,-200,false,-0.75
"CTG",140749,"/Date(1702537701000)/",26550,500,2870500,76508000000,-200,false,-0.75
"CTG",140749,"/Date(1702537701000)/",26550,1500,2870000,76495000000,-200,false,-0.75
"CTG",140746,"/Date(1702537701000)/",26550,400,2868500,76455000000,-200,false,-0.75
"CTG",140746,"/Date(1702537698000)/",26550,100,2868100,76445000000,-200,false,-0.75
"CTG",140746,"/Date(1702537698000)/",26550,400,2868000,76442000000,-200,false,-0.75
"CTG",140746,"/Date(1702537698000)/",26550,500,2867600,76431000000,-200,false,-0.75
"CTG",140743,"/Date(1702537698000)/",26550,900,2867100,76418000000,-200,false,-0.75
"CTG",140743,"/Date(1702537698000)/",26550,100,2866200,76394000000,-200,false,-0.75
"CTG",140743,"/Date(1702537696000)/",26550,200,2866100,76392000000,-200,false,-0.75
"CTG",140743,"/Date(1702537696000)/",26550,500,2865900,76386000000,-200,false,-0.75
"CTG",140743,"/Date(1702537696000)/",26500,1500,2865400,76373000000,-250,true,-0.93
"CTG",140739,"/Date(1702537692000)/",26550,200,2863900,76333000000,-200,false,-0.75
"CTG",140739,"/Date(1702537692000)/",26550,400,2863700,76328000000,-200,false,-0.75
"CTG",140739,"/Date(1702537692000)/",26550,200,2863300,76317000000,-200,false,-0.75
"CTG",140733,"/Date(1702537686000)/",26550,500,2863100,76312000000,-200,false,-0.75
"CTG",140733,"/Date(1702537686000)/",26550,9500,2862600,76299000000,-200,false,-0.75
"CTG",140730,"/Date(1702537684000)/",26550,100,2853100,76046000000,-200,false,-0.75
"CTG",140730,"/Date(1702537684000)/",26550,1000,2853000,76044000000,-200,false,-0.75
"CTG",140727,"/Date(1702537682000)/",26550,400,2852000,76017000000,-200,false,-0.75
"CTG",140727,"/Date(1702537681000)/",26550,5000,2851600,76007000000,-200,false,-0.75
"CTG",140723,"/Date(1702537679000)/",26550,500,2846600,75874000000,-200,false,-0.75
"CTG",140723,"/Date(1702537678000)/",26550,1300,2846100,75861000000,-200,false,-0.75
"CTG",140720,"/Date(1702537673000)/",26550,2700,2844800,75826000000,-200,false,-0.75
"CTG",140720,"/Date(1702537673000)/",26500,500,2842100,75754000000,-250,true,-0.93
"CTG",140711,"/Date(1702537665000)/",26500,100,2841600,75741000000,-250,true,-0.93
"CTG",140711,"/Date(1702537663000)/",26500,1500,2841500,75739000000,-250,true,-0.93
"CTG",140707,"/Date(1702537661000)/",26550,300,2840000,75699000000,-200,false,-0.75
"CTG",140704,"/Date(1702537657000)/",26550,5000,2839700,75691000000,-200,false,-0.75
"CTG",140645,"/Date(1702537640000)/",26550,3900,2834700,75558000000,-200,false,-0.75
"CTG",140642,"/Date(1702537637000)/",26500,500,2830800,75454000000,-250,true,-0.93
"CTG",140642,"/Date(1702537635000)/",26500,100,2830300,75441000000,-250,true,-0.93
"CTG",140642,"/Date(1702537634000)/",26550,5000,2830200,75439000000,-200,false,-0.75
"CTG",140639,"/Date(1702537633000)/",26500,1500,2825200,75306000000,-250,true,-0.93
"CTG",140623,"/Date(1702537616000)/",26550,5000,2823700,75266000000,-200,false,-0.75
"CTG",140610,"/Date(1702537605000)/",26500,300,2818700,75133000000,-250,true,-0.93
"CTG",140610,"/Date(1702537604000)/",26500,2000,2818400,75125000000,-250,true,-0.93
"CTG",140610,"/Date(1702537603000)/",26500,1500,2816400,75072000000,-250,true,-0.93
"CTG",140604,"/Date(1702537597000)/",26500,100,2814900,75033000000,-250,true,-0.93
"CTG",140600,"/Date(1702537595000)/",26500,100,2814800,75030000000,-250,true,-0.93
"CTG",140600,"/Date(1702537595000)/",26550,1300,2814700,75027000000,-200,false,-0.75
"CTG",140557,"/Date(1702537591000)/",26500,500,2813400,74993000000,-250,true,-0.93
"CTG",140557,"/Date(1702537590000)/",26500,5000,2812900,74980000000,-250,true,-0.93
"CTG",140551,"/Date(1702537584000)/",26500,900,2807900,74847000000,-250,true,-0.93
"CTG",140541,"/Date(1702537575000)/",26500,100,2807000,74823000000,-250,true,-0.93
"CTG",140538,"/Date(1702537573000)/",26500,1500,2806900,74821000000,-250,true,-0.93
"CTG",140516,"/Date(1702537550000)/",26500,900,2805400,74781000000,-250,true,-0.93
"CTG",140512,"/Date(1702537545000)/",26500,100,2804500,74757000000,-250,true,-0.93
"CTG",140509,"/Date(1702537543000)/",26500,200,2804400,74754000000,-250,true,-0.93
"CTG",140509,"/Date(1702537543000)/",26500,1000,2804200,74749000000,-250,true,-0.93
"CTG",140509,"/Date(1702537543000)/",26500,300,2803200,74723000000,-250,true,-0.93
"CTG",140500,"/Date(1702537534000)/",26550,2000,2802900,74715000000,-200,false,-0.75
"CTG",140500,"/Date(1702537533000)/",26550,2000,2800900,74661000000,-200,false,-0.75
"CTG",140456,"/Date(1702537530000)/",26550,2000,2798900,74608000000,-200,false,-0.75
"CTG",140453,"/Date(1702537526000)/",26550,3000,2796900,74555000000,-200,false,-0.75
"CTG",140453,"/Date(1702537526000)/",26550,400,2793900,74476000000,-200,false,-0.75
"CTG",140453,"/Date(1702537526000)/",26550,100,2793500,74465000000,-200,false,-0.75
"CTG",140453,"/Date(1702537526000)/",26550,400,2793400,74462000000,-200,false,-0.75
"CTG",140453,"/Date(1702537526000)/",26550,1100,2793000,74452000000,-200,false,-0.75
"CTG",140444,"/Date(1702537517000)/",26500,100,2791900,74423000000,-250,true,-0.93
"CTG",140444,"/Date(1702537516000)/",26500,600,2791800,74420000000,-250,true,-0.93
"CTG",140444,"/Date(1702537516000)/",26500,100,2791200,74404000000,-250,true,-0.93
"CTG",140444,"/Date(1702537516000)/",26500,100,2791100,74401000000,-250,true,-0.93
"CTG",140444,"/Date(1702537516000)/",26500,100,2791000,74399000000,-250,true,-0.93
"CTG",140444,"/Date(1702537516000)/",26500,200,2790900,74396000000,-250,true,-0.93
"CTG",140444,"/Date(1702537516000)/",26500,100,2790700,74391000000,-250,true,-0.93
"CTG",140440,"/Date(1702537515000)/",26500,100,2790600,74388000000,-250,true,-0.93
"CTG",140440,"/Date(1702537513000)/",26500,300,2790500,74385000000,-250,true,-0.93
"CTG",140440,"/Date(1702537513000)/",26500,100,2790200,74377000000,-250,true,-0.93
"CTG",140440,"/Date(1702537513000)/",26500,1100,2790100,74375000000,-250,true,-0.93
"CTG",140428,"/Date(1702537500000)/",26550,3800,2789000,74346000000,-200,false,-0.75
"CTG",140421,"/Date(1702537496000)/",26550,1300,2785200,74245000000,-200,false,-0.75
"CTG",140418,"/Date(1702537493000)/",26550,3800,2783900,74210000000,-200,false,-0.75
"CTG",140418,"/Date(1702537493000)/",26550,100,2780100,74109000000,-200,false,-0.75
"CTG",140412,"/Date(1702537485000)/",26500,500,2780000,74107000000,-250,true,-0.93
"CTG",140409,"/Date(1702537483000)/",26500,1500,2779500,74093000000,-250,true,-0.93
"CTG",140409,"/Date(1702537483000)/",26550,800,2778000,74054000000,-200,false,-0.75
"CTG",140409,"/Date(1702537483000)/",26550,400,2777200,74032000000,-200,false,-0.75
"CTG",140409,"/Date(1702537483000)/",26550,100,2776800,74022000000,-200,false,-0.75
"CTG",140409,"/Date(1702537482000)/",26500,900,2776700,74019000000,-250,true,-0.93
"CTG",140409,"/Date(1702537482000)/",26550,500,2775800,73995000000,-200,false,-0.75
"CTG",140409,"/Date(1702537482000)/",26550,800,2775300,73982000000,-200,false,-0.75
"CTG",140359,"/Date(1702537473000)/",26500,500,2774500,73961000000,-250,true,-0.93
"CTG",140356,"/Date(1702537468000)/",26550,100,2774000,73948000000,-200,false,-0.75
"CTG",140356,"/Date(1702537468000)/",26550,200,2773900,73945000000,-200,false,-0.75
"CTG",140340,"/Date(1702537455000)/",26500,200,2773700,73940000000,-250,true,-0.93
"CTG",140340,"/Date(1702537453000)/",26500,800,2773500,73934000000,-250,true,-0.93
"CTG",140340,"/Date(1702537453000)/",26500,1500,2772700,73913000000,-250,true,-0.93
"CTG",140340,"/Date(1702537452000)/",26500,3000,2771200,73873000000,-250,true,-0.93
"CTG",140340,"/Date(1702537452000)/",26500,500,2768200,73794000000,-250,true,-0.93
"CTG",140340,"/Date(1702537452000)/",26500,100,2767700,73781000000,-250,true,-0.93
"CTG",140340,"/Date(1702537452000)/",26500,400,2767600,73778000000,-250,true,-0.93
"CTG",140340,"/Date(1702537452000)/",26550,400,2767200,73767000000,-200,false,-0.75
"CTG",140340,"/Date(1702537452000)/",26550,500,2766800,73757000000,-200,false,-0.75
"CTG",140340,"/Date(1702537452000)/",26550,1100,2766300,73743000000,-200,false,-0.75
"CTG",140337,"/Date(1702537451000)/",26500,100,2765200,73714000000,-250,true,-0.93
"CTG",140337,"/Date(1702537451000)/",26500,200,2765100,73712000000,-250,true,-0.93
"CTG",140337,"/Date(1702537451000)/",26500,100,2764900,73706000000,-250,true,-0.93
"CTG",140337,"/Date(1702537451000)/",26500,800,2764800,73704000000,-250,true,-0.93
"CTG",140337,"/Date(1702537451000)/",26500,300,2764000,73682000000,-250,true,-0.93
"CTG",140337,"/Date(1702537450000)/",26500,700,2763700,73675000000,-250,true,-0.93
"CTG",140337,"/Date(1702537450000)/",26500,100,2763000,73656000000,-250,true,-0.93
"CTG",140337,"/Date(1702537450000)/",26500,5000,2762900,73653000000,-250,true,-0.93
"CTG",140337,"/Date(1702537450000)/",26500,1000,2757900,73521000000,-250,true,-0.93
"CTG",140337,"/Date(1702537450000)/",26500,100,2756900,73494000000,-250,true,-0.93
"CTG",140337,"/Date(1702537450000)/",26500,1000,2756800,73492000000,-250,true,-0.93
"CTG",140337,"/Date(1702537450000)/",26500,100,2755800,73465000000,-250,true,-0.93
"CTG",140337,"/Date(1702537450000)/",26500,2000,2755700,73463000000,-250,true,-0.93
"CTG",140337,"/Date(1702537449000)/",26550,2900,2753700,73410000000,-200,false,-0.75
"CTG",140337,"/Date(1702537448000)/",26500,900,2750800,73333000000,-250,true,-0.93
"CTG",140333,"/Date(1702537447000)/",26500,300,2749900,73309000000,-250,true,-0.93
"CTG",140308,"/Date(1702537423000)/",26500,100,2749600,73301000000,-250,true,-0.93
"CTG",140308,"/Date(1702537422000)/",26500,1500,2749500,73298000000,-250,true,-0.93
"CTG",140308,"/Date(1702537420000)/",26550,200,2748000,73258000000,-200,false,-0.75
"CTG",140258,"/Date(1702537412000)/",26550,3700,2747800,73253000000,-200,false,-0.75
"CTG",140255,"/Date(1702537408000)/",26550,400,2744100,73155000000,-200,false,-0.75
"CTG",140249,"/Date(1702537403000)/",26550,1000,2743700,73144000000,-200,false,-0.75
"CTG",140245,"/Date(1702537399000)/",26550,700,2742700,73118000000,-200,false,-0.75
"CTG",140245,"/Date(1702537399000)/",26550,900,2742000,73099000000,-200,false,-0.75
"CTG",140245,"/Date(1702537399000)/",26550,500,2741100,73075000000,-200,false,-0.75
"CTG",140245,"/Date(1702537399000)/",26550,1100,2740600,73062000000,-200,false,-0.75
"CTG",140245,"/Date(1702537399000)/",26550,100,2739500,73033000000,-200,false,-0.75
"CTG",140245,"/Date(1702537399000)/",26550,100,2739400,73030000000,-200,false,-0.75
"CTG",140245,"/Date(1702537399000)/",26550,500,2739300,73027000000,-200,false,-0.75
"CTG",140245,"/Date(1702537399000)/",26550,900,2738800,73014000000,-200,false,-0.75
"CTG",140245,"/Date(1702537399000)/",26550,200,2737900,72990000000,-200,false,-0.75
"CTG",140239,"/Date(1702537393000)/",26500,100,2737700,72985000000,-250,true,-0.93
"CTG",140239,"/Date(1702537392000)/",26500,100,2737600,72982000000,-250,true,-0.93
"CTG",140239,"/Date(1702537392000)/",26500,1000,2737500,72980000000,-250,true,-0.93
"CTG",140239,"/Date(1702537392000)/",26500,400,2736500,72953000000,-250,true,-0.93
"CTG",140210,"/Date(1702537365000)/",26550,400,2736100,72942000000,-200,false,-0.75
"CTG",140210,"/Date(1702537363000)/",26500,100,2735700,72932000000,-250,true,-0.93
"CTG",140210,"/Date(1702537362000)/",26500,500,2735600,72929000000,-250,true,-0.93
"CTG",140210,"/Date(1702537362000)/",26500,1000,2735100,72916000000,-250,true,-0.93
"CTG",140204,"/Date(1702537359000)/",26500,500,2734100,72889000000,-250,true,-0.93
"CTG",140204,"/Date(1702537357000)/",26500,2500,2733600,72876000000,-250,true,-0.93
"CTG",140204,"/Date(1702537357000)/",26500,500,2731100,72810000000,-250,true,-0.93
"CTG",140204,"/Date(1702537357000)/",26500,100,2730600,72797000000,-250,true,-0.93
"CTG",140204,"/Date(1702537357000)/",26500,100,2730500,72794000000,-250,true,-0.93
"CTG",140204,"/Date(1702537357000)/",26500,1000,2730400,72791000000,-250,true,-0.93
"CTG",140204,"/Date(1702537357000)/",26500,500,2729400,72765000000,-250,true,-0.93
"CTG",140204,"/Date(1702537357000)/",26500,300,2728900,72752000000,-250,true,-0.93
"CTG",140201,"/Date(1702537354000)/",26550,100,2728600,72744000000,-200,false,-0.75
"CTG",140154,"/Date(1702537347000)/",26500,700,2728500,72741000000,-250,true,-0.93
"CTG",140154,"/Date(1702537347000)/",26500,200,2727800,72723000000,-250,true,-0.93
"CTG",140142,"/Date(1702537335000)/",26500,100,2727600,72717000000,-250,true,-0.93
"CTG",140138,"/Date(1702537332000)/",26500,200,2727500,72715000000,-250,true,-0.93
"CTG",140138,"/Date(1702537332000)/",26500,1300,2727300,72709000000,-250,true,-0.93
"CTG",140135,"/Date(1702537327000)/",26500,200,2726000,72675000000,-250,true,-0.93
"CTG",140132,"/Date(1702537325000)/",26500,2400,2725800,72670000000,-250,true,-0.93
"CTG",140122,"/Date(1702537314000)/",26500,900,2723400,72606000000,-250,true,-0.93
"CTG",140116,"/Date(1702537311000)/",26500,100,2722500,72582000000,-250,true,-0.93
"CTG",140116,"/Date(1702537309000)/",26500,100,2722400,72579000000,-250,true,-0.93
"CTG",140116,"/Date(1702537309000)/",26500,1000,2722300,72577000000,-250,true,-0.93
"CTG",140113,"/Date(1702537307000)/",26500,4000,2721300,72550000000,-250,true,-0.93
"CTG",140113,"/Date(1702537307000)/",26500,100,2717300,72444000000,-250,true,-0.93
"CTG",140113,"/Date(1702537307000)/",26500,100,2717200,72442000000,-250,true,-0.93
"CTG",140113,"/Date(1702537307000)/",26500,1000,2717100,72439000000,-250,true,-0.93
"CTG",140113,"/Date(1702537307000)/",26500,2500,2716100,72412000000,-250,true,-0.93
"CTG",140113,"/Date(1702537307000)/",26500,300,2713600,72346000000,-250,true,-0.93
"CTG",140113,"/Date(1702537307000)/",26500,1000,2713300,72338000000,-250,true,-0.93
"CTG",140113,"/Date(1702537307000)/",26500,100,2712300,72312000000,-250,true,-0.93
"CTG",140113,"/Date(1702537307000)/",26500,100,2712200,72309000000,-250,true,-0.93
"CTG",140113,"/Date(1702537307000)/",26500,100,2712100,72306000000,-250,true,-0.93
"CTG",140113,"/Date(1702537307000)/",26500,500,2712000,72304000000,-250,true,-0.93
"CTG",140113,"/Date(1702537307000)/",26500,200,2711500,72291000000,-250,true,-0.93
"CTG",140110,"/Date(1702537303000)/",26500,100,2711300,72285000000,-250,true,-0.93
"CTG",140110,"/Date(1702537302000)/",26500,1500,2711200,72283000000,-250,true,-0.93
"CTG",140106,"/Date(1702537300000)/",26550,200,2709700,72243000000,-200,false,-0.75
"CTG",140106,"/Date(1702537300000)/",26550,100,2709500,72238000000,-200,false,-0.75
"CTG",140106,"/Date(1702537300000)/",26550,500,2709400,72235000000,-200,false,-0.75
"CTG",140106,"/Date(1702537300000)/",26550,900,2708900,72222000000,-200,false,-0.75
"CTG",140106,"/Date(1702537300000)/",26550,3300,2708000,72198000000,-200,false,-0.75
"CTG",140044,"/Date(1702537276000)/",26550,5000,2704700,72110000000,-200,false,-0.75
"CTG",140041,"/Date(1702537273000)/",26500,100,2699700,71977000000,-250,true,-0.93
"CTG",140038,"/Date(1702537272000)/",26500,1500,2699600,71975000000,-250,true,-0.93
"CTG",140034,"/Date(1702537267000)/",26500,300,2698100,71935000000,-250,true,-0.93
"CTG",140031,"/Date(1702537265000)/",26500,200,2697800,71927000000,-250,true,-0.93
"CTG",140031,"/Date(1702537264000)/",26500,1600,2697600,71922000000,-250,true,-0.93
"CTG",140031,"/Date(1702537263000)/",26500,500,2696000,71879000000,-250,true,-0.93
"CTG",140028,"/Date(1702537262000)/",26500,4000,2695500,71866000000,-250,true,-0.93
"CTG",140028,"/Date(1702537262000)/",26500,1000,2691500,71760000000,-250,true,-0.93
"CTG",140028,"/Date(1702537262000)/",26500,200,2690500,71734000000,-250,true,-0.93
"CTG",140028,"/Date(1702537262000)/",26500,400,2690300,71728000000,-250,true,-0.93
"CTG",140028,"/Date(1702537262000)/",26500,100,2689900,71718000000,-250,true,-0.93
"CTG",140028,"/Date(1702537262000)/",26500,9300,2689800,71715000000,-250,true,-0.93
"CTG",140015,"/Date(1702537247000)/",26500,700,2680500,71469000000,-250,true,-0.93
"CTG",140015,"/Date(1702537247000)/",26500,200,2679800,71450000000,-250,true,-0.93
"CTG",140012,"/Date(1702537245000)/",26500,100,2679600,71445000000,-250,true,-0.93
"CTG",140009,"/Date(1702537243000)/",26500,700,2679500,71442000000,-250,true,-0.93
"CTG",140009,"/Date(1702537242000)/",26550,500,2678800,71424000000,-200,false,-0.75
"CTG",140009,"/Date(1702537242000)/",26500,100,2678300,71410000000,-250,true,-0.93
"CTG",140009,"/Date(1702537242000)/",26500,200,2678200,71408000000,-250,true,-0.93
"CTG",140009,"/Date(1702537242000)/",26500,500,2678000,71402000000,-250,true,-0.93
"CTG",140009,"/Date(1702537242000)/",26500,100,2677500,71389000000,-250,true,-0.93
"CTG",140009,"/Date(1702537242000)/",26500,100,2677400,71386000000,-250,true,-0.93
"CTG",140009,"/Date(1702537242000)/",26500,500,2677300,71384000000,-250,true,-0.93
"CTG",140009,"/Date(1702537241000)/",26500,100,2676800,71370000000,-250,true,-0.93
"CTG",140009,"/Date(1702537241000)/",26500,200,2676700,71368000000,-250,true,-0.93
"CTG",140009,"/Date(1702537241000)/",26500,2000,2676500,71363000000,-250,true,-0.93
"CTG",140009,"/Date(1702537241000)/",26500,200,2674500,71310000000,-250,true,-0.93
"CTG",140009,"/Date(1702537241000)/",26500,400,2674300,71304000000,-250,true,-0.93
"CTG",140009,"/Date(1702537241000)/",26500,500,2673900,71294000000,-250,true,-0.93
"CTG",140009,"/Date(1702537241000)/",26500,2200,2673400,71280000000,-250,true,-0.93
"CTG",140006,"/Date(1702537240000)/",26500,800,2671200,71222000000,-250,true,-0.93
"CTG",140006,"/Date(1702537240000)/",26500,500,2670400,71201000000,-250,true,-0.93
"CTG",140006,"/Date(1702537240000)/",26500,1000,2669900,71188000000,-250,true,-0.93
"CTG",140006,"/Date(1702537240000)/",26500,100,2668900,71161000000,-250,true,-0.93
"CTG",140006,"/Date(1702537240000)/",26500,100,2668800,71158000000,-250,true,-0.93
"CTG",140006,"/Date(1702537240000)/",26500,100,2668700,71156000000,-250,true,-0.93
"CTG",140006,"/Date(1702537240000)/",26500,100,2668600,71153000000,-250,true,-0.93
"CTG",140006,"/Date(1702537240000)/",26500,100,2668500,71151000000,-250,true,-0.93
"CTG",140006,"/Date(1702537240000)/",26500,300,2668400,71148000000,-250,true,-0.93
"CTG",140006,"/Date(1702537240000)/",26500,100,2668100,71140000000,-250,true,-0.93
"CTG",140006,"/Date(1702537240000)/",26500,100,2668000,71137000000,-250,true,-0.93
"CTG",140006,"/Date(1702537240000)/",26500,300,2667900,71135000000,-250,true,-0.93
"CTG",140006,"/Date(1702537240000)/",26500,1000,2667600,71127000000,-250,true,-0.93
"CTG",140006,"/Date(1702537240000)/",26500,1000,2666600,71100000000,-250,true,-0.93
"CTG",140006,"/Date(1702537240000)/",26500,200,2665600,71074000000,-250,true,-0.93
"CTG",140006,"/Date(1702537240000)/",26500,300,2665400,71068000000,-250,true,-0.93
"CTG",140006,"/Date(1702537240000)/",26500,600,2665100,71060000000,-250,true,-0.93
"CTG",140006,"/Date(1702537240000)/",26500,100,2664500,71045000000,-250,true,-0.93
"CTG",140006,"/Date(1702537240000)/",26500,5000,2664400,71042000000,-250,true,-0.93
"CTG",140006,"/Date(1702537240000)/",26500,100,2659400,70909000000,-250,true,-0.93
"CTG",140006,"/Date(1702537240000)/",26500,300,2659300,70907000000,-250,true,-0.93
"CTG",140006,"/Date(1702537240000)/",26500,100,2659000,70899000000,-250,true,-0.93
"CTG",140006,"/Date(1702537240000)/",26500,300,2658900,70896000000,-250,true,-0.93
"CTG",140006,"/Date(1702537240000)/",26500,100,2658600,70888000000,-250,true,-0.93
"CTG",140006,"/Date(1702537240000)/",26500,200,2658500,70886000000,-250,true,-0.93
"CTG",140006,"/Date(1702537240000)/",26500,1000,2658300,70880000000,-250,true,-0.93
"CTG",140006,"/Date(1702537240000)/",26500,200,2657300,70854000000,-250,true,-0.93
"CTG",140006,"/Date(1702537240000)/",26500,200,2657100,70848000000,-250,true,-0.93
"CTG",140006,"/Date(1702537240000)/",26500,100,2656900,70843000000,-250,true,-0.93
"CTG",140006,"/Date(1702537240000)/",26500,100,2656800,70840000000,-250,true,-0.93
"CTG",140006,"/Date(1702537240000)/",26500,200,2656700,70838000000,-250,true,-0.93
"CTG",140006,"/Date(1702537240000)/",26500,1900,2656500,70833000000,-250,true,-0.93
"CTG",140006,"/Date(1702537240000)/",26500,100,2654600,70782000000,-250,true,-0.93
"CTG",140006,"/Date(1702537240000)/",26500,500,2654500,70780000000,-250,true,-0.93
"CTG",140006,"/Date(1702537240000)/",26500,100,2654000,70766000000,-250,true,-0.93
"CTG",140006,"/Date(1702537240000)/",26500,100,2653900,70764000000,-250,true,-0.93
"CTG",140006,"/Date(1702537240000)/",26500,2000,2653800,70761000000,-250,true,-0.93
"CTG",140006,"/Date(1702537240000)/",26500,5000,2651800,70708000000,-250,true,-0.93
"CTG",140006,"/Date(1702537240000)/",26500,5000,2646800,70575000000,-250,true,-0.93
"CTG",140006,"/Date(1702537240000)/",26500,200,2641800,70443000000,-250,true,-0.93
"CTG",140006,"/Date(1702537240000)/",26500,100,2641600,70438000000,-250,true,-0.93
"CTG",140006,"/Date(1702537240000)/",26500,200,2641500,70435000000,-250,true,-0.93
"CTG",140006,"/Date(1702537240000)/",26500,200,2641300,70430000000,-250,true,-0.93
"CTG",140006,"/Date(1702537240000)/",26500,100,2641100,70424000000,-250,true,-0.93
"CTG",140006,"/Date(1702537240000)/",26500,300,2641000,70422000000,-250,true,-0.93
"CTG",140006,"/Date(1702537240000)/",26500,1000,2640700,70414000000,-250,true,-0.93
"CTG",140006,"/Date(1702537240000)/",26500,800,2639700,70387000000,-250,true,-0.93
"CTG",140006,"/Date(1702537240000)/",26500,200,2638900,70366000000,-250,true,-0.93
"CTG",140006,"/Date(1702537240000)/",26500,100,2638700,70361000000,-250,true,-0.93
"CTG",140006,"/Date(1702537240000)/",26500,100,2638600,70358000000,-250,true,-0.93
"CTG",140006,"/Date(1702537240000)/",26500,200,2638500,70356000000,-250,true,-0.93
"CTG",140006,"/Date(1702537240000)/",26500,500,2638300,70350000000,-250,true,-0.93
"CTG",140006,"/Date(1702537240000)/",26500,1000,2637800,70337000000,-250,true,-0.93
"CTG",140006,"/Date(1702537240000)/",26500,1000,2636800,70310000000,-250,true,-0.93
"CTG",140006,"/Date(1702537240000)/",26500,5000,2635800,70284000000,-250,true,-0.93
"CTG",140006,"/Date(1702537240000)/",26500,100,2630800,70151000000,-250,true,-0.93
"CTG",140006,"/Date(1702537240000)/",26500,1000,2630700,70149000000,-250,true,-0.93
"CTG",140006,"/Date(1702537240000)/",26500,1000,2629700,70122000000,-250,true,-0.93
"CTG",140006,"/Date(1702537240000)/",26500,1000,2628700,70096000000,-250,true,-0.93
"CTG",140006,"/Date(1702537240000)/",26500,200,2627700,70069000000,-250,true,-0.93
"CTG",140006,"/Date(1702537240000)/",26500,500,2627500,70064000000,-250,true,-0.93
"CTG",140006,"/Date(1702537240000)/",26500,100,2627000,70051000000,-250,true,-0.93
"CTG",140006,"/Date(1702537240000)/",26500,100,2626900,70048000000,-250,true,-0.93
"CTG",140006,"/Date(1702537240000)/",26500,1000,2626800,70045000000,-250,true,-0.93
"CTG",140006,"/Date(1702537240000)/",26500,6000,2625800,70019000000,-250,true,-0.93
"CTG",135959,"/Date(1702537233000)/",26500,300,2619800,69860000000,-250,true,-0.93
"CTG",135940,"/Date(1702537215000)/",26500,100,2619500,69852000000,-250,true,-0.93
"CTG",135940,"/Date(1702537213000)/",26500,900,2619400,69849000000,-250,true,-0.93
"CTG",135940,"/Date(1702537213000)/",26500,100,2618500,69826000000,-250,true,-0.93
"CTG",135940,"/Date(1702537212000)/",26500,1500,2618400,69823000000,-250,true,-0.93
"CTG",135937,"/Date(1702537209000)/",26550,10000,2616900,69783000000,-200,false,-0.75
"CTG",135934,"/Date(1702537205000)/",26550,1000,2606900,69518000000,-200,false,-0.75
"CTG",135931,"/Date(1702537203000)/",26550,1000,2605900,69491000000,-200,false,-0.75
"CTG",135921,"/Date(1702537195000)/",26550,5000,2604900,69465000000,-200,false,-0.75
"CTG",135908,"/Date(1702537183000)/",26500,100,2599900,69332000000,-250,true,-0.93
"CTG",135908,"/Date(1702537182000)/",26500,1500,2599800,69329000000,-250,true,-0.93
"CTG",135905,"/Date(1702537177000)/",26550,100,2598300,69289000000,-200,false,-0.75
"CTG",135902,"/Date(1702537175000)/",26500,100,2598200,69287000000,-250,true,-0.93
"CTG",135852,"/Date(1702537164000)/",26550,300,2598100,69284000000,-200,false,-0.75
"CTG",135839,"/Date(1702537153000)/",26500,100,2597800,69276000000,-250,true,-0.93
"CTG",135839,"/Date(1702537151000)/",26500,1500,2597700,69273000000,-250,true,-0.93
"CTG",135830,"/Date(1702537144000)/",26550,1000,2596200,69234000000,-200,false,-0.75
"CTG",135823,"/Date(1702537137000)/",26550,500,2595200,69207000000,-200,false,-0.75
"CTG",135817,"/Date(1702537130000)/",26550,100,2594700,69194000000,-200,false,-0.75
"CTG",135817,"/Date(1702537130000)/",26550,200,2594600,69191000000,-200,false,-0.75
"CTG",135814,"/Date(1702537126000)/",26550,2000,2594400,69186000000,-200,false,-0.75
"CTG",135814,"/Date(1702537126000)/",26550,900,2592400,69133000000,-200,false,-0.75
"CTG",135814,"/Date(1702537126000)/",26550,900,2591500,69109000000,-200,false,-0.75
"CTG",135814,"/Date(1702537126000)/",26550,100,2590600,69085000000,-200,false,-0.75
"CTG",135814,"/Date(1702537126000)/",26550,1100,2590500,69082000000,-200,false,-0.75
"CTG",135811,"/Date(1702537123000)/",26500,100,2589400,69053000000,-250,true,-0.93
"CTG",135807,"/Date(1702537121000)/",26500,1500,2589300,69051000000,-250,true,-0.93
"CTG",135801,"/Date(1702537112000)/",26500,900,2587800,69011000000,-250,true,-0.93
"CTG",135739,"/Date(1702537093000)/",26500,100,2586900,68987000000,-250,true,-0.93
"CTG",135739,"/Date(1702537091000)/",26500,200,2586800,68984000000,-250,true,-0.93
"CTG",135739,"/Date(1702537091000)/",26500,1300,2586600,68979000000,-250,true,-0.93
"CTG",135735,"/Date(1702537089000)/",26550,100,2585300,68945000000,-200,false,-0.75
"CTG",135735,"/Date(1702537088000)/",26550,100,2585200,68942000000,-200,false,-0.75
"CTG",135719,"/Date(1702537072000)/",26550,500,2585100,68939000000,-200,false,-0.75
"CTG",135710,"/Date(1702537063000)/",26500,100,2584600,68926000000,-250,true,-0.93
"CTG",135710,"/Date(1702537063000)/",26550,300,2584500,68923000000,-200,false,-0.75
"CTG",135710,"/Date(1702537061000)/",26500,1500,2584200,68915000000,-250,true,-0.93
"CTG",135654,"/Date(1702537047000)/",26550,200,2582700,68876000000,-200,false,-0.75
"CTG",135654,"/Date(1702537046000)/",26550,9000,2582500,68870000000,-200,false,-0.75
"CTG",135641,"/Date(1702537035000)/",26550,1000,2573500,68631000000,-200,false,-0.75
"CTG",135638,"/Date(1702537032000)/",26550,2000,2572500,68605000000,-200,true,-0.75
"CTG",135638,"/Date(1702537032000)/",26550,1000,2570500,68552000000,-200,true,-0.75
"CTG",135638,"/Date(1702537032000)/",26550,200,2569500,68525000000,-200,true,-0.75
"CTG",135638,"/Date(1702537032000)/",26550,2000,2569300,68520000000,-200,true,-0.75
"CTG",135638,"/Date(1702537032000)/",26550,500,2567300,68467000000,-200,true,-0.75
"CTG",135638,"/Date(1702537032000)/",26550,100,2566800,68453000000,-200,true,-0.75
"CTG",135638,"/Date(1702537032000)/",26550,1000,2566700,68451000000,-200,true,-0.75
"CTG",135638,"/Date(1702537032000)/",26550,5000,2565700,68424000000,-200,true,-0.75
"CTG",135638,"/Date(1702537032000)/",26550,6000,2560700,68291000000,-200,true,-0.75
"CTG",135638,"/Date(1702537032000)/",26550,500,2554700,68132000000,-200,true,-0.75
"CTG",135638,"/Date(1702537032000)/",26550,10000,2554200,68119000000,-200,true,-0.75
"CTG",135638,"/Date(1702537032000)/",26550,1500,2544200,67853000000,-200,true,-0.75
"CTG",135638,"/Date(1702537032000)/",26550,2000,2542700,67814000000,-200,true,-0.75
"CTG",135638,"/Date(1702537032000)/",26550,300,2540700,67760000000,-200,true,-0.75
"CTG",135638,"/Date(1702537032000)/",26550,1000,2540400,67753000000,-200,true,-0.75
"CTG",135638,"/Date(1702537032000)/",26550,800,2539400,67726000000,-200,true,-0.75
"CTG",135638,"/Date(1702537032000)/",26550,1000,2538600,67705000000,-200,true,-0.75
"CTG",135638,"/Date(1702537032000)/",26550,500,2537600,67678000000,-200,true,-0.75
"CTG",135638,"/Date(1702537032000)/",26550,5000,2537100,67665000000,-200,true,-0.75
"CTG",135638,"/Date(1702537032000)/",26550,300,2532100,67532000000,-200,true,-0.75
"CTG",135638,"/Date(1702537032000)/",26550,200,2531800,67524000000,-200,true,-0.75
"CTG",135638,"/Date(1702537032000)/",26550,100,2531600,67519000000,-200,true,-0.75
"CTG",135638,"/Date(1702537032000)/",26550,100,2531500,67516000000,-200,true,-0.75
"CTG",135638,"/Date(1702537032000)/",26550,500,2531400,67514000000,-200,true,-0.75
"CTG",135638,"/Date(1702537032000)/",26550,9000,2530900,67500000000,-200,true,-0.75
"CTG",135638,"/Date(1702537032000)/",26550,5000,2521900,67261000000,-200,true,-0.75
"CTG",135638,"/Date(1702537032000)/",26550,100,2516900,67129000000,-200,true,-0.75
"CTG",135638,"/Date(1702537032000)/",26550,19500,2516800,67126000000,-200,true,-0.75
"CTG",135638,"/Date(1702537032000)/",26600,800,2497300,66608000000,-150,true,-0.56
"CTG",135638,"/Date(1702537032000)/",26600,10000,2496500,66587000000,-150,true,-0.56
"CTG",135638,"/Date(1702537032000)/",26600,500,2486500,66321000000,-150,true,-0.56
"CTG",135638,"/Date(1702537032000)/",26600,2000,2486000,66308000000,-150,true,-0.56
"CTG",135638,"/Date(1702537032000)/",26600,300,2484000,66254000000,-150,true,-0.56
"CTG",135638,"/Date(1702537032000)/",26600,2300,2483700,66246000000,-150,true,-0.56
"CTG",135638,"/Date(1702537032000)/",26600,1300,2481400,66185000000,-150,true,-0.56
"CTG",135638,"/Date(1702537032000)/",26600,800,2480100,66151000000,-150,true,-0.56
"CTG",135638,"/Date(1702537032000)/",26600,1300,2479300,66129000000,-150,true,-0.56
"CTG",135638,"/Date(1702537032000)/",26600,1000,2478000,66095000000,-150,true,-0.56
"CTG",135638,"/Date(1702537032000)/",26600,1000,2477000,66068000000,-150,true,-0.56
"CTG",135638,"/Date(1702537032000)/",26600,400,2476000,66042000000,-150,true,-0.56
"CTG",135638,"/Date(1702537032000)/",26600,5000,2475600,66031000000,-150,true,-0.56
"CTG",135638,"/Date(1702537032000)/",26600,1000,2470600,65898000000,-150,true,-0.56
"CTG",135638,"/Date(1702537032000)/",26600,1000,2469600,65871000000,-150,true,-0.56
"CTG",135638,"/Date(1702537032000)/",26600,200,2468600,65845000000,-150,true,-0.56
"CTG",135638,"/Date(1702537032000)/",26600,100,2468400,65839000000,-150,true,-0.56
"CTG",135638,"/Date(1702537032000)/",26600,900,2468300,65837000000,-150,true,-0.56
"CTG",135638,"/Date(1702537032000)/",26600,2000,2467400,65813000000,-150,true,-0.56
"CTG",135638,"/Date(1702537032000)/",26600,3800,2465400,65760000000,-150,true,-0.56
"CTG",135638,"/Date(1702537031000)/",26600,1200,2461600,65659000000,-150,true,-0.56
"CTG",135638,"/Date(1702537031000)/",26600,300,2460400,65627000000,-150,true,-0.56
"CTG",135619,"/Date(1702537012000)/",26600,500,2460100,65619000000,-150,true,-0.56
"CTG",135619,"/Date(1702537012000)/",26600,200,2459600,65605000000,-150,true,-0.56
"CTG",135619,"/Date(1702537012000)/",26600,200,2459400,65600000000,-150,true,-0.56
"CTG",135609,"/Date(1702537003000)/",26600,100,2459200,65595000000,-150,true,-0.56
"CTG",135609,"/Date(1702537001000)/",26600,700,2459100,65592000000,-150,true,-0.56
"CTG",135609,"/Date(1702537001000)/",26600,800,2458400,65573000000,-150,true,-0.56
"CTG",135609,"/Date(1702537001000)/",26600,100,2457600,65552000000,-150,true,-0.56
"CTG",135606,"/Date(1702536999000)/",26600,500,2457500,65550000000,-150,true,-0.56
"CTG",135606,"/Date(1702536999000)/",26650,1000,2457000,65536000000,-100,false,-0.37
"CTG",135556,"/Date(1702536988000)/",26600,600,2456000,65510000000,-150,true,-0.56
"CTG",135543,"/Date(1702536977000)/",26600,900,2455400,65494000000,-150,true,-0.56
"CTG",135540,"/Date(1702536973000)/",26600,100,2454500,65470000000,-150,true,-0.56
"CTG",135537,"/Date(1702536971000)/",26600,1500,2454400,65467000000,-150,true,-0.56
"CTG",135531,"/Date(1702536962000)/",26600,400,2452900,65427000000,-150,true,-0.56
"CTG",135511,"/Date(1702536944000)/",26600,100,2452500,65416000000,-150,true,-0.56
"CTG",135511,"/Date(1702536944000)/",26600,800,2452400,65414000000,-150,true,-0.56
"CTG",135511,"/Date(1702536943000)/",26600,100,2451600,65393000000,-150,true,-0.56
"CTG",135508,"/Date(1702536941000)/",26600,100,2451500,65390000000,-150,true,-0.56
"CTG",135508,"/Date(1702536941000)/",26600,200,2451400,65387000000,-150,true,-0.56
"CTG",135508,"/Date(1702536941000)/",26600,1200,2451200,65382000000,-150,true,-0.56
"CTG",135505,"/Date(1702536939000)/",26600,300,2450000,65350000000,-150,true,-0.56
"CTG",135439,"/Date(1702536913000)/",26600,100,2449700,65342000000,-150,true,-0.56
"CTG",135439,"/Date(1702536911000)/",26600,1500,2449600,65339000000,-150,true,-0.56
"CTG",135436,"/Date(1702536910000)/",26650,500,2448100,65299000000,-100,false,-0.37
"CTG",135436,"/Date(1702536910000)/",26650,1000,2447600,65286000000,-100,false,-0.37
"CTG",135436,"/Date(1702536910000)/",26650,2000,2446600,65259000000,-100,false,-0.37
"CTG",135436,"/Date(1702536910000)/",26650,100,2444600,65206000000,-100,false,-0.37
"CTG",135411,"/Date(1702536883000)/",26600,100,2444500,65203000000,-150,true,-0.56
"CTG",135407,"/Date(1702536880000)/",26600,1500,2444400,65201000000,-150,true,-0.56
"CTG",135355,"/Date(1702536867000)/",26650,100,2442900,65161000000,-100,false,-0.37
"CTG",135355,"/Date(1702536867000)/",26650,100,2442800,65158000000,-100,false,-0.37
"CTG",135355,"/Date(1702536867000)/",26650,200,2442700,65156000000,-100,false,-0.37
"CTG",135351,"/Date(1702536863000)/",26650,700,2442500,65150000000,-100,false,-0.37
"CTG",135351,"/Date(1702536863000)/",26650,100,2441800,65132000000,-100,false,-0.37
"CTG",135351,"/Date(1702536863000)/",26650,200,2441700,65129000000,-100,false,-0.37
"CTG",135339,"/Date(1702536851000)/",26600,100,2441500,65124000000,-150,true,-0.56
"CTG",135339,"/Date(1702536850000)/",26600,200,2441400,65121000000,-150,true,-0.56
"CTG",135339,"/Date(1702536850000)/",26600,800,2441200,65116000000,-150,true,-0.56
"CTG",135339,"/Date(1702536850000)/",26600,300,2440400,65094000000,-150,true,-0.56
"CTG",135339,"/Date(1702536850000)/",26600,200,2440100,65086000000,-150,true,-0.56
"CTG",135332,"/Date(1702536843000)/",26600,800,2439900,65081000000,-150,true,-0.56
"CTG",135332,"/Date(1702536843000)/",26600,100,2439100,65060000000,-150,true,-0.56
"CTG",135310,"/Date(1702536823000)/",26600,100,2439000,65057000000,-150,true,-0.56
"CTG",135307,"/Date(1702536820000)/",26600,900,2438900,65054000000,-150,true,-0.56
"CTG",135307,"/Date(1702536820000)/",26600,400,2438000,65031000000,-150,true,-0.56
"CTG",135307,"/Date(1702536820000)/",26600,100,2437600,65020000000,-150,true,-0.56
"CTG",135307,"/Date(1702536820000)/",26600,100,2437500,65017000000,-150,true,-0.56
"CTG",135257,"/Date(1702536809000)/",26600,200,2437400,65015000000,-150,true,-0.56
"CTG",135257,"/Date(1702536809000)/",26600,500,2437200,65009000000,-150,true,-0.56
"CTG",135257,"/Date(1702536809000)/",26600,100,2436700,64996000000,-150,true,-0.56
"CTG",135257,"/Date(1702536809000)/",26600,100,2436600,64993000000,-150,true,-0.56
"CTG",135241,"/Date(1702536794000)/",26600,200,2436500,64991000000,-150,true,-0.56
"CTG",135241,"/Date(1702536793000)/",26600,100,2436300,64985000000,-150,true,-0.56
"CTG",135238,"/Date(1702536790000)/",26600,900,2436200,64983000000,-150,true,-0.56
"CTG",135238,"/Date(1702536790000)/",26600,600,2435300,64959000000,-150,true,-0.56
"CTG",135225,"/Date(1702536777000)/",26600,900,2434700,64943000000,-150,true,-0.56
"CTG",135209,"/Date(1702536761000)/",26600,100,2433800,64919000000,-150,true,-0.56
"CTG",135209,"/Date(1702536760000)/",26600,1500,2433700,64916000000,-150,true,-0.56
"CTG",135156,"/Date(1702536750000)/",26650,800,2432200,64876000000,-100,false,-0.37
"CTG",135156,"/Date(1702536750000)/",26650,200,2431400,64855000000,-100,false,-0.37
"CTG",135150,"/Date(1702536742000)/",26600,900,2431200,64850000000,-150,true,-0.56
"CTG",135137,"/Date(1702536731000)/",26600,100,2430300,64826000000,-150,true,-0.56
"CTG",135137,"/Date(1702536730000)/",26600,900,2430200,64823000000,-150,true,-0.56
"CTG",135137,"/Date(1702536730000)/",26600,600,2429300,64799000000,-150,true,-0.56
"CTG",135134,"/Date(1702536726000)/",26650,300,2428700,64783000000,-100,false,-0.37
"CTG",135124,"/Date(1702536718000)/",26650,500,2428400,64775000000,-100,false,-0.37
"CTG",135118,"/Date(1702536708000)/",26600,900,2427900,64762000000,-150,true,-0.56
"CTG",135108,"/Date(1702536701000)/",26600,100,2427000,64738000000,-150,true,-0.56
"CTG",135108,"/Date(1702536700000)/",26600,400,2426900,64735000000,-150,true,-0.56
"CTG",135108,"/Date(1702536700000)/",26600,1000,2426500,64725000000,-150,true,-0.56
"CTG",135108,"/Date(1702536700000)/",26600,100,2425500,64698000000,-150,true,-0.56
"CTG",135036,"/Date(1702536670000)/",26650,100,2425400,64695000000,-100,true,-0.37
"CTG",135036,"/Date(1702536670000)/",26650,500,2425300,64693000000,-100,true,-0.37
"CTG",135036,"/Date(1702536670000)/",26650,300,2424800,64679000000,-100,true,-0.37
"CTG",135036,"/Date(1702536670000)/",26650,500,2424500,64671000000,-100,true,-0.37
"CTG",135036,"/Date(1702536670000)/",26650,6600,2424000,64658000000,-100,true,-0.37
"CTG",135036,"/Date(1702536670000)/",26650,1500,2417400,64482000000,-100,true,-0.37
"CTG",135011,"/Date(1702536643000)/",26650,100,2415900,64442000000,-100,true,-0.37
"CTG",135011,"/Date(1702536642000)/",26650,900,2415800,64439000000,-100,true,-0.37
"CTG",135008,"/Date(1702536641000)/",26650,100,2414900,64415000000,-100,true,-0.37
"CTG",135008,"/Date(1702536640000)/",26650,300,2414800,64413000000,-100,true,-0.37
"CTG",135008,"/Date(1702536640000)/",26650,500,2414500,64405000000,-100,true,-0.37
"CTG",135008,"/Date(1702536640000)/",26650,1000,2414000,64391000000,-100,true,-0.37
"CTG",134939,"/Date(1702536611000)/",26650,100,2413000,64365000000,-100,true,-0.37
"CTG",134939,"/Date(1702536610000)/",26650,1300,2412900,64362000000,-100,true,-0.37
"CTG",134939,"/Date(1702536610000)/",26650,200,2411600,64327000000,-100,true,-0.37
"CTG",134923,"/Date(1702536596000)/",26700,500,2411400,64322000000,-50,false,-0.19
"CTG",134910,"/Date(1702536581000)/",26650,100,2410900,64309000000,-100,true,-0.37
"CTG",134907,"/Date(1702536579000)/",26650,1500,2410800,64306000000,-100,true,-0.37
"CTG",134903,"/Date(1702536574000)/",26650,200,2409300,64266000000,-100,true,-0.37
"CTG",134903,"/Date(1702536574000)/",26650,700,2409100,64261000000,-100,true,-0.37
"CTG",134838,"/Date(1702536551000)/",26650,100,2408400,64242000000,-100,true,-0.37
"CTG",134838,"/Date(1702536549000)/",26650,1500,2408300,64240000000,-100,true,-0.37
"CTG",134835,"/Date(1702536547000)/",26650,300,2406800,64200000000,-100,true,-0.37
"CTG",134832,"/Date(1702536544000)/",26650,400,2406500,64192000000,-100,true,-0.37
"CTG",134832,"/Date(1702536544000)/",26650,2600,2406100,64181000000,-100,true,-0.37
"CTG",134828,"/Date(1702536540000)/",26650,900,2403500,64112000000,-100,true,-0.37
"CTG",134809,"/Date(1702536521000)/",26650,100,2402600,64088000000,-100,true,-0.37
"CTG",134806,"/Date(1702536519000)/",26650,1400,2402500,64085000000,-100,true,-0.37
"CTG",134806,"/Date(1702536519000)/",26650,100,2401100,64048000000,-100,true,-0.37
"CTG",134803,"/Date(1702536515000)/",26700,5000,2401000,64045000000,-50,false,-0.19
"CTG",134753,"/Date(1702536506000)/",26700,1000,2396000,63911000000,-50,false,-0.19
"CTG",134744,"/Date(1702536497000)/",26650,100,2395000,63885000000,-100,true,-0.37
"CTG",134744,"/Date(1702536494000)/",26650,1000,2394900,63882000000,-100,true,-0.37
"CTG",134740,"/Date(1702536492000)/",26650,100,2393900,63855000000,-100,true,-0.37
"CTG",134737,"/Date(1702536491000)/",26650,100,2393800,63853000000,-100,true,-0.37
"CTG",134737,"/Date(1702536489000)/",26650,1500,2393700,63850000000,-100,true,-0.37
"CTG",134721,"/Date(1702536473000)/",26650,900,2392200,63810000000,-100,true,-0.37
"CTG",134718,"/Date(1702536471000)/",26650,100,2391300,63786000000,-100,true,-0.37
"CTG",134708,"/Date(1702536461000)/",26650,100,2391200,63784000000,-100,true,-0.37
"CTG",134708,"/Date(1702536459000)/",26650,1500,2391100,63781000000,-100,true,-0.37
"CTG",134705,"/Date(1702536456000)/",26700,200,2389600,63741000000,-50,false,-0.19
"CTG",134646,"/Date(1702536439000)/",26650,900,2389400,63736000000,-100,true,-0.37
"CTG",134640,"/Date(1702536431000)/",26650,100,2388500,63712000000,-100,true,-0.37
"CTG",134637,"/Date(1702536429000)/",26650,1500,2388400,63709000000,-100,true,-0.37
"CTG",134614,"/Date(1702536406000)/",26650,900,2386900,63669000000,-100,true,-0.37
"CTG",134611,"/Date(1702536403000)/",26650,100,2386000,63645000000,-100,true,-0.37
"CTG",134608,"/Date(1702536401000)/",26650,1000,2385900,63642000000,-100,true,-0.37
"CTG",134608,"/Date(1702536401000)/",26650,500,2384900,63616000000,-100,true,-0.37
"CTG",134542,"/Date(1702536375000)/",26700,9700,2384400,63602000000,-50,false,-0.19
"CTG",134542,"/Date(1702536375000)/",26700,100,2374700,63343000000,-50,false,-0.19
"CTG",134542,"/Date(1702536375000)/",26700,200,2374600,63341000000,-50,false,-0.19
"CTG",134542,"/Date(1702536373000)/",26650,900,2374400,63335000000,-100,true,-0.37
"CTG",134539,"/Date(1702536371000)/",26650,100,2373500,63311000000,-100,true,-0.37
"CTG",134536,"/Date(1702536368000)/",26650,1000,2373400,63309000000,-100,true,-0.37
"CTG",134536,"/Date(1702536368000)/",26650,500,2372400,63282000000,-100,true,-0.37
"CTG",134510,"/Date(1702536341000)/",26650,100,2371900,63269000000,-100,true,-0.37
"CTG",134507,"/Date(1702536338000)/",26650,1500,2371800,63266000000,-100,true,-0.37
"CTG",134451,"/Date(1702536325000)/",26700,400,2370300,63226000000,-50,false,-0.19
"CTG",134438,"/Date(1702536309000)/",26650,200,2369900,63215000000,-100,true,-0.37
"CTG",134435,"/Date(1702536308000)/",26650,1200,2369700,63210000000,-100,true,-0.37
"CTG",134435,"/Date(1702536308000)/",26650,300,2368500,63178000000,-100,true,-0.37
"CTG",134435,"/Date(1702536306000)/",26650,900,2368200,63170000000,-100,true,-0.37
"CTG",134416,"/Date(1702536287000)/",26650,100,2367300,63146000000,-100,true,-0.37
"CTG",134413,"/Date(1702536286000)/",26650,1500,2367200,63143000000,-100,true,-0.37
"CTG",134400,"/Date(1702536271000)/",26650,900,2365700,63103000000,-100,true,-0.37
"CTG",134354,"/Date(1702536267000)/",26650,100,2364800,63079000000,-100,true,-0.37
"CTG",134354,"/Date(1702536265000)/",26650,100,2364700,63077000000,-100,true,-0.37
"CTG",134354,"/Date(1702536265000)/",26650,900,2364600,63074000000,-100,true,-0.37
"CTG",134338,"/Date(1702536249000)/",26650,100,2363700,63050000000,-100,true,-0.37
"CTG",134338,"/Date(1702536248000)/",26650,1500,2363600,63047000000,-100,true,-0.37
"CTG",134328,"/Date(1702536239000)/",26650,900,2362100,63007000000,-100,true,-0.37
"CTG",134306,"/Date(1702536219000)/",26650,100,2361200,62983000000,-100,true,-0.37
"CTG",134306,"/Date(1702536218000)/",26650,1500,2361100,62981000000,-100,true,-0.37
"CTG",134253,"/Date(1702536204000)/",26650,900,2359600,62941000000,-100,true,-0.37
"CTG",134237,"/Date(1702536189000)/",26650,100,2358700,62917000000,-100,true,-0.37
"CTG",134237,"/Date(1702536188000)/",26650,1500,2358600,62914000000,-100,true,-0.37
"CTG",134234,"/Date(1702536184000)/",26650,400,2357100,62874000000,-100,true,-0.37
"CTG",134218,"/Date(1702536170000)/",26650,900,2356700,62864000000,-100,true,-0.37
"CTG",134208,"/Date(1702536159000)/",26650,100,2355800,62840000000,-100,true,-0.37
"CTG",134205,"/Date(1702536158000)/",26650,1100,2355700,62837000000,-100,true,-0.37
"CTG",134205,"/Date(1702536158000)/",26650,100,2354600,62808000000,-100,true,-0.37
"CTG",134205,"/Date(1702536158000)/",26650,300,2354500,62805000000,-100,true,-0.37
"CTG",134146,"/Date(1702536138000)/",26650,700,2354200,62797000000,-100,true,-0.37
"CTG",134146,"/Date(1702536138000)/",26650,200,2353500,62778000000,-100,true,-0.37
"CTG",134136,"/Date(1702536129000)/",26650,100,2353300,62773000000,-100,true,-0.37
"CTG",134136,"/Date(1702536128000)/",26650,1000,2353200,62770000000,-100,true,-0.37
"CTG",134136,"/Date(1702536128000)/",26650,500,2352200,62744000000,-100,true,-0.37
"CTG",134130,"/Date(1702536121000)/",26650,300,2351700,62730000000,-100,false,-0.37
"CTG",134127,"/Date(1702536120000)/",26650,1100,2351400,62722000000,-100,false,-0.37
"CTG",134127,"/Date(1702536120000)/",26650,1000,2350300,62693000000,-100,false,-0.37
"CTG",134127,"/Date(1702536120000)/",26650,100,2349300,62666000000,-100,false,-0.37
"CTG",134127,"/Date(1702536120000)/",26650,100,2349200,62664000000,-100,false,-0.37
"CTG",134127,"/Date(1702536120000)/",26650,300,2349100,62661000000,-100,false,-0.37
"CTG",134127,"/Date(1702536120000)/",26650,200,2348800,62653000000,-100,false,-0.37
"CTG",134123,"/Date(1702536116000)/",26650,700,2348600,62648000000,-100,false,-0.37
"CTG",134123,"/Date(1702536116000)/",26650,300,2347900,62629000000,-100,false,-0.37
"CTG",134123,"/Date(1702536116000)/",26650,900,2347600,62621000000,-100,false,-0.37
"CTG",134123,"/Date(1702536116000)/",26650,300,2346700,62597000000,-100,false,-0.37
"CTG",134123,"/Date(1702536116000)/",26650,200,2346400,62589000000,-100,false,-0.37
"CTG",134123,"/Date(1702536116000)/",26650,100,2346200,62584000000,-100,false,-0.37
"CTG",134123,"/Date(1702536116000)/",26650,300,2346100,62581000000,-100,false,-0.37
"CTG",134123,"/Date(1702536116000)/",26650,2000,2345800,62573000000,-100,false,-0.37
"CTG",134123,"/Date(1702536116000)/",26650,100,2343800,62520000000,-100,false,-0.37
"CTG",134123,"/Date(1702536116000)/",26650,900,2343700,62517000000,-100,false,-0.37
"CTG",134123,"/Date(1702536116000)/",26650,100,2342800,62493000000,-100,false,-0.37
"CTG",134123,"/Date(1702536116000)/",26650,4100,2342700,62490000000,-100,false,-0.37
"CTG",134111,"/Date(1702536104000)/",26600,900,2338600,62381000000,-150,true,-0.56
"CTG",134107,"/Date(1702536099000)/",26600,100,2337700,62357000000,-150,true,-0.56
"CTG",134107,"/Date(1702536098000)/",26600,100,2337600,62355000000,-150,true,-0.56
"CTG",134107,"/Date(1702536098000)/",26600,1400,2337500,62352000000,-150,true,-0.56
"CTG",134048,"/Date(1702536081000)/",26600,100,2336100,62315000000,-150,true,-0.56
"CTG",134048,"/Date(1702536079000)/",26600,1000,2336000,62312000000,-150,true,-0.56
"CTG",134045,"/Date(1702536077000)/",26600,100,2335000,62285000000,-150,true,-0.56
"CTG",134039,"/Date(1702536071000)/",26600,100,2334900,62283000000,-150,true,-0.56
"CTG",134039,"/Date(1702536069000)/",26600,300,2334800,62280000000,-150,true,-0.56
"CTG",134039,"/Date(1702536069000)/",26600,600,2334500,62272000000,-150,true,-0.56
"CTG",134039,"/Date(1702536069000)/",26600,100,2333900,62256000000,-150,true,-0.56
"CTG",134035,"/Date(1702536068000)/",26600,300,2333800,62254000000,-150,true,-0.56
"CTG",134035,"/Date(1702536068000)/",26600,100,2333500,62246000000,-150,true,-0.56
"CTG",134035,"/Date(1702536068000)/",26600,800,2333400,62243000000,-150,true,-0.56
"CTG",134035,"/Date(1702536068000)/",26600,300,2332600,62222000000,-150,true,-0.56
"CTG",134022,"/Date(1702536054000)/",26650,500,2332300,62214000000,-100,false,-0.37
"CTG",134006,"/Date(1702536039000)/",26600,200,2331800,62200000000,-150,true,-0.56
"CTG",134006,"/Date(1702536037000)/",26600,300,2331600,62195000000,-150,true,-0.56
"CTG",134006,"/Date(1702536037000)/",26600,500,2331300,62187000000,-150,true,-0.56
"CTG",134006,"/Date(1702536037000)/",26600,700,2330800,62174000000,-150,true,-0.56
"CTG",134006,"/Date(1702536036000)/",26600,500,2330100,62155000000,-150,true,-0.56
"CTG",134006,"/Date(1702536036000)/",26600,400,2329600,62142000000,-150,true,-0.56
"CTG",133938,"/Date(1702536009000)/",26600,100,2329200,62131000000,-150,true,-0.56
"CTG",133938,"/Date(1702536007000)/",26600,1500,2329100,62128000000,-150,true,-0.56
"CTG",133931,"/Date(1702536002000)/",26600,900,2327600,62089000000,-150,true,-0.56
"CTG",133909,"/Date(1702535979000)/",26600,100,2326700,62065000000,-150,true,-0.56
"CTG",133906,"/Date(1702535977000)/",26600,1500,2326600,62062000000,-150,true,-0.56
"CTG",133859,"/Date(1702535971000)/",26600,900,2325100,62022000000,-150,true,-0.56
"CTG",133837,"/Date(1702535949000)/",26600,100,2324200,61998000000,-150,true,-0.56
"CTG",133837,"/Date(1702535947000)/",26600,1500,2324100,61995000000,-150,true,-0.56
"CTG",133827,"/Date(1702535938000)/",26650,1300,2322600,61956000000,-100,false,-0.37
"CTG",133827,"/Date(1702535937000)/",26650,300,2321300,61921000000,-100,false,-0.37
"CTG",133824,"/Date(1702535934000)/",26650,3600,2321000,61913000000,-100,false,-0.37
"CTG",133808,"/Date(1702535919000)/",26600,100,2317400,61817000000,-150,true,-0.56
"CTG",133805,"/Date(1702535917000)/",26600,900,2317300,61814000000,-150,true,-0.56
"CTG",133805,"/Date(1702535917000)/",26600,600,2316400,61790000000,-150,true,-0.56
"CTG",133802,"/Date(1702535914000)/",26650,3600,2315800,61774000000,-100,false,-0.37
"CTG",133746,"/Date(1702535896000)/",26650,3600,2312200,61678000000,-100,false,-0.37
"CTG",133743,"/Date(1702535894000)/",26650,2000,2308600,61583000000,-100,false,-0.37
"CTG",133739,"/Date(1702535891000)/",26650,1000,2306600,61529000000,-100,false,-0.37
"CTG",133739,"/Date(1702535891000)/",26650,600,2305600,61503000000,-100,false,-0.37
"CTG",133736,"/Date(1702535889000)/",26600,100,2305000,61487000000,-150,true,-0.56
"CTG",133736,"/Date(1702535887000)/",26600,600,2304900,61484000000,-150,true,-0.56
"CTG",133736,"/Date(1702535887000)/",26600,900,2304300,61468000000,-150,true,-0.56
"CTG",133730,"/Date(1702535880000)/",26600,400,2303400,61444000000,-150,true,-0.56
"CTG",133723,"/Date(1702535875000)/",26600,600,2303000,61433000000,-150,true,-0.56
"CTG",133720,"/Date(1702535873000)/",26600,4400,2302400,61417000000,-150,true,-0.56
"CTG",133720,"/Date(1702535873000)/",26600,1300,2298000,61300000000,-150,true,-0.56
"CTG",133720,"/Date(1702535873000)/",26600,1300,2296700,61266000000,-150,true,-0.56
"CTG",133720,"/Date(1702535873000)/",26600,1000,2295400,61231000000,-150,true,-0.56
"CTG",133720,"/Date(1702535873000)/",26600,1000,2294400,61205000000,-150,true,-0.56
"CTG",133720,"/Date(1702535873000)/",26600,700,2293400,61178000000,-150,true,-0.56
"CTG",133717,"/Date(1702535868000)/",26600,100,2292700,61159000000,-150,true,-0.56
"CTG",133717,"/Date(1702535868000)/",26600,800,2292600,61157000000,-150,true,-0.56
"CTG",133707,"/Date(1702535859000)/",26600,100,2291800,61135000000,-150,true,-0.56
"CTG",133704,"/Date(1702535857000)/",26600,1500,2291700,61133000000,-150,true,-0.56
"CTG",133645,"/Date(1702535835000)/",26600,900,2290200,61093000000,-150,true,-0.56
"CTG",133639,"/Date(1702535829000)/",26600,100,2289300,61069000000,-150,true,-0.56
"CTG",133635,"/Date(1702535827000)/",26600,1500,2289200,61066000000,-150,true,-0.56
"CTG",133610,"/Date(1702535800000)/",26600,100,2287700,61026000000,-150,true,-0.56
"CTG",133610,"/Date(1702535800000)/",26600,800,2287600,61024000000,-150,true,-0.56
"CTG",133607,"/Date(1702535799000)/",26600,100,2286800,61002000000,-150,true,-0.56
"CTG",133607,"/Date(1702535797000)/",26600,1500,2286700,61000000000,-150,true,-0.56
"CTG",133603,"/Date(1702535793000)/",26650,300,2285200,60960000000,-100,false,-0.37
"CTG",133603,"/Date(1702535793000)/",26650,100,2284900,60952000000,-100,false,-0.37
"CTG",133603,"/Date(1702535793000)/",26650,100,2284800,60949000000,-100,false,-0.37
"CTG",133554,"/Date(1702535784000)/",26650,500,2284700,60947000000,-100,false,-0.37
"CTG",133538,"/Date(1702535769000)/",26600,200,2284200,60933000000,-150,true,-0.56
"CTG",133538,"/Date(1702535767000)/",26600,900,2284000,60928000000,-150,true,-0.56
"CTG",133535,"/Date(1702535766000)/",26600,1400,2283100,60904000000,-150,true,-0.56
"CTG",133532,"/Date(1702535763000)/",26600,400,2281700,60867000000,-150,true,-0.56
"CTG",133525,"/Date(1702535757000)/",26600,700,2281300,60856000000,-150,false,-0.56
"CTG",133525,"/Date(1702535757000)/",26600,200,2280600,60838000000,-150,false,-0.56
"CTG",133522,"/Date(1702535753000)/",26600,600,2280400,60832000000,-150,false,-0.56
"CTG",133509,"/Date(1702535739000)/",26550,100,2279800,60816000000,-200,true,-0.75
"CTG",133509,"/Date(1702535736000)/",26550,400,2279700,60814000000,-200,true,-0.75
"CTG",133509,"/Date(1702535736000)/",26550,1000,2279300,60803000000,-200,true,-0.75
"CTG",133503,"/Date(1702535733000)/",26600,100,2278300,60776000000,-150,true,-0.56
"CTG",133456,"/Date(1702535729000)/",26600,300,2278200,60774000000,-150,false,-0.56
"CTG",133456,"/Date(1702535728000)/",26600,200,2277900,60766000000,-150,false,-0.56
"CTG",133456,"/Date(1702535728000)/",26600,3000,2277700,60760000000,-150,false,-0.56
"CTG",133453,"/Date(1702535725000)/",26600,2000,2274700,60681000000,-150,false,-0.56
"CTG",133437,"/Date(1702535707000)/",26550,100,2272700,60627000000,-200,true,-0.75
"CTG",133434,"/Date(1702535706000)/",26550,1400,2272600,60625000000,-200,true,-0.75
"CTG",133428,"/Date(1702535699000)/",26550,900,2271200,60588000000,-200,true,-0.75
"CTG",133415,"/Date(1702535685000)/",26550,500,2270300,60564000000,-200,true,-0.75
"CTG",133405,"/Date(1702535677000)/",26550,100,2269800,60550000000,-200,true,-0.75
"CTG",133405,"/Date(1702535676000)/",26550,1400,2269700,60548000000,-200,true,-0.75
"CTG",133356,"/Date(1702535667000)/",26550,600,2268300,60511000000,-200,true,-0.75
"CTG",133356,"/Date(1702535667000)/",26550,300,2267700,60495000000,-200,true,-0.75
"CTG",133336,"/Date(1702535649000)/",26550,100,2267400,60487000000,-200,true,-0.75
"CTG",133336,"/Date(1702535646000)/",26550,1400,2267300,60484000000,-200,true,-0.75
"CTG",133320,"/Date(1702535632000)/",26550,900,2265900,60447000000,-200,true,-0.75
"CTG",133308,"/Date(1702535617000)/",26550,100,2265000,60423000000,-200,true,-0.75
"CTG",133304,"/Date(1702535616000)/",26550,200,2264900,60420000000,-200,true,-0.75
"CTG",133304,"/Date(1702535616000)/",26550,1000,2264700,60415000000,-200,true,-0.75
"CTG",133304,"/Date(1702535616000)/",26550,200,2263700,60389000000,-200,true,-0.75
"CTG",133248,"/Date(1702535599000)/",26550,300,2263500,60383000000,-200,true,-0.75
"CTG",133248,"/Date(1702535599000)/",26550,200,2263200,60375000000,-200,true,-0.75
"CTG",133248,"/Date(1702535599000)/",26550,100,2263000,60370000000,-200,true,-0.75
"CTG",133248,"/Date(1702535599000)/",26550,100,2262900,60367000000,-200,true,-0.75
"CTG",133248,"/Date(1702535599000)/",26550,200,2262800,60365000000,-200,true,-0.75
"CTG",133236,"/Date(1702535587000)/",26550,100,2262600,60359000000,-200,true,-0.75
"CTG",133236,"/Date(1702535586000)/",26550,800,2262500,60357000000,-200,true,-0.75
"CTG",133236,"/Date(1702535586000)/",26550,600,2261700,60335000000,-200,true,-0.75
"CTG",133226,"/Date(1702535576000)/",26650,300,2261100,60319000000,-100,false,-0.37
"CTG",133226,"/Date(1702535576000)/",26650,100,2260800,60311000000,-100,false,-0.37
