"Stockcode","Package","TradingDate","Price","Vol","TotalVol","TotalVal","Change","IsBuy","PerChange"
"DXG",144426,"/Date(1702539900000)/",18250,1578700,14833600,276709000000,150,false,0.83
"DXG",142922,"/Date(1702538998000)/",18500,300,13254900,247898000000,400,false,2.21
"DXG",142922,"/Date(1702538998000)/",18500,500,13254600,247892000000,400,false,2.21
"DXG",142918,"/Date(1702538995000)/",18500,10000,13254100,247883000000,400,false,2.21
"DXG",142918,"/Date(1702538995000)/",18500,500,13244100,247698000000,400,false,2.21
"DXG",142915,"/Date(1702538992000)/",18500,500,13243600,247689000000,400,false,2.21
"DXG",142915,"/Date(1702538991000)/",18500,1500,13243100,247680000000,400,false,2.21
"DXG",142912,"/Date(1702538989000)/",18500,100,13241600,247652000000,400,false,2.21
"DXG",142912,"/Date(1702538989000)/",18500,100,13241500,247650000000,400,false,2.21
"DXG",142912,"/Date(1702538988000)/",18500,200,13241400,247648000000,400,false,2.21
"DXG",142912,"/Date(1702538987000)/",18500,100,13241200,247645000000,400,false,2.21
"DXG",142912,"/Date(1702538987000)/",18500,1000,13241100,247643000000,400,false,2.21
"DXG",142909,"/Date(1702538986000)/",18500,500,13240100,247624000000,400,true,2.21
"DXG",142909,"/Date(1702538986000)/",18500,10000,13239600,247615000000,400,true,2.21
"DXG",142909,"/Date(1702538986000)/",18500,700,13229600,247430000000,400,true,2.21
"DXG",142909,"/Date(1702538986000)/",18500,3000,13228900,247417000000,400,true,2.21
"DXG",142909,"/Date(1702538986000)/",18500,5000,13225900,247362000000,400,true,2.21
"DXG",142909,"/Date(1702538986000)/",18500,100,13220900,247269000000,400,true,2.21
"DXG",142909,"/Date(1702538986000)/",18500,100,13220800,247267000000,400,true,2.21
"DXG",142909,"/Date(1702538986000)/",18500,100,13220700,247265000000,400,true,2.21
"DXG",142909,"/Date(1702538986000)/",18500,5000,13220600,247263000000,400,true,2.21
"DXG",142909,"/Date(1702538986000)/",18500,4000,13215600,247171000000,400,true,2.21
"DXG",142909,"/Date(1702538986000)/",18500,100,13211600,247097000000,400,true,2.21
"DXG",142909,"/Date(1702538986000)/",18500,1500,13211500,247095000000,400,true,2.21
"DXG",142909,"/Date(1702538986000)/",18500,1000,13210000,247067000000,400,true,2.21
"DXG",142909,"/Date(1702538986000)/",18500,1200,13209000,247049000000,400,true,2.21
"DXG",142909,"/Date(1702538986000)/",18500,100,13207800,247027000000,400,true,2.21
"DXG",142909,"/Date(1702538986000)/",18500,500,13207700,247025000000,400,true,2.21
"DXG",142909,"/Date(1702538986000)/",18500,700,13207200,247016000000,400,true,2.21
"DXG",142909,"/Date(1702538986000)/",18500,6600,13206500,247003000000,400,true,2.21
"DXG",142909,"/Date(1702538985000)/",18500,3400,13199900,246881000000,400,true,2.21
"DXG",142909,"/Date(1702538985000)/",18500,100,13196500,246818000000,400,true,2.21
"DXG",142909,"/Date(1702538985000)/",18500,100,13196400,246816000000,400,true,2.21
"DXG",142909,"/Date(1702538985000)/",18500,1400,13196300,246814000000,400,true,2.21
"DXG",142906,"/Date(1702538981000)/",18500,100,13194900,246788000000,400,true,2.21
"DXG",142906,"/Date(1702538981000)/",18500,1000,13194800,246786000000,400,true,2.21
"DXG",142906,"/Date(1702538981000)/",18500,100,13193800,246768000000,400,true,2.21
"DXG",142906,"/Date(1702538981000)/",18500,500,13193700,246766000000,400,true,2.21
"DXG",142906,"/Date(1702538981000)/",18500,100,13193200,246757000000,400,true,2.21
"DXG",142906,"/Date(1702538981000)/",18500,5200,13193100,246755000000,400,true,2.21
"DXG",142906,"/Date(1702538981000)/",18500,500,13187900,246659000000,400,true,2.21
"DXG",142859,"/Date(1702538975000)/",18550,300,13187400,246649000000,450,false,2.49
"DXG",142859,"/Date(1702538975000)/",18500,100,13187100,246644000000,400,true,2.21
"DXG",142856,"/Date(1702538972000)/",18500,1500,13187000,246642000000,400,true,2.21
"DXG",142856,"/Date(1702538970000)/",18550,3000,13185500,246614000000,450,false,2.49
"DXG",142853,"/Date(1702538967000)/",18500,2700,13182500,246558000000,400,true,2.21
"DXG",142853,"/Date(1702538967000)/",18500,1100,13179800,246509000000,400,true,2.21
"DXG",142853,"/Date(1702538967000)/",18500,1800,13178700,246488000000,400,true,2.21
"DXG",142853,"/Date(1702538967000)/",18500,200,13176900,246455000000,400,true,2.21
"DXG",142853,"/Date(1702538967000)/",18500,1200,13176700,246451000000,400,true,2.21
"DXG",142843,"/Date(1702538960000)/",18500,100,13175500,246429000000,400,true,2.21
"DXG",142843,"/Date(1702538959000)/",18500,2000,13175400,246427000000,400,true,2.21
"DXG",142840,"/Date(1702538956000)/",18500,1700,13173400,246390000000,400,true,2.21
"DXG",142840,"/Date(1702538956000)/",18500,100,13171700,246359000000,400,true,2.21
"DXG",142840,"/Date(1702538956000)/",18500,100,13171600,246357000000,400,true,2.21
"DXG",142840,"/Date(1702538956000)/",18500,1000,13171500,246355000000,400,true,2.21
"DXG",142840,"/Date(1702538956000)/",18500,1000,13170500,246336000000,400,true,2.21
"DXG",142840,"/Date(1702538956000)/",18500,500,13169500,246318000000,400,true,2.21
"DXG",142840,"/Date(1702538956000)/",18500,4800,13169000,246309000000,400,true,2.21
"DXG",142840,"/Date(1702538954000)/",18550,200,13164200,246220000000,450,false,2.49
"DXG",142834,"/Date(1702538951000)/",18550,900,13164000,246216000000,450,false,2.49
"DXG",142834,"/Date(1702538951000)/",18550,4100,13163100,246199000000,450,false,2.49
"DXG",142834,"/Date(1702538949000)/",18500,200,13159000,246123000000,400,true,2.21
"DXG",142834,"/Date(1702538949000)/",18500,200,13158800,246120000000,400,true,2.21
"DXG",142834,"/Date(1702538949000)/",18500,100,13158600,246116000000,400,true,2.21
"DXG",142834,"/Date(1702538949000)/",18500,500,13158500,246114000000,400,true,2.21
"DXG",142834,"/Date(1702538949000)/",18500,500,13158000,246105000000,400,true,2.21
"DXG",142834,"/Date(1702538949000)/",18500,200,13157500,246096000000,400,true,2.21
"DXG",142834,"/Date(1702538949000)/",18500,1000,13157300,246092000000,400,true,2.21
"DXG",142834,"/Date(1702538949000)/",18500,300,13156300,246073000000,400,true,2.21
"DXG",142834,"/Date(1702538949000)/",18500,500,13156000,246068000000,400,true,2.21
"DXG",142834,"/Date(1702538949000)/",18500,300,13155500,246059000000,400,true,2.21
"DXG",142834,"/Date(1702538949000)/",18500,3000,13155200,246053000000,400,true,2.21
"DXG",142834,"/Date(1702538949000)/",18500,1000,13152200,245998000000,400,true,2.21
"DXG",142834,"/Date(1702538949000)/",18500,700,13151200,245979000000,400,true,2.21
"DXG",142834,"/Date(1702538949000)/",18500,100,13150500,245966000000,400,true,2.21
"DXG",142834,"/Date(1702538949000)/",18500,500,13150400,245964000000,400,true,2.21
"DXG",142834,"/Date(1702538949000)/",18500,500,13149900,245955000000,400,true,2.21
"DXG",142834,"/Date(1702538949000)/",18500,100,13149400,245946000000,400,true,2.21
"DXG",142834,"/Date(1702538949000)/",18500,5000,13149300,245944000000,400,true,2.21
"DXG",142834,"/Date(1702538949000)/",18500,200,13144300,245851000000,400,true,2.21
"DXG",142834,"/Date(1702538949000)/",18500,500,13144100,245848000000,400,true,2.21
"DXG",142834,"/Date(1702538949000)/",18500,700,13143600,245839000000,400,true,2.21
"DXG",142834,"/Date(1702538949000)/",18500,500,13142900,245826000000,400,true,2.21
"DXG",142834,"/Date(1702538949000)/",18500,200,13142400,245816000000,400,true,2.21
"DXG",142834,"/Date(1702538949000)/",18500,500,13142200,245813000000,400,true,2.21
"DXG",142834,"/Date(1702538949000)/",18500,1000,13141700,245803000000,400,true,2.21
"DXG",142834,"/Date(1702538949000)/",18500,500,13140700,245785000000,400,true,2.21
"DXG",142834,"/Date(1702538949000)/",18500,500,13140200,245776000000,400,true,2.21
"DXG",142834,"/Date(1702538949000)/",18500,700,13139700,245766000000,400,true,2.21
"DXG",142830,"/Date(1702538948000)/",18550,1000,13139000,245753000000,450,false,2.49
"DXG",142830,"/Date(1702538946000)/",18550,500,13138000,245735000000,450,false,2.49
"DXG",142824,"/Date(1702538939000)/",18550,1000,13137500,245726000000,450,false,2.49
"DXG",142821,"/Date(1702538938000)/",18500,100,13136500,245707000000,400,true,2.21
"DXG",142818,"/Date(1702538935000)/",18500,200,13136400,245705000000,400,true,2.21
"DXG",142818,"/Date(1702538932000)/",18550,1100,13136200,245702000000,450,false,2.49
"DXG",142808,"/Date(1702538924000)/",18550,100,13135100,245681000000,450,false,2.49
"DXG",142805,"/Date(1702538922000)/",18500,5000,13135000,245679000000,400,false,2.21
"DXG",142805,"/Date(1702538921000)/",18500,2000,13130000,245587000000,400,false,2.21
"DXG",142805,"/Date(1702538920000)/",18500,100,13128000,245550000000,400,false,2.21
"DXG",142805,"/Date(1702538919000)/",18500,700,13127900,245548000000,400,false,2.21
"DXG",142802,"/Date(1702538918000)/",18500,1600,13127200,245535000000,400,false,2.21
"DXG",142802,"/Date(1702538918000)/",18500,3500,13125600,245505000000,400,false,2.21
"DXG",142802,"/Date(1702538918000)/",18500,100,13122100,245441000000,400,false,2.21
"DXG",142802,"/Date(1702538918000)/",18500,300,13122000,245439000000,400,false,2.21
"DXG",142802,"/Date(1702538918000)/",18500,100,13121700,245433000000,400,false,2.21
"DXG",142802,"/Date(1702538918000)/",18500,5000,13121600,245431000000,400,false,2.21
"DXG",142802,"/Date(1702538918000)/",18500,100,13116600,245339000000,400,false,2.21
"DXG",142802,"/Date(1702538918000)/",18500,1500,13116500,245337000000,400,false,2.21
"DXG",142755,"/Date(1702538911000)/",18450,500,13115000,245309000000,350,true,1.93
"DXG",142755,"/Date(1702538911000)/",18450,100,13114500,245300000000,350,true,1.93
"DXG",142755,"/Date(1702538911000)/",18450,3000,13114400,245298000000,350,true,1.93
"DXG",142755,"/Date(1702538911000)/",18450,1000,13111400,245243000000,350,true,1.93
"DXG",142755,"/Date(1702538911000)/",18450,1300,13110400,245224000000,350,true,1.93
"DXG",142755,"/Date(1702538911000)/",18450,2000,13109100,245200000000,350,true,1.93
"DXG",142755,"/Date(1702538911000)/",18450,1000,13107100,245164000000,350,true,1.93
"DXG",142755,"/Date(1702538911000)/",18450,100,13106100,245145000000,350,true,1.93
"DXG",142755,"/Date(1702538911000)/",18450,3800,13106000,245143000000,350,true,1.93
"DXG",142755,"/Date(1702538911000)/",18500,100,13102200,245073000000,400,true,2.21
"DXG",142755,"/Date(1702538911000)/",18500,2100,13102100,245071000000,400,true,2.21
"DXG",142755,"/Date(1702538910000)/",18500,900,13100000,245032000000,400,true,2.21
"DXG",142755,"/Date(1702538910000)/",18500,100,13099100,245016000000,400,true,2.21
"DXG",142752,"/Date(1702538908000)/",18450,200,13099000,245014000000,350,true,1.93
"DXG",142752,"/Date(1702538908000)/",18500,100,13098800,245010000000,400,false,2.21
"DXG",142752,"/Date(1702538907000)/",18550,42200,13098700,245008000000,450,false,2.49
"DXG",142752,"/Date(1702538907000)/",18550,500,13056500,244226000000,450,false,2.49
"DXG",142752,"/Date(1702538907000)/",18550,10000,13056000,244216000000,450,false,2.49
"DXG",142752,"/Date(1702538907000)/",18550,2500,13046000,244031000000,450,false,2.49
"DXG",142752,"/Date(1702538907000)/",18550,5000,13043500,243984000000,450,false,2.49
"DXG",142752,"/Date(1702538907000)/",18550,100,13038500,243892000000,450,false,2.49
"DXG",142752,"/Date(1702538907000)/",18500,10000,13038400,243890000000,400,false,2.21
"DXG",142752,"/Date(1702538907000)/",18500,200,13028400,243705000000,400,false,2.21
"DXG",142752,"/Date(1702538907000)/",18500,500,13028200,243701000000,400,false,2.21
"DXG",142752,"/Date(1702538907000)/",18500,10000,13027700,243692000000,400,false,2.21
"DXG",142752,"/Date(1702538907000)/",18500,1000,13017700,243507000000,400,false,2.21
"DXG",142752,"/Date(1702538907000)/",18500,38000,13016700,243488000000,400,false,2.21
"DXG",142752,"/Date(1702538906000)/",18500,100,12978700,242785000000,400,false,2.21
"DXG",142752,"/Date(1702538906000)/",18500,1000,12978600,242783000000,400,false,2.21
"DXG",142749,"/Date(1702538906000)/",18500,100,12977600,242765000000,400,false,2.21
"DXG",142749,"/Date(1702538904000)/",18500,500,12977500,242763000000,400,false,2.21
"DXG",142746,"/Date(1702538902000)/",18500,500,12977000,242754000000,400,false,2.21
"DXG",142746,"/Date(1702538902000)/",18450,1000,12976500,242745000000,350,true,1.93
"DXG",142746,"/Date(1702538902000)/",18500,2000,12975500,242726000000,400,false,2.21
"DXG",142746,"/Date(1702538901000)/",18450,2000,12973500,242689000000,350,true,1.93
"DXG",142746,"/Date(1702538901000)/",18450,1000,12971500,242652000000,350,true,1.93
"DXG",142746,"/Date(1702538901000)/",18450,1000,12970500,242634000000,350,true,1.93
"DXG",142746,"/Date(1702538900000)/",18500,500,12969500,242615000000,400,false,2.21
"DXG",142742,"/Date(1702538898000)/",18500,700,12969000,242606000000,400,false,2.21
"DXG",142742,"/Date(1702538898000)/",18500,400,12968300,242593000000,400,false,2.21
"DXG",142742,"/Date(1702538897000)/",18500,1000,12967900,242586000000,400,false,2.21
"DXG",142739,"/Date(1702538896000)/",18500,100,12966900,242567000000,400,false,2.21
"DXG",142739,"/Date(1702538896000)/",18500,1000,12966800,242565000000,400,false,2.21
"DXG",142739,"/Date(1702538895000)/",18500,100,12965800,242547000000,400,false,2.21
"DXG",142739,"/Date(1702538895000)/",18500,1000,12965700,242545000000,400,false,2.21
"DXG",142739,"/Date(1702538895000)/",18500,100,12964700,242527000000,400,false,2.21
"DXG",142739,"/Date(1702538893000)/",18500,100,12964600,242525000000,400,false,2.21
"DXG",142736,"/Date(1702538893000)/",18500,100,12964500,242523000000,400,false,2.21
"DXG",142736,"/Date(1702538893000)/",18500,3000,12964400,242521000000,400,false,2.21
"DXG",142736,"/Date(1702538891000)/",18450,4500,12961400,242466000000,350,true,1.93
"DXG",142736,"/Date(1702538891000)/",18450,300,12956900,242383000000,350,true,1.93
"DXG",142736,"/Date(1702538891000)/",18450,200,12956600,242377000000,350,true,1.93
"DXG",142736,"/Date(1702538891000)/",18500,2000,12956400,242373000000,400,false,2.21
"DXG",142733,"/Date(1702538890000)/",18450,2000,12954400,242336000000,350,true,1.93
"DXG",142733,"/Date(1702538889000)/",18500,100,12952400,242299000000,400,false,2.21
"DXG",142733,"/Date(1702538888000)/",18500,400,12952300,242298000000,400,false,2.21
"DXG",142733,"/Date(1702538887000)/",18500,500,12951900,242290000000,400,false,2.21
"DXG",142730,"/Date(1702538886000)/",18500,500,12951400,242281000000,400,false,2.21
"DXG",142730,"/Date(1702538886000)/",18500,100,12950900,242272000000,400,false,2.21
"DXG",142730,"/Date(1702538885000)/",18500,1000,12950800,242270000000,400,false,2.21
"DXG",142730,"/Date(1702538885000)/",18500,5000,12949800,242251000000,400,false,2.21
"DXG",142726,"/Date(1702538883000)/",18500,100,12944800,242159000000,400,true,2.21
"DXG",142726,"/Date(1702538882000)/",18500,2700,12944700,242157000000,400,true,2.21
"DXG",142726,"/Date(1702538882000)/",18500,1000,12942000,242107000000,400,true,2.21
"DXG",142726,"/Date(1702538881000)/",18500,5000,12941000,242088000000,400,true,2.21
"DXG",142723,"/Date(1702538880000)/",18500,500,12936000,241996000000,400,true,2.21
"DXG",142723,"/Date(1702538880000)/",18500,1000,12935500,241987000000,400,true,2.21
"DXG",142723,"/Date(1702538880000)/",18500,1000,12934500,241968000000,400,true,2.21
"DXG",142723,"/Date(1702538880000)/",18500,500,12933500,241950000000,400,true,2.21
"DXG",142723,"/Date(1702538880000)/",18500,500,12933000,241940000000,400,true,2.21
"DXG",142723,"/Date(1702538880000)/",18500,100,12932500,241931000000,400,true,2.21
"DXG",142723,"/Date(1702538880000)/",18500,2300,12932400,241929000000,400,true,2.21
"DXG",142723,"/Date(1702538880000)/",18500,1000,12930100,241887000000,400,true,2.21
"DXG",142723,"/Date(1702538880000)/",18500,1000,12929100,241868000000,400,true,2.21
"DXG",142723,"/Date(1702538880000)/",18500,100,12928100,241850000000,400,true,2.21
"DXG",142723,"/Date(1702538880000)/",18500,1000,12928000,241848000000,400,true,2.21
"DXG",142723,"/Date(1702538880000)/",18500,1000,12927000,241829000000,400,true,2.21
"DXG",142723,"/Date(1702538880000)/",18500,100,12926000,241811000000,400,true,2.21
"DXG",142723,"/Date(1702538880000)/",18500,2000,12925900,241809000000,400,true,2.21
"DXG",142723,"/Date(1702538880000)/",18500,600,12923900,241772000000,400,true,2.21
"DXG",142723,"/Date(1702538880000)/",18500,500,12923300,241761000000,400,true,2.21
"DXG",142723,"/Date(1702538880000)/",18500,1000,12922800,241752000000,400,true,2.21
"DXG",142723,"/Date(1702538880000)/",18500,10000,12921800,241733000000,400,true,2.21
"DXG",142723,"/Date(1702538880000)/",18500,7100,12911800,241548000000,400,true,2.21
"DXG",142723,"/Date(1702538877000)/",18500,2600,12904700,241417000000,400,true,2.21
"DXG",142723,"/Date(1702538877000)/",18500,1300,12902100,241369000000,400,true,2.21
"DXG",142723,"/Date(1702538877000)/",18500,4100,12900800,241345000000,400,true,2.21
"DXG",142723,"/Date(1702538877000)/",18500,500,12896700,241269000000,400,true,2.21
"DXG",142723,"/Date(1702538877000)/",18500,1000,12896200,241260000000,400,true,2.21
"DXG",142723,"/Date(1702538877000)/",18500,2000,12895200,241241000000,400,true,2.21
"DXG",142723,"/Date(1702538877000)/",18500,1000,12893200,241204000000,400,true,2.21
"DXG",142723,"/Date(1702538877000)/",18500,2900,12892200,241186000000,400,true,2.21
"DXG",142723,"/Date(1702538877000)/",18500,2600,12889300,241132000000,400,true,2.21
"DXG",142720,"/Date(1702538876000)/",18550,200,12886700,241084000000,450,false,2.49
"DXG",142720,"/Date(1702538876000)/",18550,800,12886500,241080000000,450,false,2.49
"DXG",142720,"/Date(1702538876000)/",18500,2900,12885700,241065000000,400,true,2.21
"DXG",142720,"/Date(1702538876000)/",18500,7100,12882800,241012000000,400,true,2.21
"DXG",142720,"/Date(1702538875000)/",18550,500,12875700,240880000000,450,false,2.49
"DXG",142720,"/Date(1702538875000)/",18550,3900,12875200,240871000000,450,false,2.49
"DXG",142720,"/Date(1702538874000)/",18500,100,12871300,240799000000,400,true,2.21
"DXG",142717,"/Date(1702538874000)/",18550,300,12871200,240797000000,450,false,2.49
"DXG",142717,"/Date(1702538872000)/",18500,400,12870900,240791000000,400,true,2.21
"DXG",142717,"/Date(1702538872000)/",18500,100,12870500,240784000000,400,true,2.21
"DXG",142714,"/Date(1702538870000)/",18550,100,12870400,240782000000,450,false,2.49
"DXG",142714,"/Date(1702538870000)/",18550,300,12870300,240780000000,450,false,2.49
"DXG",142714,"/Date(1702538870000)/",18550,100,12870000,240775000000,450,false,2.49
"DXG",142714,"/Date(1702538868000)/",18500,20000,12869900,240773000000,400,true,2.21
"DXG",142710,"/Date(1702538866000)/",18500,100,12849900,240403000000,400,true,2.21
"DXG",142707,"/Date(1702538864000)/",18500,500,12849800,240401000000,400,true,2.21
"DXG",142707,"/Date(1702538863000)/",18550,800,12849300,240392000000,450,false,2.49
"DXG",142704,"/Date(1702538859000)/",18500,100,12848500,240377000000,400,true,2.21
"DXG",142701,"/Date(1702538858000)/",18550,300,12848400,240375000000,450,false,2.49
"DXG",142658,"/Date(1702538854000)/",18500,1600,12848100,240369000000,400,true,2.21
"DXG",142658,"/Date(1702538853000)/",18500,1400,12846500,240340000000,400,true,2.21
"DXG",142658,"/Date(1702538853000)/",18500,600,12845100,240314000000,400,true,2.21
"DXG",142658,"/Date(1702538852000)/",18500,100,12844500,240303000000,400,true,2.21
"DXG",142654,"/Date(1702538850000)/",18500,100,12844400,240301000000,400,true,2.21
"DXG",142654,"/Date(1702538849000)/",18500,200,12844300,240299000000,400,true,2.21
"DXG",142654,"/Date(1702538849000)/",18500,100,12844100,240295000000,400,true,2.21
"DXG",142654,"/Date(1702538849000)/",18500,2200,12844000,240294000000,400,true,2.21
"DXG",142654,"/Date(1702538849000)/",18500,2000,12841800,240253000000,400,true,2.21
"DXG",142654,"/Date(1702538849000)/",18500,1700,12839800,240216000000,400,true,2.21
"DXG",142654,"/Date(1702538849000)/",18500,3000,12838100,240184000000,400,true,2.21
"DXG",142654,"/Date(1702538849000)/",18550,3400,12835100,240129000000,450,false,2.49
"DXG",142651,"/Date(1702538846000)/",18500,1000,12831700,240066000000,400,false,2.21
"DXG",142651,"/Date(1702538845000)/",18500,500,12830700,240047000000,400,false,2.21
"DXG",142651,"/Date(1702538845000)/",18500,2000,12830200,240038000000,400,false,2.21
"DXG",142651,"/Date(1702538845000)/",18500,2900,12828200,240001000000,400,false,2.21
"DXG",142651,"/Date(1702538845000)/",18500,200,12825300,239948000000,400,false,2.21
"DXG",142651,"/Date(1702538845000)/",18500,400,12825100,239944000000,400,false,2.21
"DXG",142651,"/Date(1702538845000)/",18500,300,12824700,239936000000,400,false,2.21
"DXG",142651,"/Date(1702538845000)/",18500,2000,12824400,239931000000,400,false,2.21
"DXG",142651,"/Date(1702538845000)/",18500,100,12822400,239894000000,400,false,2.21
"DXG",142651,"/Date(1702538845000)/",18500,500,12822300,239892000000,400,false,2.21
"DXG",142651,"/Date(1702538845000)/",18500,1000,12821800,239883000000,400,false,2.21
"DXG",142651,"/Date(1702538845000)/",18500,1000,12820800,239864000000,400,false,2.21
"DXG",142651,"/Date(1702538845000)/",18500,200,12819800,239846000000,400,false,2.21
"DXG",142651,"/Date(1702538845000)/",18500,5200,12819600,239842000000,400,false,2.21
"DXG",142651,"/Date(1702538845000)/",18500,300,12814400,239746000000,400,false,2.21
"DXG",142651,"/Date(1702538845000)/",18500,1000,12814100,239740000000,400,false,2.21
"DXG",142651,"/Date(1702538845000)/",18500,50000,12813100,239722000000,400,false,2.21
"DXG",142651,"/Date(1702538845000)/",18500,1000,12763100,238797000000,400,false,2.21
"DXG",142651,"/Date(1702538845000)/",18500,3400,12762100,238778000000,400,false,2.21
"DXG",142648,"/Date(1702538845000)/",18500,600,12758700,238715000000,400,false,2.21
"DXG",142648,"/Date(1702538845000)/",18500,400,12758100,238704000000,400,false,2.21
"DXG",142648,"/Date(1702538844000)/",18500,1600,12757700,238697000000,400,false,2.21
"DXG",142648,"/Date(1702538844000)/",18500,2000,12756100,238667000000,400,false,2.21
"DXG",142648,"/Date(1702538844000)/",18450,100,12754100,238630000000,350,true,1.93
"DXG",142648,"/Date(1702538842000)/",18500,10100,12754000,238628000000,400,false,2.21
"DXG",142645,"/Date(1702538841000)/",18450,1300,12743900,238442000000,350,true,1.93
"DXG",142645,"/Date(1702538841000)/",18450,2100,12742600,238418000000,350,true,1.93
"DXG",142645,"/Date(1702538841000)/",18450,600,12740500,238379000000,350,true,1.93
"DXG",142645,"/Date(1702538841000)/",18500,100,12739900,238368000000,400,false,2.21
"DXG",142645,"/Date(1702538841000)/",18450,800,12739800,238366000000,350,true,1.93
"DXG",142645,"/Date(1702538840000)/",18500,200,12739000,238351000000,400,false,2.21
"DXG",142645,"/Date(1702538840000)/",18500,400,12738800,238348000000,400,false,2.21
"DXG",142645,"/Date(1702538840000)/",18500,500,12738400,238340000000,400,false,2.21
"DXG",142645,"/Date(1702538840000)/",18500,6000,12737900,238331000000,400,false,2.21
"DXG",142645,"/Date(1702538840000)/",18500,2900,12731900,238220000000,400,false,2.21
"DXG",142645,"/Date(1702538840000)/",18500,1000,12729000,238166000000,400,false,2.21
"DXG",142642,"/Date(1702538838000)/",18500,100,12728000,238148000000,400,false,2.21
"DXG",142642,"/Date(1702538835000)/",18450,400,12727900,238146000000,350,true,1.93
"DXG",142638,"/Date(1702538834000)/",18450,200,12727500,238138000000,350,true,1.93
"DXG",142638,"/Date(1702538834000)/",18450,300,12727300,238135000000,350,true,1.93
"DXG",142638,"/Date(1702538833000)/",18500,100,12727000,238129000000,400,false,2.21
"DXG",142635,"/Date(1702538832000)/",18500,1600,12726900,238127000000,400,false,2.21
"DXG",142632,"/Date(1702538827000)/",18450,4000,12725300,238098000000,350,true,1.93
"DXG",142629,"/Date(1702538824000)/",18500,2000,12721300,238024000000,400,false,2.21
"DXG",142629,"/Date(1702538823000)/",18450,2000,12719300,237987000000,350,true,1.93
"DXG",142629,"/Date(1702538823000)/",18450,300,12717300,237950000000,350,true,1.93
"DXG",142629,"/Date(1702538823000)/",18450,200,12717000,237945000000,350,true,1.93
"DXG",142629,"/Date(1702538823000)/",18450,1000,12716800,237941000000,350,true,1.93
"DXG",142629,"/Date(1702538823000)/",18450,100,12715800,237922000000,350,true,1.93
"DXG",142629,"/Date(1702538823000)/",18450,1000,12715700,237921000000,350,true,1.93
"DXG",142629,"/Date(1702538823000)/",18450,400,12714700,237902000000,350,true,1.93
"DXG",142626,"/Date(1702538821000)/",18500,100,12714300,237895000000,400,false,2.21
"DXG",142626,"/Date(1702538821000)/",18500,1000,12714200,237893000000,400,false,2.21
"DXG",142622,"/Date(1702538818000)/",18500,500,12713200,237874000000,400,false,2.21
"DXG",142622,"/Date(1702538818000)/",18500,700,12712700,237865000000,400,false,2.21
"DXG",142622,"/Date(1702538818000)/",18500,300,12712000,237852000000,400,false,2.21
"DXG",142622,"/Date(1702538817000)/",18500,100,12711700,237847000000,400,false,2.21
"DXG",142619,"/Date(1702538816000)/",18500,600,12711600,237845000000,400,false,2.21
"DXG",142619,"/Date(1702538816000)/",18500,400,12711000,237834000000,400,false,2.21
"DXG",142616,"/Date(1702538812000)/",18500,600,12710600,237826000000,400,false,2.21
"DXG",142616,"/Date(1702538811000)/",18500,100,12710000,237815000000,400,false,2.21
"DXG",142616,"/Date(1702538811000)/",18500,400,12709900,237813000000,400,false,2.21
"DXG",142616,"/Date(1702538811000)/",18500,200,12709500,237806000000,400,false,2.21
"DXG",142616,"/Date(1702538811000)/",18500,200,12709300,237802000000,400,false,2.21
"DXG",142616,"/Date(1702538811000)/",18500,200,12709100,237799000000,400,false,2.21
"DXG",142616,"/Date(1702538810000)/",18500,100,12708900,237795000000,400,false,2.21
"DXG",142613,"/Date(1702538807000)/",18500,2000,12708800,237793000000,400,false,2.21
"DXG",142610,"/Date(1702538805000)/",18500,5000,12706800,237756000000,400,false,2.21
"DXG",142606,"/Date(1702538803000)/",18500,200,12701800,237663000000,400,false,2.21
"DXG",142606,"/Date(1702538803000)/",18500,1000,12701600,237660000000,400,false,2.21
"DXG",142606,"/Date(1702538803000)/",18500,800,12700600,237641000000,400,false,2.21
"DXG",142606,"/Date(1702538803000)/",18500,1000,12699800,237626000000,400,false,2.21
"DXG",142606,"/Date(1702538802000)/",18500,200,12698800,237608000000,400,false,2.21
"DXG",142606,"/Date(1702538802000)/",18500,100,12698600,237604000000,400,false,2.21
"DXG",142603,"/Date(1702538800000)/",18500,100,12698500,237602000000,400,false,2.21
"DXG",142603,"/Date(1702538800000)/",18500,900,12698400,237601000000,400,false,2.21
"DXG",142600,"/Date(1702538795000)/",18500,200,12697500,237584000000,400,false,2.21
"DXG",142554,"/Date(1702538790000)/",18450,200,12697300,237580000000,350,true,1.93
"DXG",142550,"/Date(1702538787000)/",18450,100,12697100,237577000000,350,true,1.93
"DXG",142550,"/Date(1702538787000)/",18450,400,12697000,237575000000,350,true,1.93
"DXG",142550,"/Date(1702538787000)/",18500,18900,12696600,237567000000,400,false,2.21
"DXG",142550,"/Date(1702538787000)/",18500,11100,12677700,237218000000,400,false,2.21
"DXG",142550,"/Date(1702538786000)/",18500,100,12666600,237012000000,400,false,2.21
"DXG",142547,"/Date(1702538783000)/",18500,3400,12666500,237010000000,400,false,2.21
"DXG",142544,"/Date(1702538780000)/",18450,1000,12663100,236948000000,350,true,1.93
"DXG",142544,"/Date(1702538780000)/",18450,600,12662100,236929000000,350,true,1.93
"DXG",142544,"/Date(1702538778000)/",18500,35400,12661500,236918000000,400,false,2.21
"DXG",142544,"/Date(1702538778000)/",18500,500,12626100,236263000000,400,false,2.21
"DXG",142544,"/Date(1702538778000)/",18500,6000,12625600,236254000000,400,false,2.21
"DXG",142544,"/Date(1702538778000)/",18500,200,12619600,236143000000,400,false,2.21
"DXG",142544,"/Date(1702538778000)/",18450,12900,12619400,236139000000,350,true,1.93
"DXG",142541,"/Date(1702538777000)/",18450,4000,12606500,235901000000,350,false,1.93
"DXG",142541,"/Date(1702538777000)/",18450,200,12602500,235827000000,350,false,1.93
"DXG",142541,"/Date(1702538776000)/",18450,3000,12602300,235824000000,350,false,1.93
"DXG",142538,"/Date(1702538771000)/",18450,2900,12599300,235768000000,350,false,1.93
"DXG",142538,"/Date(1702538771000)/",18450,100,12596400,235715000000,350,false,1.93
"DXG",142538,"/Date(1702538771000)/",18450,400,12596300,235713000000,350,false,1.93
"DXG",142538,"/Date(1702538771000)/",18450,1600,12595900,235706000000,350,false,1.93
"DXG",142534,"/Date(1702538769000)/",18450,13400,12594300,235676000000,350,false,1.93
"DXG",142534,"/Date(1702538769000)/",18450,1500,12580900,235429000000,350,false,1.93
"DXG",142534,"/Date(1702538769000)/",18450,1000,12579400,235401000000,350,false,1.93
"DXG",142534,"/Date(1702538769000)/",18450,100,12578400,235383000000,350,false,1.93
"DXG",142534,"/Date(1702538769000)/",18450,2000,12578300,235381000000,350,false,1.93
"DXG",142534,"/Date(1702538769000)/",18450,500,12576300,235344000000,350,false,1.93
"DXG",142534,"/Date(1702538769000)/",18400,100,12575800,235335000000,300,true,1.66
"DXG",142531,"/Date(1702538767000)/",18450,200,12575700,235333000000,350,false,1.93
"DXG",142531,"/Date(1702538767000)/",18400,500,12575500,235329000000,300,true,1.66
"DXG",142531,"/Date(1702538767000)/",18400,200,12575000,235320000000,300,true,1.66
"DXG",142531,"/Date(1702538767000)/",18400,800,12574800,235316000000,300,true,1.66
"DXG",142531,"/Date(1702538767000)/",18400,100,12574000,235302000000,300,true,1.66
"DXG",142531,"/Date(1702538767000)/",18400,200,12573900,235300000000,300,true,1.66
"DXG",142531,"/Date(1702538767000)/",18400,100,12573700,235296000000,300,true,1.66
"DXG",142531,"/Date(1702538767000)/",18400,100,12573600,235294000000,300,true,1.66
"DXG",142531,"/Date(1702538767000)/",18400,100,12573500,235292000000,300,true,1.66
"DXG",142531,"/Date(1702538767000)/",18400,100,12573400,235291000000,300,true,1.66
"DXG",142531,"/Date(1702538767000)/",18400,100,12573300,235289000000,300,true,1.66
"DXG",142531,"/Date(1702538767000)/",18400,100,12573200,235287000000,300,true,1.66
"DXG",142531,"/Date(1702538767000)/",18400,200,12573100,235285000000,300,true,1.66
"DXG",142531,"/Date(1702538767000)/",18400,1400,12572900,235281000000,300,true,1.66
"DXG",142531,"/Date(1702538766000)/",18450,100,12571500,235256000000,350,false,1.93
"DXG",142528,"/Date(1702538764000)/",18450,2200,12571400,235254000000,350,false,1.93
"DXG",142528,"/Date(1702538764000)/",18450,1700,12569200,235213000000,350,false,1.93
"DXG",142528,"/Date(1702538764000)/",18450,2000,12567500,235182000000,350,false,1.93
"DXG",142528,"/Date(1702538763000)/",18450,2000,12565500,235145000000,350,false,1.93
"DXG",142528,"/Date(1702538762000)/",18450,500,12563500,235108000000,350,false,1.93
"DXG",142528,"/Date(1702538762000)/",18450,1700,12563000,235099000000,350,false,1.93
"DXG",142525,"/Date(1702538761000)/",18450,2000,12561300,235067000000,350,false,1.93
"DXG",142525,"/Date(1702538760000)/",18450,100,12559300,235031000000,350,false,1.93
"DXG",142522,"/Date(1702538757000)/",18400,600,12559200,235029000000,300,true,1.66
"DXG",142522,"/Date(1702538757000)/",18400,1500,12558600,235018000000,300,true,1.66
"DXG",142522,"/Date(1702538757000)/",18450,900,12557100,234990000000,350,false,1.93
"DXG",142522,"/Date(1702538757000)/",18450,1000,12556200,234973000000,350,false,1.93
"DXG",142522,"/Date(1702538757000)/",18450,100,12555200,234955000000,350,false,1.93
"DXG",142515,"/Date(1702538751000)/",18450,500,12555100,234953000000,350,true,1.93
"DXG",142515,"/Date(1702538751000)/",18450,1000,12554600,234944000000,350,true,1.93
"DXG",142515,"/Date(1702538751000)/",18450,3000,12553600,234926000000,350,true,1.93
"DXG",142515,"/Date(1702538751000)/",18450,400,12550600,234870000000,350,true,1.93
"DXG",142515,"/Date(1702538751000)/",18450,100,12550200,234863000000,350,true,1.93
"DXG",142515,"/Date(1702538751000)/",18450,900,12550100,234861000000,350,true,1.93
"DXG",142512,"/Date(1702538749000)/",18450,100,12549200,234844000000,350,true,1.93
"DXG",142509,"/Date(1702538744000)/",18450,900,12549100,234842000000,350,true,1.93
"DXG",142509,"/Date(1702538744000)/",18450,100,12548200,234826000000,350,true,1.93
"DXG",142509,"/Date(1702538743000)/",18450,4000,12548100,234824000000,350,true,1.93
"DXG",142506,"/Date(1702538741000)/",18400,2100,12544100,234750000000,300,true,1.66
"DXG",142506,"/Date(1702538741000)/",18450,100,12542000,234712000000,350,true,1.93
"DXG",142506,"/Date(1702538741000)/",18450,500,12541900,234710000000,350,true,1.93
"DXG",142506,"/Date(1702538741000)/",18450,500,12541400,234701000000,350,true,1.93
"DXG",142506,"/Date(1702538741000)/",18450,5800,12540900,234691000000,350,true,1.93
"DXG",142506,"/Date(1702538740000)/",18450,1000,12535100,234584000000,350,true,1.93
"DXG",142506,"/Date(1702538740000)/",18450,100,12534100,234566000000,350,true,1.93
"DXG",142502,"/Date(1702538737000)/",18450,3000,12534000,234564000000,350,false,1.93
"DXG",142502,"/Date(1702538737000)/",18450,100,12531000,234509000000,350,false,1.93
"DXG",142459,"/Date(1702538736000)/",18450,300,12530900,234507000000,350,true,1.93
"DXG",142459,"/Date(1702538734000)/",18400,1400,12530600,234501000000,300,true,1.66
"DXG",142459,"/Date(1702538734000)/",18450,1000,12529200,234476000000,350,true,1.93
"DXG",142459,"/Date(1702538734000)/",18450,1000,12528200,234457000000,350,true,1.93
"DXG",142459,"/Date(1702538734000)/",18450,100,12527200,234439000000,350,true,1.93
"DXG",142459,"/Date(1702538734000)/",18450,1000,12527100,234437000000,350,true,1.93
"DXG",142459,"/Date(1702538734000)/",18450,200,12526100,234418000000,350,true,1.93
"DXG",142459,"/Date(1702538734000)/",18450,500,12525900,234415000000,350,true,1.93
"DXG",142459,"/Date(1702538734000)/",18450,1800,12525400,234405000000,350,true,1.93
"DXG",142456,"/Date(1702538732000)/",18450,1300,12523600,234372000000,350,true,1.93
"DXG",142456,"/Date(1702538731000)/",18450,1000,12522300,234348000000,350,true,1.93
"DXG",142450,"/Date(1702538725000)/",18450,1000,12521300,234330000000,350,false,1.93
"DXG",142450,"/Date(1702538724000)/",18450,1500,12520300,234311000000,350,false,1.93
"DXG",142450,"/Date(1702538724000)/",18450,6000,12518800,234284000000,350,false,1.93
"DXG",142450,"/Date(1702538723000)/",18450,500,12512800,234173000000,350,false,1.93
"DXG",142450,"/Date(1702538723000)/",18450,100,12512300,234164000000,350,false,1.93
"DXG",142450,"/Date(1702538723000)/",18450,400,12512200,234162000000,350,false,1.93
"DXG",142450,"/Date(1702538723000)/",18450,2000,12511800,234154000000,350,false,1.93
"DXG",142446,"/Date(1702538723000)/",18450,1000,12509800,234118000000,350,false,1.93
"DXG",142446,"/Date(1702538723000)/",18450,800,12508800,234099000000,350,false,1.93
"DXG",142446,"/Date(1702538723000)/",18450,18200,12508000,234084000000,350,false,1.93
"DXG",142446,"/Date(1702538723000)/",18450,300,12489800,233749000000,350,false,1.93
"DXG",142446,"/Date(1702538723000)/",18400,5000,12489500,233743000000,300,true,1.66
"DXG",142446,"/Date(1702538723000)/",18400,100,12484500,233651000000,300,true,1.66
"DXG",142446,"/Date(1702538723000)/",18400,500,12484400,233649000000,300,true,1.66
"DXG",142446,"/Date(1702538723000)/",18400,100,12483900,233640000000,300,true,1.66
"DXG",142446,"/Date(1702538723000)/",18400,300,12483800,233638000000,300,true,1.66
"DXG",142446,"/Date(1702538721000)/",18450,200,12483500,233633000000,350,false,1.93
"DXG",142443,"/Date(1702538718000)/",18450,4000,12483300,233629000000,350,false,1.93
"DXG",142443,"/Date(1702538718000)/",18450,2000,12479300,233555000000,350,false,1.93
"DXG",142440,"/Date(1702538715000)/",18450,100,12477300,233518000000,350,true,1.93
"DXG",142440,"/Date(1702538715000)/",18450,500,12477200,233516000000,350,true,1.93
"DXG",142440,"/Date(1702538714000)/",18450,1500,12476700,233507000000,350,true,1.93
"DXG",142440,"/Date(1702538714000)/",18450,3000,12475200,233480000000,350,true,1.93
"DXG",142440,"/Date(1702538714000)/",18450,200,12472200,233424000000,350,true,1.93
"DXG",142440,"/Date(1702538714000)/",18450,100,12472000,233420000000,350,true,1.93
"DXG",142440,"/Date(1702538714000)/",18450,200,12471900,233419000000,350,true,1.93
"DXG",142437,"/Date(1702538711000)/",18450,500,12471700,233415000000,350,true,1.93
"DXG",142437,"/Date(1702538711000)/",18450,1000,12471200,233406000000,350,true,1.93
"DXG",142437,"/Date(1702538711000)/",18450,700,12470200,233387000000,350,true,1.93
"DXG",142434,"/Date(1702538709000)/",18450,200,12469500,233374000000,350,false,1.93
"DXG",142430,"/Date(1702538707000)/",18450,600,12469300,233371000000,350,false,1.93
"DXG",142430,"/Date(1702538706000)/",18450,100,12468700,233360000000,350,false,1.93
"DXG",142427,"/Date(1702538702000)/",18450,1000,12468600,233358000000,350,false,1.93
"DXG",142427,"/Date(1702538702000)/",18450,400,12467600,233339000000,350,false,1.93
"DXG",142427,"/Date(1702538701000)/",18400,200,12467200,233332000000,300,true,1.66
"DXG",142427,"/Date(1702538701000)/",18400,200,12467000,233328000000,300,true,1.66
"DXG",142427,"/Date(1702538701000)/",18400,2000,12466800,233325000000,300,true,1.66
"DXG",142427,"/Date(1702538701000)/",18400,600,12464800,233288000000,300,true,1.66
"DXG",142427,"/Date(1702538701000)/",18400,400,12464200,233277000000,300,true,1.66
"DXG",142427,"/Date(1702538701000)/",18400,500,12463800,233269000000,300,true,1.66
"DXG",142427,"/Date(1702538701000)/",18400,200,12463300,233260000000,300,true,1.66
"DXG",142427,"/Date(1702538701000)/",18400,300,12463100,233256000000,300,true,1.66
"DXG",142427,"/Date(1702538701000)/",18400,1000,12462800,233251000000,300,true,1.66
"DXG",142427,"/Date(1702538701000)/",18400,100,12461800,233233000000,300,true,1.66
"DXG",142427,"/Date(1702538701000)/",18400,500,12461700,233231000000,300,true,1.66
"DXG",142424,"/Date(1702538700000)/",18400,100,12461200,233222000000,300,true,1.66
"DXG",142424,"/Date(1702538700000)/",18400,1000,12461100,233220000000,300,true,1.66
"DXG",142424,"/Date(1702538700000)/",18400,100,12460100,233201000000,300,true,1.66
"DXG",142424,"/Date(1702538700000)/",18400,300,12460000,233199000000,300,true,1.66
"DXG",142424,"/Date(1702538700000)/",18400,1500,12459700,233194000000,300,true,1.66
"DXG",142424,"/Date(1702538700000)/",18450,900,12458200,233166000000,350,false,1.93
"DXG",142424,"/Date(1702538700000)/",18450,600,12457300,233150000000,350,false,1.93
"DXG",142424,"/Date(1702538700000)/",18450,500,12456700,233139000000,350,false,1.93
"DXG",142424,"/Date(1702538699000)/",18450,100,12456200,233129000000,350,false,1.93
"DXG",142424,"/Date(1702538698000)/",18450,400,12456100,233128000000,350,false,1.93
"DXG",142421,"/Date(1702538696000)/",18450,1000,12455700,233120000000,350,true,1.93
"DXG",142421,"/Date(1702538695000)/",18450,100,12454700,233102000000,350,true,1.93
"DXG",142421,"/Date(1702538695000)/",18450,200,12454600,233100000000,350,true,1.93
"DXG",142417,"/Date(1702538694000)/",18500,1800,12454400,233096000000,400,false,2.21
"DXG",142417,"/Date(1702538694000)/",18500,1000,12452600,233063000000,400,false,2.21
"DXG",142417,"/Date(1702538694000)/",18500,600,12451600,233044000000,400,false,2.21
"DXG",142417,"/Date(1702538694000)/",18450,300,12451000,233033000000,350,false,1.93
"DXG",142417,"/Date(1702538694000)/",18450,500,12450700,233028000000,350,false,1.93
"DXG",142417,"/Date(1702538694000)/",18450,4200,12450200,233019000000,350,false,1.93
"DXG",142417,"/Date(1702538692000)/",18400,200,12446000,232941000000,300,true,1.66
"DXG",142417,"/Date(1702538692000)/",18400,500,12445800,232937000000,300,true,1.66
"DXG",142417,"/Date(1702538692000)/",18400,300,12445300,232928000000,300,true,1.66
"DXG",142417,"/Date(1702538692000)/",18450,1800,12445000,232923000000,350,false,1.93
"DXG",142417,"/Date(1702538691000)/",18450,200,12443200,232889000000,350,false,1.93
"DXG",142417,"/Date(1702538691000)/",18450,1000,12443000,232886000000,350,false,1.93
"DXG",142414,"/Date(1702538689000)/",18450,300,12442000,232867000000,350,true,1.93
"DXG",142414,"/Date(1702538689000)/",18450,700,12441700,232862000000,350,true,1.93
"DXG",142414,"/Date(1702538689000)/",18450,200,12441000,232849000000,350,true,1.93
"DXG",142414,"/Date(1702538689000)/",18450,100,12440800,232845000000,350,true,1.93
"DXG",142414,"/Date(1702538689000)/",18450,100,12440700,232843000000,350,true,1.93
"DXG",142414,"/Date(1702538689000)/",18450,100,12440600,232841000000,350,true,1.93
"DXG",142414,"/Date(1702538689000)/",18450,700,12440500,232840000000,350,true,1.93
"DXG",142411,"/Date(1702538688000)/",18450,300,12439800,232827000000,350,true,1.93
"DXG",142411,"/Date(1702538688000)/",18450,2400,12439500,232821000000,350,true,1.93
"DXG",142411,"/Date(1702538688000)/",18450,1500,12437100,232777000000,350,true,1.93
"DXG",142411,"/Date(1702538687000)/",18500,100,12435600,232749000000,400,false,2.21
"DXG",142411,"/Date(1702538686000)/",18450,2000,12435500,232747000000,350,true,1.93
"DXG",142411,"/Date(1702538685000)/",18450,2000,12433500,232710000000,350,true,1.93
"DXG",142408,"/Date(1702538684000)/",18450,3000,12431500,232674000000,350,true,1.93
"DXG",142408,"/Date(1702538682000)/",18450,200,12428500,232618000000,350,true,1.93
"DXG",142408,"/Date(1702538682000)/",18450,10000,12428300,232615000000,350,true,1.93
"DXG",142405,"/Date(1702538679000)/",18450,900,12418300,232430000000,350,true,1.93
"DXG",142401,"/Date(1702538678000)/",18450,2000,12417400,232413000000,350,false,1.93
"DXG",142401,"/Date(1702538678000)/",18450,20000,12415400,232377000000,350,false,1.93
"DXG",142401,"/Date(1702538678000)/",18450,600,12395400,232008000000,350,false,1.93
"DXG",142401,"/Date(1702538678000)/",18450,2000,12394800,231996000000,350,false,1.93
"DXG",142401,"/Date(1702538678000)/",18450,3400,12392800,231960000000,350,false,1.93
"DXG",142401,"/Date(1702538677000)/",18450,100,12389400,231897000000,350,false,1.93
"DXG",142401,"/Date(1702538677000)/",18450,300,12389300,231895000000,350,false,1.93
"DXG",142401,"/Date(1702538677000)/",18400,100,12389000,231889000000,300,true,1.66
"DXG",142401,"/Date(1702538677000)/",18400,1000,12388900,231888000000,300,true,1.66
"DXG",142401,"/Date(1702538676000)/",18450,200,12387900,231869000000,350,false,1.93
"DXG",142401,"/Date(1702538676000)/",18450,200,12387700,231866000000,350,false,1.93
"DXG",142401,"/Date(1702538675000)/",18450,400,12387500,231862000000,350,false,1.93
"DXG",142358,"/Date(1702538674000)/",18450,100,12387100,231854000000,350,false,1.93
"DXG",142358,"/Date(1702538673000)/",18450,300,12387000,231853000000,350,false,1.93
"DXG",142358,"/Date(1702538673000)/",18450,5300,12386700,231847000000,350,false,1.93
"DXG",142358,"/Date(1702538673000)/",18450,2800,12381400,231749000000,350,false,1.93
"DXG",142358,"/Date(1702538673000)/",18450,600,12378600,231698000000,350,false,1.93
"DXG",142358,"/Date(1702538672000)/",18400,2000,12378000,231687000000,300,true,1.66
"DXG",142358,"/Date(1702538672000)/",18400,300,12376000,231650000000,300,true,1.66
"DXG",142358,"/Date(1702538672000)/",18400,500,12375700,231644000000,300,true,1.66
"DXG",142358,"/Date(1702538672000)/",18400,100,12375200,231635000000,300,true,1.66
"DXG",142358,"/Date(1702538672000)/",18400,1000,12375100,231633000000,300,true,1.66
"DXG",142358,"/Date(1702538672000)/",18400,1000,12374100,231615000000,300,true,1.66
"DXG",142358,"/Date(1702538672000)/",18400,100,12373100,231596000000,300,true,1.66
"DXG",142358,"/Date(1702538672000)/",18400,100,12373000,231595000000,300,true,1.66
"DXG",142358,"/Date(1702538672000)/",18400,100,12372900,231593000000,300,true,1.66
"DXG",142358,"/Date(1702538672000)/",18400,800,12372800,231591000000,300,true,1.66
"DXG",142358,"/Date(1702538672000)/",18450,400,12372000,231576000000,350,false,1.93
"DXG",142358,"/Date(1702538672000)/",18450,600,12371600,231569000000,350,false,1.93
"DXG",142355,"/Date(1702538671000)/",18450,1400,12371000,231558000000,350,false,1.93
"DXG",142355,"/Date(1702538671000)/",18450,1600,12369600,231532000000,350,false,1.93
"DXG",142355,"/Date(1702538671000)/",18450,1000,12368000,231502000000,350,false,1.93
"DXG",142355,"/Date(1702538671000)/",18450,200,12367000,231484000000,350,false,1.93
"DXG",142355,"/Date(1702538670000)/",18450,200,12366800,231480000000,350,false,1.93
"DXG",142355,"/Date(1702538670000)/",18450,300,12366600,231477000000,350,false,1.93
"DXG",142355,"/Date(1702538669000)/",18450,10000,12366300,231471000000,350,false,1.93
"DXG",142355,"/Date(1702538669000)/",18450,300,12356300,231286000000,350,false,1.93
"DXG",142355,"/Date(1702538669000)/",18450,1000,12356000,231281000000,350,false,1.93
"DXG",142352,"/Date(1702538668000)/",18450,200,12355000,231262000000,350,false,1.93
"DXG",142352,"/Date(1702538668000)/",18450,200,12354800,231259000000,350,false,1.93
"DXG",142352,"/Date(1702538668000)/",18450,100,12354600,231255000000,350,false,1.93
"DXG",142352,"/Date(1702538666000)/",18450,100,12354500,231253000000,350,false,1.93
"DXG",142352,"/Date(1702538666000)/",18450,2800,12354400,231251000000,350,false,1.93
"DXG",142352,"/Date(1702538666000)/",18450,1000,12351600,231200000000,350,false,1.93
"DXG",142352,"/Date(1702538666000)/",18450,400,12350600,231181000000,350,false,1.93
"DXG",142352,"/Date(1702538666000)/",18450,7000,12350200,231174000000,350,false,1.93
"DXG",142352,"/Date(1702538666000)/",18450,2000,12343200,231045000000,350,false,1.93
"DXG",142352,"/Date(1702538666000)/",18450,1000,12341200,231008000000,350,false,1.93
"DXG",142352,"/Date(1702538666000)/",18450,800,12340200,230989000000,350,false,1.93
"DXG",142352,"/Date(1702538666000)/",18400,200,12339400,230975000000,300,true,1.66
"DXG",142349,"/Date(1702538666000)/",18450,100,12339200,230971000000,350,false,1.93
"DXG",142349,"/Date(1702538663000)/",18450,600,12339100,230969000000,350,false,1.93
"DXG",142349,"/Date(1702538663000)/",18450,600,12338500,230958000000,350,false,1.93
"DXG",142349,"/Date(1702538663000)/",18450,400,12337900,230947000000,350,false,1.93
"DXG",142349,"/Date(1702538663000)/",18450,100,12337500,230940000000,350,false,1.93
"DXG",142346,"/Date(1702538662000)/",18450,200,12337400,230938000000,350,false,1.93
"DXG",142346,"/Date(1702538662000)/",18450,300,12337200,230934000000,350,false,1.93
"DXG",142346,"/Date(1702538662000)/",18450,1500,12336900,230929000000,350,false,1.93
"DXG",142346,"/Date(1702538661000)/",18450,100,12335400,230901000000,350,false,1.93
"DXG",142346,"/Date(1702538661000)/",18450,2000,12335300,230899000000,350,false,1.93
"DXG",142346,"/Date(1702538661000)/",18450,1400,12333300,230862000000,350,false,1.93
"DXG",142346,"/Date(1702538661000)/",18450,200,12331900,230836000000,350,false,1.93
"DXG",142346,"/Date(1702538661000)/",18450,100,12331700,230833000000,350,false,1.93
"DXG",142346,"/Date(1702538659000)/",18400,1300,12331600,230831000000,300,true,1.66
"DXG",142346,"/Date(1702538659000)/",18400,200,12330300,230807000000,300,true,1.66
"DXG",142346,"/Date(1702538659000)/",18400,100,12330100,230803000000,300,true,1.66
"DXG",142346,"/Date(1702538659000)/",18400,200,12330000,230801000000,300,true,1.66
"DXG",142346,"/Date(1702538659000)/",18400,2300,12329800,230798000000,300,true,1.66
"DXG",142346,"/Date(1702538659000)/",18400,900,12327500,230755000000,300,true,1.66
"DXG",142342,"/Date(1702538659000)/",18450,200,12326600,230739000000,350,false,1.93
"DXG",142342,"/Date(1702538659000)/",18450,2000,12326400,230735000000,350,false,1.93
"DXG",142342,"/Date(1702538657000)/",18450,100,12324400,230698000000,350,false,1.93
"DXG",142342,"/Date(1702538656000)/",18450,300,12324300,230696000000,350,false,1.93
"DXG",142342,"/Date(1702538656000)/",18450,2700,12324000,230691000000,350,false,1.93
"DXG",142339,"/Date(1702538655000)/",18400,300,12321300,230641000000,300,true,1.66
"DXG",142339,"/Date(1702538655000)/",18450,300,12321000,230635000000,350,false,1.93
"DXG",142339,"/Date(1702538655000)/",18450,700,12320700,230630000000,350,false,1.93
"DXG",142339,"/Date(1702538653000)/",18450,500,12320000,230617000000,350,false,1.93
"DXG",142339,"/Date(1702538653000)/",18450,1400,12319500,230608000000,350,false,1.93
"DXG",142339,"/Date(1702538653000)/",18450,200,12318100,230582000000,350,false,1.93
"DXG",142339,"/Date(1702538653000)/",18450,500,12317900,230578000000,350,false,1.93
"DXG",142339,"/Date(1702538653000)/",18450,500,12317400,230569000000,350,false,1.93
"DXG",142339,"/Date(1702538653000)/",18450,1000,12316900,230560000000,350,false,1.93
"DXG",142339,"/Date(1702538653000)/",18450,2000,12315900,230541000000,350,false,1.93
"DXG",142339,"/Date(1702538653000)/",18450,200,12313900,230504000000,350,false,1.93
"DXG",142339,"/Date(1702538653000)/",18450,800,12313700,230501000000,350,false,1.93
"DXG",142339,"/Date(1702538653000)/",18450,43400,12312900,230486000000,350,false,1.93
"DXG",142336,"/Date(1702538652000)/",18450,500,12269500,229685000000,350,false,1.93
"DXG",142336,"/Date(1702538650000)/",18400,800,12269000,229676000000,300,true,1.66
"DXG",142336,"/Date(1702538650000)/",18400,1200,12268200,229661000000,300,true,1.66
"DXG",142333,"/Date(1702538649000)/",18450,500,12267000,229639000000,350,false,1.93
"DXG",142333,"/Date(1702538648000)/",18450,100,12266500,229630000000,350,false,1.93
"DXG",142330,"/Date(1702538644000)/",18450,500,12266400,229628000000,350,false,1.93
"DXG",142326,"/Date(1702538642000)/",18450,500,12265900,229619000000,350,false,1.93
"DXG",142326,"/Date(1702538640000)/",18400,1000,12265400,229610000000,300,true,1.66
"DXG",142323,"/Date(1702538639000)/",18450,1000,12264400,229591000000,350,false,1.93
"DXG",142323,"/Date(1702538639000)/",18450,500,12263400,229573000000,350,false,1.93
"DXG",142323,"/Date(1702538639000)/",18400,3000,12262900,229564000000,300,true,1.66
"DXG",142323,"/Date(1702538639000)/",18450,1000,12259900,229508000000,350,false,1.93
"DXG",142323,"/Date(1702538638000)/",18450,2000,12258900,229490000000,350,false,1.93
"DXG",142320,"/Date(1702538636000)/",18450,100,12256900,229453000000,350,false,1.93
"DXG",142317,"/Date(1702538633000)/",18400,300,12256800,229451000000,300,true,1.66
"DXG",142317,"/Date(1702538633000)/",18400,200,12256500,229446000000,300,true,1.66
"DXG",142317,"/Date(1702538633000)/",18400,300,12256300,229442000000,300,true,1.66
"DXG",142317,"/Date(1702538631000)/",18450,1000,12256000,229437000000,350,false,1.93
"DXG",142317,"/Date(1702538631000)/",18450,2000,12255000,229418000000,350,false,1.93
"DXG",142310,"/Date(1702538625000)/",18450,9000,12253000,229381000000,350,false,1.93
"DXG",142304,"/Date(1702538619000)/",18450,100,12244000,229215000000,350,false,1.93
"DXG",142258,"/Date(1702538614000)/",18400,100,12243900,229213000000,300,true,1.66
"DXG",142258,"/Date(1702538612000)/",18450,100,12243800,229211000000,350,false,1.93
"DXG",142254,"/Date(1702538611000)/",18400,100,12243700,229210000000,300,true,1.66
"DXG",142254,"/Date(1702538611000)/",18400,200,12243600,229208000000,300,true,1.66
"DXG",142254,"/Date(1702538611000)/",18400,100,12243400,229204000000,300,true,1.66
"DXG",142254,"/Date(1702538611000)/",18400,600,12243300,229202000000,300,true,1.66
"DXG",142254,"/Date(1702538609000)/",18450,1000,12242700,229191000000,350,false,1.93
"DXG",142254,"/Date(1702538609000)/",18450,2300,12241700,229173000000,350,false,1.93
"DXG",142254,"/Date(1702538609000)/",18450,100,12239400,229130000000,350,false,1.93
"DXG",142251,"/Date(1702538607000)/",18450,100,12239300,229129000000,350,false,1.93
"DXG",142251,"/Date(1702538606000)/",18400,300,12239200,229127000000,300,true,1.66
"DXG",142245,"/Date(1702538601000)/",18400,500,12238900,229121000000,300,true,1.66
"DXG",142245,"/Date(1702538601000)/",18450,100,12238400,229112000000,350,false,1.93
"DXG",142245,"/Date(1702538600000)/",18450,100,12238300,229110000000,350,false,1.93
"DXG",142245,"/Date(1702538598000)/",18450,1000,12238200,229108000000,350,false,1.93
"DXG",142242,"/Date(1702538596000)/",18400,3600,12237200,229090000000,300,true,1.66
"DXG",142242,"/Date(1702538596000)/",18400,1000,12233600,229024000000,300,true,1.66
"DXG",142242,"/Date(1702538596000)/",18400,100,12232600,229005000000,300,true,1.66
"DXG",142242,"/Date(1702538596000)/",18400,300,12232500,229003000000,300,true,1.66
"DXG",142238,"/Date(1702538595000)/",18450,18000,12232200,228998000000,350,false,1.93
"DXG",142238,"/Date(1702538593000)/",18450,1000,12214200,228666000000,350,false,1.93
"DXG",142238,"/Date(1702538593000)/",18450,100,12213200,228647000000,350,false,1.93
"DXG",142238,"/Date(1702538593000)/",18450,1000,12213100,228645000000,350,false,1.93
"DXG",142238,"/Date(1702538593000)/",18450,1000,12212100,228627000000,350,false,1.93
"DXG",142238,"/Date(1702538593000)/",18450,2400,12211100,228609000000,350,false,1.93
"DXG",142238,"/Date(1702538593000)/",18450,20000,12208700,228564000000,350,false,1.93
"DXG",142238,"/Date(1702538593000)/",18450,100,12188700,228195000000,350,false,1.93
"DXG",142238,"/Date(1702538593000)/",18450,200,12188600,228193000000,350,false,1.93
"DXG",142238,"/Date(1702538593000)/",18450,6200,12188400,228190000000,350,false,1.93
"DXG",142238,"/Date(1702538592000)/",18400,300,12182200,228075000000,300,true,1.66
"DXG",142238,"/Date(1702538592000)/",18400,500,12181900,228070000000,300,true,1.66
"DXG",142238,"/Date(1702538592000)/",18400,100,12181400,228061000000,300,true,1.66
"DXG",142238,"/Date(1702538592000)/",18400,100,12181300,228059000000,300,true,1.66
"DXG",142232,"/Date(1702538589000)/",18450,2000,12181200,228057000000,350,false,1.93
"DXG",142232,"/Date(1702538587000)/",18400,1900,12179200,228020000000,300,true,1.66
"DXG",142232,"/Date(1702538587000)/",18400,200,12177300,227985000000,300,true,1.66
"DXG",142232,"/Date(1702538587000)/",18400,100,12177100,227981000000,300,true,1.66
"DXG",142232,"/Date(1702538587000)/",18400,200,12177000,227980000000,300,true,1.66
"DXG",142232,"/Date(1702538587000)/",18400,500,12176800,227976000000,300,true,1.66
"DXG",142232,"/Date(1702538587000)/",18400,100,12176300,227967000000,300,true,1.66
"DXG",142232,"/Date(1702538587000)/",18400,1000,12176200,227965000000,300,true,1.66
"DXG",142232,"/Date(1702538587000)/",18400,100,12175200,227946000000,300,true,1.66
"DXG",142232,"/Date(1702538587000)/",18400,200,12175100,227945000000,300,true,1.66
"DXG",142232,"/Date(1702538587000)/",18400,100,12174900,227941000000,300,true,1.66
"DXG",142232,"/Date(1702538587000)/",18400,1000,12174800,227939000000,300,true,1.66
"DXG",142232,"/Date(1702538587000)/",18400,200,12173800,227921000000,300,true,1.66
"DXG",142232,"/Date(1702538587000)/",18400,200,12173600,227917000000,300,true,1.66
"DXG",142232,"/Date(1702538587000)/",18400,2000,12173400,227913000000,300,true,1.66
"DXG",142232,"/Date(1702538587000)/",18400,500,12171400,227876000000,300,true,1.66
"DXG",142232,"/Date(1702538587000)/",18400,100,12170900,227867000000,300,true,1.66
"DXG",142232,"/Date(1702538587000)/",18400,100,12170800,227865000000,300,true,1.66
"DXG",142232,"/Date(1702538587000)/",18400,200,12170700,227864000000,300,true,1.66
"DXG",142232,"/Date(1702538587000)/",18400,100,12170500,227860000000,300,true,1.66
"DXG",142232,"/Date(1702538587000)/",18400,1000,12170400,227858000000,300,true,1.66
"DXG",142232,"/Date(1702538587000)/",18400,500,12169400,227840000000,300,true,1.66
"DXG",142232,"/Date(1702538587000)/",18400,1000,12168900,227830000000,300,true,1.66
"DXG",142232,"/Date(1702538587000)/",18400,700,12167900,227812000000,300,true,1.66
"DXG",142232,"/Date(1702538587000)/",18400,8000,12167200,227799000000,300,true,1.66
"DXG",142226,"/Date(1702538580000)/",18450,1000,12159200,227652000000,350,false,1.93
"DXG",142216,"/Date(1702538570000)/",18400,2000,12158200,227634000000,300,true,1.66
"DXG",142210,"/Date(1702538566000)/",18450,5000,12156200,227597000000,350,false,1.93
"DXG",142206,"/Date(1702538562000)/",18400,600,12151200,227504000000,300,true,1.66
"DXG",142203,"/Date(1702538560000)/",18400,400,12150600,227493000000,300,true,1.66
"DXG",142203,"/Date(1702538560000)/",18400,200,12150200,227486000000,300,true,1.66
"DXG",142203,"/Date(1702538559000)/",18450,1000,12150000,227482000000,350,false,1.93
"DXG",142203,"/Date(1702538559000)/",18450,1000,12149000,227464000000,350,false,1.93
"DXG",142203,"/Date(1702538558000)/",18400,400,12148000,227446000000,300,true,1.66
"DXG",142203,"/Date(1702538558000)/",18400,100,12147600,227438000000,300,true,1.66
"DXG",142200,"/Date(1702538556000)/",18450,3000,12147500,227436000000,350,false,1.93
"DXG",142200,"/Date(1702538555000)/",18450,500,12144500,227381000000,350,false,1.93
"DXG",142157,"/Date(1702538552000)/",18450,6000,12144000,227372000000,350,false,1.93
"DXG",142154,"/Date(1702538550000)/",18450,500,12138000,227261000000,350,true,1.93
"DXG",142154,"/Date(1702538549000)/",18450,200,12137500,227252000000,350,true,1.93
"DXG",142154,"/Date(1702538548000)/",18450,5000,12137300,227248000000,350,true,1.93
"DXG",142154,"/Date(1702538548000)/",18400,100,12132300,227156000000,300,true,1.66
"DXG",142154,"/Date(1702538548000)/",18400,5900,12132200,227154000000,300,true,1.66
"DXG",142154,"/Date(1702538547000)/",18450,700,12126300,227045000000,350,true,1.93
"DXG",142154,"/Date(1702538547000)/",18450,900,12125600,227033000000,350,true,1.93
"DXG",142154,"/Date(1702538547000)/",18450,3500,12124700,227016000000,350,true,1.93
"DXG",142150,"/Date(1702538547000)/",18450,400,12121200,226951000000,350,false,1.93
"DXG",142150,"/Date(1702538544000)/",18450,100,12120800,226944000000,350,false,1.93
"DXG",142150,"/Date(1702538544000)/",18450,1000,12120700,226942000000,350,false,1.93
"DXG",142147,"/Date(1702538543000)/",18450,2000,12119700,226924000000,350,false,1.93
"DXG",142147,"/Date(1702538541000)/",18450,1000,12117700,226887000000,350,false,1.93
"DXG",142141,"/Date(1702538536000)/",18450,300,12116700,226868000000,350,false,1.93
"DXG",142141,"/Date(1702538536000)/",18450,100,12116400,226863000000,350,false,1.93
"DXG",142138,"/Date(1702538533000)/",18450,500,12116300,226861000000,350,false,1.93
"DXG",142134,"/Date(1702538530000)/",18400,1100,12115800,226852000000,300,true,1.66
"DXG",142134,"/Date(1702538529000)/",18500,500,12114700,226832000000,400,false,2.21
"DXG",142134,"/Date(1702538529000)/",18500,600,12114200,226822000000,400,false,2.21
"DXG",142134,"/Date(1702538529000)/",18450,1000,12113600,226811000000,350,false,1.93
"DXG",142134,"/Date(1702538529000)/",18450,5000,12112600,226793000000,350,false,1.93
"DXG",142134,"/Date(1702538529000)/",18450,2200,12107600,226700000000,350,false,1.93
"DXG",142134,"/Date(1702538529000)/",18450,17200,12105400,226660000000,350,false,1.93
"DXG",142131,"/Date(1702538526000)/",18450,1000,12088200,226343000000,350,false,1.93
"DXG",142131,"/Date(1702538525000)/",18400,900,12087200,226324000000,300,true,1.66
"DXG",142128,"/Date(1702538525000)/",18450,100,12086300,226308000000,350,false,1.93
"DXG",142128,"/Date(1702538524000)/",18450,500,12086200,226306000000,350,false,1.93
"DXG",142125,"/Date(1702538520000)/",18400,1000,12085700,226296000000,300,true,1.66
"DXG",142125,"/Date(1702538520000)/",18400,500,12084700,226278000000,300,true,1.66
"DXG",142125,"/Date(1702538519000)/",18450,1000,12084200,226269000000,350,false,1.93
"DXG",142122,"/Date(1702538518000)/",18450,100,12083200,226250000000,350,false,1.93
"DXG",142122,"/Date(1702538517000)/",18450,100,12083100,226249000000,350,false,1.93
"DXG",142122,"/Date(1702538517000)/",18450,100,12083000,226247000000,350,false,1.93
"DXG",142122,"/Date(1702538517000)/",18450,1000,12082900,226245000000,350,false,1.93
"DXG",142122,"/Date(1702538517000)/",18450,100,12081900,226226000000,350,false,1.93
"DXG",142122,"/Date(1702538517000)/",18450,100,12081800,226225000000,350,false,1.93
"DXG",142122,"/Date(1702538517000)/",18450,1000,12081700,226223000000,350,false,1.93
"DXG",142122,"/Date(1702538517000)/",18450,2600,12080700,226204000000,350,false,1.93
"DXG",142118,"/Date(1702538513000)/",18400,600,12078100,226156000000,300,true,1.66
"DXG",142118,"/Date(1702538513000)/",18400,300,12077500,226145000000,300,true,1.66
"DXG",142118,"/Date(1702538513000)/",18400,200,12077200,226140000000,300,true,1.66
"DXG",142118,"/Date(1702538513000)/",18400,900,12077000,226136000000,300,true,1.66
"DXG",142118,"/Date(1702538512000)/",18450,2400,12076100,226120000000,350,false,1.93
"DXG",142118,"/Date(1702538512000)/",18450,300,12073700,226075000000,350,false,1.93
"DXG",142115,"/Date(1702538511000)/",18400,100,12073400,226070000000,300,true,1.66
"DXG",142112,"/Date(1702538507000)/",18450,5000,12073300,226068000000,350,false,1.93
"DXG",142109,"/Date(1702538503000)/",18400,700,12068300,225976000000,300,true,1.66
"DXG",142109,"/Date(1702538503000)/",18400,1300,12067600,225963000000,300,true,1.66
"DXG",142109,"/Date(1702538503000)/",18400,100,12066300,225939000000,300,true,1.66
"DXG",142106,"/Date(1702538499000)/",18400,600,12066200,225937000000,300,true,1.66
"DXG",142106,"/Date(1702538499000)/",18400,2000,12065600,225926000000,300,true,1.66
"DXG",142106,"/Date(1702538499000)/",18400,500,12063600,225889000000,300,true,1.66
"DXG",142106,"/Date(1702538499000)/",18400,200,12063100,225880000000,300,true,1.66
"DXG",142106,"/Date(1702538499000)/",18400,700,12062900,225876000000,300,true,1.66
"DXG",142102,"/Date(1702538499000)/",18450,100,12062200,225863000000,350,false,1.93
"DXG",142056,"/Date(1702538491000)/",18400,500,12062100,225862000000,300,true,1.66
"DXG",142056,"/Date(1702538491000)/",18400,1000,12061600,225852000000,300,true,1.66
"DXG",142056,"/Date(1702538491000)/",18400,500,12060600,225834000000,300,true,1.66
"DXG",142053,"/Date(1702538488000)/",18450,100,12060100,225825000000,350,true,1.93
"DXG",142053,"/Date(1702538488000)/",18450,500,12060000,225823000000,350,true,1.93
"DXG",142053,"/Date(1702538487000)/",18450,2500,12059500,225814000000,350,true,1.93
"DXG",142053,"/Date(1702538487000)/",18450,200,12057000,225768000000,350,true,1.93
"DXG",142053,"/Date(1702538487000)/",18450,100,12056800,225764000000,350,true,1.93
"DXG",142053,"/Date(1702538487000)/",18450,100,12056700,225762000000,350,true,1.93
"DXG",142053,"/Date(1702538487000)/",18450,100,12056600,225760000000,350,true,1.93
"DXG",142053,"/Date(1702538487000)/",18450,1000,12056500,225758000000,350,true,1.93
"DXG",142053,"/Date(1702538487000)/",18450,2000,12055500,225740000000,350,true,1.93
"DXG",142053,"/Date(1702538487000)/",18450,100,12053500,225703000000,350,true,1.93
"DXG",142053,"/Date(1702538487000)/",18450,100,12053400,225701000000,350,true,1.93
"DXG",142053,"/Date(1702538487000)/",18450,1000,12053300,225699000000,350,true,1.93
"DXG",142053,"/Date(1702538487000)/",18450,1500,12052300,225681000000,350,true,1.93
"DXG",142053,"/Date(1702538487000)/",18450,2000,12050800,225653000000,350,true,1.93
"DXG",142053,"/Date(1702538487000)/",18450,100,12048800,225616000000,350,true,1.93
"DXG",142053,"/Date(1702538487000)/",18450,100,12048700,225614000000,350,true,1.93
"DXG",142053,"/Date(1702538487000)/",18450,500,12048600,225613000000,350,true,1.93
"DXG",142053,"/Date(1702538487000)/",18450,1000,12048100,225603000000,350,true,1.93
"DXG",142049,"/Date(1702538483000)/",18450,100,12047100,225585000000,350,true,1.93
"DXG",142046,"/Date(1702538482000)/",18500,100,12047000,225583000000,400,false,2.21
"DXG",142046,"/Date(1702538482000)/",18450,100,12046900,225581000000,350,true,1.93
"DXG",142043,"/Date(1702538477000)/",18450,500,12046800,225579000000,350,true,1.93
"DXG",142043,"/Date(1702538477000)/",18450,500,12046300,225570000000,350,true,1.93
"DXG",142043,"/Date(1702538477000)/",18450,1500,12045800,225561000000,350,true,1.93
"DXG",142043,"/Date(1702538477000)/",18450,100,12044300,225533000000,350,true,1.93
"DXG",142043,"/Date(1702538477000)/",18450,100,12044200,225531000000,350,true,1.93
"DXG",142043,"/Date(1702538477000)/",18450,100,12044100,225530000000,350,true,1.93
"DXG",142043,"/Date(1702538477000)/",18450,200,12044000,225528000000,350,true,1.93
"DXG",142043,"/Date(1702538477000)/",18450,500,12043800,225524000000,350,true,1.93
"DXG",142043,"/Date(1702538477000)/",18450,1000,12043300,225515000000,350,true,1.93
"DXG",142043,"/Date(1702538477000)/",18450,100,12042300,225496000000,350,true,1.93
"DXG",142043,"/Date(1702538477000)/",18450,300,12042200,225494000000,350,true,1.93
"DXG",142043,"/Date(1702538477000)/",18450,100,12041900,225489000000,350,true,1.93
"DXG",142040,"/Date(1702538476000)/",18450,200,12041800,225487000000,350,true,1.93
"DXG",142040,"/Date(1702538476000)/",18450,200,12041600,225483000000,350,true,1.93
"DXG",142040,"/Date(1702538476000)/",18450,100,12041400,225480000000,350,true,1.93
"DXG",142040,"/Date(1702538476000)/",18450,200,12041300,225478000000,350,true,1.93
"DXG",142040,"/Date(1702538476000)/",18450,300,12041100,225474000000,350,true,1.93
"DXG",142040,"/Date(1702538476000)/",18450,1700,12040800,225469000000,350,true,1.93
"DXG",142040,"/Date(1702538476000)/",18450,100,12039100,225437000000,350,true,1.93
"DXG",142040,"/Date(1702538476000)/",18450,500,12039000,225435000000,350,true,1.93
"DXG",142040,"/Date(1702538476000)/",18450,100,12038500,225426000000,350,true,1.93
"DXG",142040,"/Date(1702538476000)/",18450,800,12038400,225424000000,350,true,1.93
"DXG",142040,"/Date(1702538476000)/",18450,100,12037600,225410000000,350,true,1.93
"DXG",142040,"/Date(1702538475000)/",18500,100,12037500,225408000000,400,false,2.21
"DXG",142040,"/Date(1702538475000)/",18450,1000,12037400,225406000000,350,true,1.93
"DXG",142040,"/Date(1702538473000)/",18450,1000,12036400,225387000000,350,true,1.93
"DXG",142037,"/Date(1702538473000)/",18450,2000,12035400,225369000000,350,true,1.93
"DXG",142033,"/Date(1702538469000)/",18450,800,12033400,225332000000,350,true,1.93
"DXG",142030,"/Date(1702538467000)/",18450,4300,12032600,225317000000,350,true,1.93
"DXG",142030,"/Date(1702538467000)/",18450,500,12028300,225238000000,350,true,1.93
"DXG",142030,"/Date(1702538467000)/",18450,200,12027800,225229000000,350,true,1.93
"DXG",142027,"/Date(1702538463000)/",18450,1000,12027600,225225000000,350,true,1.93
"DXG",142027,"/Date(1702538461000)/",18500,100,12026600,225207000000,400,false,2.21
"DXG",142017,"/Date(1702538454000)/",18450,300,12026500,225205000000,350,true,1.93
"DXG",142017,"/Date(1702538454000)/",18450,200,12026200,225199000000,350,true,1.93
"DXG",142017,"/Date(1702538454000)/",18450,200,12026000,225196000000,350,true,1.93
"DXG",142017,"/Date(1702538454000)/",18450,200,12025800,225192000000,350,true,1.93
"DXG",142017,"/Date(1702538454000)/",18450,500,12025600,225188000000,350,true,1.93
"DXG",142017,"/Date(1702538454000)/",18450,100,12025100,225179000000,350,true,1.93
"DXG",142017,"/Date(1702538454000)/",18450,100,12025000,225177000000,350,true,1.93
"DXG",142017,"/Date(1702538454000)/",18450,400,12024900,225175000000,350,true,1.93
"DXG",142014,"/Date(1702538448000)/",18450,1600,12024500,225168000000,350,true,1.93
"DXG",142014,"/Date(1702538448000)/",18450,500,12022900,225138000000,350,true,1.93
"DXG",142014,"/Date(1702538448000)/",18450,1000,12022400,225129000000,350,true,1.93
"DXG",142014,"/Date(1702538448000)/",18450,400,12021400,225111000000,350,true,1.93
"DXG",142008,"/Date(1702538442000)/",18500,1000,12021000,225103000000,400,true,2.21
"DXG",142008,"/Date(1702538442000)/",18500,1500,12020000,225085000000,400,true,2.21
"DXG",142008,"/Date(1702538442000)/",18500,1000,12018500,225057000000,400,true,2.21
"DXG",142008,"/Date(1702538442000)/",18500,600,12017500,225039000000,400,true,2.21
"DXG",142008,"/Date(1702538442000)/",18500,400,12016900,225027000000,400,true,2.21
"DXG",142008,"/Date(1702538442000)/",18500,200,12016500,225020000000,400,true,2.21
"DXG",142008,"/Date(1702538442000)/",18500,100,12016300,225016000000,400,true,2.21
"DXG",142008,"/Date(1702538442000)/",18500,300,12016200,225015000000,400,true,2.21
"DXG",142005,"/Date(1702538440000)/",18500,300,12015900,225009000000,400,true,2.21
"DXG",142005,"/Date(1702538440000)/",18500,400,12015600,225003000000,400,true,2.21
"DXG",142005,"/Date(1702538440000)/",18500,100,12015200,224996000000,400,true,2.21
"DXG",142005,"/Date(1702538440000)/",18500,400,12015100,224994000000,400,true,2.21
"DXG",142005,"/Date(1702538440000)/",18500,1000,12014700,224987000000,400,true,2.21
"DXG",142005,"/Date(1702538440000)/",18500,100,12013700,224968000000,400,true,2.21
"DXG",142005,"/Date(1702538440000)/",18500,1000,12013600,224966000000,400,true,2.21
"DXG",142005,"/Date(1702538440000)/",18500,100,12012600,224948000000,400,true,2.21
"DXG",142005,"/Date(1702538440000)/",18500,100,12012500,224946000000,400,true,2.21
"DXG",142005,"/Date(1702538440000)/",18500,800,12012400,224944000000,400,true,2.21
"DXG",142005,"/Date(1702538440000)/",18500,1200,12011600,224929000000,400,true,2.21
"DXG",142005,"/Date(1702538440000)/",18500,1300,12010400,224907000000,400,true,2.21
"DXG",142005,"/Date(1702538440000)/",18500,1000,12009100,224883000000,400,true,2.21
"DXG",142005,"/Date(1702538440000)/",18500,2000,12008100,224865000000,400,true,2.21
"DXG",142005,"/Date(1702538440000)/",18500,300,12006100,224828000000,400,true,2.21
"DXG",142005,"/Date(1702538440000)/",18500,1000,12005800,224822000000,400,true,2.21
"DXG",142005,"/Date(1702538440000)/",18500,2900,12004800,224804000000,400,true,2.21
"DXG",142005,"/Date(1702538440000)/",18500,1000,12001900,224750000000,400,true,2.21
"DXG",142005,"/Date(1702538440000)/",18500,1000,12000900,224731000000,400,true,2.21
"DXG",142005,"/Date(1702538440000)/",18500,1000,11999900,224713000000,400,true,2.21
"DXG",142005,"/Date(1702538440000)/",18500,100,11998900,224694000000,400,true,2.21
"DXG",142005,"/Date(1702538440000)/",18500,500,11998800,224693000000,400,true,2.21
"DXG",142005,"/Date(1702538440000)/",18500,2000,11998300,224683000000,400,true,2.21
"DXG",142005,"/Date(1702538440000)/",18500,1000,11996300,224646000000,400,true,2.21
"DXG",142005,"/Date(1702538440000)/",18500,400,11995300,224628000000,400,true,2.21
"DXG",142005,"/Date(1702538440000)/",18500,400,11994900,224620000000,400,true,2.21
"DXG",142005,"/Date(1702538440000)/",18500,4000,11994500,224613000000,400,true,2.21
"DXG",142005,"/Date(1702538440000)/",18500,8900,11990500,224539000000,400,true,2.21
"DXG",142005,"/Date(1702538440000)/",18500,100,11981600,224374000000,400,true,2.21
"DXG",142005,"/Date(1702538440000)/",18500,2000,11981500,224373000000,400,true,2.21
"DXG",142005,"/Date(1702538440000)/",18500,100,11979500,224336000000,400,true,2.21
"DXG",142005,"/Date(1702538440000)/",18500,2800,11979400,224334000000,400,true,2.21
"DXG",142005,"/Date(1702538439000)/",18500,100,11976600,224282000000,400,true,2.21
"DXG",142005,"/Date(1702538439000)/",18500,1100,11976500,224280000000,400,true,2.21
"DXG",142005,"/Date(1702538439000)/",18500,100,11975400,224260000000,400,true,2.21
"DXG",142005,"/Date(1702538439000)/",18500,500,11975300,224258000000,400,true,2.21
"DXG",142005,"/Date(1702538439000)/",18500,200,11974800,224249000000,400,true,2.21
"DXG",142005,"/Date(1702538439000)/",18500,300,11974600,224245000000,400,true,2.21
"DXG",142005,"/Date(1702538439000)/",18500,400,11974300,224239000000,400,true,2.21
"DXG",142005,"/Date(1702538439000)/",18500,100,11973900,224232000000,400,true,2.21
"DXG",142005,"/Date(1702538439000)/",18500,300,11973800,224230000000,400,true,2.21
"DXG",142005,"/Date(1702538439000)/",18500,1000,11973500,224225000000,400,true,2.21
"DXG",142005,"/Date(1702538439000)/",18500,1000,11972500,224206000000,400,true,2.21
"DXG",142005,"/Date(1702538439000)/",18500,200,11971500,224188000000,400,true,2.21
"DXG",142005,"/Date(1702538439000)/",18500,200,11971300,224184000000,400,true,2.21
"DXG",142005,"/Date(1702538439000)/",18500,200,11971100,224180000000,400,true,2.21
"DXG",142005,"/Date(1702538439000)/",18500,100,11970900,224176000000,400,true,2.21
"DXG",142005,"/Date(1702538439000)/",18500,300,11970800,224175000000,400,true,2.21
"DXG",142005,"/Date(1702538439000)/",18500,100,11970500,224169000000,400,true,2.21
"DXG",142005,"/Date(1702538439000)/",18500,1000,11970400,224167000000,400,true,2.21
"DXG",142005,"/Date(1702538439000)/",18500,100,11969400,224149000000,400,true,2.21
"DXG",142005,"/Date(1702538439000)/",18500,200,11969300,224147000000,400,true,2.21
"DXG",142005,"/Date(1702538439000)/",18500,1000,11969100,224143000000,400,true,2.21
"DXG",142005,"/Date(1702538439000)/",18500,1000,11968100,224125000000,400,true,2.21
"DXG",142005,"/Date(1702538439000)/",18500,200,11967100,224106000000,400,true,2.21
"DXG",142005,"/Date(1702538439000)/",18500,100,11966900,224102000000,400,true,2.21
"DXG",142005,"/Date(1702538439000)/",18500,500,11966800,224101000000,400,true,2.21
"DXG",142005,"/Date(1702538439000)/",18500,100,11966300,224091000000,400,true,2.21
"DXG",142005,"/Date(1702538439000)/",18500,500,11966200,224090000000,400,true,2.21
"DXG",142005,"/Date(1702538439000)/",18500,3500,11965700,224080000000,400,true,2.21
"DXG",142005,"/Date(1702538439000)/",18500,100,11962200,224016000000,400,true,2.21
"DXG",142005,"/Date(1702538439000)/",18500,500,11962100,224014000000,400,true,2.21
"DXG",142005,"/Date(1702538439000)/",18500,100,11961600,224004000000,400,true,2.21
"DXG",142005,"/Date(1702538439000)/",18500,1000,11961500,224003000000,400,true,2.21
"DXG",142005,"/Date(1702538439000)/",18500,200,11960500,223984000000,400,true,2.21
"DXG",142005,"/Date(1702538439000)/",18500,300,11960300,223980000000,400,true,2.21
"DXG",142005,"/Date(1702538439000)/",18500,200,11960000,223975000000,400,true,2.21
"DXG",142005,"/Date(1702538439000)/",18500,100,11959800,223971000000,400,true,2.21
"DXG",142005,"/Date(1702538439000)/",18500,200,11959700,223969000000,400,true,2.21
"DXG",142005,"/Date(1702538439000)/",18500,200,11959500,223966000000,400,true,2.21
"DXG",142005,"/Date(1702538438000)/",18500,1800,11959300,223962000000,400,true,2.21
"DXG",142005,"/Date(1702538438000)/",18500,200,11957500,223929000000,400,true,2.21
"DXG",142001,"/Date(1702538438000)/",18500,300,11957300,223925000000,400,true,2.21
"DXG",142001,"/Date(1702538438000)/",18500,2000,11957000,223919000000,400,true,2.21
"DXG",142001,"/Date(1702538438000)/",18500,200,11955000,223882000000,400,true,2.21
"DXG",142001,"/Date(1702538438000)/",18500,500,11954800,223879000000,400,true,2.21
"DXG",142001,"/Date(1702538438000)/",18500,2000,11954300,223869000000,400,true,2.21
"DXG",142001,"/Date(1702538438000)/",18500,1000,11952300,223832000000,400,true,2.21
"DXG",142001,"/Date(1702538437000)/",18500,1000,11951300,223814000000,400,true,2.21
"DXG",142001,"/Date(1702538437000)/",18500,2000,11950300,223795000000,400,true,2.21
"DXG",142001,"/Date(1702538437000)/",18500,1500,11948300,223758000000,400,true,2.21
"DXG",142001,"/Date(1702538437000)/",18500,500,11946800,223731000000,400,true,2.21
"DXG",142001,"/Date(1702538437000)/",18500,100,11946300,223721000000,400,true,2.21
"DXG",142001,"/Date(1702538436000)/",18500,400,11946200,223720000000,400,true,2.21
"DXG",142001,"/Date(1702538436000)/",18500,200,11945800,223712000000,400,true,2.21
"DXG",142001,"/Date(1702538436000)/",18500,500,11945600,223708000000,400,true,2.21
"DXG",142001,"/Date(1702538436000)/",18500,200,11945100,223699000000,400,true,2.21
"DXG",142001,"/Date(1702538436000)/",18500,500,11944900,223695000000,400,true,2.21
"DXG",142001,"/Date(1702538436000)/",18500,200,11944400,223686000000,400,true,2.21
"DXG",142001,"/Date(1702538436000)/",18500,2000,11944200,223683000000,400,true,2.21
"DXG",142001,"/Date(1702538435000)/",18500,300,11942200,223646000000,400,true,2.21
"DXG",142001,"/Date(1702538435000)/",18500,100,11941900,223640000000,400,true,2.21
"DXG",142001,"/Date(1702538435000)/",18500,1000,11941800,223638000000,400,true,2.21
"DXG",142001,"/Date(1702538435000)/",18500,2000,11940800,223620000000,400,true,2.21
"DXG",142001,"/Date(1702538435000)/",18500,200,11938800,223583000000,400,true,2.21
"DXG",142001,"/Date(1702538435000)/",18500,2000,11938600,223579000000,400,true,2.21
"DXG",142001,"/Date(1702538435000)/",18500,1000,11936600,223542000000,400,true,2.21
"DXG",142001,"/Date(1702538435000)/",18500,100,11935600,223523000000,400,true,2.21
"DXG",142001,"/Date(1702538435000)/",18500,200,11935500,223522000000,400,true,2.21
"DXG",142001,"/Date(1702538435000)/",18500,100,11935300,223518000000,400,true,2.21
"DXG",142001,"/Date(1702538435000)/",18500,300,11935200,223516000000,400,true,2.21
"DXG",142001,"/Date(1702538435000)/",18500,100,11934900,223510000000,400,true,2.21
"DXG",142001,"/Date(1702538435000)/",18500,200,11934800,223509000000,400,true,2.21
"DXG",142001,"/Date(1702538435000)/",18500,300,11934600,223505000000,400,true,2.21
"DXG",142001,"/Date(1702538435000)/",18500,200,11934300,223499000000,400,true,2.21
"DXG",142001,"/Date(1702538435000)/",18500,1700,11934100,223496000000,400,true,2.21
"DXG",142001,"/Date(1702538435000)/",18500,100,11932400,223464000000,400,true,2.21
"DXG",142001,"/Date(1702538435000)/",18500,2000,11932300,223462000000,400,true,2.21
"DXG",142001,"/Date(1702538435000)/",18500,100,11930300,223425000000,400,true,2.21
"DXG",142001,"/Date(1702538435000)/",18500,4700,11930200,223424000000,400,true,2.21
"DXG",142001,"/Date(1702538435000)/",18500,5000,11925500,223337000000,400,true,2.21
"DXG",142001,"/Date(1702538435000)/",18500,300,11920500,223244000000,400,true,2.21
"DXG",142001,"/Date(1702538435000)/",18500,1000,11920200,223239000000,400,true,2.21
"DXG",142001,"/Date(1702538435000)/",18500,300,11919200,223220000000,400,true,2.21
"DXG",142001,"/Date(1702538435000)/",18500,800,11918900,223214000000,400,true,2.21
"DXG",142001,"/Date(1702538435000)/",18500,500,11918100,223200000000,400,true,2.21
"DXG",142001,"/Date(1702538435000)/",18500,500,11917600,223190000000,400,true,2.21
"DXG",142001,"/Date(1702538435000)/",18500,500,11917100,223181000000,400,true,2.21
"DXG",142001,"/Date(1702538435000)/",18500,100,11916600,223172000000,400,true,2.21
"DXG",142001,"/Date(1702538435000)/",18500,100,11916500,223170000000,400,true,2.21
"DXG",142001,"/Date(1702538435000)/",18500,100,11916400,223168000000,400,true,2.21
"DXG",142001,"/Date(1702538435000)/",18500,500,11916300,223166000000,400,true,2.21
"DXG",142001,"/Date(1702538435000)/",18500,1000,11915800,223157000000,400,true,2.21
"DXG",142001,"/Date(1702538435000)/",18500,300,11914800,223139000000,400,true,2.21
"DXG",142001,"/Date(1702538435000)/",18500,2300,11914500,223133000000,400,true,2.21
"DXG",142001,"/Date(1702538435000)/",18500,700,11912200,223091000000,400,true,2.21
"DXG",142001,"/Date(1702538435000)/",18500,100,11911500,223078000000,400,true,2.21
"DXG",142001,"/Date(1702538435000)/",18500,2000,11911400,223076000000,400,true,2.21
"DXG",142001,"/Date(1702538435000)/",18500,1000,11909400,223039000000,400,true,2.21
"DXG",142001,"/Date(1702538435000)/",18500,2200,11908400,223020000000,400,true,2.21
"DXG",141958,"/Date(1702538434000)/",18500,100,11906200,222980000000,400,true,2.21
"DXG",141958,"/Date(1702538434000)/",18500,100,11906100,222978000000,400,true,2.21
"DXG",141958,"/Date(1702538434000)/",18500,200,11906000,222976000000,400,true,2.21
"DXG",141958,"/Date(1702538434000)/",18500,200,11905800,222972000000,400,true,2.21
"DXG",141958,"/Date(1702538434000)/",18500,400,11905600,222968000000,400,true,2.21
"DXG",141958,"/Date(1702538434000)/",18500,600,11905200,222961000000,400,true,2.21
"DXG",141958,"/Date(1702538434000)/",18500,100,11904600,222950000000,400,true,2.21
"DXG",141958,"/Date(1702538434000)/",18500,100,11904500,222948000000,400,true,2.21
"DXG",141958,"/Date(1702538434000)/",18500,200,11904400,222946000000,400,true,2.21
"DXG",141958,"/Date(1702538434000)/",18500,1700,11904200,222943000000,400,true,2.21
"DXG",141958,"/Date(1702538434000)/",18500,1000,11902500,222911000000,400,true,2.21
"DXG",141958,"/Date(1702538433000)/",18500,1200,11901500,222893000000,400,true,2.21
"DXG",141958,"/Date(1702538432000)/",18500,2100,11900300,222870000000,400,true,2.21
"DXG",141958,"/Date(1702538432000)/",18500,100,11898200,222832000000,400,true,2.21
"DXG",141958,"/Date(1702538432000)/",18500,500,11898100,222830000000,400,true,2.21
"DXG",141958,"/Date(1702538432000)/",18500,1400,11897600,222820000000,400,true,2.21
"DXG",141958,"/Date(1702538432000)/",18500,2600,11896200,222795000000,400,true,2.21
"DXG",141958,"/Date(1702538432000)/",18500,2400,11893600,222746000000,400,true,2.21
"DXG",141955,"/Date(1702538431000)/",18500,100,11891200,222702000000,400,true,2.21
"DXG",141955,"/Date(1702538431000)/",18500,1500,11891100,222700000000,400,true,2.21
"DXG",141955,"/Date(1702538431000)/",18500,500,11889600,222672000000,400,true,2.21
"DXG",141955,"/Date(1702538431000)/",18500,100,11889100,222663000000,400,true,2.21
"DXG",141955,"/Date(1702538431000)/",18500,300,11889000,222661000000,400,true,2.21
"DXG",141955,"/Date(1702538431000)/",18500,500,11888700,222656000000,400,true,2.21
"DXG",141955,"/Date(1702538431000)/",18500,2100,11888200,222647000000,400,true,2.21
"DXG",141955,"/Date(1702538430000)/",18500,3000,11886100,222608000000,400,true,2.21
"DXG",141955,"/Date(1702538430000)/",18500,10000,11883100,222552000000,400,true,2.21
"DXG",141955,"/Date(1702538429000)/",18500,2000,11873100,222367000000,400,true,2.21
"DXG",141952,"/Date(1702538427000)/",18500,100,11871100,222330000000,400,true,2.21
"DXG",141952,"/Date(1702538426000)/",18500,1000,11871000,222328000000,400,true,2.21
"DXG",141952,"/Date(1702538425000)/",18500,1800,11870000,222310000000,400,true,2.21
"DXG",141952,"/Date(1702538425000)/",18500,200,11868200,222277000000,400,true,2.21
"DXG",141949,"/Date(1702538425000)/",18500,1000,11868000,222273000000,400,true,2.21
"DXG",141949,"/Date(1702538422000)/",18500,1800,11867000,222254000000,400,true,2.21
"DXG",141949,"/Date(1702538422000)/",18500,1200,11865200,222221000000,400,true,2.21
"DXG",141949,"/Date(1702538422000)/",18500,8800,11864000,222199000000,400,true,2.21
"DXG",141949,"/Date(1702538422000)/",18500,3000,11855200,222036000000,400,true,2.21
"DXG",141949,"/Date(1702538422000)/",18500,800,11852200,221981000000,400,true,2.21
"DXG",141949,"/Date(1702538422000)/",18500,2000,11851400,221966000000,400,true,2.21
"DXG",141949,"/Date(1702538422000)/",18500,500,11849400,221929000000,400,true,2.21
"DXG",141949,"/Date(1702538422000)/",18500,800,11848900,221919000000,400,true,2.21
"DXG",141949,"/Date(1702538422000)/",18500,100,11848100,221905000000,400,true,2.21
"DXG",141949,"/Date(1702538422000)/",18500,500,11848000,221903000000,400,true,2.21
"DXG",141945,"/Date(1702538422000)/",18500,500,11847500,221894000000,400,true,2.21
"DXG",141945,"/Date(1702538422000)/",18500,1000,11847000,221884000000,400,true,2.21
"DXG",141945,"/Date(1702538422000)/",18500,1400,11846000,221866000000,400,true,2.21
"DXG",141945,"/Date(1702538420000)/",18500,500,11844600,221840000000,400,true,2.21
"DXG",141945,"/Date(1702538419000)/",18500,2000,11844100,221831000000,400,true,2.21
"DXG",141942,"/Date(1702538416000)/",18500,1000,11842100,221794000000,400,true,2.21
"DXG",141939,"/Date(1702538415000)/",18500,100,11841100,221775000000,400,true,2.21
"DXG",141939,"/Date(1702538415000)/",18500,100,11841000,221773000000,400,true,2.21
"DXG",141939,"/Date(1702538413000)/",18500,400,11840900,221771000000,400,true,2.21
"DXG",141939,"/Date(1702538413000)/",18500,100,11840500,221764000000,400,true,2.21
"DXG",141939,"/Date(1702538413000)/",18500,100,11840400,221762000000,400,true,2.21
"DXG",141939,"/Date(1702538413000)/",18500,100,11840300,221760000000,400,true,2.21
"DXG",141939,"/Date(1702538413000)/",18500,100,11840200,221759000000,400,true,2.21
"DXG",141939,"/Date(1702538413000)/",18500,2000,11840100,221757000000,400,true,2.21
"DXG",141939,"/Date(1702538413000)/",18500,500,11838100,221720000000,400,true,2.21
"DXG",141939,"/Date(1702538413000)/",18500,200,11837600,221710000000,400,true,2.21
"DXG",141939,"/Date(1702538413000)/",18500,5000,11837400,221707000000,400,true,2.21
"DXG",141939,"/Date(1702538413000)/",18500,1000,11832400,221614000000,400,true,2.21
"DXG",141939,"/Date(1702538413000)/",18500,100,11831400,221596000000,400,true,2.21
"DXG",141939,"/Date(1702538413000)/",18500,100,11831300,221594000000,400,true,2.21
"DXG",141939,"/Date(1702538413000)/",18500,2000,11831200,221592000000,400,true,2.21
"DXG",141939,"/Date(1702538413000)/",18500,500,11829200,221555000000,400,true,2.21
"DXG",141939,"/Date(1702538413000)/",18500,200,11828700,221546000000,400,true,2.21
"DXG",141939,"/Date(1702538413000)/",18500,2000,11828500,221542000000,400,true,2.21
"DXG",141939,"/Date(1702538413000)/",18500,1000,11826500,221505000000,400,true,2.21
"DXG",141939,"/Date(1702538413000)/",18500,200,11825500,221487000000,400,true,2.21
"DXG",141939,"/Date(1702538413000)/",18500,500,11825300,221483000000,400,true,2.21
"DXG",141939,"/Date(1702538413000)/",18500,100,11824800,221474000000,400,true,2.21
"DXG",141939,"/Date(1702538413000)/",18500,100,11824700,221472000000,400,true,2.21
"DXG",141939,"/Date(1702538413000)/",18500,500,11824600,221470000000,400,true,2.21
"DXG",141939,"/Date(1702538413000)/",18500,100,11824100,221461000000,400,true,2.21
"DXG",141939,"/Date(1702538413000)/",18500,1000,11824000,221459000000,400,true,2.21
"DXG",141939,"/Date(1702538413000)/",18500,500,11823000,221440000000,400,true,2.21
"DXG",141939,"/Date(1702538413000)/",18500,1500,11822500,221431000000,400,true,2.21
"DXG",141939,"/Date(1702538413000)/",18500,100,11821000,221403000000,400,true,2.21
"DXG",141939,"/Date(1702538413000)/",18500,100,11820900,221401000000,400,true,2.21
"DXG",141939,"/Date(1702538413000)/",18500,100,11820800,221400000000,400,true,2.21
"DXG",141939,"/Date(1702538413000)/",18500,1000,11820700,221398000000,400,true,2.21
"DXG",141939,"/Date(1702538413000)/",18500,100,11819700,221379000000,400,true,2.21
"DXG",141939,"/Date(1702538413000)/",18500,1700,11819600,221377000000,400,true,2.21
"DXG",141939,"/Date(1702538413000)/",18500,200,11817900,221346000000,400,true,2.21
"DXG",141939,"/Date(1702538413000)/",18500,200,11817700,221342000000,400,true,2.21
"DXG",141939,"/Date(1702538413000)/",18500,300,11817500,221339000000,400,true,2.21
"DXG",141939,"/Date(1702538413000)/",18500,100,11817200,221333000000,400,true,2.21
"DXG",141939,"/Date(1702538413000)/",18500,100,11817100,221331000000,400,true,2.21
"DXG",141939,"/Date(1702538413000)/",18500,100,11817000,221329000000,400,true,2.21
"DXG",141939,"/Date(1702538413000)/",18500,5800,11816900,221327000000,400,true,2.21
"DXG",141939,"/Date(1702538413000)/",18500,2000,11811100,221220000000,400,true,2.21
"DXG",141939,"/Date(1702538413000)/",18500,200,11809100,221183000000,400,true,2.21
"DXG",141939,"/Date(1702538413000)/",18500,1000,11808900,221179000000,400,true,2.21
"DXG",141939,"/Date(1702538413000)/",18500,10000,11807900,221161000000,400,true,2.21
"DXG",141939,"/Date(1702538413000)/",18500,100,11797900,220976000000,400,true,2.21
"DXG",141939,"/Date(1702538413000)/",18500,100,11797800,220974000000,400,true,2.21
"DXG",141939,"/Date(1702538413000)/",18500,200,11797700,220972000000,400,true,2.21
"DXG",141939,"/Date(1702538413000)/",18500,400,11797500,220969000000,400,true,2.21
"DXG",141939,"/Date(1702538413000)/",18500,100,11797100,220961000000,400,true,2.21
"DXG",141939,"/Date(1702538413000)/",18500,500,11797000,220959000000,400,true,2.21
"DXG",141939,"/Date(1702538413000)/",18500,500,11796500,220950000000,400,true,2.21
"DXG",141939,"/Date(1702538413000)/",18500,500,11796000,220941000000,400,true,2.21
"DXG",141939,"/Date(1702538413000)/",18500,500,11795500,220932000000,400,true,2.21
"DXG",141939,"/Date(1702538413000)/",18500,100,11795000,220922000000,400,true,2.21
"DXG",141939,"/Date(1702538413000)/",18500,2000,11794900,220920000000,400,true,2.21
"DXG",141939,"/Date(1702538413000)/",18500,100,11792900,220883000000,400,true,2.21
"DXG",141939,"/Date(1702538413000)/",18500,200,11792800,220882000000,400,true,2.21
"DXG",141939,"/Date(1702538413000)/",18500,100,11792600,220878000000,400,true,2.21
"DXG",141939,"/Date(1702538413000)/",18500,2000,11792500,220876000000,400,true,2.21
"DXG",141939,"/Date(1702538413000)/",18500,100,11790500,220839000000,400,true,2.21
"DXG",141939,"/Date(1702538413000)/",18500,500,11790400,220837000000,400,true,2.21
"DXG",141939,"/Date(1702538413000)/",18500,100,11789900,220828000000,400,true,2.21
"DXG",141939,"/Date(1702538413000)/",18500,1000,11789800,220826000000,400,true,2.21
"DXG",141939,"/Date(1702538413000)/",18500,100,11788800,220808000000,400,true,2.21
"DXG",141936,"/Date(1702538412000)/",18500,600,11788700,220806000000,400,true,2.21
"DXG",141936,"/Date(1702538412000)/",18500,100,11788100,220795000000,400,true,2.21
"DXG",141936,"/Date(1702538412000)/",18500,300,11788000,220793000000,400,true,2.21
"DXG",141936,"/Date(1702538412000)/",18500,1700,11787700,220787000000,400,true,2.21
"DXG",141936,"/Date(1702538412000)/",18500,1000,11786000,220756000000,400,true,2.21
"DXG",141936,"/Date(1702538412000)/",18500,5000,11785000,220737000000,400,true,2.21
"DXG",141936,"/Date(1702538412000)/",18500,200,11780000,220645000000,400,true,2.21
"DXG",141936,"/Date(1702538412000)/",18500,100,11779800,220641000000,400,true,2.21
"DXG",141936,"/Date(1702538412000)/",18500,1000,11779700,220639000000,400,true,2.21
"DXG",141936,"/Date(1702538412000)/",18500,500,11778700,220621000000,400,true,2.21
"DXG",141936,"/Date(1702538412000)/",18500,500,11778200,220612000000,400,true,2.21
"DXG",141936,"/Date(1702538411000)/",18500,500,11777700,220602000000,400,true,2.21
"DXG",141936,"/Date(1702538411000)/",18500,800,11777200,220593000000,400,true,2.21
"DXG",141936,"/Date(1702538411000)/",18500,5000,11776400,220578000000,400,true,2.21
"DXG",141936,"/Date(1702538411000)/",18500,100,11771400,220486000000,400,true,2.21
"DXG",141936,"/Date(1702538410000)/",18500,2100,11771300,220484000000,400,true,2.21
"DXG",141933,"/Date(1702538409000)/",18500,2000,11769200,220445000000,400,true,2.21
"DXG",141933,"/Date(1702538409000)/",18500,100,11767200,220408000000,400,true,2.21
"DXG",141933,"/Date(1702538409000)/",18500,300,11767100,220406000000,400,true,2.21
"DXG",141933,"/Date(1702538409000)/",18500,1600,11766800,220401000000,400,true,2.21
"DXG",141933,"/Date(1702538406000)/",18500,400,11765200,220371000000,400,true,2.21
"DXG",141933,"/Date(1702538406000)/",18500,100,11764800,220364000000,400,true,2.21
"DXG",141933,"/Date(1702538406000)/",18500,500,11764700,220362000000,400,true,2.21
"DXG",141933,"/Date(1702538406000)/",18500,100,11764200,220353000000,400,true,2.21
"DXG",141933,"/Date(1702538406000)/",18500,500,11764100,220351000000,400,true,2.21
"DXG",141933,"/Date(1702538406000)/",18500,2700,11763600,220341000000,400,true,2.21
"DXG",141933,"/Date(1702538406000)/",18500,200,11760900,220291000000,400,true,2.21
"DXG",141933,"/Date(1702538406000)/",18500,200,11760700,220288000000,400,true,2.21
"DXG",141933,"/Date(1702538406000)/",18500,200,11760500,220284000000,400,true,2.21
"DXG",141933,"/Date(1702538406000)/",18500,1000,11760300,220280000000,400,true,2.21
"DXG",141933,"/Date(1702538406000)/",18500,100,11759300,220262000000,400,true,2.21
"DXG",141933,"/Date(1702538406000)/",18500,500,11759200,220260000000,400,true,2.21
"DXG",141933,"/Date(1702538406000)/",18500,100,11758700,220251000000,400,true,2.21
"DXG",141933,"/Date(1702538406000)/",18500,20000,11758600,220249000000,400,true,2.21
"DXG",141933,"/Date(1702538406000)/",18500,400,11738600,219879000000,400,true,2.21
"DXG",141933,"/Date(1702538406000)/",18500,100,11738200,219872000000,400,true,2.21
"DXG",141933,"/Date(1702538406000)/",18500,100,11738100,219870000000,400,true,2.21
"DXG",141933,"/Date(1702538406000)/",18500,2000,11738000,219868000000,400,true,2.21
"DXG",141933,"/Date(1702538406000)/",18500,1000,11736000,219831000000,400,true,2.21
"DXG",141933,"/Date(1702538406000)/",18500,2000,11735000,219812000000,400,true,2.21
"DXG",141933,"/Date(1702538406000)/",18500,100,11733000,219775000000,400,true,2.21
"DXG",141933,"/Date(1702538406000)/",18500,100,11732900,219773000000,400,true,2.21
"DXG",141933,"/Date(1702538406000)/",18500,200,11732800,219772000000,400,true,2.21
"DXG",141933,"/Date(1702538406000)/",18500,10000,11732600,219768000000,400,true,2.21
"DXG",141933,"/Date(1702538406000)/",18500,200,11722600,219583000000,400,true,2.21
"DXG",141933,"/Date(1702538406000)/",18500,200,11722400,219579000000,400,true,2.21
"DXG",141933,"/Date(1702538406000)/",18500,100,11722200,219576000000,400,true,2.21
"DXG",141933,"/Date(1702538406000)/",18500,100,11722100,219574000000,400,true,2.21
"DXG",141933,"/Date(1702538406000)/",18500,1000,11722000,219572000000,400,true,2.21
"DXG",141933,"/Date(1702538406000)/",18500,1000,11721000,219553000000,400,true,2.21
"DXG",141933,"/Date(1702538406000)/",18500,500,11720000,219535000000,400,true,2.21
"DXG",141933,"/Date(1702538406000)/",18500,500,11719500,219526000000,400,true,2.21
"DXG",141933,"/Date(1702538406000)/",18500,200,11719000,219516000000,400,true,2.21
"DXG",141933,"/Date(1702538406000)/",18500,1000,11718800,219513000000,400,true,2.21
"DXG",141933,"/Date(1702538406000)/",18500,1000,11717800,219494000000,400,true,2.21
"DXG",141933,"/Date(1702538406000)/",18500,1600,11716800,219476000000,400,true,2.21
"DXG",141929,"/Date(1702538404000)/",18500,8400,11715200,219446000000,400,true,2.21
"DXG",141929,"/Date(1702538404000)/",18500,200,11706800,219291000000,400,true,2.21
"DXG",141929,"/Date(1702538404000)/",18500,200,11706600,219287000000,400,true,2.21
"DXG",141929,"/Date(1702538404000)/",18500,2000,11706400,219283000000,400,true,2.21
"DXG",141929,"/Date(1702538404000)/",18500,2300,11704400,219246000000,400,true,2.21
"DXG",141929,"/Date(1702538404000)/",18500,500,11702100,219204000000,400,true,2.21
"DXG",141929,"/Date(1702538404000)/",18500,500,11701600,219194000000,400,true,2.21
"DXG",141929,"/Date(1702538404000)/",18500,100,11701100,219185000000,400,true,2.21
"DXG",141929,"/Date(1702538404000)/",18500,100,11701000,219183000000,400,true,2.21
"DXG",141929,"/Date(1702538404000)/",18500,5000,11700900,219181000000,400,true,2.21
"DXG",141929,"/Date(1702538404000)/",18500,200,11695900,219089000000,400,true,2.21
"DXG",141929,"/Date(1702538404000)/",18500,1000,11695700,219085000000,400,true,2.21
"DXG",141929,"/Date(1702538404000)/",18500,200,11694700,219067000000,400,true,2.21
"DXG",141929,"/Date(1702538404000)/",18500,100,11694500,219063000000,400,true,2.21
"DXG",141929,"/Date(1702538404000)/",18500,100,11694400,219061000000,400,true,2.21
"DXG",141929,"/Date(1702538404000)/",18500,5000,11694300,219059000000,400,true,2.21
"DXG",141929,"/Date(1702538404000)/",18500,700,11689300,218967000000,400,true,2.21
"DXG",141929,"/Date(1702538404000)/",18500,100,11688600,218954000000,400,true,2.21
"DXG",141929,"/Date(1702538404000)/",18500,500,11688500,218952000000,400,true,2.21
"DXG",141929,"/Date(1702538404000)/",18500,300,11688000,218943000000,400,true,2.21
"DXG",141929,"/Date(1702538404000)/",18500,500,11687700,218937000000,400,true,2.21
"DXG",141929,"/Date(1702538404000)/",18500,500,11687200,218928000000,400,true,2.21
"DXG",141929,"/Date(1702538404000)/",18500,300,11686700,218919000000,400,true,2.21
"DXG",141929,"/Date(1702538404000)/",18500,100,11686400,218913000000,400,true,2.21
"DXG",141929,"/Date(1702538404000)/",18500,1000,11686300,218911000000,400,true,2.21
"DXG",141929,"/Date(1702538404000)/",18500,2000,11685300,218893000000,400,true,2.21
"DXG",141929,"/Date(1702538404000)/",18500,100,11683300,218856000000,400,true,2.21
"DXG",141929,"/Date(1702538404000)/",18500,200,11683200,218854000000,400,true,2.21
"DXG",141929,"/Date(1702538404000)/",18500,1000,11683000,218850000000,400,true,2.21
"DXG",141929,"/Date(1702538404000)/",18500,500,11682000,218832000000,400,true,2.21
"DXG",141929,"/Date(1702538404000)/",18500,300,11681500,218823000000,400,true,2.21
"DXG",141929,"/Date(1702538404000)/",18500,500,11681200,218817000000,400,true,2.21
"DXG",141929,"/Date(1702538404000)/",18500,200,11680700,218808000000,400,true,2.21
"DXG",141929,"/Date(1702538404000)/",18500,100,11680500,218804000000,400,true,2.21
"DXG",141929,"/Date(1702538404000)/",18500,500,11680400,218802000000,400,true,2.21
"DXG",141929,"/Date(1702538404000)/",18500,400,11679900,218793000000,400,true,2.21
"DXG",141929,"/Date(1702538404000)/",18500,500,11679500,218786000000,400,true,2.21
"DXG",141929,"/Date(1702538404000)/",18500,300,11679000,218776000000,400,true,2.21
"DXG",141929,"/Date(1702538404000)/",18500,400,11678700,218771000000,400,true,2.21
"DXG",141929,"/Date(1702538404000)/",18500,100,11678300,218763000000,400,true,2.21
"DXG",141929,"/Date(1702538404000)/",18500,600,11678200,218762000000,400,true,2.21
"DXG",141929,"/Date(1702538404000)/",18500,100,11677600,218750000000,400,true,2.21
"DXG",141929,"/Date(1702538404000)/",18500,100,11677500,218749000000,400,true,2.21
"DXG",141929,"/Date(1702538404000)/",18500,200,11677400,218747000000,400,true,2.21
"DXG",141929,"/Date(1702538404000)/",18500,100,11677200,218743000000,400,true,2.21
"DXG",141929,"/Date(1702538404000)/",18500,2600,11677100,218741000000,400,true,2.21
"DXG",141929,"/Date(1702538404000)/",18500,10000,11674500,218693000000,400,true,2.21
"DXG",141929,"/Date(1702538404000)/",18500,200,11664500,218508000000,400,true,2.21
"DXG",141929,"/Date(1702538404000)/",18500,1000,11664300,218504000000,400,true,2.21
"DXG",141929,"/Date(1702538404000)/",18500,100,11663300,218486000000,400,true,2.21
"DXG",141929,"/Date(1702538404000)/",18500,100,11663200,218484000000,400,true,2.21
"DXG",141929,"/Date(1702538404000)/",18500,2000,11663100,218482000000,400,true,2.21
"DXG",141929,"/Date(1702538404000)/",18500,100,11661100,218445000000,400,true,2.21
"DXG",141929,"/Date(1702538404000)/",18500,4700,11661000,218443000000,400,true,2.21
"DXG",141929,"/Date(1702538404000)/",18500,300,11656300,218356000000,400,true,2.21
"DXG",141929,"/Date(1702538404000)/",18500,500,11656000,218351000000,400,true,2.21
"DXG",141929,"/Date(1702538404000)/",18500,300,11655500,218342000000,400,true,2.21
"DXG",141929,"/Date(1702538403000)/",18500,200,11655200,218336000000,400,true,2.21
"DXG",141929,"/Date(1702538403000)/",18500,2000,11655000,218332000000,400,true,2.21
"DXG",141929,"/Date(1702538403000)/",18500,200,11653000,218295000000,400,true,2.21
"DXG",141929,"/Date(1702538403000)/",18500,4800,11652800,218292000000,400,true,2.21
"DXG",141923,"/Date(1702538398000)/",18500,200,11648000,218203000000,400,true,2.21
"DXG",141920,"/Date(1702538393000)/",18550,100,11647800,218199000000,450,false,2.49
"DXG",141920,"/Date(1702538393000)/",18500,1000,11647700,218197000000,400,true,2.21
"DXG",141917,"/Date(1702538392000)/",18550,300,11646700,218179000000,450,false,2.49
"DXG",141917,"/Date(1702538392000)/",18550,3700,11646400,218173000000,450,false,2.49
"DXG",141913,"/Date(1702538390000)/",18500,4000,11642700,218105000000,400,true,2.21
"DXG",141913,"/Date(1702538390000)/",18500,100,11638700,218031000000,400,true,2.21
"DXG",141913,"/Date(1702538390000)/",18500,200,11638600,218029000000,400,true,2.21
"DXG",141913,"/Date(1702538390000)/",18500,100,11638400,218025000000,400,true,2.21
"DXG",141913,"/Date(1702538390000)/",18500,2000,11638300,218023000000,400,true,2.21
"DXG",141913,"/Date(1702538390000)/",18500,200,11636300,217986000000,400,true,2.21
"DXG",141913,"/Date(1702538390000)/",18500,2000,11636100,217982000000,400,true,2.21
"DXG",141913,"/Date(1702538390000)/",18500,1000,11634100,217945000000,400,true,2.21
"DXG",141913,"/Date(1702538390000)/",18500,100,11633100,217927000000,400,true,2.21
"DXG",141913,"/Date(1702538390000)/",18500,300,11633000,217925000000,400,true,2.21
"DXG",141913,"/Date(1702538390000)/",18500,200,11632700,217920000000,400,true,2.21
"DXG",141913,"/Date(1702538389000)/",18500,100,11632500,217916000000,400,true,2.21
"DXG",141907,"/Date(1702538381000)/",18550,1300,11632400,217914000000,450,false,2.49
"DXG",141907,"/Date(1702538381000)/",18550,400,11631100,217890000000,450,false,2.49
"DXG",141901,"/Date(1702538374000)/",18500,900,11630700,217882000000,400,true,2.21
"DXG",141901,"/Date(1702538374000)/",18500,2000,11629800,217866000000,400,true,2.21
"DXG",141901,"/Date(1702538374000)/",18500,100,11627800,217829000000,400,true,2.21
"DXG",141901,"/Date(1702538374000)/",18500,1000,11627700,217827000000,400,true,2.21
"DXG",141901,"/Date(1702538374000)/",18500,1000,11626700,217808000000,400,true,2.21
"DXG",141901,"/Date(1702538374000)/",18500,10000,11625700,217790000000,400,true,2.21
"DXG",141901,"/Date(1702538374000)/",18500,300,11615700,217605000000,400,true,2.21
"DXG",141901,"/Date(1702538374000)/",18500,1000,11615400,217599000000,400,true,2.21
"DXG",141901,"/Date(1702538374000)/",18500,100,11614400,217581000000,400,true,2.21
"DXG",141901,"/Date(1702538374000)/",18500,100,11614300,217579000000,400,true,2.21
"DXG",141901,"/Date(1702538374000)/",18500,100,11614200,217577000000,400,true,2.21
"DXG",141901,"/Date(1702538374000)/",18500,6000,11614100,217575000000,400,true,2.21
"DXG",141901,"/Date(1702538374000)/",18500,500,11608100,217464000000,400,true,2.21
"DXG",141901,"/Date(1702538374000)/",18500,5000,11607600,217455000000,400,true,2.21
"DXG",141901,"/Date(1702538374000)/",18500,500,11602600,217363000000,400,true,2.21
"DXG",141901,"/Date(1702538374000)/",18500,200,11602100,217353000000,400,true,2.21
"DXG",141901,"/Date(1702538374000)/",18500,7200,11601900,217350000000,400,true,2.21
"DXG",141854,"/Date(1702538370000)/",18550,1600,11594700,217216000000,450,false,2.49
"DXG",141854,"/Date(1702538370000)/",18500,100,11593100,217187000000,400,true,2.21
