"Stockcode","Package","TradingDate","Price","Vol","TotalVol","TotalVal","Change","IsBuy","PerChange"
"MBG",144547,"/Date(1702539902000)/",4200,22400,904651,3880670900,0,false,0
"MBG",142830,"/Date(1702538910000)/",4200,5000,882251,3786590900,0,true,0
"MBG",142337,"/Date(1702538617000)/",4200,49,877251,3765590900,0,true,0
"MBG",142334,"/Date(1702538614000)/",4200,10000,877202,3765385100,0,true,0
"MBG",142129,"/Date(1702538489000)/",4200,5000,867202,3723385100,0,true,0
"MBG",142101,"/Date(1702538461000)/",4200,3000,862202,3702385100,0,true,0
"MBG",141820,"/Date(1702538300000)/",4200,5000,859202,3689785100,0,true,0
"MBG",140559,"/Date(1702537559000)/",4200,2000,854202,3668785100,0,true,0
"MBG",140254,"/Date(1702537374000)/",4300,3300,852202,3660385100,100,false,2.38
"MBG",135657,"/Date(1702537017000)/",4300,64,848902,3646195100,100,false,2.38
"MBG",135648,"/Date(1702537008000)/",4300,1,848838,3645926300,100,false,2.38
"MBG",134731,"/Date(1702536451000)/",4300,100,848837,3645922000,100,false,2.38
"MBG",134117,"/Date(1702536077000)/",4300,200,848737,3645492000,100,false,2.38
"MBG",133920,"/Date(1702535960000)/",4300,100,848537,3644632000,100,false,2.38
"MBG",133831,"/Date(1702535911000)/",4300,200,848437,3644202000,100,false,2.38
"MBG",133336,"/Date(1702535616000)/",4300,100,848237,3643342000,100,false,2.38
"MBG",132410,"/Date(1702535050000)/",4200,200,848137,3642912000,0,true,0
"MBG",132236,"/Date(1702534956000)/",4300,100,847937,3642072000,100,true,2.38
"MBG",132141,"/Date(1702534901000)/",4300,800,847837,3641642000,100,true,2.38
"MBG",132026,"/Date(1702534826000)/",4300,100,847037,3638202000,100,false,2.38
"MBG",132021,"/Date(1702534821000)/",4300,3100,846937,3637772000,100,false,2.38
"MBG",131957,"/Date(1702534797000)/",4300,300,843837,3624442000,100,true,2.38
"MBG",131927,"/Date(1702534767000)/",4300,1500,843537,3623152000,100,true,2.38
"MBG",131906,"/Date(1702534746000)/",4300,800,842037,3616702000,100,true,2.38
"MBG",131711,"/Date(1702534631000)/",4300,10000,841237,3613262000,100,true,2.38
"MBG",131532,"/Date(1702534532000)/",4300,900,831237,3570262000,100,true,2.38
"MBG",131153,"/Date(1702534313000)/",4300,3800,830337,3566392000,100,true,2.38
"MBG",131149,"/Date(1702534309000)/",4300,500,826537,3550052000,100,false,2.38
"MBG",131133,"/Date(1702534293000)/",4300,15000,826037,3547902000,100,false,2.38
"MBG",131041,"/Date(1702534241000)/",4300,14900,811037,3483402000,100,false,2.38
"MBG",130953,"/Date(1702534193000)/",4300,20000,796137,3419332000,100,false,2.38
"MBG",130927,"/Date(1702534167000)/",4300,3000,776137,3333332000,100,false,2.38
"MBG",130800,"/Date(1702534080000)/",4300,100,773137,3320432000,100,false,2.38
"MBG",130657,"/Date(1702534017000)/",4300,600,773037,3320002000,100,false,2.38
"MBG",130521,"/Date(1702533921000)/",4300,2000,772437,3317422000,100,false,2.38
"MBG",130106,"/Date(1702533605000)/",4300,100,770437,3308822000,100,false,2.38
"MBG",130046,"/Date(1702533603000)/",4300,100,770337,3308392000,100,false,2.38
"MBG",112405,"/Date(1702527844000)/",4300,2000,770237,3307962000,100,false,2.38
"MBG",111907,"/Date(1702527547000)/",4300,9600,768237,3299362000,100,false,2.38
"MBG",111739,"/Date(1702527459000)/",4300,500,758637,3258082000,100,false,2.38
"MBG",111341,"/Date(1702527221000)/",4300,500,758137,3255932000,100,false,2.38
"MBG",111151,"/Date(1702527111000)/",4300,700,757637,3253782000,100,false,2.38
"MBG",111130,"/Date(1702527090000)/",4300,100,756937,3250772000,100,false,2.38
"MBG",110905,"/Date(1702526945000)/",4300,300,756837,3250342000,100,false,2.38
"MBG",110846,"/Date(1702526926000)/",4300,2200,756537,3249052000,100,false,2.38
"MBG",110735,"/Date(1702526855000)/",4300,1000,754337,3239592000,100,false,2.38
"MBG",110703,"/Date(1702526823000)/",4300,2500,753337,3235292000,100,false,2.38
"MBG",110700,"/Date(1702526820000)/",4300,2400,750837,3224542000,100,false,2.38
"MBG",110635,"/Date(1702526795000)/",4400,100,748437,3214222000,200,false,4.76
"MBG",110500,"/Date(1702526700000)/",4300,600,748337,3213782000,100,true,2.38
"MBG",110458,"/Date(1702526698000)/",4300,5000,747737,3211202000,100,false,2.38
"MBG",110454,"/Date(1702526694000)/",4300,500,742737,3189702000,100,false,2.38
"MBG",110448,"/Date(1702526688000)/",4300,1000,742237,3187552000,100,false,2.38
"MBG",110447,"/Date(1702526687000)/",4300,3000,741237,3183252000,100,false,2.38
"MBG",110434,"/Date(1702526674000)/",4300,2200,738237,3170352000,100,false,2.38
"MBG",110416,"/Date(1702526656000)/",4300,1000,736037,3160892000,100,false,2.38
"MBG",110408,"/Date(1702526648000)/",4300,1000,735037,3156592000,100,false,2.38
"MBG",110356,"/Date(1702526636000)/",4300,1000,734037,3152292000,100,false,2.38
"MBG",110353,"/Date(1702526633000)/",4300,1000,733037,3147992000,100,false,2.38
"MBG",110339,"/Date(1702526619000)/",4300,100,732037,3143692000,100,false,2.38
"MBG",110333,"/Date(1702526613000)/",4300,1000,731937,3143262000,100,false,2.38
"MBG",110324,"/Date(1702526604000)/",4300,20000,730937,3138962000,100,false,2.38
"MBG",110231,"/Date(1702526551000)/",4300,1000,710937,3052962000,100,false,2.38
"MBG",105143,"/Date(1702525903000)/",4200,14,709937,3048662000,0,true,0
"MBG",105137,"/Date(1702525896000)/",4200,200,709923,3048603200,0,true,0
"MBG",104656,"/Date(1702525616000)/",4300,5000,709723,3047763200,100,false,2.38
"MBG",104622,"/Date(1702525582000)/",4300,10000,704723,3026263200,100,false,2.38
"MBG",104451,"/Date(1702525491000)/",4300,10000,694723,2983263200,100,false,2.38
"MBG",104201,"/Date(1702525321000)/",4300,500,684723,2940263200,100,false,2.38
"MBG",104133,"/Date(1702525293000)/",4300,500,684223,2938113200,100,false,2.38
"MBG",104015,"/Date(1702525215000)/",4300,2500,683723,2935963200,100,false,2.38
"MBG",103834,"/Date(1702525114000)/",4300,5000,681223,2925213200,100,false,2.38
"MBG",103610,"/Date(1702524970000)/",4300,200,676223,2903713200,100,false,2.38
"MBG",103333,"/Date(1702524813000)/",4300,6,676023,2902853200,100,false,2.38
"MBG",103257,"/Date(1702524777000)/",4300,1000,676017,2902827400,100,false,2.38
"MBG",102830,"/Date(1702524510000)/",4300,100,675017,2898527400,100,false,2.38
"MBG",102724,"/Date(1702524444000)/",4300,100,674917,2898097400,100,false,2.38
"MBG",101518,"/Date(1702523717000)/",4300,1400,674817,2897667400,100,true,2.38
"MBG",101456,"/Date(1702523695000)/",4300,10000,673417,2891647400,100,true,2.38
"MBG",101453,"/Date(1702523692000)/",4300,2000,663417,2848647400,100,true,2.38
"MBG",101451,"/Date(1702523690000)/",4300,4000,661417,2840047400,100,true,2.38
"MBG",101428,"/Date(1702523667000)/",4300,1500,657417,2822847400,100,true,2.38
"MBG",101420,"/Date(1702523659000)/",4300,5000,655917,2816397400,100,true,2.38
"MBG",101304,"/Date(1702523584000)/",4300,2000,650917,2794897400,100,true,2.38
"MBG",101204,"/Date(1702523523000)/",4300,10000,648917,2786297400,100,true,2.38
"MBG",101055,"/Date(1702523454000)/",4300,1000,638917,2743297400,100,true,2.38
"MBG",100947,"/Date(1702523387000)/",4300,1000,637917,2738997400,100,true,2.38
"MBG",100942,"/Date(1702523382000)/",4300,3300,636917,2734697400,100,true,2.38
"MBG",100905,"/Date(1702523345000)/",4300,1500,633617,2720507400,100,false,2.38
"MBG",100803,"/Date(1702523283000)/",4300,3500,632117,2714057400,100,true,2.38
"MBG",100801,"/Date(1702523281000)/",4300,6600,628617,2699007400,100,true,2.38
"MBG",100740,"/Date(1702523260000)/",4300,300,622017,2670627400,100,true,2.38
"MBG",100703,"/Date(1702523223000)/",4300,5000,621717,2669337400,100,true,2.38
"MBG",100455,"/Date(1702523095000)/",4300,6700,616717,2647837400,100,false,2.38
"MBG",100435,"/Date(1702523075000)/",4300,1200,610017,2619027400,100,false,2.38
"MBG",100401,"/Date(1702523041000)/",4300,2700,608817,2613867400,100,false,2.38
"MBG",100346,"/Date(1702523026000)/",4300,1000,606117,2602257400,100,false,2.38
"MBG",100340,"/Date(1702523020000)/",4300,1100,605117,2597957400,100,true,2.38
"MBG",100332,"/Date(1702523012000)/",4300,400,604017,2593227400,100,false,2.38
"MBG",100331,"/Date(1702523011000)/",4300,900,603617,2591507400,100,false,2.38
"MBG",100304,"/Date(1702522984000)/",4300,700,602717,2587637400,100,true,2.38
"MBG",100239,"/Date(1702522959000)/",4300,5000,602017,2584627400,100,true,2.38
"MBG",100221,"/Date(1702522941000)/",4300,1000,597017,2563127400,100,true,2.38
"MBG",100220,"/Date(1702522940000)/",4300,100,596017,2558827400,100,true,2.38
"MBG",100208,"/Date(1702522928000)/",4300,2000,595917,2558397400,100,true,2.38
"MBG",100143,"/Date(1702522903000)/",4300,10,593917,2549797400,100,true,2.38
"MBG",100141,"/Date(1702522901000)/",4300,57,593907,2549754400,100,true,2.38
"MBG",100048,"/Date(1702522848000)/",4300,50,593850,2549515000,100,true,2.38
"MBG",95941,"/Date(1702522781000)/",4300,2000,593800,2549300000,100,false,2.38
"MBG",95937,"/Date(1702522777000)/",4300,200,591800,2540700000,100,false,2.38
"MBG",95926,"/Date(1702522766000)/",4300,7400,591600,2539840000,100,true,2.38
"MBG",95910,"/Date(1702522750000)/",4300,5200,584200,2508020000,100,true,2.38
"MBG",95907,"/Date(1702522747000)/",4300,2000,579000,2485660000,100,true,2.38
"MBG",95829,"/Date(1702522709000)/",4300,100000,577000,2477060000,100,true,2.38
"MBG",95632,"/Date(1702522592000)/",4300,2000,477000,2047060000,100,true,2.38
"MBG",95317,"/Date(1702522397000)/",4300,1000,475000,2038460000,100,true,2.38
"MBG",95311,"/Date(1702522391000)/",4300,10000,474000,2034160000,100,true,2.38
"MBG",95236,"/Date(1702522356000)/",4300,1300,464000,1991160000,100,true,2.38
"MBG",94906,"/Date(1702522145000)/",4300,1000,462700,1985570000,100,true,2.38
"MBG",94839,"/Date(1702522118000)/",4300,1000,461700,1981270000,100,true,2.38
"MBG",94733,"/Date(1702522052000)/",4300,400,460700,1976970000,100,false,2.38
"MBG",94719,"/Date(1702522039000)/",4300,200,460300,1975250000,100,false,2.38
"MBG",94716,"/Date(1702522035000)/",4300,4000,460100,1974390000,100,false,2.38
"MBG",94658,"/Date(1702522017000)/",4300,2000,456100,1957190000,100,false,2.38
"MBG",94650,"/Date(1702522009000)/",4300,5000,454100,1948590000,100,false,2.38
"MBG",94511,"/Date(1702521911000)/",4300,3000,449100,1927090000,100,false,2.38
"MBG",94326,"/Date(1702521806000)/",4300,10000,446100,1914190000,100,false,2.38
"MBG",94234,"/Date(1702521754000)/",4300,1600,436100,1871190000,100,false,2.38
"MBG",93825,"/Date(1702521505000)/",4300,2000,434500,1864310000,100,false,2.38
"MBG",93754,"/Date(1702521474000)/",4300,15000,432500,1855710000,100,false,2.38
"MBG",93723,"/Date(1702521443000)/",4300,100,417500,1791210000,100,false,2.38
"MBG",93716,"/Date(1702521436000)/",4200,40000,417400,1790780000,0,true,0
"MBG",93643,"/Date(1702521403000)/",4300,4000,377400,1622780000,100,false,2.38
"MBG",93630,"/Date(1702521390000)/",4300,4400,373400,1605580000,100,false,2.38
"MBG",93615,"/Date(1702521375000)/",4300,100,369000,1586660000,100,false,2.38
"MBG",93605,"/Date(1702521365000)/",4300,9000,368900,1586230000,100,false,2.38
"MBG",93538,"/Date(1702521338000)/",4300,2000,359900,1547530000,100,false,2.38
"MBG",93532,"/Date(1702521332000)/",4300,400,357900,1538930000,100,false,2.38
"MBG",93451,"/Date(1702521291000)/",4300,22500,357500,1537210000,100,true,2.38
"MBG",93444,"/Date(1702521284000)/",4300,7000,335000,1440460000,100,true,2.38
"MBG",93432,"/Date(1702521272000)/",4300,2000,328000,1410360000,100,true,2.38
"MBG",93345,"/Date(1702521225000)/",4300,12800,326000,1401760000,100,true,2.38
"MBG",93314,"/Date(1702521194000)/",4300,61700,313200,1346720000,100,false,2.38
"MBG",93311,"/Date(1702521191000)/",4300,2000,251500,1081410000,100,false,2.38
"MBG",93307,"/Date(1702521187000)/",4300,10000,249500,1072810000,100,false,2.38
"MBG",93305,"/Date(1702521185000)/",4300,66000,239500,1029810000,100,false,2.38
"MBG",93257,"/Date(1702521177000)/",4300,2000,173500,746010000,100,false,2.38
"MBG",93252,"/Date(1702521172000)/",4300,6000,171500,737410000,100,false,2.38
"MBG",93250,"/Date(1702521170000)/",4300,4700,165500,711610000,100,false,2.38
"MBG",93244,"/Date(1702521164000)/",4300,2000,160800,691400000,100,false,2.38
"MBG",93241,"/Date(1702521161000)/",4300,4000,158800,682800000,100,false,2.38
"MBG",93236,"/Date(1702521156000)/",4300,2000,154800,665600000,100,false,2.38
"MBG",93209,"/Date(1702521129000)/",4300,40000,152800,657000000,100,false,2.38
"MBG",93203,"/Date(1702521123000)/",4300,1000,112800,485000000,100,false,2.38
"MBG",93101,"/Date(1702521061000)/",4300,50000,111800,480700000,100,false,2.38
"MBG",93051,"/Date(1702521051000)/",4300,5000,61800,265700000,100,false,2.38
"MBG",92953,"/Date(1702520993000)/",4300,800,56800,244200000,100,false,2.38
"MBG",92919,"/Date(1702520959000)/",4300,2000,56000,240760000,100,false,2.38
"MBG",92842,"/Date(1702520922000)/",4300,50000,54000,232160000,100,false,2.38
"MBG",92210,"/Date(1702520530000)/",4300,500,4000,17160000,100,false,2.38
"MBG",92129,"/Date(1702520489000)/",4300,100,3500,15010000,100,false,2.38
"MBG",92121,"/Date(1702520481000)/",4300,500,3400,14580000,100,false,2.38
"MBG",92052,"/Date(1702520452000)/",4300,200,2900,12430000,100,false,2.38
"MBG",92018,"/Date(1702520418000)/",4300,300,2700,11570000,100,false,2.38
"MBG",91702,"/Date(1702520222000)/",4200,400,2400,10280000,0,true,0
"MBG",90100,"/Date(1702519219000)/",4300,1000,2000,8600000,100,false,2.38
"MBG",90050,"/Date(1702519214000)/",4300,1000,1000,4300000,100,false,2.38
